4084 6214
450 411 562 452 rem
598 396 814 462 habere,
839 410 1016 466 opera:
1044 396 1275 468 pretium
1314 395 1472 452 fuerit
1497 399 1650 468 paulo
1680 400 1838 455 altius
1865 401 2039 457 brevi-

455 499 530 538 ter
565 485 712 539 vobis
740 501 826 540 res
863 485 980 556 ejus
1008 501 1312 553 recensere,
1347 495 1402 541 ut
1427 489 1609 544 sciatis
1639 491 1892 545 eximiam
1919 491 2046 559 justi

451 576 631 640 tldem,
665 592 822 646 quam
857 578 996 632 circa
1031 579 1412 646 promissiones
1449 579 1654 654 divinas
1691 582 1944 647 ostendit,
1993 592 2047 638 et

453 665 668 737 benigni
754 669 843 722 Dei
893 669 1271 724 retributiones
1322 669 1540 740 largiter
1591 672 1689 741 ipsi
1743 688 2044 728 conci-ssas.

448 757 656 814 Sufficit
703 761 844 814 enim
892 777 1029 816 tinus
1077 761 1163 815 ille
1207 762 1404 831 justus,
1451 772 1508 816 ιιι
1544 778 1732 819 omnes
1763 781 1857 818 nos
1919 782 2044 821 eru-

453 849 584 912 diat,
617 865 724 918 quo
772 850 1020 905 alacriter
1069 851 1444 921 aggrediamur
1475 853 1683 906 virtutis
1728 855 2041 921 certamina,

449 941 778 996 confidentes
828 943 1078 1012 supernis
1119 944 1659 1006 remunerationibus,
1717 955 1770 999 ct
1817 947 2046 1001 scientes

406 1095 410 1100 _
453 1019 812 1086 misericordis
856 1033 1060 1086 Domini
1095 1034 1261 1087 nostri
1289 1033 1682 1100 liberalitatem,
1723 1037 1900 1090 omnia
1927 1053 2046 1106 qua:

449 1118 581 1176 dura
613 1133 666 1177 et
709 1123 872 1178 ardua
904 1125 954 1178 in
987 1124 1086 1178 hac
1118 1126 1223 1178 vita
1270 1125 1538 1192 videntur,
1593 1142 1689 1196 spe
1737 1143 2046 1183 remunera-

413 1203 425 1286 ξ
454 1217 654 1269 tionum
683 1217 908 1272 libenter
933 1220 1304 1288 suscipianms.
1341 1221 1610 1277 Attendite
1639 1223 1838 1292 itaque,
1890 1225 2046 1278 obse-

449 1319 564 1371 cro,
598 1309 864 1376 quomodo
888 1310 957 1362 ah
986 1313 1155 1374 initio,
1188 1322 1466 1383 postquam
1490 1314 1670 1370 indole
1697 1332 1790 1369 sua
1817 1326 1870 1371 et
1890 1317 2042 1371 insita

452 1408 657 1452 naturie
689 1414 884 1454 nosme
913 1404 1132 1458 Stficnliﬂ
1165 1405 1299 1459 bene
1327 1421 1457 1460 usus
1484 1415 1585 1474 est,
1619 1408 1821 1464 nullum
1864 1419 2042 1464 exter-

451 1504 577 1542 ntnn
607 1492 826 1545 sortitus
857 1493 1152 1561 doctorem,
1181 1497 1273 1550 sed
1297 1507 1354 1553 et
1381 1498 1449 1551 ab
1474 1498 1778 1555 infidelibus
1808 1503 2066 1570 parenti-.

451 1582 552 1636 bus
599 1583 873 1645 educatus.
905 1587 1080 1640 divina
1113 1589 1447 1658 apparitione
1499 1591 1697 1660 potitus
1749 1600 1851 1646 est.
1909 1593 2040 1648 Nam

449 1673 572 1741 quia
597 1674 763 1742 prima
790 1686 946 1731 a-tate
969 1692 1071 1730 non
1093 1689 1346 1748 sequutus
1371 1691 1452 1734 est
1479 1696 1714 1736 errorem
1739 1693 2039 1752 paternum,

449 1762 544 1814 sed
575 1764 822 1831 pietatem
873 1781 995 1835 erga
1051 1784 1246 1823 numen
1299 1769 1556 1836 exhibuit,
1591 1771 1711 1825 ideo
1755 1787 2039 1841 supernam

447 1851 804 1908 visitationem
836 1858 1013 1911 statim
1041 1857 1290 1924 obtinuit,
1334 1875 1456 1915 eum
1499 1862 1669 1916 adlmc
1707 1861 1758 1915 in
1795 1862 2041 1919 Chaldtna

445 1952 590 1998 esset
613 1961 626 1998 :
660 1954 713 1999 et
743 1945 843 1999 hoc
869 1948 1020 2003 nobis
1043 1949 1228 2005 beatus
1254 1950 1556 2021 Stephanus
1582 1954 1814 2022 exponit
1863 1956 2038 2009 mani-

448 2035 634 2090 festius
674 2037 754 2092 sic
781 2039 1006 2097 dicens:
1038 2039 1176 2094 Deus
1215 2044 1392 2114 gloria!
1421 2044 1554 2098 risus
1582 2054 1654 2098 est
1691 2046 1824 2116 patri
1870 2056 2040 2100 nostra

452 2127 728 2192 Abraham,
752 2147 864 2182 cum
890 2133 1057 2185 ad/tuc
1097 2145 1220 2188 esset
1250 2137 1300 2188 in
1326 2136 1713 2204 Mesopotamia,
1747 2139 2038 2209 priusquam

453 2220 696 2274 habitaret
714 2223 764 2276 in
797 2223 1026 2279 Charran
1056 2227 1188 2296 (Act.
1221 2229 1270 2280 7.
1296 2229 1374 2296 2).
1415 2229 1598 2283 Vidisti
1632 2231 1897 2299 quomodo
1915 2247 2037 2288 eum

451 2310 573 2364 inde
600 2311 732 2367 visio
774 2317 1068 2370 amoverit?
1119 2318 1414 2375 Verisimile
1467 2322 1607 2374 enim
1643 2329 1725 2375 est
1748 2337 1869 2377 eum
1915 2338 2034 2378 cum

448 2402 630 2458 sedula
652 2406 701 2458 in
731 2406 896 2462 Deum
921 2409 1140 2477 pietate,
1175 2413 1482 2480 parentibus
1518 2430 1728 2484 quoque
1788 2431 2039 2472 reveren-

451 2493 575 2548 tiam
603 2497 907 2553 exhibnisse
936 2517 949 2554 :
980 2509 1125 2555 tanto
1146 2519 1230 2569 lue
1258 2518 1443 2558 amore
1470 2516 1679 2574 patrem
1725 2506 1824 2560 sibi
1853 2508 2037 2563 conci-

451 2583 680 2650 liavisse,
705 2597 761 2641 ut
790 2589 911 2644 inde
939 2590 1005 2644 ad
1036 2591 1437 2662 relinquendam
1460 2610 1643 2650 amore
1688 2596 1778 2651 filii
1813 2597 2032 2666 patriam

448 2687 622 2741 suam,
651 2689 703 2731 ct
732 2679 796 2732 ad
830 2679 1170 2736 habitandum
1196 2685 1422 2738 alienam
1465 2695 1641 2741 motus
1664 2688 1751 2742 sit.
1801 2690 1870 2742 At
1917 2689 2035 2744 dili-

450 2777 636 2833 genter
669 2769 810 2834 vide.
834 2771 1076 2839 obsecro,
1101 2775 1364 2843 quomodo
1391 2786 1449 2850 et
1469 2776 1580 2831 have
1605 2793 1723 2847 qtae
1744 2793 1772 2830 a
1803 2778 1909 2834 Deo
1937 2779 2036 2835 fuit

451 2853 522 2908 ob
549 2857 778 2924 priorem
804 2860 1051 2914 virtutem
1077 2866 1195 2928 ejus
1240 2865 1287 2918 vi
1322 2866 1488 2931 itatio,
1523 2867 1710 2921 iterum
1752 2869 2032 2925 clariorem

447 2945 564 3014 ejus
589 2948 832 3004 virtutem
860 2951 1167 3008 reddiderit.
1201 2954 1374 3024 Elegit
1392 2958 1533 3011 enim
1561 2968 1832 3026 paternam
1861 2960 2035 3030 regio-

449 3052 569 3091 nem
618 3041 919 3111 relinquere
965 3053 1017 3097 et
1037 3045 1260 3100 alienam
1290 3047 1605 3114 inhabitare,
1631 3059 1686 3103 ut
1709 3060 2031 3121 prteceptum

453 3128 544 3183 Dei
567 3135 867 3199 perficeret,
897 3144 948 3188 et
987 3150 1201 3206 paratus
1228 3149 1341 3192 erat
1361 3141 1520 3194 etiam
1540 3141 1740 3211 absque
1769 3145 2027 3214 cognatis,

446 3229 505 3275 ut
545 3225 672 3279 mihi
721 3227 947 3294 videtur,
982 3233 1458 3302 peregrinationem
1489 3236 1932 3305 susciperezsed,
1977 3245 2034 3293 ut

443 3313 573 3381 dixi,
607 3318 701 3371 viri
735 3321 902 3374 virtus
929 3329 982 3374 et
1005 3324 1224 3394 inagnis
1245 3341 1370 3394 erga
1417 3337 1664 3395 parentes
1711 3329 1902 3398 pietas,
1948 3329 2030 3385 cf.

446 3404 570 3459 fecit
601 3419 655 3461 ut
689 3419 842 3478 pater
863 3425 1044 3466 comes
1075 3415 1224 3470 fieret
1253 3418 1479 3473 itineris.

517 3496 708 3551 Iterum
756 3501 1091 3558 obedientiam
1157 3507 1431 3563 Abrahami
1473 3519 1731 3580 experitur
1772 3513 1928 3569 Deus.
1961 3546 2033 3556 —

365 3652 376 3660 μ
447 3588 646 3644 Deinde
674 3607 793 3645 cum
823 3597 1190 3665 perveni~sent
1219 3601 1270 3653 in
1301 3600 1562 3666 Charran,
1587 3604 1690 3658 illic
1715 3606 2030 3662 tabernacu-

446 3677 550 3731 lum
583 3679 830 3736 lixernnt.
863 3685 928 3739 Et
957 3697 1234 3757 postquam
1263 3701 1434 3746 morte
1463 3693 1676 3750 functus
1707 3705 1790 3750 est
1823 3696 2024 3753 Tharra

443 3772 568 3841 (hoc
592 3775 734 3828 enim
764 3779 896 3844 patri
925 3781 1041 3846 ejus
1070 3798 1261 3838 nomen
1288 3789 1447 3846 erat).
1483 3786 1672 3841 iterum
1703 3799 2028 3860 przeceptum

441 3874 522 3922 est
550 3866 599 3920 ei
630 3881 658 3918 a
688 3868 793 3922 Deo
833 3880 887 3923 ut
916 3872 1088 3927 exiret
1135 3874 1275 3930 inde.
1312 3876 1566 3946 Egredere
1598 3881 1740 3934 enim
1771 3923 1783 3944 ,
1813 3881 1983 3951 inquit
2011 3923 2028 3950 ,

441 3956 505 4010 de
517 3965 652 4011 terra
669 3968 755 4012 tua
774 3971 819 4014 et
846 3962 912 4016 de
929 3965 1224 4034 cognatione
1244 3979 1349 4031 tua,
1382 3979 1428 4021 et
1456 3971 1566 4023 veni
1591 3971 1642 4024 in
1669 3981 1854 4026 terram
1879 3990 2031 4042 quant

347 4115 367 4136 .
441 4058 782 4104 monstravere
813 4052 900 4106 tibi
929 4053 1092 4124 (Gen.
1121 4056 1206 4111 12.
1235 4058 1256 4112 1
1285 4055 1325 4128 ).
1360 4059 1486 4114 Nam
1518 4061 1639 4130 quia
1664 4077 1785 4117 cum
1817 4067 2030 4120 univer-

439 4157 496 4195 sa
529 4143 720 4198 familia
746 4157 798 4199 et
828 4147 988 4202 domo
1017 4150 1067 4203 in
1088 4147 1323 4206 Charran
1342 4154 1717 4224 migraverant,
1749 4169 2027 4226 propterea

439 4232 584 4288 illinc
611 4235 876 4304 imperans
917 4240 964 4292 ei
999 4249 1054 4293 ut
1089 4242 1432 4310 egrederetur
1463 4286 1478 4308 ,
1511 4245 1713 4300 addidit
1743 4287 1759 4312 ,
1788 4247 1865 4300 De
1892 4257 2028 4301 terra

440 4333 528 4376 tua
557 4336 604 4378 et
636 4327 699 4380 de
724 4333 1024 4398 cognatione
1055 4341 1142 4384 tua
1175 4372 1191 4397 ,
1233 4333 1514 4388 declarans
1536 4351 1593 4390 se
1617 4337 1754 4390 velle
1775 4377 1792 4400 ,
1847 4338 2020 4407 ipsum

437 4415 610 4470 solum
660 4421 1142 4488 peregrinationem
1191 4424 1464 4492 suscipere
1493 4467 1508 4486 ,
1553 4442 1725 4495 neque
1765 4429 1980 4484 fratrem
2006 4470 2022 4492 .

435 4505 648 4562 Nachor
673 4510 794 4563 dico
811 4552 825 4573 ,
853 4527 1026 4581 neque
1052 4514 1214 4568 alium
1237 4531 1554 4586 Quemquam
1579 4533 1760 4573 secum
1791 4521 2021 4579 trahere.

436 4595 512 4650 De
540 4608 675 4653 terra
696 4611 784 4653 tua
805 4602 1018 4657 diccbat
1041 4643 1055 4668 ,
1084 4607 1205 4674 quia
1236 4621 1338 4660 non
1364 4622 1526 4676 parvo
1557 4617 1796 4678 tempore
1824 4613 1890 4666 ibi
1925 4613 2017 4666 ha-

433 4688 663 4746 bitarant
691 4734 706 4756 ,
733 4703 787 4749 et
826 4696 976 4765 quasi
1018 4696 1070 4751 in
1112 4700 1320 4767 propria
1385 4703 1550 4770 patria
1595 4704 1702 4759 illic
1758 4705 2023 4762 habebant

433 4779 777 4840 domicilium.
806 4785 954 4842 Licet
983 4788 1033 4841 in
1062 4789 1301 4860 lngendis
1340 4794 1644 4860 parentibus
1674 4797 1848 4854 adhuc
1876 4808 2020 4852 esset

432 4885 722 4938 occupatus
744 4919 759 4940 ,
784 4889 1068 4948 essentque
1095 4880 1434 4939 difficultates
1461 4886 1668 4942 itineris
1698 4891 1876 4943 mulae
1898 4933 1910 4950 .
1937 4901 2017 4943 ta-

433 4978 554 5017 men
593 4979 912 5034 prareeptnm
958 4970 1162 5026 Domini
1207 4991 1392 5043 magna
1436 4979 1655 5044 perfecit
1697 4981 1972 5033 alacritate
1999 5022 2014 5046 ,

433 5054 481 5106 id
506 5071 591 5123 Ine.
637 5058 885 5126 ignorans
939 5063 1150 5117 ubinam
1198 5066 1401 5119 futurus
1453 5068 1665 5121 errandi
1711 5069 1848 5124 linis.
1895 5070 2018 5124 Veni

429 5147 572 5199 enim
609 5189 624 5211 ,
658 5151 862 5218 inquit,
896 5169 998 5207 non
1027 5154 1078 5209 in
1113 5155 1246 5208 hanc
1286 5157 1367 5209 vel
1413 5157 1550 5211 illam
1581 5167 1817 5225 terram,
1843 5160 1936 5215 sed
1964 5163 2016 5216 in

427 5252 539 5289 eam
563 5257 712 5308 quam
737 5255 1076 5300 monstravere
1102 5247 1207 5301 tibi.
1246 5247 1599 5301 Nihilominus
1622 5291 1636 5311 ,
1672 5250 1794 5304 licet
1825 5252 1982 5306 indeii

428 5329 597 5383 nitttm
625 5340 769 5387 esset
789 5336 1093 5392 mandatum
1117 5339 1311 5393 omissa
1335 5340 1627 5395 curiosiore
1658 5345 2014 5408 percontatio-

424 5437 491 5476 ne
515 5421 832 5491 impcratutn
863 5425 1127 5493 faciebat;
1164 5429 1340 5484 fratris
1365 5441 1542 5484 autem
1575 5431 1684 5485 filio
1713 5444 2009 5502 assumpto,

421 5529 572 5568 snam
600 5516 724 5571 hinc
751 5517 1135 5575 demonstravit
1157 5522 1425 5577 virtutem.
1445 5523 1578 5589 Quia
1600 5523 1741 5578 enim
1759 5524 2009 5594 juvenem

420 5603 567 5661 illum
605 5622 926 5682 acceperat,
972 5614 1330 5686 paulatimque
1381 5630 1492 5671 sua:
1529 5615 1734 5670 virtutis
1784 5616 2011 5671 imitato-

420 5715 531 5755 rem
563 5703 844 5773 εσθαι-ιιι,
875 5721 991 5761 eun'
1029 5707 1329 5778 relinquere
1357 5709 1543 5777 noluit,
1576 5709 1668 5764 sed
1701 5709 2006 5780 peregrina-

1483 284 1546 339 ΙΝ
1585 285 1737 342 CAP.
1775 285 1889 341 XV.
1919 287 2159 343 GENES.
2203 289 2428 346 llO.\iil..
2468 289 2702 348 XXXVI.

3636 301 3737 355 Si!

2158 405 2315 459 tionis
2344 406 2547 462 socium
2575 410 2798 480 accepit.
2832 409 2992 479 Quasi
3033 411 3276 468 diceret:
3317 413 3373 469 Si
3412 424 3560 484 pater
3591 457 3606 482 ,
3651 418 3740 486 qui

2159 496 2384 551 infidelis
2415 498 2510 553 fuit
2530 540 2543 562 ,
2574 500 2644 554 ob
2668 514 2822 554 suum
2852 502 2904 556 in
2935 517 3020 576 me
3040 518 3277 573 amorem
3309 503 3525 558 dontum
3561 516 3737 576 pater-

2156 604 2277 642 nam
2295 631 2310 655 ,
2338 590 2389 644 in
2419 606 2522 660 qua
2545 592 2650 645 nati
2679 606 2866 647 sumus
2887 603 2938 649 et
2960 573 3289 650 adolevimus
3315 637 3330 659 ,
3357 595 3658 664 relinquere
3687 608 3740 651 et

2154 695 2240 735 me
2256 681 2498 737 comitari
2522 683 2704 749 voluit,
2722 684 2932 754 vitaque
2960 685 3010 738 in
3040 685 3211 740 aliena
3237 695 3374 741 terra
3403 686 3615 743 functus
3635 697 3736 742 est:

2154 775 2322 828 multo
2371 776 2538 844 magis
2581 791 2679 846 ego
2717 776 2895 830 fratris
2930 777 3094 831 filiutn
3124 819 3139 842 ,
3164 778 3413 848 juvenem
3447 779 3621 834 indole
3643 795 3736 834 sua

2154 864 2491 933 pollicentem
2521 882 2580 921 se
2607 867 2858 936 paulatim
2891 869 2943 922 in
2979 869 3169 924 virtute
3197 870 3553 938 profecturum
3582 913 3597 936 ,
3632 887 3736 926 non

2157 956 2489 1024 permiserim
2518 957 2605 1012 hic
2632 959 2879 1028 relinqui.

2221 1050 2278 1104 2.
2305 1047 2434 1116 Quia
2465 1050 2619 1119 igitur
2645 1051 2814 1105 modis
2839 1052 3086 1107 omnibus
3112 1069 3260 1107 suam
3289 1053 3574 1109 ostendens
3607 1054 3738 1108 reli-

2151 1143 2385 1210 gionem,
2417 1144 2574 1198 etiam
2607 1145 2760 1200 istam
2793 1146 3271 1216 peregrinationem
3296 1149 3566 1215 suscepit,
3595 1156 3738 1216 post-

2149 1248 2308 1302 quam
2341 1233 2391 1288 in
2417 1234 2750 1290 Palmstinam
2780 1237 2922 1292 venit
2947 1247 2999 1291 et
3035 1237 3456 1292 Chanameornm
3489 1238 3622 1293 fines
3652 1238 3734 1291 in-

2152 1326 2307 1380 travit
2340 1367 2356 1392 ,
2405 1328 2648 1396 apparuit
2690 1329 2738 1382 ei
2782 1328 2920 1384 Dens
2947 1369 2966 1396 ,
3011 1330 3194 1384 volens
3243 1329 3358 1398 ejus
3401 1329 3729 1385 alacritatem

2150 1417 2468 1472 confirmare
2493 1426 2547 1471 ct
2571 1419 2667 1488 ipsi
2698 1435 2912 1473 manum
2940 1421 3246 1490 porrigere,
3271 1420 3400 1473 dicit
3423 1420 3471 1473 ci
3499 1437 3511 1473 :
3538 1419 3733 1473 Semini

2150 1517 2234 1562 tuo
2258 1509 2388 1562 dabo
2417 1519 2602 1563 terram
2625 1511 2754 1564 hanc
2777 1509 2928 1580 (Gen.
2957 1511 3043 1566 12.
3073 1513 3150 1578 7).
3181 1511 3235 1566 ld
3263 1511 3402 1581 quod
3436 1512 3522 1566 ille
3549 1511 3733 1566 admo-

2149 1600 2277 1657 dum
2321 1602 2574 1672 Optabat,
2616 1619 2679 1658 ac
2715 1603 3088 1670 desiderabat,
3132 1605 3359 1658 liliormn
3392 1619 3584 1674 nempe
3610 1619 3733 1659 suc-

2149 1694 2444 1749 cessionem
2470 1735 2486 1759 ,
2520 1695 2658 1749 istud
2686 1695 2844 1749 etiam
2877 1695 2976 1764 ipsi
3019 1697 3201 1749 statim
3231 1695 3493 1764 promittit
3523 1737 3538 1760 ,
3571 1697 3730 1748 retri-

2150 1784 2320 1840 buens
2350 1786 2509 1840 tantis
2552 1785 2824 1840 laboribus
2851 1786 3172 1840 mercedem.
3204 1786 3465 1852 Quoniam
3497 1785 3640 1839 enim
3666 1801 3732 1842 ex

2148 1887 2330 1930 natura
2365 1876 2528 1945 prolis
2557 1891 2747 1945 expers
2772 1887 2888 1932 erat
2915 1920 2929 1941 ,
2953 1886 3009 1931 et
3035 1886 3165 1931 (etas
3192 1893 3404 1947 quoque
3427 1878 3730 1946 provectior

2148 1982 2214 2022 ne
2260 1967 2358 2021 sibi
2402 1967 2530 2036 quid
2575 1967 2811 2036 polliceri
2869 1979 3046 2037 posset
3098 1969 3348 2031 vetabat,
3380 1967 3730 2038 promissione

2150 2059 2287 2112 Deus
2314 2060 2506 2113 excitat
2538 2069 2591 2113 et
2619 2059 2774 2128 erigit
2814 2059 3068 2112 athletam
3094 2100 3108 2122 ,
3137 2069 3298 2128 atque
3321 2059 3550 2113 alacrem
3573 2062 3729 2127 juve-

2145 2149 2414 2219 nilemque
2433 2159 2581 2218 parat
2599 2149 2857 2205 adversus
2870 2151 3144 2220 sequentia
3161 2151 3472 2204 certamina.
3495 2149 3726 2205 Proinde

2145 2240 2264 2295 vide
2307 2241 2576 2311 quomodo
2617 2251 2734 2310 post
2779 2241 2910 2294 hanc
2939 2240 3346 2311 prontissianm
3387 2241 3559 2309 jnstns
3584 2238 3728 2295 aliud

2142 2346 2414 2391 certamen
2458 2335 2782 2404 aggreditur.
2849 2332 3210 2389 invalescente
3269 2334 3410 2387 enim
3462 2332 3603 2386 fame
3633 2375 3647 2398 ,
3675 2341 3730 2386 et

2143 2427 2442 2480 Chananma
2473 2425 2754 2479 sterilitate
2779 2433 2834 2478 et
2863 2425 3120 2493 angustiis
3145 2439 3396 2492 Oppl‘CSaa
3419 2463 3437 2489 ,
3479 2424 3529 2478 in
3557 2423 3726 2494 Egy-

2146 2527 2288 2586 ptum
2326 2509 2636 2579 contendit;
2682 2515 2787 2570 illic
2822 2515 2974 2570 fanus
3011 2515 3394 2586 mitigationem
3435 2530 3680 2586 quterens
3709 2555 3726 2580 ,

2143 2607 2434 2676 majoribus
2463 2621 2582 2661 sese
2609 2607 2858 2675 periculis
2899 2607 3135 2676 involvit.
3171 2606 3363 2666 Uxoris
3383 2608 3524 2661 enim
3554 2623 3722 2662 venu-

2140 2675 2251 2754 stas
2285 2709 2337 2752 ct
2365 2697 2700 2765 pulchritudo
2723 2697 2868 2753 Sarae
2901 2675 3122 2751 mortem
3145 2698 3192 2750 ei
3215 2699 3366 2768 quasi
3393 2709 3517 2751 ante
3540 2699 3725 2754 oculos

2144 2792 2310 2862 ponit.
2360 2789 2484 2844 ldeo
2510 2805 2629 2843 cum
2656 2789 2763 2857 jam
2803 2790 2853 2842 in
2889 2789 3134 2842 confiniis
3164 2799 3305 2843 esset
3345 2788 3560 2860 Egypti
3594 2831 3607 2853 ,
3637 2789 3724 2844 iu-

2139 2896 2420 2953 gressnrus
2465 2881 2516 2934 in
2546 2896 2662 2933 eam
2701 2879 2832 2934 dixit
2859 2879 3008 2934 uxori
3044 2898 3056 2934 :
3092 2880 3214 2934 Scio
3239 2880 3372 2949 quod
3399 2884 3619 2950 [oi-niese
3657 2883 3726 2932 sit

2140 2973 2293 3043 (Gen.
2323 2973 2409 3028 12.
2444 2972 2529 3025 11.
2553 2971 2684 3039 sqq.)
2707 2987 2720 3032 ;
2745 2970 2856 3023 scio
2887 2980 2988 3023 tua:
3019 2969 3430 3038 pulchritudinis
3452 2984 3682 3038 spectem
3706 3010 3721 3034 ,

2139 3076 2194 3121 et
2216 3067 2377 3119 timeo
2405 3063 2771 3133 {Egyptiorutn
2809 3059 3294 3128 intemperantiam.
3322 3060 3376 3114 Si
3406 3075 3530 3129 ergo
3562 3070 3612 3114 te
3644 3061 3722 3113 vi—

2138 3157 2334 3219 derint,
2357 3164 2410 3212 et
2430 3154 2774 3224 cognoverint
2802 3153 2942 3222 quod
2971 3153 3041 3205 oti
3066 3167 3285 3206 uxorem
3317 3162 3368 3207 te
3400 3167 3605 3206 meeum
3630 3151 3727 3204 dn-

2138 3262 2254 3302 cam
2290 3264 2303 3300 :
2337 3255 2388 3300 te
2431 3244 2643 3314 quidem
2688 3245 2738 3296 in
2784 3243 2888 3296 vita
2940 3244 3264 3306 servabunt,
3296 3250 3352 3295 ιιι
3398 3242 3478 3295 sui
3531 3241 3726 3295 furoris

2143 3338 2400 3407 impetum
2429 3352 2592 3405 opere.
2613 3335 2954 3404 compleant;
2982 3350 3066 3386 me
3095 3344 3274 3386 autem
3307 3333 3548 3388 occident
3575 3375 3588 3398 ,
3619 3349 3726 3402 quo

2140 3430 2298 3484 liceat
2325 3428 2404 3484 eis
2428 3430 2544 3482 sine
2572 3427 2722 3481 obice
2746 3441 2896 3480 suam
2919 3425 3190 3479 libidinem
3210 3425 3445 3493 explere,
3480 3435 3536 3478 ut
3565 3440 3724 3478 nemo

2139 3522 2208 3576 sit
2237 3519 2324 3590 qui
2351 3518 2669 3572 adnlterimn
2715 3531 2899 3574 eorum
2941 3515 3149 3585 prodat.
3204 3514 3296 3566 Dic
3323 3513 3477 3582 igitur
3503 3531 3580 3566 me
3607 3519 3722 3586 [ra-

2139 3621 2264 3664 trent
2303 3619 2441 3662 tamn
2487 3624 2610 3662 csse.
2658 3606 2793 3661 Vide
2841 3605 3233 3659 adamantinam
3281 3606 3557 3668 animant,
3601 3605 3721 3661 vide

2140 3709 2372 3755 mentem
2402 3698 2548 3753 ferro
2575 3697 2916 3752 solidiorem:
2948 3709 3052 3748 non
3091 3695 3320 3749 turbavit
3345 3695 3461 3762 ejus
3488 3705 3721 3751 mentem

2138 3791 2414 3847 calamitas
2442 3830 2456 3854 ,
2487 3803 2646 3859 quam
2694 3786 3073 3856 exspectabat;
3107 3800 3210 3839 non
3241 3786 3508 3856 cogitabat
3551 3801 3722 3856 neque

2137 3881 2350 3938 dicebat
2370 3882 2505 3936 intra
2533 3879 2878 3948 semetipsum
2906 3898 2917 3931 ;
2951 3876 3144 3932 ldcone
3172 3877 3378 3946 propria
3421 3876 3600 3932 relicta
3631 3894 3722 3946 pa.

2139 3973 2236 4026 tria
2264 3980 2458 4026 tantam
2484 3985 2590 4040 pra:
2622 3985 2706 4024 me
2737 3968 2826 4022 tuli
2855 3966 3216 4022 obedientiam
3251 4009 3266 4029 ,
3301 3967 3458 4036 inque
3485 3969 3716 4023 alienam

2137 4066 2255 4120 veni
2279 4075 2470 4118 terram
2505 4105 2520 4129 ,
2552 4073 2607 4116 ut
2635 4061 2782 4117 hisee
2802 4060 2956 4115 malis
2991 4059 3292 4128 itnpliearer
3318 4061 3340 4113 ?
3367 4059 3556 4114 Nonne
3586 4075 3718 4129 pau-

2137 4157 2189 4211 lo
2214 4165 2366 4211 antea
2397 4154 2640 4226 promisit
2664 4153 2791 4206 mihi
2816 4169 2829 4207 :
2861 4151 3056 4207 Sentini
3085 4161 3171 4204 tua
3197 4150 3328 4204 dabo
3345 4160 3531 4204 teri-ant
3551 4151 3718 4206 lianc!

2138 4251 2214 4305 En
2245 4260 2299 4304 et
2326 4247 2570 4303 adulterii
2591 4257 2644 4302 et
2671 4245 2858 4301 mortis
2883 4244 3040 4299 timor
3069 4253 3302 4299 mentem
3335 4255 3570 4297 nostram
3589 4259 3720 4298 con-

2133 4344 2284 4398 cutit.
2310 4341 2412 4397 Sed
2445 4340 2572 4396 nihil
2603 4340 2792 4394 horum
2823 4337 2905 4392 vel
2929 4339 2978 4391 in
3002 4347 3231 4392 mentem
3261 4336 3505 4406 accipere
3531 4335 3717 4406 digna-

2135 4445 2218 4489 ius
2260 4446 2340 4487 est
2377 4451 2389 4486 :
2425 4448 2583 4486 unum
2627 4431 2674 4485 ei
2717 4429 2995 4484 dumtaxat
3043 4443 3186 4483 curat
3244 4437 3355 4482 erat
3393 4469 3407 4492 ,
3448 4425 3718 4496 quomodo

2135 4525 2385 4579 miseram
2417 4522 2554 4576 hanc
2588 4521 2819 4574 fabulam
2857 4519 2926 4573 ita
2954 4527 3136 4589 ageret
3165 4560 3178 4583 ,
3211 4517 3420 4572 duobus
3446 4516 3570 4572 hinc
3598 4515 3718 4570 inde

2135 4617 2382 4686 periculis
2423 4615 2732 4684 urgentibus
2759 4653 2774 4678 ,
2806 4623 2861 4666 ut
2908 4611 2986 4665 vel
3038 4626 3200 4664 unum
3251 4610 3439 4664 saltem
3479 4607 3715 4677 efi‘ngers

2231 4729 2332 4760 S(‘l.o

2231 4729 2252 4758 ὃ
2318 4744 2332 4760 ο

2131 4717 2454 4851 p0iliiiabilis
2483 4796 2578 4849 Dei
2605 4794 2916 4862 providentia
2938 4793 3074 4846 circa
3107 4791 3468 4844 Abraltantnm.
3500 4789 3577 4842 0b
3604 4805 3707 4843 mo-

2127 4888 2337 4942 destiam
2349 4888 2597 4954 beneﬁciis
2611 4885 2817 4954 (ψει-ξων
2842 4881 3418 4951 Abraltanttts.—lgitur
3432 4889 3708 4950 postquam

2129 4980 2242 5048 ipse
2287 4995 2405 5047 qua:
2430 4993 2523 5031 sua
2553 4986 2704 5029 erant
2729 4974 2904 5027 attulit
2943 5014 2960 5040 ,
3006 4971 3229 5027 consilio
3269 4972 3514 5026 videlicet
3552 4983 3711 5027 utens

2126 5081 2177 5124 et
2205 5070 2364 5124 animi
2399 5067 2705 5122 fortitudine
2731 5085 2744 5120 :
2774 5066 2965 5120 mulier
2993 5080 3202 5135 qttoque
3232 5065 3554 5134 singularem
3582 5079 3708 5135 erga

2126 5163 2296 5216 virum
2328 5160 2661 5219 affectionem
2697 5167 2751 5213 et
2795 5155 3153 5211 obedientiam
3184 5156 3462 5211 declarans
3502 5171 3703 5225 coope-

2125 5262 2234 5309 rata
2267 5262 2346 5309 est
2371 5293 2385 5314 ,
2425 5260 2480 5306 et
2507 5252 2569 5306 iis
2593 5266 2712 5321 qua:
2744 5250 2957 5305 decreta
3002 5248 3208 5303 fuerant
3236 5249 3586 5302 ministravit:
3618 5251 3703 5304 ubi

2123 5346 2280 5415 igitur
2305 5343 2445 5414 quod
2472 5359 2624 5398 suum
2654 5351 2769 5397 erat
2798 5342 3130 5411 perfecerunt
3167 5381 3180 5404 ,
3211 5355 3440 5410 cumque
3479 5340 3588 5408 jam
3620 5356 3705 5393 se-

2119 5435 2351 5490 Cnndum
2415 5433 2702 5509 humanum
2760 5448 2961 5488 morem
3025 5431 3399 5501 desperaretnr
3445 5472 3460 5494 ,
3499 5440 3553 5485 et
3590 5430 3703 5486 fere

2118 5542 2282 5597 Opere
2325 5529 2585 5597 completa
2646 5525 2830 5580 fuisset
2878 5523 3247 5595 Egyptiormn
3294 5522 3524 5584 malitia,
3575 5529 3700 5575 tunc

2118 5636 2306 5690 magna
2337 5619 2429 5673 Dei
2457 5617 2507 5672 in
2533 5633 2655 5672 eum
2703 5615 3033 5687 providentia
3082 5615 3352 5671 declarata
3381 5621 3482 5666 est.
3515 5611 3699 5666 hiulie-

2120 5727 2230 5765 rem
2257 5711 2398 5766 enim
2429 5710 2568 5766 Deus
2611 5725 2714 5763 non
2759 5710 2932 5762 solum
2960 5723 2988 5760 a
3017 5705 3338 5763 contumelia
3363 5704 3578 5776 eripuit,
3608 5702 3691 5757 itt-
