4084 6214
411 280 512 338 555

410 393 712 461 dignatione
738 407 829 444 Stud
863 391 914 444 in
948 407 1126 460 regem
1153 401 1204 446 et
1236 390 1289 446 in
1315 393 1529 447 domum
1554 392 1668 464 ejus
1699 393 1934 450 immissa
1968 432 1982 458 ,

411 490 500 544 sed
526 499 577 543 et
603 489 953 557 patriarebam
995 502 1116 542 cum
1158 502 1345 557 magna
1378 488 1540 557 gloria
1567 489 1618 543 in
1652 489 1986 543 Palaestinam

410 598 470 632 ex
494 581 723 650 [Egypto
753 578 926 632 redire
953 580 1176 633 curavit.
1205 579 1493 634 Considera
1540 577 1809 648 quomodo
1841 576 1989 630 beni-

409 680 544 740 gnus
569 674 824 726 Dominus
847 673 896 725 itt
932 671 1121 726 mediis
1148 671 1400 725 auxilium
1432 670 1660 724 alicrens
1685 667 1993 723 tentationi-

415 765 510 817 bus
531 805 546 824 .
574 763 826 818 athletam
857 778 1007 817 suum
1037 763 1100 816 ad
1135 763 1349 818 ferenda
1381 763 1660 832 sequentia
1701 761 1992 816 certamina

415 853 687 906 fortiorem
717 853 920 908 reddit:
954 869 1050 908 nec
1073 869 1320 922 umquam
1353 869 1473 907 eum
1496 868 1593 906 suo
1631 852 1869 907 destituit
1897 851 1994 904 ad-

411 945 654 1013 jmnento
675 987 689 1009 ,
718 946 814 1001 sed
846 948 896 999 in
929 945 1175 999 omnibus
1202 962 1311 1000 rem
1339 947 1408 1000 ita
1435 953 1731 1014 temperat,
1762 953 1816 998 ut
1843 943 1998 1012 plane

415 1037 594 1090 videat
621 1037 734 1105 ille,
766 1053 823 1091 se
851 1054 1006 1107 parva
1041 1037 1354 1107 proferendo
1377 1079 1391 1102 ,
1419 1037 1624 1106 magnis
1643 1045 1696 1092 et
1727 1036 1917 1090 mirum
1946 1037 1997 1089 in

417 1128 632 1182 modum
664 1129 887 1197 magnis,
918 1129 1312 1198 lmmanamque
1343 1137 1584 1182 naturam
1619 1127 2002 1181 transcenden-

421 1220 560 1274 tibus
583 1220 930 1272 rentunerari.
970 1219 1159 1274 Vidisti
1185 1220 1313 1289 justi
1340 1219 1689 1288 patientiam?
1718 1217 1847 1272 Vide
1875 1217 2000 1271 item

421 1319 540 1380 post
567 1310 793 1364 reditum
824 1325 888 1364 cx
920 1309 1154 1381 Egypto
1181 1310 1492 1365 humilitatis
1514 1309 1929 1380 magnitudinem
1949 1315 2005 1364 et

423 1400 686 1470 insignem
739 1402 1220 1456 mansuetudinem.
1276 1401 1406 1456 Nam
1469 1415 1591 1456 cum
1648 1400 1895 1454 rediisset
1939 1401 2006 1456 ab

426 1489 658 1559 Egypto
690 1532 702 1550 ,
753 1492 1079 1560 titubantth
1121 1493 1418 1562 possideret
1457 1491 1806 1544 SanIantiam
1854 1495 1874 1558 (
1910 1505 2008 1545 nec

424 1581 540 1649 ipse
568 1581 714 1634 solus
740 1623 752 1645 ,
798 1581 892 1636 sed
922 1583 1096 1637 fratris
1127 1584 1265 1637 filius
1291 1584 1671 1654 sequebatur),
1703 1582 1821 1636 Non
1843 1584 2009 1651 capie-

423 1669 528 1732 bat,
552 1672 738 1740 inquit,
768 1689 852 1726 eos
879 1682 1010 1725 terra
1037 1683 1088 1726 ut
1120 1673 1399 1726 habitarent
1421 1675 1572 1727 simul
1600 1673 1751 1744 (Gen.
1787 1675 1872 1728 l5.
1900 1673 1958 1744 6)
1992 1713 2005 1738 ,

424 1761 546 1828 quia
586 1763 778 1815 multas
825 1763 1099 1816 facultates
1140 1763 1405 1816 habebant
1437 1781 1449 1816 :
1484 1764 1622 1817 ttnde
1664 1775 1714 1817 et
1747 1764 1856 1817 rixa
1893 1773 2010 1817 orta

430 1862 514 1909 est
541 1854 678 1908 inter
701 1864 942 1922 pastores
971 1854 1070 1909 Lot
1111 1865 1165 1909 et
1195 1856 1413 1909 Abram.
1443 1856 1591 1909 Tunc
1613 1855 1790 1924 justus
1819 1855 2010 1910 auimte

428 1961 540 1998 sua:
572 1946 1034 2000 mansuetudinem
1073 1957 1128 2000 et
1174 1947 1482 2015 prmclaratn
1516 1947 1823 2015 patientiam
1854 1961 2010 2000 mon-

428 2044 624 2098 strans,
655 2043 841 2089 vocato
868 2035 967 2089 Lot
990 2035 1122 2089 dixit
1160 2054 1173 2091 :
1227 2034 1310 2088 Ne
1333 2037 1395 2090 sit
1423 2037 1533 2088 rixa
1559 2038 1690 2089 inter
1716 2053 1794 2090 me
1829 2047 1878 2089 et
1918 2045 1965 2090 te
1996 2076 2011 2101 ,

429 2135 475 2179 et
504 2126 630 2180 inter
660 2138 884 2195 pastores
913 2144 1051 2181 meos
1093 2137 1140 2181 et
1187 2137 1416 2196 pastores
1450 2137 1560 2181 tuos
1593 2168 1608 2194 ,
1639 2129 1758 2197 quia
1787 2129 2015 2182 homines

430 2220 616 2286 fratres
649 2233 824 2270 sumus
854 2233 946 2271 nos
982 2216 1000 2287 (
1028 2217 1161 2270 Ibid.
1195 2235 1240 2271 υ.
1265 2220 1296 2271 8
1330 2221 1384 2281 l;
1413 2220 1567 2287 quasi
1594 2217 1796 2272 diceret
1827 2236 1841 2272 :
1873 2217 2014 2272 Nihil

435 2323 564 2378 pace
617 2310 998 2378 praestantius;
1033 2310 1163 2363 nihil
1213 2310 1554 2364 contentione
1603 2310 1912 2366 damnosius
1963 2321 2018 2368 et

432 2399 665 2468 gravius.
717 2399 782 2455 Ut
825 2401 983 2470 igitur
1026 2416 1056 2455 e
1088 2401 1266 2456 medio
1289 2402 1540 2456 tollamus
1569 2417 1782 2457 onmem
1810 2403 2016 2458 rixandi

435 2494 733 2558 materiam,
755 2493 890 2563 elige
917 2510 1073 2562 quam
1105 2494 1337 2548 volueris
1367 2494 1659 2564 regionem,
1680 2506 1731 2549 et
1759 2495 2015 2564 reliquam

435 2583 561 2636 mihi
593 2584 862 2652 relinque,
916 2593 972 2640 ut
1000 2599 1028 2637 a
1059 2585 1225 2637 litium
1254 2593 1308 2638 et
1333 2585 1734 2639 contentionum
1777 2586 2017 2640 molestia

436 2673 604 2728 simus
631 2673 812 2729 alieni.
850 2674 1031 2751 Vidisti
1059 2675 1156 2730 viri
1192 2676 1481 2731 virtutem?
1507 2677 1678 2732 Cessit
1700 2660 1900 2747 junioti
1923 2692 2020 2749 po-

434 2763 631 2818 tiorum
662 2764 925 2820 electione
948 2805 964 2832 ,
993 2765 1108 2834 ipse
1151 2775 1436 2820 contentus
1479 2766 1664 2821 viliore
1713 2775 1876 2822 terra.
1911 2766 2020 2822 Sed

433 2855 556 2911 vide
586 2854 673 2910 hic
697 2857 858 2911 etiam
884 2865 1138 2927 quantam
1166 2858 1467 2914 mercedem
1497 2869 1681 2913 nactus
1712 2860 1780 2914 sit
1821 2874 1918 2929 pro
1956 2860 2020 2916 iis

435 2946 548 3000 suis
573 2945 782 3001 ofﬁciis.
818 2947 1007 3002 Statim
1038 2949 1180 3002 enim
1205 2951 1540 3017 separatione
1567 2966 1594 3002 a
1627 2950 1725 3004 Lnt
1751 2951 1883 3005 facta
1904 2991 1919 3016 ,
1946 2951 2022 3007 ait

438 3035 512 3090 illi
561 3037 732 3092 Deus:
766 3037 991 3093 Elevatis
1037 3040 1199 3093 oculis
1226 3042 1326 3094 tuis
1363 3041 1475 3094 vide
1513 3057 1707 3095 omnem
1749 3052 1933 3096 terram
1959 3042 2024 3096 ab

439 3128 577 3181 omni
599 3138 742 3197 parte
763 3145 781 3182 :
805 3130 924 3199 quia
963 3147 1160 3185 onmem
1191 3141 1374 3185 terram
1400 3173 1416 3198 ,
1447 3151 1599 3200 quam
1630 3145 1682 3188 tu
1712 3135 1847 3188 vides
1879 3176 1895 3201 ,
1937 3134 2024 3189 tibi

439 3217 572 3270 (tabo
601 3228 645 3271 et
672 3219 853 3273 semini
892 3229 977 3272 tuo
1023 3236 1183 3288 usque
1219 3222 1272 3275 in
1308 3223 1546 3275 sa'cttlum
1591 3222 1610 3292 (
1640 3221 1778 3276 Ibid.
1811 3241 1859 3280 υ.
1893 3224 1959 3278 14
1981 3226 2022 3295 ).

439 3308 730 3363 Considera
767 3312 980 3378 quantis
1013 3311 1284 3366 beneficiis
1317 3312 1511 3366 merito
1541 3311 1774 3368 aflicitur
1806 3314 1875 3369 oh
1902 3329 2024 3370 mo-

438 3398 662 3455 destiam
693 3440 707 3464 ,
735 3416 892 3469 quam
921 3415 1046 3471 erga
1073 3401 1250 3456 fratris
1274 3403 1440 3456 filiuttt
1463 3403 1754 3459 declaravit
1785 3421 1798 3458 :
1826 3415 1881 3460 et
1912 3406 2026 3476 ipse

440 3487 654 3557 quidem
685 3499 741 3543 ιιι
765 3491 940 3559 parvis
980 3491 1139 3545 cessit
1168 3532 1183 3558 ,
1213 3492 1380 3546 tuttlto
1422 3493 1622 3562 majora
1664 3505 2028 3565 consequutus

441 3591 526 3635 est
560 3599 572 3634 :
607 3581 695 3636 ille
719 3590 895 3637 autem
929 3583 1016 3652 qtti
1047 3583 1306 3652 potiorem
1341 3593 1542 3653 partem
1571 3585 1843 3657 delegerat
1869 3628 1884 3652 ,
1918 3601 2026 3642 non

445 3673 615 3728 multo
661 3684 781 3745 post
817 3676 867 3730 in
916 3676 1148 3746 pericula
1193 3677 1411 3732 incidit:
1440 3689 1489 3732 et
1539 3693 1642 3733 non
1689 3679 1862 3734 solum
1893 3679 2024 3736 nihil

443 3767 709 3823 commodi
740 3768 806 3822 ab
833 3769 1098 3825 electione
1118 3770 1354 3840 accepit,
1386 3771 1480 3826 sed
1502 3783 1554 3826 et
1583 3773 1824 3842 captivus
1846 3781 1901 3829 et
1925 3773 2025 3830 do-

446 3872 535 3911 mo
563 3867 722 3926 atque
747 3857 866 3914 foco
894 3867 1116 3928 repente
1141 3861 1298 3915 simul
1346 3862 1584 3932 privatus
1605 3872 1687 3917 est
1717 3881 1732 3928 ;
1762 3863 2027 3934 rebusque

447 3948 574 4017 ipsis
602 3947 786 4003 didicit
815 3965 973 4020 quam
1004 3950 1194 4006 eximia
1217 3952 1385 4008 virtus
1412 3954 1560 4022 justi,
1591 3963 1645 4009 et
1677 3955 1788 4024 ipse
1808 3955 2029 4011 edootus

443 4048 528 4095 est
569 4055 638 4095 ne
685 4049 863 4112 postea
908 4041 1035 4113 quid
1082 4059 1329 4115 umquam
1376 4046 1480 4100 tale
1536 4054 1842 4103 attentaret.
1895 4046 2026 4102 Nam

449 4140 726 4200 postquam
750 4133 996 4190 Sodomis
1035 4135 1276 4192 habitare
1307 4139 1467 4208 cmpit
1496 4180 1510 4203 ,
1535 4140 1712 4196 statim
1741 4140 2029 4196 excitatum

445 4230 529 4277 est
551 4238 714 4292 grave
744 4225 940 4279 bellum
971 4265 985 4290 ,
1010 4230 1065 4281 et
1090 4229 1383 4282 vicinarum
1405 4231 1640 4298 gentium
1673 4246 1826 4300 reges
1858 4234 2031 4288 insur-

447 4323 699 4368 rcxerunt
723 4323 777 4368 et
797 4331 1010 4370 omnem
1041 4319 1314 4386 regionem
1343 4319 1498 4372 simul
1529 4319 1835 4390 depopulati
1867 4332 2024 4388 sunt;

444 4403 848 4473 gigantibusque
875 4404 1065 4459 occisis
1099 4447 1113 4472 ,
1141 4416 1194 4460 et
1234 4407 1538 4462 Amalecitis
1563 4411 1798 4479 expulsis
1817 4454 1832 4479 ,
1868 4413 2029 4467 etiam

445 4493 802 4549 Sodomorum
831 4510 1008 4564 regem
1031 4505 1084 4551 et
1105 4496 1416 4554 Gomorrhte
1441 4499 1492 4554 in
1516 4499 1692 4571 fugam
1723 4511 2030 4571 verterunt,

453 4583 721 4638 montanis
747 4586 996 4641 omnibus
1022 4589 1314 4656 occupatis,
1347 4597 1401 4645 et
1426 4592 1664 4660 equitatu
1689 4593 1828 4663 regis
1853 4591 2032 4648 Sodo-

448 4688 656 4728 morum
687 4683 874 4730 avecto
899 4691 1001 4730 una
1033 4691 1151 4732 cum
1181 4677 1280 4734 Lot
1298 4680 1527 4750 captivo,
1552 4682 1885 4747 mulieribus,
1919 4697 2035 4739 om-

451 4766 712 4835 nibusque
740 4768 984 4832 sarcinis,
1008 4769 1272 4825 abierunt.

520 4858 573 4912 5.
606 4857 711 4914 Sed
763 4860 881 4916 vide
929 4861 1120 4917 iterum
1174 4863 1441 4934 ingentem
1487 4864 1576 4920 Dei
1623 4865 2031 4934 providentiam.

454 4950 649 5006 Volens
675 4950 816 5006 enim
843 4951 1000 5007 simul
1026 4963 1079 5008 et
1111 4953 1210 5008 Lot
1245 4969 1274 5008 a
1305 4955 1611 5024 captivitate
1650 4955 1874 5010 liberum
1907 4957 2034 5012 red-

448 5048 578 5103 dere
604 5089 619 5112 ,
647 5057 702 5102 et
725 5047 1043 5117 patriarcha:
1065 5047 1285 5117 gloriam
1315 5049 1480 5118 magis
1508 5049 1794 5115 illustrare,
1837 5048 2037 5104 excitat

447 5140 646 5208 justum
676 5147 732 5194 ιιι
762 5138 938 5194 fratris
966 5139 1074 5192 lilio
1105 5147 1398 5192 succurrat.
1445 5137 1576 5193 Nam
1611 5148 1668 5192 ut
1703 5138 1887 5193 didicit
1917 5154 2036 5208 qua:

453 5231 587 5285 facta
609 5238 783 5295 erant,
804 5245 922 5284 cum
953 5230 1252 5285 vernaculis
1277 5229 1389 5283 suis
1421 5228 1619 5298 impetu
1642 5229 1783 5284 facto
1811 5230 1861 5286 in
1883 5243 2036 5300 reges

451 5322 575 5375 illos
599 5362 612 5388 ,
643 5320 760 5375 illos
789 5319 942 5376 facile
972 5321 1264 5391 profligavit
1287 5361 1302 5388 ,
1334 5328 1388 5375 et
1426 5319 1529 5374 Lot
1561 5329 1721 5389 atque
1763 5322 2033 5386 mulieres,

453 5422 506 5467 et
535 5427 746 5468 omnem
785 5413 1077 5482 equitatum
1111 5414 1249 5483 regis
1279 5411 1488 5469 reduxit
1519 5429 1531 5467 :
1572 5412 1760 5480 quibus
1792 5421 1896 5465 tam
1927 5411 2038 5466 cla-

456 5505 531 5558 ris
556 5504 858 5573 triumphis,
889 5505 1135 5560 omnibus
1169 5503 1424 5573 patefacta
1457 5514 1537 5560 est
1568 5503 1754 5572 ingens
1787 5504 1878 5557 Dei
1909 5517 2036 5571 erga

459 5593 606 5646 illum
631 5593 997 5649 benevolentia
1021 5637 1035 5661 ,
1063 5605 1115 5648 et
1143 5595 1314 5663 ipsutn
1344 5611 1448 5648 non
1495 5609 1588 5648 sua
1617 5595 1811 5648 virtute
1839 5601 2036 5646 tantam

458 5693 686 5749 stragem
730 5684 952 5750 iecisse,
1007 5685 1097 5740 sed
1143 5700 1370 5753 superna
1402 5686 1593 5747 virtute
1637 5685 1917 5739 munitum.
1975 5682 2038 5737 Et

1126 282 1180 335 s.
1223 280 1499 335 Jo.\.\.\ts
1539 264 2014 329 tzttttvsostotu
2055 256 2368 318 auena-ir.
2409 259 2938 327 cortsratvmop,
2979 302 2983 312 .
3022 299 3029 306 .

3575 276 3656 321 5.31
3664 292 3675 318 ι

2099 391 2212 460 ipse
2238 403 2448 460 quoque
2473 385 2769 460 patriarcha
2795 384 2922 454 ipsis
2948 381 3103 436 rebus
3129 380 3426 435 cnitebatut‘
3450 421 3463 443 ,
3498 391 3554 433 ttt
3581 383 3678 435 Se-

2095 482 2309 536 domitis
2339 481 2586 534 omnibus
2613 477 2801 531 doctor
2835 475 2997 529 divini
3027 474 3201 526 cultus
3236 474 3387 525 lierct
3409 512 3423 533 ,
3470 487 3678 524 necnon

2102 571 2282 626 verbis
2307 572 2411 626 illis
2432 569 2580 640 queis
2608 563 2784 639 regem
2811 565 3199 636 alloquebatur.
3253 563 3381 616 Nam
3409 577 3530 631 quia
3556 577 3677 613 cum

2099 663 2419 716 occurrisset.
2463 675 2558 714 rex
2581 701 2594 724 ,
2637 669 2690 713 et
2729 674 2824 728 pro
2853 657 3010 712 rebus
3037 656 3201 726 gestis
3235 655 3431 721 gratias
3460 654 3678 722 egisset.

2100 767 2162 808 ac
2187 768 2399 808 omnem
2423 751 2714 821 equitatum
2741 750 2788 804 ei
2816 764 2873 804 sc
2898 748 3214 803 dooaturum
3242 748 3478 811 diceret,
3509 745 3681 797 homi-

2102 857 2302 910 nesztue
2329 841 2599 896 dumtaxat
2625 849 2961 910 accepturum
2993 857 3006 893 :
3039 838 3158 892 vide
3191 838 3379 892 iterum
3403 837 3530 906 justi
3557 851 3678 889 ma-

2101 933 2500 1003 gnanimitatem
2525 973 2540 998 ,
2578 931 2844 1001 quomodo
2887 929 3238 999 phifosopbiae
3276 943 3386 982 SU'J‘.
3412 925 3681 997 specimen

2105 1027 2320 1082 exhibet
2343 1067 2359 1090 ,
2403 1025 2691 1080 ostendens
2729 1038 2788 1078 se
2825 1022 2985 1077 donis
3013 1020 3316 1090 huiusmodi
3353 1019 3683 1090 superiorem

2107 1135 2262 1185 esse,
2311 1133 2539 1188 eumque
2578 1116 2644 1171 ad
2675 1131 2814 1170 vera:
2862 1114 3133 1180 religionis
3179 1114 3419 1167 notitiam
3461 1109 3679 1166 inducit.

2109 1212 2224 1268 Non
2275 1191 2436 1266 enim.
2463 1209 2773 1279 simpliciter
2815 1206 2944 1262 dicit
2975 1223 2989 1259 :
3019 1206 3132 1260 Non
3173 1205 3343 1275 patiar
3385 1213 3443 1257 ut
3488 1201 3686 1272 aliquid

2109 1311 2317 1359 tuorum
2346 1315 2621 1356 munerum
2644 1298 2708 1352 ad
2728 1313 2813 1352 me
2833 1296 3032 1362 redeat,
3061 1312 3164 1349 non
3195 1294 3321 1348 mihi
3338 1295 3423 1348 tali
3443 1294 3691 1346 mercede

2110 1411 2244 1466 opus
2263 1405 2343 1450 est
2373 1412 2386 1448 :
2415 1393 2506 1448 sed
2529 1391 2652 1462 quid
2673 1392 2696 1445 ?
2725 1389 3008 1444 Extendunt
3031 1403 3232 1439 manum
3261 1403 3420 1438 meum
3441 1386 3506 1437 ad
3527 1383 3690 1436 Deum

2111 1487 2448 1551 altissimum,
2479 1483 2628 1554 quasi
2660 1483 2857 1536 docens
2883 1495 3003 1534 eum
3034 1497 3047 1532 :
3074 1479 3187 1531 Non
3217 1486 3341 1532 sunt
3369 1476 3441 1529 dii
3467 1476 3552 1545 qui
3580 1492 3609 1527 a
3643 1485 3693 1527 te

2111 1579 2398 1642 coluntur,
2446 1575 2538 1629 sed
2592 1563 2728 1643 ligna
2768 1582 2820 1625 et
2865 1569 3068 1639 lapides
3100 1585 3113 1621 :
3143 1567 3236 1622 sed
3279 1567 3413 1620 unus
3441 1575 3523 1619 est
3554 1565 3696 1618 Deus

2114 1682 2275 1737 super
2307 1666 2513 1730 omnia,
2554 1663 2652 1729 Qui
2683 1662 2867 1716 creavit
2892 1660 3067 1714 actum
3100 1667 3144 1712 et
3183 1669 3366 1712 terram
3395 1670 3412 1708 :
3437 1654 3569 1724 quod
3592 1671 3697 1706 non

2115 1758 2359 1826 accipiam
2385 1773 2415 1809 a
2445 1765 2492 1809 te
2534 1754 2596 1808 de
2636 1752 2863 1822 funiculo
2901 1766 3058 1820 usque
3099 1748 3166 1801 ad
3207 1748 3558 1817 spltwroterem
3586 1760 3607 1797 :
3641 1754 3699 1798 ut

2117 1866 2184 1906 ne
2214 1849 2485 1905 existimes
2531 1863 2616 1901 me
2661 1845 2871 1899 illorum
2910 1843 3075 1913 gratia
3103 1842 3357 1896 ultionem
3383 1838 3697 1908 sumpsisse,

2117 1953 2171 2000 ct
2197 1958 2264 1998 ne
2291 1943 2465 1996 dicere
2495 1940 2663 2011 possis
2691 1949 2743 1993 te
2770 1937 2899 1991 mihi
2941 1933 3276 1989 abundantiae
3307 1931 3470 1985 fuisse
3509 1939 3698 1983 aucto-

2120 2053 2254 2093 rem.
2281 2035 2410 2090 Nam
2434 2035 2520 2104 qui
2545 2049 2628 2086 me
2648 2030 2971 2101 triumphare
2998 2037 3051 2082 et
3071 2029 3283 2081 vincere
3304 2023 3523 2086 curavit,
3556 2021 3700 2075 idem

2119 2137 2175 2185 et
2203 2127 2412 2183 divitias
2458 2123 2666 2180 abunde
2711 2121 2841 2176 mihi
2889 2119 3209 2190 suppeditat.
3250 2115 3379 2170 Vide
3407 2111 3701 2184 quomodo,

2120 2222 2165 2275 si
2215 2219 2428 2288 quidem
2483 2216 2685 2269 lucrum
2732 2212 2908 2268 facere
2950 2209 3204 2264 voluisset
3246 2221 3336 2261 rex
3363 2246 3378 2270 ,
3426 2213 3703 2258 auctorem

2121 2325 2410 2382 agnoscere
2448 2308 2684 2364 victoria:
2728 2321 2796 2360 ex
2837 2302 3152 2375 patriarcltte
3201 2299 3377 2354 verbis
3422 2296 3701 2368 potuisset.

2126 2401 2422 2457 Ducebatur
2465 2399 2608 2455 enim
2658 2398 2879 2468 posthac
2906 2408 3009 2448 non
3040 2391 3306 2447 [idendum
3336 2392 3563 2460 propria:
3591 2401 3705 2440 sua:

2124 2494 2325 2557 virtuti,
2339 2491 2428 2545 sed
2447 2487 2836 2560 agnoscendum
2857 2493 3129 2539 auctorem
3152 2480 3410 2547 omnium,
3433 2476 3707 2532 ridendos-

2122 2599 2226 2654 que
2255 2580 2484 2636 manufa.
2505 2589 2584 2634 tos
2611 2579 2772 2640 deos,
2805 2586 2857 2631 ct
2883 2574 3162 2629 colendum
3194 2573 3358 2626 Deum
3385 2569 3472 2640 qui
3501 2578 3582 2622 e.t
3611 2582 3708 2620 su-

2128 2684 2220 2737 per
2265 2665 2442 2719 omnia
2469 2705 2484 2730 ,
2537 2665 2624 2734 qui
2673 2661 2848 2716 omnia
2893 2658 3164 2722 condidit,
3221 2655 3308 2725 qui
3350 2663 3404 2707 et
3447 2655 3706 2707 bonorum

2125 2758 2360 2813 omnium
2394 2757 2513 2810 fons
2542 2765 2643 2809 est.
2695 2753 2763 2807 Et
2798 2753 2848 2806 in
2880 2765 3086 2805 summa
3110 2748 3346 2803 discebat
3374 2760 3437 2799 ex
3459 2744 3711 2797 omnibus

2127 2848 2441 2920 patriarcha:
2467 2847 2738 2900 virtutem.
2787 2841 2920 2897 Nam
2956 2856 3024 2894 ne
3057 2839 3387 2918 existimaret
3415 2849 3582 2903 ipsum
3617 2847 3712 2901 per

2125 2940 2483 3008 artogantiam
2515 2946 2568 2992 ct
2606 2936 2793 2991 fastum
2823 2934 2944 2988 data
2975 2940 3316 2987 contemnere
3339 2969 3353 2994 ,
3401 2927 3596 2980 idcirco
3623 2925 3710 2978 di-

2127 3033 2243 3086 cit:
2279 3029 2390 3100 Ego
2432 3027 2644 3098 quidem
2694 3025 2824 3080 nihil
2869 3038 3076 3078 sumam
3114 3039 3127 3076 :
3159 3034 3332 3090 neque
3379 3017 3523 3072 enim
3570 3028 3712 3084 Opus

2130 3121 2333 3186 habeo,
2377 3133 2550 3188 neque
2595 3116 2806 3186 indigeo
2849 3124 2906 3169 ut
2936 3128 3068 3167 mea:
3097 3109 3375 3166 facultates
3419 3114 3716 3176 augeantur

2129 3213 2195 3267 ab
2219 3212 2336 3266 aliis
2365 3227 2378 3263 :
2409 3209 2491 3265 eis
2529 3218 2704 3263 autem
2732 3207 2818 3276 qui
2847 3204 3202 3276 periculorum
3229 3213 3466 3255 meorum
3497 3196 3719 3252 fuerunt

2129 3305 2280 3366 socii,
2312 3303 2612 3373 permittam
2641 3309 2697 3354 ut
2725 3313 2848 3353 suas
2872 3297 3140 3367 portiones
3158 3292 3437 3362 accipiant,
3462 3304 3567 3359 quo
3590 3301 3720 3358 par-

2131 3411 2248 3449 vam
2301 3394 2532 3464 aliquam
2576 3391 2820 3446 laborum
2866 3386 3284 3443 consolationem
3327 3381 3572 3435 habeant.
3635 3377 3719 3431 Ita

2129 3487 2483 3543 Sodomorum
2514 3483 2625 3554 regi
2656 3481 2934 3551 respondit
2950 3478 3144 3549 justus.

2203 3578 2526 3647 Sacriﬁcium
2564 3572 2896 3630 Melchisedec
2925 3573 3097 3643 refert,
3130 3578 3176 3624 et
3205 3578 3258 3622 ut
3283 3577 3457 3638 typum
3499 3562 3712 3618 Eucha-

2131 3671 2287 3726 ristiar
2315 3668 2572 3740 proponit.
2599 3695 2667 3706 —
2715 3664 2999 3733 Postquam
3031 3671 3209 3715 autem
3249 3666 3303 3712 et
3339 3652 3722 3717 Melchisedec,

2133 3778 2225 3818 rex
2253 3760 2429 3818 Salem
2454 3801 2469 3826 ,
2518 3771 2681 3828 panes
2708 3764 2763 3812 et
2790 3755 2972 3810 vinum
3011 3750 3278 3814 adferens,
3307 3763 3370 3804 ea
3400 3747 3496 3817 ipsi
3525 3743 3728 3800 obtulit

2136 3851 2300 3925 (Erat
2337 3851 2469 3905 enim
2497 3847 2762 3912 sacerdos,
2811 3845 3019 3916 inquit,
3049 3840 3144 3894 Dei
3177 3837 3412 3893 altissimi
3437 3833 3586 3907 [Gem
3622 3833 3725 3887 14.

2136 3943 2225 4015 18]
2250 3943 2303 4013 ).
2345 3943 2418 3997 ab
2454 3941 2544 3996 illo
2589 3940 2794 4010 accepit
2836 3936 3032 3992 oblata.
3081 3931 3279 3989 Deinde
3308 3938 3366 3985 ut
3405 3925 3735 3999 rependet-es

2137 4033 2564 4088 benedictionem
2588 4072 2604 4097 ,
2643 4044 2801 4099 quant
2826 4028 2894 4082 ab
2917 4041 2983 4082 eo
3020 4031 3336 4093 acceperat,
3368 4029 3422 4074 et
3448 4016 3733 4088 gloriﬁca-
3823 4073 3840 4088 .

2137 4125 2334 4179 tionem
2358 4123 2410 4178 in
2439 4122 2603 4176 Deum
2635 4119 2870 4188 (dixerat
2897 4116 3060 4182 enim,
3079 4110 3378 4166 Benedictus
3402 4108 3588 4162 Abram
3609 4104 3733 4158 Dea

2137 4216 2383 4271 altissimo
2403 4257 2418 4282 ,
2461 4224 2506 4269 et
2535 4212 2820 4268 benedictus
2847 4208 2982 4263 Deus
3009 4203 3328 4276 qui-Jradidit
3353 4200 3581 4254 inimicos
3605 4206 3735 4250 tuos

2137 4312 2190 4366 in
2213 4325 2394 4364 manus
2425 4305 2558 4374 tuas)
2583 4346 2596 4370 ,
2641 4303 2875 4359 decimas
2899 4300 2947 4355 ei
2977 4296 3124 4354 dedit
3149 4294 3218 4350 de
3256 4287 3734 4358 omnibusspoliis

2138 4417 2257 4473 qua:
2279 4399 2546 4454 attulerat.
2571 4394 2758 4451 Vidisti
2782 4397 3032 4464 quantam
3055 4388 3303 4458 pietatem
3330 4393 3384 4440 et
3410 4380 3736 4450 religionem

2141 4495 2193 4549 in
2225 4492 2471 4548 omnibus
2515 4503 2627 4558 pra:
2656 4500 2714 4541 se
2744 4484 2877 4540 ferat
2906 4483 3113 4554 justus,
3162 4487 3219 4535 et
3244 4473 3512 4549 quomodo
3539 4487 3568 4526 a
3597 4485 3737 4540 rege

2139 4585 2492 4642 Sodomorum
2520 4594 2551 4634 a
2595 4577 2829 4634 funiculo
2859 4588 3028 4645 usque
3067 4571 3134 4626 ad
3173 4569 3550 4640 sphaaroterem
3577 4561 3738 4616 acci-

2143 4691 2270 4747 pere
2299 4673 2427 4728 nihil
2449 4671 2632 4736 voluit,
2654 4667 2859 4738 accepit
2886 4674 3061 4720 autem
3090 4677 3153 4719 ea
3173 4677 3291 4731 quae
3319 4675 3348 4713 a
3372 4652 3740 4711 Melcltisedee

2141 4777 2264 4823 sunt
2301 4765 2476 4820 oblata
2496 4805 2512 4830 ,
2541 4761 2841 4817 retribuens
2866 4767 2920 4813 et
2946 4771 3040 4812 sua
3062 4756 3088 4810 ?
3133 4754 3326 4825 quibus
3349 4749 3597 4806 nimirum
3625 4760 3743 4822 nos

2142 4859 2320 4916 docuit
2345 4898 2360 4924 ,
2391 4853 2688 4910 habendunt
2714 4853 2942 4921 aliquem
2974 4849 3238 4904 delectum
3265 4887 3280 4910 ,
3312 4854 3366 4898 et
3395 4857 3499 4896 non
3525 4839 3737 4909 passim

2143 4945 2211 5001 ab
2235 4943 2483 4999 omnibus
2503 4941 2641 4995 dona
2667 4937 2996 5008 accipienda.
3028 4935 3160 4992 Nam
3188 4930 3429 5003 quamvis
3451 4925 3738 4984 Sodomita

2145 5037 2236 5091 ille
2265 5035 2442 5090 oblato
2475 5034 2617 5088 dono
2655 5030 2788 5100 grati
2814 5028 2975 5084 animi
3017 5027 3164 5095 signa
3191 5024 3376 5087 daret,
3406 5030 3520 5075 erat
3548 5029 3743 5072 tamen

2143 5128 2376 5198 aliOquin
2413 5125 2715 5180 incredulus
2741 5164 2756 5187 ,
2787 5132 2842 5178 et
2871 5119 3201 5177 institutione
3223 5114 3384 5172 multa
3414 5109 3689 5181 indigebat
3723 5126 3740 5162 :

2147 5219 2367 5292 proinde
2415 5217 2715 5288 patriarcha
2757 5216 2896 5269 dona
2940 5209 3151 5281 quidem
3193 5204 3469 5276 despexit,
3511 5215 3744 5256 omnem

2145 5321 2320 5366 autem
2352 5325 2534 5366 curam
2562 5307 2834 5372 adhibuit,
2864 5314 2918 5360 et
2945 5317 3038 5372 per
3067 5316 3128 5354 ea
3155 5313 3273 5368 qua:
3302 5296 3545 5365 accipere
3571 5305 3748 5345 recu-

2145 5404 2300 5468 savit,
2342 5411 2396 5456 et
2445 5416 2539 5471 per
2581 5414 2640 5454 ea
2672 5412 2789 5468 qua:
2824 5393 2984 5458 dixit,
3018 5401 3076 5445 ut
3098 5391 3238 5444 illum
3269 5388 3334 5443 ad
3369 5389 3615 5456 pietatem
3647 5383 3748 5436 in-

2145 5495 2382 5549 duceret.
2433 5497 2474 5547 A
2528 5487 2880 5546 Melchisedec
2921 5494 3098 5539 autem
3135 5483 3254 5553 jure
3297 5495 3360 5535 ac
3408 5479 3598 5533 merito
3642 5487 3753 5527 ac-

2146 5587 2285 5655 cepit
2319 5605 2332 5640 :
2366 5585 2463 5637 viri
2503 5584 2644 5636 enim
2672 5581 2920 5634 virtutem
2953 5575 3128 5632 divina
3157 5574 3427 5642 Scriptura
3458 5566 3750 5630 indicavit,

2149 5681 2368 5745 dicens;
2415 5677 2542 5732 Erat
2603 5684 2766 5728 autem
2831 5669 3062 5727 sacerdos
3122 5669 3214 5721 ι)εά
3272 5663 3526 5720 altissimi.
3588 5657 3757 5713 Alias
