4084 6214
424 345 526 403 337

428 462 589 516 etiam
631 473 750 528 qua:
796 458 993 511 ﬁebant
1023 454 1220 509 tlhristi
1261 465 1415 524 typus
1457 463 1632 518 erant,
1663 461 1716 506 et
1761 453 1870 520 ipsa
1916 450 2010 504 ob-

427 556 528 606 lata
565 549 874 622 mysterium
911 547 1177 617 quoddam
1212 545 1595 615 prtesignahant
1620 563 1631 596 :
1655 543 1875 612 ideoque
1908 558 2016 598 ttul‘.

428 643 623 701 renuit.
652 651 808 710 atque
827 650 882 693 ut
902 639 1128 708 accepit,
1161 637 1393 692 vicissim
1423 636 1568 689 illum
1602 633 2012 699 remunerando,

427 734 653 787 docebat
697 731 905 784 virtutis
943 747 1054 784 sua:
1097 727 1531 798 magnitudinem.
1589 725 1830 779 Deeimas
1869 724 2011 777 enim

428 823 478 877 ei
508 821 694 886 dedit,
737 822 900 875 etiam
947 821 1046 874 bac
1085 821 1289 874 ratione
1320 817 1460 887 piam
1489 831 1639 870 suam
1677 825 1905 869 mentem
1936 815 2010 867 si.

429 914 710 983 gnifieans.
757 912 1007 966 Fortasse
1051 910 1256 980 longius
1295 908 1533 964 excurrit
1571 907 1743 961 oratio
1787 916 2008 969 nostra;

433 1003 577 1072 atqui
606 1017 711 1056 non
734 1003 849 1056 sine
875 1016 1035 1056 causa
1064 1015 1236 1070 neque
1267 999 1480 1053 frustra.
1537 997 1722 1052 Paucis
1752 999 1892 1052 enim
1926 997 2009 1050 di-

430 1094 656 1147 dicimus
682 1092 750 1146 ab
777 1091 924 1145 initio
941 1105 1108 1159 usque
1136 1089 1200 1143 ad
1227 1089 1536 1143 hodiernam
1561 1089 1865 1149 lectionem,
1899 1103 2014 1153 qua:

433 1180 589 1237 fuerit
615 1182 742 1251 justi
773 1181 926 1249 hujus
957 1178 1244 1244 fortitudo,
1278 1179 1712 1248 magnanimitas,
1748 1178 2016 1231 excellens

437 1274 588 1340 fides,
626 1289 776 1330 mens
803 1273 1018 1342 optimis
1049 1271 1284 1324 moribus
1315 1270 1554 1340 prtedita,
1589 1269 1808 1336 insignis
1829 1270 2016 1320 mode-

433 1365 554 1426 stia.
583 1363 907 1417 admirabilis
933 1363 1239 1416 divitiarum
1267 1369 1604 1428 contemptus
1630 1399 1643 1421 ,
1670 1357 1863 1411 divine
1893 1373 2014 1424 erga

434 1471 558 1509 eum
582 1453 964 1508 benevolentia:
991 1461 1245 1522 perpetua
1273 1451 1634 1518 providentia;
1663 1457 1843 1517 etquo
1867 1459 2018 1516 parto

433 1544 670 1598 divinqu
722 1543 820 1610 ipsi
869 1543 1092 1612 singulis
1145 1540 1472 1611 temporibus
1520 1541 1795 1608 praebitum
1835 1549 2018 1606 patro-

435 1635 664 1700 cinium,
710 1633 947 1703 quotidie
973 1633 1253 1688 clariorem
1287 1647 1408 1685 eum
1438 1641 1492 1686 ct
1532 1630 1871 1685 illustriorem
1902 1631 2020 1684 red-

434 1727 585 1781 didit.
635 1726 783 1780 Nunc
813 1735 986 1779 autem
1015 1725 1059 1779 si
1087 1725 1356 1778 volueritis
1378 1764 1391 1785 ,
1421 1732 1474 1777 et
1501 1739 1606 1776 non
1635 1722 2016 1791 defatigemini,

433 1818 502 1872 ad
527 1835 587 1872 ea
618 1834 736 1887 qua:
767 1833 952 1871 recens
990 1817 1122 1871 lecta
1162 1826 1286 1870 sunt
1326 1815 1642 1869 accedamus
1675 1855 1690 1878 ,
1742 1824 1796 1866 et
1839 1815 2020 1882 paucis

436 1909 749 1979 quibusdam
781 1908 1092 1977 propositis,
1121 1907 1462 1961 absolvamus
1491 1920 1827 1966 sermonem;
1858 1915 1914 1956 ut
1940 1903 2021 1956 di-

435 2000 594 2052 scatis
621 2007 816 2066 quanta
850 1997 1027 2051 denuo
1052 1997 1100 2051 ei
1129 1994 1452 2066 rependatur
1482 2010 1691 2049 merces
1716 2036 1728 2056 ,
1771 2009 1838 2047 eo
1883 1994 2020 2062 quod

437 2089 817 2156 contenqm-rit
858 2087 996 2141 dona
1047 2086 1148 2140 sibi
1192 2102 1222 2139 a
1259 2085 1613 2140 Sodomorum
1661 2099 1784 2154 rege
1825 2085 2021 2139 oblata.

439 2176 574 2244 Quid
621 2176 763 2230 enim
810 2176 1023 2246 inquit?
1079 2177 1128 2230 1.
1166 2173 1287 2230 Post
1327 2176 1433 2229 lucc
1461 2185 1631 2227 autem
1656 2175 1802 2227 verba
1832 2177 2025 2246 [artant

439 2279 511 2323 est
536 2269 736 2324 verbum
764 2269 968 2321 Domini
993 2268 1060 2320 ad
1093 2269 1279 2321 Abram
1314 2268 1456 2338 (cap.
1486 2263 1594 2338 15).
1647 2265 1820 2334 Quare
1841 2265 1919 2320 sic
1944 2268 2026 2319 itt-

439 2362 588 2431 cipit,
622 2359 743 2414 Post
774 2360 880 2413 haec
904 2369 1072 2413 autent
1100 2358 1244 2412 verba
1259 2358 1285 2410 ?
1305 2375 1422 2426 qua:
1446 2357 1626 2422 verba,
1645 2357 1871 2426 quaeso?
1901 2371 2025 2410 num

444 2453 641 2506 indicat
684 2453 844 2506 verba
887 2467 1007 2521 qua:
1054 2466 1177 2504 cum
1225 2449 1580 2504 Sodomorum
1623 2465 1747 2518 rege
1797 2447 2025 2502 habuit?

443 2545 570 2600 Post
613 2553 975 2612 contemptum
1020 2542 1201 2605 illum,
1245 2541 1442 2611 inquit,
1487 2551 1764 2610 postquam
1800 2554 1864 2593 ea
1909 2553 2026 2608 quae

442 2634 634 2688 abillo
674 2633 846 2685 oblata
890 2643 1012 2686 sunt
1061 2633 1290 2700 repulit,
1350 2640 1467 2700 pust
1509 2629 1809 2683 doctrinam
1857 2629 2024 2693 illam,

443 2738 604 2792 quam
641 2724 852 2790 rejectis
881 2723 1034 2776 donis
1059 2723 1455 2792 pronuntiavit,
1491 2731 1544 2774 ut
1576 2721 1755 2788 pietati
1783 2731 1837 2774 et
1873 2720 2024 2788 agni-

447 2815 577 2868 tioni
619 2815 922 2868 Conditoris
963 2816 1200 2868 omnium
1243 2814 1390 2867 illum
1425 2814 1699 2877 initiaret,
1754 2812 1874 2866 Post
1920 2814 2028 2866 luet:

443 2914 611 2957 autent
637 2904 782 2958 verba
805 2946 818 2968 ,
865 2914 1144 2974 postquam
1175 2904 1412 2958 decimas
1437 2903 1789 2958 Melchiscdce
1817 2903 2026 2970 obtulit,

445 2995 694 3064 quando,
742 2996 948 3064 inquit,
989 2995 1166 3048 onntia
1213 3011 1330 3063 qua:
1373 3010 1437 3049 ex
1470 3009 1528 3048 se
1570 3004 1726 3048 erant
1769 2994 2025 3064 implevit,

449 3096 573 3140 tunc
621 3084 745 3138 Post
791 3085 896 3138 lucc
944 3087 1089 3138 verba
1119 3085 1308 3152 factum
1353 3095 1425 3138 est
1471 3083 1668 3138 verbum
1716 3082 1920 3136 Dontini
1962 3085 2030 3136 ad

446 3176 634 3229 Abram
659 3175 708 3227 in
736 3176 922 3228 visione
949 3176 1104 3228 noctis
1133 3175 1228 3247 (a),
1257 3175 1426 3228 dicens
1455 3190 1473 3228 :
1505 3173 1584 3227 Ne
1605 3174 1798 3241 timeas,
1819 3173 2024 3241 Abram,

446 3286 537 3339 ego
565 3279 768 3337 protcgo
797 3277 842 3321 te
865 3284 884 3332 ;
918 3284 1101 3321 merces
1122 3278 1210 3320 tua
1240 3268 1397 3320 multa
1418 3267 1562 3320 valde
1590 3269 1704 3319 erit.

521 3360 570 3413 ι.
608 3358 737 3412 Vide
780 3359 1157 3427 benignitatem
1190 3358 1435 3424 Domini,
1465 3358 1734 3426 quomodo
1761 3356 1942 3412 statim
1979 3366 2034 3410 et

448 3465 479 3502 e
507 3449 725 3515 vestigio
767 3463 998 3514 sequens
1019 3487 1033 3506 ,
1083 3448 1355 3500 beneficiis
1383 3462 1539 3500 suum
1570 3445 1824 3500 athletam
1853 3461 2032 3501 remu-

453 3547 667 3589 neratur
692 3577 704 3597 ,
733 3545 788 3588 et
813 3536 878 3588 ad
912 3536 1160 3588 ulteriora
1196 3536 1488 3588 certamina
1519 3535 1712 3589 iterum
1737 3537 2028 3600 instruens,

456 3626 640 3695 vigore
681 3642 820 3680 novo
861 3626 1095 3680 roborat.
1149 3625 1364 3679 Factum
1397 3637 1466 3681 est
1506 3626 1707 3680 verbum
1735 3625 1941 3680 Domini
1981 3628 2033 3681 in

454 3717 640 3770 visione
670 3718 844 3770 noctis.
873 3715 1048 3784 Quare
1079 3716 1130 3769 in
1159 3718 1356 3770 nocte?
1386 3716 1454 3772 Ut
1475 3717 1526 3770 in
1556 3716 1768 3770 silentio
1786 3725 1841 3771 et
1859 3716 2036 3785 quiete

456 3809 644 3862 melius
669 3824 788 3878 qua:
816 3807 1062 3861 dicuntur
1085 3807 1329 3877 accipiat.
1365 3808 1429 3861 Et
1456 3805 1582 3861 dicit
1603 3807 1652 3860 ei
1687 3825 1698 3859 :
1726 3805 1808 3860 Ne
1835 3809 2033 3875 timeas,

458 3899 664 3951 Abram.
709 3897 936 3951 Attende
981 3897 1293 3951 immensam
1327 3896 1416 3951 Dei
1447 3912 1648 3951 curam.
1678 3897 1852 3965 Quare
1879 3897 2034 3964 dixit,

462 3985 543 4040 Ne
570 3987 780 4040 timeas?
801 3986 933 4053 Quia
965 3996 1138 4039 tantas
1158 4000 1287 4055 opes
1307 3995 1720 4056 contempserat,
1756 4001 1859 4041 non
1884 4002 2040 4042 cura-

461 4080 526 4133 tis
549 4079 707 4147 rc-giis
732 4077 886 4131 donis
913 4093 929 4132 :
956 4077 1054 4131 hoc
1081 4086 1182 4142 est,
1216 4076 1290 4131 Ne
1321 4078 1528 4139 timeas,
1561 4076 1700 4146 quod
1731 4077 2039 4146 despexeris

462 4183 603 4226 tanta
630 4172 765 4225 dona
792 4211 807 4234 ,
853 4186 1023 4240 neque
1048 4170 1237 4224 anxius
1255 4170 1330 4224 sis
1356 4170 1504 4238 quasi
1537 4170 1771 4224 minores
1797 4169 1918 4223 inde
1948 4169 2038 4224 tibi

459 4263 566 4317 sint
604 4262 900 4316 facultates.
935 4259 1014 4314 Ne
1041 4263 1237 4313 timeas.
1287 4260 1490 4316 Deinde
1518 4269 1574 4314 ut
1607 4260 1843 4313 animum
1873 4260 2041 4328 magis

461 4353 676 4418 excitet,
705 4351 897 4419 adjecit
919 4350 1084 4406 verbo
1109 4358 1163 4404 et
1189 4351 1617 4421 appellationem,
1644 4360 1698 4403 et
1721 4349 1884 4418 inquit
1919 4366 1930 4402 :
1961 4348 2044 4402 Ne

462 4447 660 4510 timeas,
687 4441 893 4496 Abram.
925 4440 1037 4494 Non
1062 4440 1204 4493 enim
1227 4455 1409 4507 parum
1429 4439 1494 4493 ad
1514 4439 2068 4510 cxpergefaciendum.

463 4532 586 4586 facit
611 4574 624 4597 ,
655 4548 776 4586 cum
801 4531 1104 4601 quempiam
1141 4532 1358 4599 preprio
1385 4532 1598 4583 nomine
1622 4529 2001 4596 compellamus
2025 4546 2039 4584 :

461 4624 654 4678 deinde
684 4625 755 4676 ait
782 4665 797 4688 ,
851 4621 959 4692 Ego
985 4630 1242 4692 protegam
1275 4630 1339 4673 te.
1395 4619 1608 4673 Multam
1656 4619 1822 4675 habet
1861 4630 1913 4674 et
1944 4621 2044 4674 hoc

464 4715 685 4768 verbum
723 4712 1040 4782 emphasim.
1097 4711 1208 4782 Ego
1247 4711 1392 4780 quia
1421 4709 1687 4765 Chaldaeis
1723 4721 1774 4765 te
1804 4712 2040 4776 evocavi,

471 4820 570 4872 ego
595 4806 683 4874 qui
727 4815 776 4858 te
804 4805 905 4857 huc
933 4802 1060 4856 duxi
1081 4843 1097 4865 ,
1143 4818 1243 4871 ego
1273 4801 1362 4873 qui
1401 4811 1451 4856 te
1480 4817 1509 4855 a
1554 4801 1798 4870 periculis
1828 4800 2045 4871 Egypti

468 4895 684 4949 liberavi
711 4935 726 4958 ,
753 4910 852 4962 ego
876 4894 966 4964 qni
994 4893 1161 4947 semel
1189 4904 1348 4962 atque
1379 4892 1572 4946 iterum
1602 4891 1817 4960 promisi
1853 4892 1941 4945 tibi
1969 4901 2045 4945 at-

465 5001 568 5054 que
589 4984 777 5040 semini
808 4993 898 5038 tuo
922 4983 1171 5038 daturum
1202 4999 1286 5038 me
1313 4993 1508 5038 terram
1539 4983 1694 5046 hanc,
1717 4996 1819 5050 ego
1845 4991 1895 5035 te
1922 4998 2044 5050 pro-

469 5089 588 5147 tego
629 5092 769 5147 :ego
808 5076 898 5146 qui
938 5077 990 5131 in
1032 5077 1146 5130 dies
1193 5075 1360 5144 magis
1405 5083 1458 5129 et
1499 5075 1666 5143 magis
1708 5073 1956 5128 omnibus
1998 5084 2049 5129 te

467 5170 668 5221 clatum
687 5166 936 5230 ostendo,
980 5182 1080 5236 ego
1110 5177 1331 5237 protego
1362 5174 1411 5218 te
1444 5181 1456 5217 :
1488 5163 1588 5217 hoc
1625 5173 1708 5218 est
1730 5204 1745 5229 ,
1787 5179 1887 5232 ego
1913 5167 2047 5218 scuti

470 5263 582 5317 vice
607 5261 697 5314 tibi
729 5275 867 5327 smn,
897 5275 996 5330 ego
1021 5275 1117 5330 pro
1139 5269 1188 5312 te
1213 5266 1382 5321 certo,
1405 5270 1505 5325 ego
1531 5265 1888 5325 propugnator
1907 5272 2047 5321 sum,

469 5371 568 5425 ego
592 5370 774 5410 curam
795 5369 943 5424 gero,
973 5369 1074 5424 ego
1097 5351 1272 5407 omnia
1293 5349 1531 5406 difficilia
1551 5347 1717 5402 facilia
1742 5350 1831 5403 tibi
1860 5348 2048 5415 reddo,

541 5579 615 5648 (ui
645 5579 694 5627 In
724 5579 850 5627 lidit.
875 5580 1192 5645 septuaginta
1215 5570 1753 5648 lnterpretum‘legitur
1783 5574 2050 5648 tanturn-iv

477 5635 706 5703 (ir/impart.
755 5654 801 5688 m
841 5635 1181 5703 risit—mefre}
1206 5635 1404 5703 ⁸νυκτός,
1448 5635 1820 5703 ηοςιξδζάρεδζτ
1863 5635 1912 5682 In
1950 5635 2050 5682 lle-

478 5696 643 5751 huic“
668 5705 854 5761 pariter
880 5709 1028 5761 atque
1055 5703 1102 5747 in
1127 5699 1336 5759 Vulgata
1378 5696 1474 5761 non
1507 5696 1729 5761 habetur.
1771 5697 1852 5746 Sic
1884 5704 2048 5744 tamen

478 5764 602 5828 legit
623 5757 743 5824 tthrg
757 5757 1020 5822 sostomus,
1046 5768 1100 5810 ut
1124 5775 1188 5808 ex
1210 5757 1264 5810 se
1281 5757 1538 5823 tuentibus
1560 5757 1734 5820 liquet.

1458 336 1519 392 IN
1562 336 1712 390 (ZAI’.
1748 335 1862 390 XV.
1905 333 2143 390 GENliS.
2181 334 2405 389 IIOMIL.
2445 336 2680 391 χλχνι.

3591 349 3694 404 538

2129 465 2229 518 ego
2261 463 2476 522 protegit
2499 463 2568 508 te.
2625 454 2818 509 Διί-νεεδ
2846 466 2930 509 tua
2960 459 3115 512 multa
3145 461 3236 512 erit
3265 462 3423 514 valde.
3481 463 3699 518 Noluisti

2129 545 2429 598 mercedem
2468 548 2712 615 accipere
2760 565 2855 616 pro
2901 549 3168 604 laboribus
3209 569 3341 621 quos
3383 557 3698 611 sustinuisti.

2128 633 2288 686 tantis
2321 635 2566 703 periculis
2595 637 2818 706 teipsum
2848 639 3148 707 objiciendo
3172 684 3185 705 ,
3215 643 3305 695 sed
3336 646 3698 713 contempsisti

2124 733 2177 777 et
2206 740 2384 793 regem
2415 735 2466 779 et
2497 743 2714 780 munera
2756 727 2892 796 ejus.
2944 729 3054 799 Ego
3091 731 3181 784 tibi
3213 732 3510 787 mercedem
3539 734 3698 798 dabo,

2125 831 2227 867 non
2255 823 2454 868 tantam
2485 828 2736 884 quantam
2763 829 3078 888 accepturus
3098 837 3214 875 eras
3236 863 3250 886 ,
3282 823 3376 876 sed
3400 824 3620 878 tnultatn
3648 837 3700 879 et

2124 905 2274 958 valde
2300 905 2517 959 multam
2547 923 2562 960 :
2597 907 2788 962 Merces
2813 911 2954 962 enim
2987 921 3108 972 tua.
3161 912 3328 980 inquit
3350 952 3364 976 ,
3415 915 3573 967 multa
3607 917 3698 968 erit

2123 995 2287 1048 valde.
2320 995 2504 1050 Vidisti
2536 998 2902 1052 liberalitatem
2936 999 3186 1055 Domini?
3211 1001 3387 1056 vidisti
3417 1005 3699 1059 verborum
3744 1007 3748 1016 '

2125 1085 2370 1153 pondus?
2417 1086 2591 1141 vidisti
2633 1088 2900 1157 quomodo
2929 1089 3241 1144 excitaverit
3282 1090 3490 1160 pietatis
3531 1092 3697 1144 athle-

2125 1179 2270 1230 tam?
2321 1179 2496 1232 vidisti
2542 1180 2810 1250 quomodo
2839 1181 3070 1236 animam
3113 1183 3228 1252 ejus
3272 1183 3700 1237 continuaverit?

2127 1269 2239 1338 Ipse
2264 1274 2403 1325 enim
2430 1273 2516 1340 qui
2548 1288 2736 1326 arcana
2761 1274 2999 1328 cordiutu
3033 1276 3197 1340 novit,
3227 1276 3426 1329 sciebat
3451 1275 3596 1344 justo
3624 1275 3698 1327 illi

2125 1377 2257 1428 opus
2299 1378 2416 1416 esse
2462 1361 2758 1430 hujnsmodi
2810 1365 3090 1419 verborum
3141 1367 3540 1420 consolatione:
3579 1382 3699 1418 nam

2125 1451 2244 1504 vide
2272 1453 2394 1520 quid
2425 1469 2486 1506 ex
2534 1453 2614 1506 his
2643 1456 2818 1508 verbis
2862 1466 3117 1525 concepta
3167 1457 3352 1511 fiducia
3405 1456 3697 1525 patriarcha

2124 1541 2268 1595 dicit.
2317 1542 2372 1596 2.
2403 1542 2544 1598 Dixit
2571 1554 2732 1597 autem
2761 1546 2944 1599 Abram
2975 1562 2992 1600 :
3026 1546 3238 1600 Domine
3257 1590 3270 1608 ,
3310 1547 3433 1617 quid
3460 1548 3582 1598 nti/ti
3603 1547 3702 1598 da-

2127 1632 2236 1684 bis?
2261 1649 2350 1702 ego
2370 1645 2533 1686 autem
2572 1636 2678 1687 sine
2705 1636 2870 1689 liberis
2900 1637 3143 1688 dimittor.
3179 1637 3458 1705 Postquam
3494 1653 3698 1689 merces

2129 1723 2224 1789 ipsi
2252 1723 2401 1778 valde
2430 1725 2640 1793 copiosa
2671 1727 2927 1793 promissa
2958 1735 3072 1792 est,
3112 1728 3329 1797 exponit
3367 1729 3558 1780 anima:
3595 1741 3654 1778 su
3676 1747 3702 1774 l'.

2127 1814 2364 1867 dolorem
2403 1825 2456 1869 et
2501 1817 2766 1870 tristitiam
2813 1826 3028 1887 propter
3068 1817 3232 1888 prolis
3281 1818 3547 1888 inopiam,
3599 1833 3699 1886 qua

2127 1905 2374 1958 diuturno
2429 1915 2665 1974 tempore
2717 1908 3043 1976 angebatur,
3103 1906 3334 1978 dicitque
3383 1926 3396 1960 :
3447 1906 3699 1966 Domine.

2127 1995 2250 2064 quid
2280 1997 2382 2050 tale
2406 1995 2529 2048 mihi
2558 1996 2749 2050 dabis?
2781 1997 2916 2052 Ecce
2944 1998 3084 2051 enim
3115 2013 3214 2066 ego
3239 2012 3405 2064 usque
3427 1996 3491 2049 ad
3522 2007 3699 2052 extre-

2129 2100 2268 2137 mam
2297 2094 2564 2138 senectam
2587 2086 2821 2154 perveni,
2851 2095 2903 2140 et
2926 2086 3072 2155 prole
3097 2101 3286 2138 carens
3312 2086 3570 2138 dimittor.

2206 2174 2336 2230 Vide
2359 2177 2625 2245 quomodo
2651 2176 2836 2245 priscis
2865 2177 2967 2230 illis
2987 2176 3196 2230 sarculis
3215 2175 3388 2244 justus
3417 2175 3502 2227 ille
3533 2172 3702 2242 philo-

2129 2267 2452 2336 sophabatur
2472 2309 2486 2332 ,
2515 2267 2878 2323 dimissionem
2905 2281 3101 2322 vocans
3128 2282 3194 2322 ex
3233 2267 3334 2320 hoe
3373 2265 3570 2319 mundo
3591 2263 3702 2318 dis-

2131 2375 2364 2416 cessum.
2392 2361 2524 2415 Nam
2553 2361 2643 2430 qui
2676 2361 2839 2415 vitam
2871 2360 3093 2416 honeste
3121 2369 3174 2414 et
3205 2360 3257 2414 in
3284 2359 3563 2412 virtutibus
3584 2372 3707 2425 ege-

2133 2461 2277 2516 runt,
2306 2452 2516 2521 quando
2543 2468 2608 2506 ex
2638 2451 2736 2507 hac
2775 2453 2882 2506 vita
2912 2451 3194 2522 emigrant,
3226 2465 3349 2504 vere
3381 2450 3704 2510 liberantur,

2131 2553 2186 2597 et
2213 2543 2361 2612 quasi
2407 2543 2691 2598 solvuntur
2725 2559 2754 2597 a
2797 2543 3174 2598 certaminibus
3197 2550 3251 2595 et
3279 2556 3305 2593 a
3340 2539 3579 2593 vinculis.
3614 2536 3710 2594 Est

2132 2635 2273 2689 enim
2308 2649 2454 2689 mors
2480 2635 2544 2688 iis
2570 2634 2658 2704 qui
2689 2634 2823 2688 bene
2848 2634 3067 2698 vivunt,
3111 2632 3383 2686 translatio
3406 2630 3646 2699 quaedam
3675 2643 3706 2683 a

2135 2724 2403 2794 peioribus
2422 2723 2487 2778 ad
2512 2723 2752 2789 meliora,
2771 2737 2803 2778 a
2825 2733 3161 2793 temporanea
3187 2721 3292 2773 vita
3314 2720 3377 2772 ad
3403 2727 3706 2788 perpetuam

2133 2825 2186 2870 et
2215 2815 2563 2870 immortalem
2610 2815 2872 2883 finemque
2919 2829 3023 2867 tton
3067 2813 3367 2867 habentem.
3405 2810 3514 2881 Ego
3541 2819 3710 2862 autem

2134 2907 2379 2972 dimittor,
2411 2907 2609 2976 inquit,
2641 2905 2748 2959 sine
2777 2905 2965 2958 liberis.
2996 2903 3064 2958 Et
3089 2913 3146 2957 ut
3173 2901 3570 2957 misericordem
3603 2901 3707 2953 Do-

2135 3001 2336 3053 minum
2363 2998 2461 3053 sibi
2487 2997 2816 3062 conciliaret,
2846 3011 2950 3050 non
2985 2996 3048 3050 iis
3073 3004 3353 3050 contentus
3381 2993 3472 3048 fuit
3503 2993 3709 3055 verbis;

2137 3092 2228 3146 sed
2272 3090 2394 3161 quid
2427 3090 2590 3145 dicit?
2628 3087 2675 3144 Ρ
2678 3089 2796 3142 ilius
2825 3099 2990 3142 autent
3037 3086 3209 3141 Moser:
3252 3102 3416 3140 verna:
3456 3099 3606 3150 mete,
3656 3081 3710 3137 3.

2136 3186 2369 3255 quoniam
2407 3201 2505 3237 non
2533 3182 2714 3238 dedisti
2734 3181 2855 3234 mihi
2883 3197 3048 3234 semen
3075 3222 3090 3246 ,
3136 3180 3221 3233 ille
3251 3179 3392 3232 heres
3429 3193 3567 3230 meus
3601 3177 3711 3228 crit.

2141 3276 2408 3344 Ingentem
2436 3275 2676 3328 dolorem
2705 3273 2897 3326 animte
2920 3272 3035 3342 ejus
3071 3271 3346 3325 declarant
3375 3269 3488 3322 ha-c
3521 3266 3676 3319 verba
3700 3307 3712 3326 .

2139 3364 2286 3433 quasi
2337 3364 2538 3418 diceret
2584 3365 2734 3416 Deo:
2765 3361 2944 3428 Neque
2984 3375 3046 3413 ea
3087 3373 3202 3411 sum
3247 3366 3560 3424 assequutus
3599 3371 3716 3422 qua:

2139 3470 2324 3506 servus
2355 3469 2504 3505 meus
2531 3451 2846 3504 vernaculus
2869 3491 2882 3512 ,
2915 3449 3008 3503 sed
3047 3464 3146 3518 ego
3175 3448 3386 3516 quidem
3421 3447 3577 3499 abibo
3604 3447 3718 3498 sine

2143 3541 2393 3596 filiozhic
2435 3551 2610 3594 autem
2656 3539 2974 3592 vernaculus
3015 3554 3163 3591 meus
3203 3536 3546 3591 hereditatem
3576 3536 3716 3588 acci-

2143 3635 2285 3704 piet,
2321 3649 2438 3702 qua:
2476 3647 2505 3685 a
2550 3641 2601 3686 te
2650 3630 2779 3684 mihi
2814 3629 2956 3694 data,
3001 3629 3157 3699 idque
3199 3642 3318 3681 cum
3355 3628 3520 3681 semel
3563 3635 3719 3694 atque

2145 3724 2338 3779 iterum
2372 3722 2778 3793 promissionem
2804 3736 2833 3774 a
2861 3730 2911 3774 te
2935 3720 3230 3789 acceperim
3258 3717 3466 3771 dicente
3491 3735 3502 3770 :
3528 3714 3721 3771 Scmini

2145 3825 2230 3868 tuo
2253 3815 2382 3867 dabo
2407 3824 2592 3866 terram
2618 3813 2768 3865 hanc.
2791 3810 3101 3873 Considera,
3128 3809 3369 3870 obsecro,
3397 3818 3450 3861 et
3480 3806 3579 3861 hoc
3605 3806 3722 3860 loco

2139 3906 2268 3976 justi
2298 3905 2578 3969 virtutem,
2624 3901 2891 3974 quomodo
2919 3902 3262 3972 cogitationes
3311 3900 3406 3954 has
3447 3901 3496 3953 iu
3545 3899 3722 3952 animo

2145 4012 2385 4061 versans,
2428 4011 2714 4065 numquam
2764 3995 3086 4064 indignatus,
3135 4009 3307 4062 neque
3346 3991 3486 4045 aliud
3529 3989 3720 4044 durum

2147 4094 2398 4161 loquutus
2439 4088 2659 4144 sitzsed
2701 4098 2753 4143 et
2795 4102 2932 4141 nunc
2979 4087 3252 4154 instigatus
3284 4083 3456 4136 verbis
3492 4098 3608 4149 qua:
3648 4081 3722 4133 lo-

2147 4192 2343 4253 quutus
2387 4190 2470 4234 est.
2516 4179 2564 4234 ei
2620 4177 2910 4239 Dominus,
2961 4189 3147 4243 magna
3203 4172 3388 4226 fiducia
3445 4170 3722 4224 Dominum

2147 4272 2450 4344 alloquitur,
2470 4270 2907 4339 manifestamque
2929 4267 3051 4321 facit
3071 4269 3328 4320 iuternam
3350 4263 3724 4334 cogitationum

2152 4365 2601 4438 perturbationem
2622 4403 2637 4428 ,
2683 4360 2970 4416 ostendens
3003 4359 3194 4412 anima:
3235 4372 3343 4411 sua:
3375 4356 3557 4420 ulcus;
3588 4353 3727 4408 unde

2148 4469 2204 4515 et
2247 4459 2599 4514 acceleratum
2643 4454 2848 4522 accepit
2887 4452 3348 4506 medicamentum.
3375 4449 3426 4502 ὀ.
3465 4446 3526 4500 Et
3562 4448 3730 4500 statim

2151 4569 2246 4606 νοτ
2275 4550 2366 4604 Dei
2404 4554 2543 4621 facta
2576 4557 2647 4601 est
2677 4546 2744 4599 ad
2782 4561 2914 4597 eum.
2946 4543 3076 4596 Vide
3110 4542 3398 4610 Scriptnrze
3438 4537 3728 4591 accuratio-

2153 4661 2294 4700 nem.
2327 4642 2533 4705 Statim,
2565 4638 2748 4707 inquit.
2768 4635 2880 4690 Non
2908 4634 3144 4703 permisit
3168 4633 3366 4701 justum
3401 4630 3481 4683 vel
3513 4628 3728 4680 tninimu

2153 4746 2392 4803 tempore
2418 4734 2556 4800 angi,
2588 4728 2682 4783 sed
2711 4728 3009 4781 festinatam
3039 4724 3085 4776 ei
3111 4721 3527 4776 consolationem
3553 4717 3730 4781 affert,

2153 4837 2206 4880 et
2243 4824 2556 4893 gravitatem
2597 4817 2842 4872 mmroris
2881 4812 3124 4868 emendat
3156 4811 3330 4864 verbis
3367 4825 3485 4877 qua:
3531 4816 3654 4860 tunc
3683 4806 3734 4859 ei

2155 4918 2404 4984 loquutus
2431 4920 2531 4965 est.
2576 4907 2640 4962 Et
2668 4905 2866 4966 statim,
2908 4901 3108 4969 inquit,
3139 4915 3236 4953 nos:
3277 4896 3370 4950 Dei
3400 4901 3535 4967 facta
3567 4904 3636 4950 est
3665 4900 3734 4946 ad

2155 5025 2290 5072 eum,
2319 5007 2488 5057 dicens
2511 5016 2528 5054 :
2555 4999 2670 5053 Non
2691 4998 2782 5051 erit
2807 4997 2886 5048 hic
2912 4994 3051 5046 lieres
3077 5003 3210 5055 tuus,
3240 4991 3327 5042 sed
3349 4990 3434 5059 qui
3454 4987 3734 5060 egredietur

2155 5113 2218 5152 ex
2244 5106 2308 5155 te.
2359 5094 2439 5147 hic
2478 5092 2616 5144 heres
2644 5098 2758 5141 tuus
2788 5087 2897 5138 crit.
2945 5082 3212 5146 llocciue,
3255 5080 3439 5149 inquit,
3483 5077 3734 5132 timuisti?

2159 5187 2380 5241 hoccine
2423 5191 2655 5236 mentem
2699 5188 2839 5230 tuam
2890 5172 3152 5228 turbavit?
3199 5171 3419 5225 hoccine
3469 5169 3732 5222 tristitiam

2160 5288 2302 5332 tuam
2326 5273 2512 5343 auget?
2533 5270 2680 5325 Scias
2699 5270 2857 5336 igitur
2874 5265 3016 5320 hunc
3037 5278 3141 5318 non
3165 5263 3275 5315 fore
3298 5261 3541 5314 heredem
3564 5270 3732 5322 tuum,

2162 5371 2266 5426 Sed
2293 5369 2375 5438 qui
2411 5365 2688 5437 egredietur
2712 5377 2774 5415 ea:
2797 5371 2876 5425 te,
2919 5359 3000 5412 hic
3031 5357 3169 5411 heres
3204 5366 3316 5408 titus
3341 5355 3450 5408 erit.
3479 5351 3554 5406 Ne
3581 5352 3736 5420 igitur

2159 5463 2226 5518 ad
2262 5461 2546 5516 humanam
2589 5465 2795 5526 spectes
2836 5461 3107 5516 naturam,
3151 5464 3218 5503 ne
3257 5458 3398 5500 tuam
3435 5456 3735 5508 senectam,

2162 5556 2375 5609 Sarazve
2413 5550 2744 5606 sterilitatem
2783 5545 2961 5598 animo
2999 5541 3180 5595 volvas
3204 5556 3216 5591 :
3240 5537 3332 5593 sed
3371 5537 3485 5605 ejus
3523 5535 3613 5605 qui
3645 5534 3738 5589 tibi

2165 5644 2405 5718 promisit
2446 5639 2692 5712 potentia:
2737 5638 2872 5690 bene
2910 5632 3046 5698 fide,
3095 5640 3148 5686 et
3194 5629 3462 5683 tristitiam
3495 5641 3738 5697 ponens,

2169 5714 2520 5795 sufficientem
2544 5727 2960 5788 coriSolationetn
2987 5723 3190 5794 accipe,
3213 5732 3622 5789 persuasumque
3649 5714 3738 5768 ha-
