4084 6214
399 245 498 300 539

392 361 520 417 beas
539 371 587 418 te
605 361 854 418 heredem
883 365 1204 435 habiturum,
1222 367 1310 438 qui
1332 383 1396 424 ex
1419 376 1470 424 te
1490 381 1758 426 nascatur.
1779 371 1980 429 Deinde

393 453 512 522 quia
542 467 698 522 supra
731 463 976 509 naturam
1005 466 1122 512 erat
1151 459 1432 528 promissio
1452 502 1468 528 ,
1510 469 1564 516 et
1605 461 1848 517 vincebat
1880 463 1980 518 hu-

395 559 608 599 manam
647 546 908 602 rationem
956 547 1222 622 (magnam
1253 551 1395 606 enim
1428 552 1479 607 in
1521 568 1588 608 eo
1626 553 1979 610 turbationem

395 634 696 690 excitabant
723 645 800 691 tot
827 647 1032 694 naturae
1062 639 1458 711 impedimenta,
1491 657 1737 699 senectus
1766 645 1902 714 ejus,
1929 654 1984 702 et

359 723 536 797 'quod
583 724 714 780 Sara
751 729 949 784 sterilis
991 745 1054 784 ac
1099 741 1250 786 utero
1290 743 1536 788 emortuo
1581 734 1784 804 esset),
1829 742 1986 806 auget

401 814 658 870 Dominus
691 820 1074 887 promissorum
1121 825 1568 892 magnitudinem,
1616 835 1671 879 ut
1714 825 1889 894 justus
1916 827 1983 882 ad

402 908 760 974 promittentis
802 910 1167 968 liberalitatem
1217 915 1539 984 respiciens,
1591 915 1727 971 bene
1769 926 1982 985 speret,

396 996 736 1069 conﬁdatque
797 1001 876 1056 sic
938 1015 1272 1058 eventurum.
1328 1005 1382 1060 5.
1424 1004 1618 1060 Eduxit
1662 1015 1827 1060 autem
1873 1023 1985 1060 eum

397 1089 557 1156 foras,
589 1097 635 1142 et
664 1089 791 1142 dixit
816 1091 864 1144 ei
888 1107 906 1145 :
929 1091 1146 1162 Suspice
1171 1094 1222 1146 in
1252 1095 1453 1157 curtum,
1484 1105 1530 1149 et
1561 1111 1767 1149 numera
1791 1095 1983 1160 stellas,

397 1177 444 1230 si
463 1179 649 1246 poteris
670 1196 933 1235 numerare
954 1199 1060 1236 eas.
1087 1180 1152 1236 Et
1169 1183 1297 1238 dixit
1316 1184 1360 1237 ei
1380 1200 1398 1238 :
1417 1184 1506 1238 Sic
1525 1187 1619 1238 erit
1636 1201 1803 1240 semen
1824 1197 1983 1241 tuum.

397 1266 452 1321 6.
486 1267 557 1321 Et
598 1271 809 1324 credidit
851 1271 1040 1327 Abram
1086 1273 1193 1329 Deo
1213 1316 1230 1342 ,
1291 1285 1341 1328 et
1387 1285 1675 1343 reputatum
1707 1286 1780 1331 est
1816 1278 1894 1331 illi
1932 1281 1986 1333 in

395 1356 662 1425 justitiam.
689 1360 868 1426 Quare
906 1362 1196 1429 indicavit,
1238 1363 1379 1434 quod
1419 1363 1632 1421 duxerit
1659 1381 1778 1420 eum
1809 1366 1987 1422 foras?

398 1446 531 1514 Quia
553 1448 694 1503 enim
723 1452 966 1521 superius
989 1453 1144 1520 dixit,
1168 1469 1290 1508 eum
1314 1455 1367 1510 in
1391 1454 1596 1512 visione
1621 1457 1794 1512 noctis
1819 1472 1986 1529 appa-

403 1540 574 1596 ruisse
604 1542 710 1606 illi,
741 1558 805 1598 ac
831 1545 990 1600 verba
1017 1546 1102 1600 illa
1125 1547 1171 1600 ei
1200 1547 1473 1618 loquutum
1505 1548 1666 1604 fuisse
1688 1570 1701 1605 :
1725 1565 1864 1604 nunc
1886 1565 1986 1604 au-

400 1637 506 1685 tem
533 1630 644 1685 vult
684 1633 732 1686 ei
779 1635 1085 1702 ostendere,
1122 1652 1280 1706 quam
1332 1638 1745 1695 innumerabiles
1787 1639 1896 1694 sint
1932 1640 1984 1694 in

396 1722 530 1777 caelo
555 1723 743 1789 stellrr,
768 1725 941 1793 inquit
963 1742 977 1781 :
999 1725 1191 1782 Eduxit
1209 1746 1322 1784 eum
1343 1732 1503 1802 foras,
1521 1741 1570 1784 et
1591 1732 1720 1786 dixit
1739 1749 1757 1786 :
1774 1732 1990 1803 Suspice

400 1812 454 1864 in
481 1813 676 1878 mlum,
709 1823 755 1868 et
781 1832 987 1869 numera
1013 1818 1210 1887 stellas,
1240 1819 1285 1874 si
1315 1821 1504 1890 poteris
1530 1838 1614 1876 eas
1641 1823 1984 1880 dinumerare.

403 1901 469 1954 Et
496 1903 622 1956 dixit
643 1905 686 1957 ei
707 1920 725 1958 :
746 1905 835 1960 Sic
857 1908 953 1961 erit
979 1924 1146 1963 semen
1177 1920 1338 1964 tuum.
1370 1912 1615 1982 Magnum
1640 1917 1984 1984 promissum,

406 1992 593 2062 ingens
616 1996 983 2063 promissionis
1003 2001 1309 2069 magnitudo
1334 2019 1346 2056 :
1371 2003 1465 2057 sed
1497 2004 1540 2057 si
1570 2003 1737 2072 ipsam
1766 2007 1988 2075 promit-

401 2085 562 2139 tentis
607 2085 858 2142 virtutem
901 2089 1288 2160 cogitabimus,
1337 2093 1467 2149 nihil
1512 2097 1667 2152 nobis
1712 2099 1990 2168 apparebit

407 2190 677 2247 magnum.
708 2179 806 2247 Qui
836 2181 978 2235 enim
1008 2181 1076 2237 de
1103 2191 1243 2238 terra
1265 2199 1460 2257 corpus
1485 2185 1749 2254 formavit,
1773 2197 1828 2245 et
1847 2190 1988 2259 quod

403 2281 511 2320 non
530 2278 662 2332 erat,
685 2269 734 2323 id
753 2279 809 2324 ut
830 2280 974 2326 esset
993 2271 1138 2342 fecit,
1158 2282 1212 2329 et
1227 2276 1465 2331 condidit
1480 2279 1654 2332 omnia
1671 2295 1790 2349 quze
1806 2279 1990 2336 viden-

403 2367 520 2430 tur,
548 2360 634 2416 ille
663 2363 822 2417 etiam
859 2363 988 2419 dare
1016 2367 1212 2437 poterit
1241 2383 1360 2438 qua:
1385 2382 1544 2439 supra
1575 2381 1818 2426 naturam
1843 2381 1986 2428 sunt.

475 2451 529 2508 5.
568 2451 751 2506 Vidisti
794 2453 1004 2510 Domini
1051 2455 1469 2514 liberalitatem?
1519 2459 1804 2530 Postquam
1845 2462 1988 2518 enim

403 2542 558 2608 dixit,
591 2544 788 2616 Absque
811 2546 954 2616 prole
984 2547 1233 2613 dimittor,
1260 2549 1413 2619 quasi
1439 2550 1576 2620 apud
1605 2560 1782 2621 portas
1802 2553 1990 2609 mortis

401 2636 688 2705 exsistens,
706 2647 759 2693 et
781 2637 910 2693 nihil
933 2639 1162 2709 amplius
1183 2640 1395 2710 operari
1416 2641 1596 2697 valens
1619 2652 1676 2697 ut
1699 2658 1990 2712 procreen-

404 2735 491 2783 tur
519 2728 691 2793 liberi,
723 2729 800 2784 sic
828 2729 989 2784 verba
1030 2729 1118 2784 illa
1147 2731 1386 2800 protulit,
1429 2731 1648 2789 dicens:
1673 2732 1719 2787 F
1722 2735 1838 2789 ilius
1871 2733 1989 2789 bla-

403 2837 484 2876 sec
508 2822 588 2891 (a)
618 2822 900 2876 ventriculi:
945 2839 1070 2877 mete
1112 2823 1254 2880 heres
1294 2841 1434 2880 meus
1476 2826 1590 2880 crit.
1640 2826 1764 2882 ldeo
1809 2827 1992 2884 volens

404 2912 648 2982 spiritum
665 2916 782 2982 ejus
797 2913 1024 2983 erigere,
1049 2922 1104 2969 et
1123 2929 1320 2970 novum
1339 2919 1574 2988 vigorem
1588 2919 1753 2974 menti
1770 2917 1989 2984 addere,

405 3003 474 3058 ab
501 3001 811 3056 imminente
842 3003 1033 3058 timore
1055 3018 1180 3059 eum
1207 3005 1417 3073 liberat,
1445 3008 1902 3077 promissioneque
1928 3021 1993 3064 ac

406 3092 533 3148 doni
581 3092 947 3164 magnitudine
989 3103 1224 3150 mentem
1268 3096 1384 3166 ejus
1426 3097 1616 3168 erigit,
1659 3097 1993 3154 ostendendo

408 3183 685 3238 stellarum
714 3182 1130 3251 multitudinem,
1149 3193 1202 3240 et
1225 3185 1580 3255 promittendo
1607 3188 1906 3243 nascituros
1924 3203 1991 3244 ex

405 3289 472 3328 eo
500 3273 604 3328 illis
633 3288 788 3344 pares
813 3272 1039 3342 ﬁituros,
1065 3275 1114 3330 in
1144 3275 1336 3331 bonam
1359 3291 1508 3348 spem
1533 3278 1766 3334 adducit.
1795 3279 1992 3335 Videns

405 3365 547 3420 enim
592 3365 798 3420 Domini
844 3367 1290 3437 promissionem,
1336 3368 1533 3439 rejecta
1576 3371 1720 3425 omni
1760 3370 1991 3427 humana

404 3457 628 3523 ratione,
661 3465 715 3512 et
736 3473 908 3526 neque
932 3459 998 3515 ad
1025 3474 1085 3515 se
1107 3460 1300 3531 ipsum,
1323 3477 1498 3533 neque
1518 3463 1582 3518 ad
1608 3464 1791 3519 Saram
1815 3464 1992 3521 minus

405 3547 760 3617 procreationi
790 3559 967 3618 aptam
994 3550 1290 3618 respiciens
1314 3569 1327 3606 :
1349 3552 1444 3607 sed
1479 3554 1851 3624 praetermissis
1894 3553 1967 3611 hu

405 3635 577 3690 manis
605 3637 853 3692 omnibus
877 3679 895 3707 ,
940 3640 1120 3696 sciens
1155 3640 1322 3697 Deum
1364 3655 1522 3712 posse
1549 3644 1711 3714 etiam
1743 3659 1804 3698 ea
1825 3686 1839 3706 .
1871 3661 1991 3716 quae

405 3741 564 3796 supra
593 3735 839 3783 naturain
865 3739 1011 3798 sunt,
1037 3729 1239 3804 largiri,
1267 3730 1426 3787 ﬁdem
1450 3731 1634 3789 habuit
1653 3733 1837 3805 dictis,
1866 3737 1988 3792 nul-

403 3815 511 3871 lam
550 3816 932 3876 dubitationem
977 3820 1300 3890 admittens,
1345 3838 1518 3894 neque
1561 3839 1682 3880 cum
1709 3825 1848 3881 dicta
1875 3825 1992 3883 btec

404 3909 636 3975 fuerunt,
667 3908 950 3965 btesitavit.
994 3909 1104 3967 Hoc
1135 3912 1274 3967 enim
1301 3929 1443 3969 verre
1483 3914 1603 3971 ﬁdei
1646 3926 1750 3985 est,
1776 3917 1990 3988 quando

405 3997 791 4068 promissioncs
819 4015 923 4054 non
955 4001 1247 4058 secundum
1288 4003 1503 4059 solitum
1527 4045 1542 4070 ,
1591 4015 1645 4060 et
1687 4006 1990 4065 hominibus

401 4089 670 4160 cognitum
700 4105 903 4146 morem
934 4102 1092 4160 sunt,
1123 4093 1168 4148 si
1195 4109 1291 4149 nos
1329 4096 1686 4164 promittentis
1712 4097 1893 4154 virtuti
1920 4098 1986 4154 ﬁ-

403 4177 610 4236 damus.
640 4179 794 4236 Fides
815 4183 960 4237 enim
983 4193 1075 4250 est,
1107 4185 1554 4256 quemadmodum
1579 4186 1765 4242 beatus
1789 4188 1987 4246 Paulus

401 4271 507 4339 ait,
540 4275 904 4343 sperandarum
949 4277 1229 4330 substantia
1276 4293 1471 4343 rerum,
1509 4288 1857 4348 argumentum
1886 4297 1988 4337 non

401 4364 756 4431 apparentium
796 4363 982 4432 (Hebr.
1029 4365 1112 4420 Η.
1160 4367 1216 4436 ί)
1251 4384 1264 4419 ι
1295 4375 1349 4422 et
1396 4368 1586 4421 iterum
1620 4386 1632 4422 :
1665 4368 1814 4434 Quod
1853 4373 1987 4428 enim

399 4451 532 4505 ridet
565 4452 698 4521 quis,
737 4450 862 4522 quid
904 4464 1070 4524 sperat
1115 4455 1288 4527 (Rom.
1331 4455 1386 4512 8.
1419 4455 1551 4528 24)?
1581 4456 1692 4513 Hoc
1720 4459 1879 4530 igitur
1903 4470 1987 4518 est

404 4539 566 4608 ﬁdes,
617 4543 829 4612 quando
876 4543 979 4598 illis
1029 4545 1296 4601 credimus
1336 4563 1454 4618 quac
1493 4563 1598 4603 non
1643 4549 1888 4606 videntur
1931 4563 1986 4609 et

401 4645 635 4687 mentem
667 4634 729 4687 ad
759 4634 1071 4706 dignitatem
1097 4636 1212 4708 ejus
1237 4639 1324 4709 qui
1355 4640 1597 4710 promisit
1624 4640 1981 4701 intendimus:

401 4724 452 4778 id
481 4723 621 4795 quod
649 4725 886 4794 profecto
912 4738 964 4781 et
986 4727 1162 4798 justus
1198 4729 1289 4786 ille
1322 4729 1464 4798 fecit,
1494 4731 1753 4786 sinceram
1786 4743 1840 4788 et
1867 4735 1982 4790 cxi-

401 4815 562 4870 miam
596 4818 868 4885 tramissis
896 4819 1052 4874 ﬁdem
1086 4821 1286 4877 habens
1313 4841 1326 4877 :
1352 4823 1548 4880 idcirco
1574 4835 1627 4879 et
1651 4840 1680 4879 a
1711 4825 1981 4896 Scriptura

399 4907 574 4962 divina
613 4909 896 4967 laudatur:
921 4928 1044 4968 mox
1075 4915 1217 4969 enim
1263 4915 1458 4970 addidit
1489 4933 1501 4970 :
1527 4915 1752 4972 Credidit
1797 4919 1981 4973 Abram

403 4997 530 5067 Deo,
555 5011 599 5054 et
623 5012 902 5072 reputatum
922 5015 993 5058 est
1017 5007 1063 5059 ei
1083 5005 1132 5059 in
1143 5008 1396 5077 justitiam
1419 5007 1594 5079 (Rom.
1619 5011 1671 5064 4.
1696 5011 1772 5082 5).
1793 5011 1981 5068 Vidisd

398 5091 666 5160 quomodo
702 5102 756 5146 et
782 5102 906 5148 ante
933 5088 1182 5150 eventum
1207 5107 1262 5152 et
1295 5097 1656 5168 itnplctionem
1685 5103 1979 5169 promisso-

401 5199 540 5250 rum,
567 5198 632 5238 eo
661 5185 775 5252 ipso
801 5186 940 5256 quod
966 5187 1225 5258 credidit,
1269 5200 1647 5260 congruentem
1679 5193 1978 5249 mercedem

395 5277 619 5347 accipit?
642 5277 775 5332 Nam
805 5279 855 5332 in
877 5277 1135 5348 justitiam
1157 5282 1207 5337 ei
1233 5291 1533 5354 reputatum
1556 5292 1658 5350 est,
1687 5285 1828 5355 quod
1858 5300 1978 5342 cre—

373 5367 590 5427 diderit
618 5369 956 5436 promissioni
983 5371 1198 5438 divinm,
1221 5382 1272 5428 ct
1303 5389 1408 5428 non
1438 5372 1666 5428 humana
1697 5375 1978 5430 ratiocina-

459 5459 532 5518 ρα)
566 5458 677 5531 Mira
719 5460 801 5531 _b_ic
839 5464 1290 5531 interjzretationum
1331 5465 1635 5531 diversitas__:
1671 5469 1978 5531 septuaginta

397 5523 695 5587 Interpretes
719 5521 798 5570 hic
819 5521 1010 5587 nomen
1037 5528 1307 5587 proprium,
1347 5536 1521 5586 utnec,
1557 5521 1771 5578 etl‘erutit
1794 5543 1807 5578 ε
1835 5521 1979 5579 secus

391 5577 474 5624 alii
493 5577 688 5650 phines,
709 5595 912 5642 quorum
933 5577 1147 5647 quidam:
1167 5577 1324 5650 ﬁlium
1375 5577 1798 5652 rocuratoris,alii,

396 5638 706 5700 Ροαηαέονιδν
730 5641 829 5700 alii.
864 5643 1019 5700 ﬁlium
1064 5647 1282 5700 ιπωὴναί
1318 5601 1504 5700 (Ibatur.
1530 5659 1745 5700 vertunt.
1789 5661 1798 5687 ι

396 5638 706 5709 pocillatoris,
729 5638 829 5709 alii,
864 5638 1019 5706 ﬁlium
1064 5638 1282 5709 praffecti

401 5696 624 5758 ut'taplis
650 5696 838 5765 nostris,
864 5696 916 5754 'et
939 5709 986 5756 in
1009 5696 1339 5763 ιιόιείὑίζιὲωζ

1353 5589 1682 5650 orocuratoris,
1701 5590 1798 5652 alii,
1823 5589 1978 5663 ﬁlium

1353 5663 1504 5713 ornus,
1530 5659 1745 5706 vertunt.
1789 5653 1904 5705 Vide
1929 5668 1974 5704 tn

1125 252 1182 307 S.
1225 251 1502 310 JOANNIS
1536 253 2008 314 CIIRYSOSTOBII
2050 260 2364 318 AltCHlEP.
2405 263 2938 323 CONSTANTINOP.

2093 376 2237 433 tione
2289 378 2556 434 curiosius
2607 395 2668 434 ea
2723 394 2843 448 qua:
2897 376 3038 434 dicta
3093 387 3220 434 sunt
3274 381 3652 452 exploraverit.

2161 467 2378 544 Moralis
2426 471 2732 528 exhortatio.
2789 472 3002 527 Virtutis
3042 473 3256 529 studiosi
3295 491 3399 528 non
3446 476 3664 541 labores,

2091 558 2178 612 sed
2203 560 2414 629 praemia
2439 561 2534 616 sibi
2560 574 2867 632 proponunt.
2887 593 2961 604 —-
2988 565 3265 620 Discamus
3283 565 3444 636 igitur
3465 575 3518 622 et
3544 583 3666 635 nos,

2089 650 2333 718 obsecro,
2363 667 2392 706 a
2413 653 2732 724 patriarcha,
2761 655 2856 710 Dei
2877 655 3098 712 credere
3125 656 3302 721 dictis,
3319 666 3376 712 et
3397 658 3511 728 ejus
3541 675 3671 729 pro-

2091 746 2430 802 missionibus
2482 747 2667 809 ﬁdere.
2721 765 2894 819 neque
2934 765 2996 804 ea
3025 751 3432 821 cogitationibus
3474 755 3671 809 nostris

2091 837 2363 909 indagare,
2416 841 2510 894 sed
2567 855 2808 911 magnam
2851 842 3014 896 animi
3057 843 3359 912 :equitatem
3394 845 3671 903 exhibere.

2093 929 2204 984 lloc
2231 930 2373 985 enim
2396 945 2493 985 nos
2517 940 2569 986 et
2593 932 2767 1000 justos
2790 932 3062 988 declarare
3083 934 3294 1002 poterit,
3323 944 3378 989 et
3397 934 3449 990 id
3470 935 3673 992 elﬁciet

2095 1032 2150 1076 ut
2183 1023 2442 1092 promissa
2469 1025 2642 1079 citius
2686 1039 3054 1094 assequamur.
3107 1025 3212 1080 Sed
3252 1027 3409 1080 Abrae
3456 1027 3670 1097 quidem

2092 1114 2356 1182 promisit,
2399 1129 2464 1170 ex
2511 1116 2718 1170 semine
2764 1115 2882 1185 ejus
2929 1116 3213 1171 maximam
3267 1116 3497 1172 futuram
3551 1134 3672 1176 esse

2090 1206 2480 1262 multitudinem
2509 1225 2524 1262 :
2551 1217 2808 1278 erantque
2850 1219 3045 1279 praeter
3068 1210 3282 1265 solitum
3314 1223 3516 1266 natura:
3544 1228 3666 1267 mo-

2090 1294 2217 1350 dum
2240 1312 2360 1367 quae
2389 1298 2647 1367 promissa
2677 1307 2848 1364 erant,
2889 1299 3114 1372 ideoque
3153 1301 3285 1356 ﬁdes
3313 1302 3365 1356 in
3395 1303 3561 1358 Deum
3582 1304 3673 1374 ju-

2091 1387 2292 1443 stitiam
2342 1388 2390 1442 ei
2431 1389 2644 1445 attulit:
2693 1390 2845 1447 nobis
2885 1401 3085 1456 autem,
3128 1391 3174 1446 si
3202 1393 3458 1462 sapimus,
3508 1395 3677 1449 multo

2092 1477 2292 1546 majora
2326 1479 2584 1547 promissa
2611 1487 2753 1546 sunt,
2778 1489 2834 1535 et
2858 1480 3040 1536 multis
3083 1481 3256 1537 modis
3302 1481 3560 1537 humanas
3584 1498 3678 1538 co-

2092 1568 2376 1638 gitationes
2399 1570 2774 1626 transcendere
2789 1586 3105 1642 possumus;
3132 1572 3294 1628 modo
3322 1573 3678 1643 promittentis

2093 1662 2345 1731 potentia:
2366 1661 2666 1729 credamus,
2699 1673 2754 1717 ut
2777 1671 2834 1718 et
2858 1678 2976 1719 eam
3010 1680 3130 1736 quae
3158 1679 3225 1719 ex
3255 1665 3359 1720 ﬁde
3382 1675 3485 1732 est,
3515 1666 3678 1734 justi-

2094 1753 2220 1808 tiam
2249 1761 2584 1824 reportemus
2602 1794 2618 1820 ,
2649 1764 2704 1810 et
2729 1754 3087 1825 adipiscamur
3125 1755 3263 1810 bona
3291 1757 3570 1827 promissa.
3597 1757 3676 1812 Ea

2090 1845 2256 1914 enim,
2285 1861 2402 1918 quae
2424 1845 2577 1902 nobis
2599 1848 2832 1902 maxime
2854 1847 3135 1918 promissa,
3157 1863 3370 1904 omnem
3394 1848 3681 1905 humanam

2093 1937 2476 1994 transcendunt
2499 1939 2782 2006 rationem,
2809 1949 2864 1994 et
2885 1954 3098 1994 omnem
3123 1940 3494 2010 cogitationem
3515 1957 3678 1997 exce-

2093 2028 2226 2084 dunt
2267 2047 2283 2085 :
2335 2038 2480 2085 tanta
2529 2031 2943 2100 promissionum
2996 2040 3080 2086 est
3117 2031 3444 2102 magnitudo.
3495 2031 3679 2102 Neque

2092 2121 2236 2177 enim
2258 2121 2309 2176 in
2338 2123 2584 2192 praesenti
2610 2122 2714 2176 vita
2740 2122 2914 2176 solum
2938 2122 3092 2177 nobis
3123 2123 3362 2193 promisit
3382 2122 3538 2191 hujus
3557 2126 3679 2179 vita:

2095 2219 2286 2266 statum
2334 2221 2388 2267 et
2427 2212 2713 2266 visibilium
2760 2212 3060 2268 fruitionetn
3112 2231 3124 2268 :
3163 2213 3257 2268 sed
3296 2223 3350 2269 et
3401 2227 3679 2285 postquam

2095 2302 2220 2357 hinc
2248 2301 2704 2372 emigraverimus,
2751 2311 2806 2358 et
2850 2313 2970 2372 post
2996 2305 3236 2373 corporis
3261 2307 3676 2374 corruptionem,

2093 2393 2307 2463 quando
2331 2394 2383 2448 in
2412 2395 2646 2450 cinerem
2676 2403 2730 2450 et
2757 2395 3028 2465 pulverem
3056 2407 3235 2451 nostra
3276 2396 3528 2452 dissoluta
3558 2400 3670 2453 fne-

2093 2483 2198 2538 rint
2239 2499 2484 2554 corpora,
2533 2493 2658 2540 tunc
2697 2494 3060 2540 resurrectura
3113 2501 3175 2540 ea
3225 2487 3498 2556 promisit,
3531 2496 3585 2542 et
3623 2488 3678 2544 in

2093 2573 2283 2644 majori
2304 2573 2469 2645 gloria
2491 2573 2684 2629 futura.
2731 2573 2938 2646 Oportet
2959 2577 3112 2644 enim,
3143 2577 3312 2646 inquit
3339 2577 3521 2632 beatus
3540 2579 3678 2633 Pau-

2096 2665 2200 2734 lus,
2231 2667 2555 2739 corruptibile
2599 2669 2693 2722 hoc
2733 2669 2944 2723 induere
2968 2669 3413 2737 incorruptionem,
3464 2680 3510 2723 et
3540 2687 3680 2724 mor-

2095 2760 2198 2815 tale
2220 2761 2315 2815 hoc
2352 2762 2561 2816 induere
2593 2762 3021 2817 innttortalitatem
3049 2764 3068 2832 (
3099 2763 3152 2816 1.
3177 2762 3294 2818 Cor.
3319 2765 3404 2818 15.
3437 2764 3507 2819 55
3531 2766 3570 2832 ).
3615 2763 3680 2820 Et

2097 2863 2218 2923 post
2263 2867 2545 2923 corporum
2591 2857 3036 2910 resurrectionem
3084 2857 3230 2927 regni
3288 2856 3678 2926 possessionem

2095 2943 2346 2998 daturum
2388 2959 2448 3000 se
2490 2945 2646 2999 nobis
2689 2945 2956 3016 pollicitus
2999 2956 3099 3011 est,
3124 2958 3176 3002 et
3221 2948 3679 3002 conversationem

2095 3047 2216 3090 cum
2238 3035 2456 3100 sanctis,
2487 3044 2541 3089 et
2565 3035 2616 3090 in
2647 3048 2905 3106 perpetuo
2927 3037 3121 3091 sreculo
3143 3039 3397 3107 quietem,
3422 3046 3478 3092 et
3497 3037 3679 3092 inell'a-
3759 3044 3764 3046 '

2096 3125 2220 3181 bilia
2247 3125 2335 3179 illa
2363 3126 2523 3191 bona,
2558 3125 2685 3190 Quae
2710 3127 2884 3180 oculus
2905 3143 3007 3181 non
3036 3127 3178 3194 vidit,
3207 3136 3253 3180 et
3281 3131 3420 3180 auris
3458 3144 3557 3181 non
3583 3144 3680 3180 au-

2096 3215 2239 3281 diuit,
2278 3227 2325 3271 et
2372 3218 2429 3271 in
2463 3233 2550 3271 cor
2593 3217 2812 3272 hominis
2840 3235 2940 3272 non
2966 3220 3293 3273 ascenderunt
3324 3219 3481 3294 (Ibid.
3510 3219 3564 3275 2.
3593 3219 3677 3292 9).

2101 3306 2286 3361 Vidisti
2315 3317 2513 3378 quanta
2538 3309 2950 3378 promissionum
2979 3311 3329 3378 excellentia;
3365 3313 3540 3368 v;disti
3582 3315 3678 3368 do-

2097 3411 2287 3454 norum
2339 3400 2754 3470 magnitudinem
2773 3402 2796 3456 ?

2166 3491 2359 3548 6.11am
2383 3495 2692 3564 cogitantes,
2713 3504 2766 3550 et
2780 3495 3009 3550 scientes
3023 3497 3234 3551 mentiri
3250 3511 3356 3552 non
3377 3513 3530 3568 posse
3554 3513 3680 3555 eum

2095 3583 2186 3656 qui
2219 3583 2307 3638 illa
2332 3586 2594 3655 promisit,
2615 3601 2802 3656 magna
2818 3585 3092 3642 alacritate
3110 3603 3464 3658 pratparemus
3487 3605 3584 3645 nos
3609 3590 3678 3645 ad

2095 3676 2304 3731 virtutis
2323 3691 2540 3747 agones,
2559 3686 2616 3732 ut
2635 3685 2690 3733 et
2719 3676 2993 3746 promissis
3013 3677 3165 3733 bonis
3197 3678 3300 3734 l'rui
3319 3681 3602 3750 possimus,
3623 3689 3680 3737 ct

2093 3779 2164 3822 ne
2173 3767 2330 3822 saluti
2343 3777 2538 3824 nostra)
2550 3779 2601 3823 et
2620 3769 2939 3825 tantisbonis
2959 3780 3297 3840 temporanea
3315 3770 3676 3842 praeferamus,

2095 3873 2268 3930 neque
2281 3859 2574 3930 cogitemus
2595 3859 2804 3916 labores
2829 3861 3058 3925 virtutis,
3085 3862 3180 3917 sed
3201 3878 3295 3932 pra
3310 3862 3414 3918 mia
3433 3863 3484 3917 in
3499 3871 3679 3921 mento

2092 3965 2380 4022 ponamus:
2405 3967 2578 4022 neque
2604 3952 2945 4022 pecuniarum
2975 3963 3217 4024 sumptus
3247 3963 3448 4009 tantum
3467 3963 3678 4025 specte-

2092 4058 2233 4109 mus,
2261 4044 2307 4100 si
2332 4045 2544 4115 quando
2571 4061 2706 4116 opus
2731 4055 2814 4101 est
2834 4061 2928 4102 eas
2956 4047 3280 4118 pauperibus
3306 4063 3550 4118 erogare,
3579 4049 3674 4103 sed

2094 4137 2268 4208 potius
2317 4146 2541 4208 quantus
2581 4139 2703 4194 imle
2750 4139 2903 4194 nobis
2953 4151 3244 4210 proventus
3283 4150 3549 4196 nascatur.
3600 4141 3676 4196 Ea

2093 4228 2237 4283 enim
2278 4227 2346 4284 de
2384 4243 2542 4284 causa
2570 4230 2760 4284 semini
2807 4231 3200 4303 eleemosynam
3242 4232 3568 4302 comparavit
3594 4232 3679 4288 di-

2092 4318 2211 4374 vina
2236 4319 2528 4389 Scriptura,
2555 4330 2746 4375 utcum
2772 4321 2965 4392 gaudio
2988 4331 3043 4377 et
3067 4323 3230 4377 multa
3250 4323 3522 4378 alacritate
3549 4338 3670 4378 eam

2091 4423 2394 4479 operemur.
2421 4411 2552 4466 Nam
2576 4413 2620 4467 si
2650 4412 2684 4467 ii
2707 4414 2799 4484 qui
2830 4413 3034 4468 semina
3065 4422 3220 4469 terra:
3247 4415 3590 4479 concrcdunt,
3620 4424 3676 4470 et

2090 4502 2312 4557 collecta
2338 4509 2397 4558 et
2438 4503 2580 4558 intus
2620 4505 2852 4573 reposita
2887 4515 3221 4575 Spargentes,
3254 4505 3304 4560 id
3332 4521 3453 4560 cum
3484 4506 3674 4577 gaudio

2092 4601 2368 4662 prtcStant,
2414 4601 2470 4648 et
2507 4592 2644 4648 bona
2672 4609 2768 4663 spe
2812 4593 3079 4661 foveatur,
3114 4606 3168 4651 et
3215 4596 3326 4666 jam
3375 4597 3674 4666 manipulos

2090 4683 2444 4753 imaginantur
2470 4696 2532 4738 ac
2551 4683 2734 4752 plenas
2757 4699 2908 4740 areas
2932 4704 2945 4741 :
2980 4687 3148 4741 multo
3168 4686 3334 4758 magis
3356 4687 3458 4742 illis
3483 4687 3674 4757 quibus

2089 4773 2272 4828 datum
2300 4782 2384 4829 est
2422 4788 2605 4830 semen
2644 4774 2748 4830 hoc
2772 4777 3049 4846 Spirituale
3077 4778 3344 4833 seminare
3366 4777 3598 4848 gaudere
3620 4787 3674 4833 et

2088 4868 2355 4924 exsultare
2389 4869 2667 4936 convenit,
2712 4869 2852 4940 quod
2882 4871 2934 4924 in
2983 4880 3124 4924 terra
3156 4855 3395 4925 serentes
3445 4870 3671 4924 messnri

2087 4964 2195 5018 sint
2214 4962 2267 5018 in
2291 4962 2467 5018 caelo:
2506 4971 2560 5017 et
2609 4978 2858 5018 nummos
2904 4963 3286 5034 expendentes,
3331 4972 3671 5033 peccatorum

2089 5054 2457 5110 remissionem
2486 5053 2748 5124 accipiant
2771 5061 2825 5109 et
2845 5052 3050 5109 ﬁducia).
3074 5054 3351 5108 materiam
3376 5055 3669 5120 inveniant,

2086 5148 2438 5202 conciliantes
2465 5147 2562 5202 sibi
2593 5161 2688 5218 per
2723 5161 2786 5201 ea
2829 5162 2948 5217 qua:
2990 5141 3077 5200 hic
3112 5144 3428 5215 largiuntur,
3476 5157 3671 5215 perpe-

2089 5250 2230 5294 tuam
2279 5239 2513 5310 quietem
2539 5248 2594 5293 et
2621 5253 2742 5294 cum
2773 5237 2974 5294 sanctis
3001 5235 3482 5292 conversationem.
3531 5235 3596 5289 Et
3621 5233 3670 5290 si

2085 5332 2467 5386 continentiam
2521 5331 2719 5402 eligere
2757 5329 2986 5402 placeat,
3025 5344 3132 5384 non
3155 5335 3457 5398 spectemus
3489 5326 3668 5381 virtuti

2087 5423 2320 5478 laborem
2346 5423 2540 5488 inesse,
2573 5437 2637 5477 ac
2665 5422 3019 5492 virginitatem
3043 5436 3290 5491 magnum
3327 5419 3524 5474 habere
3552 5433 3671 5472 cer-

2089 5526 2264 5570 tamen
2298 5533 2312 5571 :
2362 5514 2457 5571 sed
2498 5530 2616 5571 eam
2655 5523 2884 5578 sortem,
2908 5529 3027 5584 qua:
3076 5528 3175 5569 nos
3223 5510 3471 5582 excipiet,
3523 5524 3669 5579 cogi-

2085 5617 2259 5663 tentus
2309 5627 2321 5662 :
2370 5608 2507 5664 hanc
2550 5621 2765 5676 semper
2798 5605 3074 5661 nobiscum
3135 5613 3464 5674 reputantes,
3511 5602 3667 5657 ωειω
3753 5602 3756 5603 ⁷

2089 5698 2528 5770 concupiscemus
2555 5698 2885 5755 refrenemus
2921 5695 3122 5753 rabiem
3147 5737 3163 5764 ,
3190 5695 3464 5750 vincatntts
3489 5693 3669 5750 cat-stis
