4084 6214
427 279 523 334 ειι

426 394 534 447 τῶν
564 392 742 447 πόνων
792 393 1240 465 ὐποτεμνὼμεθα.
1295 394 1475 467 Ίκανὴ
1511 396 1677 467 γάρὴ
1708 397 1817 450 τῶν
1842 398 2094 469 χρηστῶν

427 480 583 544 ἐλπὶς
609 480 701 534 zeal
727 480 986 537 κινδύνων
1029 484 1445 553 παρασκευάσαι
1476 484 1840 556 κατατολμᾷν,
1873 488 2002 556 μήτι
2032 503 2096 554 γε

425 566 489 637 δὴ
519 568 616 638 τῆς
637 568 837 640 ἀρετῆς
868 570 995 633 τοὺς
1013 569 1208 633 πόνους
1227 570 1492 639 γενναίως
1516 573 1777 641 ἐνεγκεῖν.
1805 572 1973 626 Ὅταν
1988 573 2097 643 7&9

425 653 705 725 ἐννοήσῃς,
757 655 840 708 ὃτι
894 654 1030 726 πρὸς
1062 655 1270 729 βραχὺν
1305 658 1708 728 ἀγωνισάμενος
1743 658 1953 729 χρόνον,
2002 676 2097 714 και

424 741 523 811 τῆς
545 741 844 813 παρθενίας
865 742 959 814 τὴν
983 744 1243 814 λαμπάδα
1262 744 1493 815 φαιδρὰν
1509 746 1861 817 διατηρήσας,
1882 747 2097 820 ἐκείνης

424 825 717 900 ἀξιωθήσῃ.
731 829 832 899 τῆς
857 830 1129 900 μακαρίας
1162 829 1460 902 διαγωγῆς,
1485 830 1679 902 καὶτῷ
1720 831 1938 903 νυμφίῳ
1976 849 2097 887 συν-

426 915 685 970 εισελθεῖν
710 915 931 988 δυνήσῃ,
962 918 1010 970 εἰ
1038 916 1137 981 τὰς
1155 916 1443 989 λαμπάδας
1469 916 1612 990 ἔχοις
1639 919 1981 990 ἀνημμένας,
2000 922 2095 976 zeal

424 1002 629 1074 ἀρκοῦν
660 1004 890 1075 ἐχούσας
915 1003 1112 1070 ἔλαιον,
1134 1004 1278 1059 τοῦτ’
1305 1004 1443 1067 ἐστι,
1478 1005 1576 1077 τὴν
1603 1006 1710 1060 ἀπὸ
1738 1006 1848 1060 τῶν
1876 1008 2093 1078 ἀγαθῶν

424 1088 677 1158 πράξεων
699 1090 978 1161 ἐργασίαν,
1010 1090 1127 1153 πῶς
1150 1092 1271 1162 οὐχὶ
1291 1090 1442 1164 [572]
1478 1092 1615 1164 μετά
1633 1094 1815 1163 πάσης
1845 1095 2095 1161 εὐκολίας

422 1175 639 1229 ἃπαντα
670 1177 738 1230 τὰ
770 1177 1008 1247 δυσχερῆ
1045 1177 1358 1250 διαδραμεῖν
1400 1180 1633 1254 δυνήσῃ,
1681 1180 1877 1237 ἐννοῶν
1917 1185 2093 1237 ἐκεῖνο

420 1262 484 1315 τὺ
503 1263 654 1334 παρὰ
670 1263 764 1316 τοῦ
791 1264 1063 1336 μακαρίου
1090 1264 1303 1320 Παύλου
1333 1267 1649 1338 εἰρημένον·
1670 1269 1934 1337 Εἰρήνην
1963 1268 2091 1323 διώ-

422 1366 558 1403 κετε
576 1350 729 1420 μετὰ
758 1349 1020 1415 πάντων,
1057 1351 1156 1406 καί
1183 1352 1291 1407 τὸν
1321 1354 1636 1424 ἁγιασμόν,
1672 1352 1744 1411 οὗ
1774 1357 1953 1425 χωρίς
1989 1360 2092 1413 οὐ·

423 1434 550 1503 δείς
583 1437 793 1506 ὄψεται
824 1437 933 1492 τόν
955 1439 1210 1507 Κύριον;
1242 1436 1398 1505 Εἶδες
1426 1440 1544 1504 πῶς
1586 1445 1653 1514 τῇ
1680 1443 1956 1518 ἁγιωσύνῃ
1992 1444 2090 1516 τὴν

423 1526 649 1598 εἰρήνην
688 1527 1038 1594 συνέζευξεν;
1091 1527 1208 1584 Ἵνα
1237 1529 1348 1603 7&9
1396 1530 1655 1602 μάθωμεν
1691 1532 1773 1585 ὅτι
1822 1531 1883 1586 οὐ
1934 1534 2090 1603 μόνον

421 1613 647 1681 ἁγνείαν
693 1613 944 1685 σώματος
975 1615 1237 1687 ἐπιζητεῖ,
1271 1617 1407 1672 ἀλλά
1432 1618 1528 1672 zeal
1550 1619 1792 1691 εἰρήνην,
1823 1619 2090 1692 εὐκαίρως

420 1698 824 1770 ἐμνημόνευσεν
851 1739 868 1766 ,
934 1701 1273 1774 ἑκατέρωθεν
1319 1704 1710 1774 ἀσφαλίζεσθαι
1771 1706 2091 1779 βουλόμενος

419 1784 669 1848 ἕκαστον,
696 1787 792 1840 zeal
818 1788 877 1841 ἐν
913 1790 1242 1844 καταστάσει
1275 1785 1415 1845 εἶναι
1452 1793 1561 1847 τῶν
1602 1793 1898 1865 λογισμῶν,
1948 1795 2089 1849 ὥστε

423 1872 694 1943 μηδεμίαν
720 1870 859 1928 εἶναι
889 1875 1134 1947 ταραχὴν
1159 1877 1193 1947 ἢ
1231 1877 1456 1948 θόρυϐον
1484 1880 1543 1933 ἐν
1568 1882 1698 1953 ήμῖν
1714 1922 1729 1947 ,
1764 1881 1879 1936 ἀλλ’
1906 1883 1964 1936 ἐν
1987 1899 2088 1952 γα-

419 1959 557 2032 λήνῃ
582 1961 678 2014 zeal
709 1960 909 2033 ἡσυχίᾳ
942 1962 1172 2032 διάγειν,
1213 1965 1309 2018 zeal
1358 1966 1496 2037 μετά
1539 1968 1759 2024 πάντων
1802 1969 2090 2042 εἰρηνικῶς

417 2046 738 2114 διακεῖσθαι,
764 2049 859 2102 καὶ
881 2048 1120 2121 ήμέρους
1153 2045 1292 2105 εἶναι
1325 2052 1418 2106 zeal
1446 2053 1652 2126 πράους
1676 2056 1769 2109 καὶ
1806 2058 2087 2122 ἐπιεικεῖς,

417 2132 561 2187 ῶστε
599 2134 775 2188 πάντα
793 2134 899 2206 τῆς
914 2135 1117 2208 ἀρετῆς
1145 2137 1213 2191 τά
1238 2137 1502 2211 χρώματα
1527 2142 1782 2199 ἐπανθεῖν
1813 2146 1846 2215 ἡ
1856 2144 1972 2216 μῶν
2011 2145 2090 2217 τῷ

418 2220 715 2292 προσώπῳ.
748 2221 906 2277 οὕτω
923 2222 1033 2296 7&9
1070 2224 1253 2280 λοιπὸν
1283 2228 1378 2281 zeal
1392 2228 1494 2299 τῆς
1519 2230 1680 2301 δόξης
1703 2231 1797 2285 τοῦ
1828 2233 2091 2304 παρόντος

418 2308 537 2379 βίου
571 2309 845 2381 ὐπερορᾷν
874 2310 1215 2383 δυνησόμεθα
1238 2312 1338 2386 τὴν
1369 2315 1542 2387 ἀληθῆ
1576 2316 1733 2383 δόξαν
1779 2319 2087 2391 προτιμῶν-

414 2412 526 2460 τες,
550 2396 646 2450 zeal
672 2397 770 2468 τῆς
792 2399 1293 2472 ταπεινοφροσύνης
1320 2402 1519 2475 πολλὴν
1545 2405 1815 2460 ποιεῖσθαι
1848 2406 1948 2478 τὴν
1974 2407 2090 2461 ἐπι-

420 2482 660 2552 μέλειαν,
695 2484 790 2538 zeal
834 2484 1013 2555 πάσης
1040 2487 1139 2556 τῆς
1176 2487 1271 2541 τοῦ
1317 2490 1585 2561 παρόντος
1642 2492 1759 2561 βίου
1790 2493 2088 2566 εὐημερίας

416 2571 744 2642 καταγελᾷν,
769 2572 855 2625 ῖνα
883 2572 981 2644 τῆς
1016 2573 1249 2644 ἀληθοῦς
1271 2576 1366 2629 zeal
1391 2576 1615 2646 βεϐαίας
1638 2580 1937 2653 εὐημερίας
1961 2583 2088 2636 ἀπο-

415 2655 724 2728 λαύσωμεν,
760 2659 851 2712 zeal
883 2659 974 2712 τὸν
1003 2661 1235 2730 Χριστὸν
1261 2663 1388 2717 ἰδεῖν
1413 2665 1855 2738 καταξιωθῶμεν.
1880 2668 2085 2722 Μακά-

412 2743 676 2814 ρωιγάρ,
703 2745 887 2816 φησιν,
928 2750 983 2801 οἰ
1016 2749 1261 2818 καθαροί
1289 2749 1366 2819 τῇ
1398 2752 1631 2820 καρδίᾳ,
1671 2753 1948 2809 ὅτιαὺτοί
1981 2756 2088 2810 τὸν

417 2828 567 2882 Θεὸν
584 2829 854 2898 ὄψονται.
884 2832 1285 2905 Καθαρίσωμεν
1314 2836 1492 2891 τοίνυν
1540 2837 1701 2908 ήμῶν
1736 2840 1796 2894 τὸ
1829 2840 2082 2908 συνειδὸς,

417 2915 510 2969 καὶ
540 2916 678 2986 μετά
710 2918 994 2988 ἀκριϐείας
1031 2920 1125 2972 τὸν
1157 2921 1364 2976 ἑαυτῶν
1420 2923 1530 2993 βίον
1575 2927 1968 2998 οἰκονομῶμεν,
2000 2929 2085 2982 ῖνα

412 3001 514 3072 τὴν
545 3001 827 3073 παροῦσαν
848 3003 991 3075 ζωὴν
1026 3005 1164 3076 μετά
1187 3008 1370 3078 πάσης
1390 3010 1594 3081 ἀρετῆς
1610 3011 1946 3079 ὁδεύσαντες,
1978 3014 2087 3069 τῶν

410 3087 651 3147 ἐνταῦθα
682 3090 857 3144 πόνων
886 3091 982 3156 τάς
1009 3094 1243 3163 ἀμοιϐάς
1270 3096 1454 3149 λαϐεῖν
1476 3098 1902 3171 καταξιωθῶμεν
1928 3104 1986 3156 ἐν
2008 3102 2087 3174 τῷ

418 3175 665 3245 μέλλοντι
710 3176 903 3244 αἰῶνι,
962 3179 1145 3253 χάριτι
1175 3183 1269 3236 zeal
1306 3183 1684 3257 φιλανθρωπία
1733 3188 1828 3241 τοῦ
1876 3189 2084 3261 Κυρίου

416 3263 573 3332 ήμῶν
614 3263 792 3335 Ἰησοῦ
823 3267 1081 3337 Χριστοῦ,
1116 3268 1236 3340 μεθ’
1265 3264 1326 3324 οὗ
1352 3271 1430 3341 τῷ
1458 3274 1653 3342 Πατρὶ,
1686 3274 1801 3346 ἅμα
1835 3276 1912 3348 τῷ
1946 3276 2087 3349 ἁγίῳ

418 3351 718 3422 Πνεύματι,
749 3353 895 3420 δόξα,
928 3357 1148 3425 κράτος,
1173 3359 1329 3432 τιμή,
1358 3361 1453 3417 νῦν
1480 3364 1573 3417 zeal
1609 3365 1716 3431 ἀεὶ,
1744 3367 1837 3421 καὶ
1858 3370 1938 3433 εἰς
1960 3368 2087 3433 τοὺς

413 3437 616 3505 αἰῶνας
648 3440 757 3495 τῶν
776 3442 1008 3498 αἰώνων.
1050 3446 1243 3517 Ἀμήν.

1057 3596 1301 3651 ΟΜΙΔΙΑ
1346 3597 1467 3654 ΔΖ¹.

414 3691 565 3751 Εἷπε
583 3697 652 3778 δᾴ
679 3700 895 3778 Κύριος
921 3701 1071 3778 πρρς
1108 3706 1343 3778 Ἀϐραμξ
1366 3706 1509 3778 Ἐγώ
1527 3709 1648 3776 εἰμι
1676 3712 1709 3765 ό
1737 3711 1882 3778 Θεὸς
1903 3714 1938 3766 ὁ
1954 3712 2086 3778 ἐξα·

486 3768 785 3848 γᾳγώνησε
822 3771 893 3848 ἐκ
937 3768 1130 3841 κάδους
1177 3768 1510 3848 Χαλδαιών,
1553 3768 1711 3833 ὥστε
1744 3768 1958 3836 Gai/rat
1984 3768 2083 3837 σοι

486 3837 603 3902 τὴν
631 3837 750 3906 γῆν
776 3837 1028 3907 ταύτην,
1044 3837 1507 3915 κληρονομῆσαί
1532 3850 1753 3936 αὐταῖν·
1787 3849 1934 3906 Eine
1979 3853 2078 3907 δέ·

485 3904 757 3988 Δέσποτα
785 3911 981 3988 Ιςύριε,
1012 3914 1163 3966 κατὰ
1188 3914 1244 3967 τί
1287 3917 1610 3988 γνώσομαι,
1658 3937 1747 3973 οτι
1801 3924 2083 3988 κληρονο-

485 3940 755 3961 acuum..-
785 3940 981 3978 ιιυμισ,
1012 3940 1163 3966 ausu
1189 3940 1241 3967 ιι
1287 3940 1610 3988 γνωσομιιι,
1658 3940 1747 3973 Οτι
1801 3940 1955 3991 κνιηρ

479 3977 658 4044 μνήσω
683 3977 878 4046 αὐτήν

484 4088 552 4135 α’.
571 4083 795 4156 Μεγάλη
814 4085 913 4156 τῆς
930 4088 1077 4153 θείας
1091 4091 1354 4163 Γραφῆςή
1370 4092 1616 4165 δύναμις,
1634 4097 1728 4150 καὶ
1743 4097 1905 4161 πολὺς
1926 4101 1954 4152 ό
1972 4101 2083 4162 τοῖς

418 4171 658 4242 ῥήμασιν
706 4174 1155 4246 ἐγκεκρυμμένος
1201 4179 1426 4245 πλοῦτος
1458 4182 1566 4234 τῶν
1593 4185 1895 4254 νοημάτων.
1955 4188 2031 4239 Δι’
2054 4186 2084 4240 δ

415 4261 683 4330 προσήκει
746 4261 884 4330 μετά
944 4263 1229 4333 ἀκριϐείας
1278 4267 1425 4334 ἡμᾶς
1467 4270 1829 4341 προσέχοντας
1883 4271 2084 4345 πολλὴν

414 4346 685 4399 ποιεῖσθαι
704 4348 804 4416 τὴν
829 4347 1075 4419 ἔρευναν,
1099 4351 1184 4403 ἵνα
1209 4351 1401 4423 δαψιλῆ
1422 4354 1521 4424 τὴν
1544 4354 1808 4423 ὠφέλειαν
1834 4359 2083 4418 ἐντεῦθεν

415 4432 862 4505 καρπωσιῖῳεθα.
886 4434 983 4489 Διά
1008 4436 1115 4508 7&9
1135 4438 1292 4491 τοῦτο
1315 4439 1406 4492 zeal
1433 4442 1461 4492 ό
1487 4442 1720 4513 Χριστὸς
1747 4448 2083 4519 παρήγγειλε

413 4519 611 4588 λέγων,
662 4520 979 4590 Ἑρευνᾶτε
1005 4524 1112 4591 τὰς
1157 4526 1433 4595 Γραφάςο
1467 4530 1553 4582 ἵνα
1593 4532 1667 4604 μὴ
1718 4533 1902 4600 ἁπλῶς
1954 4538 2081 4611 ψιλῇ

414 4609 772 4681 προσέχωμεν
807 4613 874 4683 τῇ
910 4611 1232 4681 ἀναγνώσει,
1262 4616 1397 4669 ἀλλά
1423 4617 1482 4671 τὸ
1511 4617 1672 4689 βάθος
1711 4609 2084 4695 ἀνιχνεύοντες

411 4696 504 4750 τὸν
533 4696 709 4768 ἀληθῆ
730 4698 829 4768 τῆς
853 4698 1074 4771 Γραφῆς
1095 4700 1219 4755 νοῦν
1247 4704 1570 4759 καταλαϐεῖν
1594 4707 1928 4781 δυνηθῶμεν.
1957 4714 2083 4768 Τοι-

412 4783 569 4839 οῦτον
599 4785 708 4856 7&9
738 4788 835 4857 τῆς
855 4788 1077 4861 Γραφῆς
1102 4788 1164 4843 τὸ
1184 4790 1303 4855 έθος
1326 4807 1340 4820 ·
1368 4794 1426 4845 ἐν
1452 4793 1675 4865 βραχέσι
1704 4798 1940 4867 ῥήμασίν
1966 4802 2083 4855 ἐστι

418 4871 674 4936 πολλάκις
697 4874 877 4945 εὑρεῖν
901 4875 1035 4928 πολύ
1073 4877 1279 4948 πλῆθος
1310 4880 1615 4950 νοημάτων.
1642 4882 1773 4938 Θεῖα
1812 4884 1920 4956 γάρ
1966 4888 2082 4942 ἐστι

410 4960 482 5014 τὰ
503 4958 827 5032 διδάγματα,
846 4962 944 5015 καὶ
965 4963 1066 5016 οὐκ
1083 4963 1419 5034 ἀνθρώπινα,
1447 4969 1544 5021 zeal
1564 4967 1651 5022 διά
1680 4969 1837 5024 τοῦτο
1856 4973 2084 5030 ἀπενανο

411 5048 532 5113 τίας
561 5050 626 5119 τῇ
655 5049 817 5120 σοφίᾳ
846 5050 912 5119 τῇ
949 5050 1262 5124 ἀνθρωπίνῃ
1314 5055 1494 5108 πᾶσαν
1538 5056 1706 5129 αὐτήν
1755 5061 1902 5113 ἐστιν
1956 5062 2083 5116 ἰδεῖν

415 5136 799 5207 συγκειμένην.
834 5138 944 5191 Καὶ
966 5137 1105 5204 πῶς,
1132 5139 1244 5208 ἐγὼ
1276 5139 1438 5211 λέγω.
1486 5144 1633 5197 Ἐκεῖ
1688 5146 1786 5217 μὲν
1814 5148 1944 5221 γὰρ,
1987 5152 2082 5205 ἐπὶ

412 5225 510 5295 τῆς
566 5224 911 5296 ἀνθρωπίνης
960 5227 1151 5295 σοφίας
1183 5227 1346 5296 λέγω,
1402 5232 1549 5283 πᾶσα
1593 5232 1776 5298 αὐτοῖς
1817 5237 2081 5310 ήσπουδὴ

414 5311 545 5384 περὶ
573 5313 670 5381 τὴν
697 5312 801 5365 τῶν
830 5311 1028 5377 λέξεων
1059 5314 1333 5385 συνθήκην
1355 5316 1727 5388 ἐπινενόηται·
1760 5321 1994 5378 ἐνταῦθα
2024 5324 2081 5378 δὲ

415 5399 720 5453 τούναντίον
754 5399 918 5455 ἅπαν.
949 5401 1139 5465 Οὐδεὶς
1162 5405 1228 5474 τῇ
1256 5403 1441 5475 Γραφῇ
1484 5403 1641 5473 λόγος
1691 5408 1818 5480 περὶ
1850 5409 2079 5477 κάλλους

416 5482 676 5555 ῥημάτων
706 5486 738 5557 ἦ
766 5487 1037 5560 συνθήκης
1059 5504 1072 5519 ο
1100 5487 1214 5561 ἔχει
1252 5491 1360 5563 7&9
1386 5492 1592 5546 οῖκοθεν
1620 5494 1720 5564 τὴν
1752 5495 1899 5550 θείαν
1920 5498 2080 5570 χάριν

415 5574 756 5657 ἐπανθοῦσαν
787 5575 881 5630 zeal
908 5577 968 5631 τὸ
998 5577 1189 5642 κάλλος
1212 5580 1280 5633 τά
1306 5579 1590 5652 λεγόμενα.
1619 5584 1794 5637 Κάκεῖ
1821 5584 1923 5655 μὲν
1944 5588 2081 5657 μετά

416 5654 614 5727 πολλὴν
652 5663 740 5715 zeal
772 5664 974 5731 ἄφατον
1012 5665 1278 5737 φλυαρίαν
1309 5668 1425 5722 τότε
1472 5668 1578 5725 τῶν
1608 5654 1892 5742 νοημάτων
1922 5654 2073 5748 [575]

1229 267 1285 320 S.
1328 264 1611 322 JO.\NNIS
1648 265 2125 324 CIIRYSOSTOMI
2168 267 2484 323 ARCIIIEP.
2526 256 3077 330 CONSTANTINOE

3764 290 3870 345 31⁸2

2198 394 2314 448 ἐστὶ
2340 392 2764 465 περιδράξασθαι
2785 410 2799 425 ο
2848 394 3081 450 ἐνταῦθα
3126 396 3203 464 δὲ,
3227 397 3303 462 ὡς
3335 399 3473 464 ῖστε,
3511 402 3603 455 zeal
3638 403 3863 475 βραχεῖα

2193 482 2339 546 λέξις
2368 480 2627 545 πολλάκις
2647 483 2881 553 ήρκεσεν
2900 484 3031 553 ἡμῖν
3059 486 3238 539 πᾶσαν
3264 487 3466 556 ὐφᾶναι
3492 488 3592 560 τὴν
3612 489 3876 547 διδαησιιαο

2192 569 2333 623 λίαν.
2359 568 2458 623 Διά
2482 586 2563 622 τοι
2594 568 2751 624 τοῦτο
2779 571 2877 624 καὶ
2899 570 3027 640 χθὲς
3057 572 3348 643 προθέντες
3371 575 3501 644 ὑμῖν
3521 576 3590 630 τά
3624 577 3858 647 ἀνέγνω

2195 655 2385 726 σμένα,
2412 656 2506 709 zeal
2527 656 2636 709 τῶν
2669 657 2973 728 προοιμίων
2993 658 3281 730 ἁψάμενοι.
3307 662 3494 733 ἐπειδὴ
3521 666 3689 720 πολὺν
3713 666 3864 738 εὖρο-

2196 759 2295 813 μεν
2314 742 2424 797 τῶν
2461 743 2747 813 νοημάτων
2779 743 2871 798 τὸν
2900 746 3152 813 πλοῦτον,
3186 748 3286 801 οὐκ
3328 749 3634 819 ἰσχύσαμεν
3662 772 3865 825 περαι-

2189 826 2334 898 τέρω
2378 826 2697 898 προελθεῖν·
2741 828 2883 882 ὥστε
2924 829 2998 901 μὴ
3052 830 3131 902 τῷ
3169 832 3363 903 πλήθει
3409 835 3729 905 καταχῶσαι
3764 839 3867 910 τήν

2194 916 2412 988 μνήμην
2440 915 2613 987 ὐμῶν,
2642 916 2736 970 zeal
2761 916 3104 988 λυμήνασθαι
3130 922 3243 984 τοῖς
3268 921 3368 992 ήδη
3388 922 3619 993 ῥηθεῖσι.
3653 925 3748 978 Διό
3761 931 3865 997 τῆς

2189 1001 2361 1072 αὐτῆς
2391 1001 2710 1066 ἀκολουθίας
2738 1002 2976 1072 ἅψασθαι
3004 1003 3284 1076 βούλομαι,
3334 1007 3429 1060 καὶ
3481 1010 3715 1079 συνάψαι
3749 1016 3864 1078 τοῖς

2188 1089 2317 1161 χθὲς
2344 1090 2654 1162 εἰρημένοις
2680 1090 2774 1145 zeal
2801 1092 2872 1145 τά
2908 1091 3169 1161 μέλλοντα
3203 1094 3534 1165 ῥηθήσεσθαι
3559 1139 3574 1158 ,
3619 1100 3686 1151 ἵν’
3714 1099 3865 1155 οὕτω

2189 1178 2370 1231 πᾶσαν
2415 1177 2509 1230 τοῦ
2559 1176 2987 1248 άναγνὼσματος
3045 1182 3399 1252 ποιησάμενοι
3435 1183 3532 1255 τὴν
3574 1184 3863 1254 ἐξήγησιν,

2187 1258 2360 1322 οὕτως
2389 1258 2535 1330 ὑμᾶς
2563 1259 2811 1313 ἐντεῦθεν
2839 1261 3272 1333 ἀποπέμψωμεν.
3342 1264 3502 1320 Ἀλλά
3535 1268 3863 1339 προσέχετε,

2189 1344 2511 1416 παρακαλῶ,
2539 1346 2781 1417 ἀκριϐῶς
2806 1349 2918 1412 τοῖς
2946 1347 3277 1420 λεγομένοις.
3312 1352 3373 1405 Εἰ
3398 1352 3505 1423 7&9
3527 1355 3617 1407 zeal
3639 1357 3668 1408 ό
3696 1356 3863 1420 πόνος

2187 1427 2475 1500 ἡμέτερος,
2516 1428 2653 1483 ἀλλά
2677 1429 2737 1483 τὸ
2780 1430 2971 1502 κέρδος
3001 1433 3288 1505 ὑμέτερον,
3332 1434 3532 1506 μᾶλλον
3557 1436 3613 1489 δὲ
3652 1438 3857 1491 κοινόν.

2186 1514 2253 1567 Τί
2286 1515 2344 1568 δὲ
2368 1515 2509 1585 λέγω
2536 1515 2566 1569 ό
2588 1517 2748 1582 πόνος
2771 1517 3075 1590 ήμέτερος;
3106 1520 3274 1591 Οὐχί·
3306 1522 3439 1576 ἀλλά
3466 1525 3567 1593 τῆς
3599 1525 3694 1577 τοῦ
3719 1526 3860 1579 Θεοῦ

2186 1598 2407 1668 χάριτός
2426 1599 2573 1652 ἐστιν
2603 1600 2638 1670 ή
2666 1598 2863 1672 δωρεά.
2891 1601 3046 1655 Μετά
3072 1604 3345 1673 προσοχῆς
3371 1605 3550 1659 τοίνυν
3575 1607 3859 1676 ὐποδεχὼ-

2190 1687 2329 1755 μεθα
2359 1688 2455 1741 zeal
2481 1688 2643 1759 ἡμεῖς
2670 1688 2740 1742 τὰ
2778 1688 2930 1760 παρά
2959 1689 3054 1743 τοῦ
3089 1691 3224 1745 Θεοῦ
3243 1692 3580 1764 δωρούμενα,
3610 1697 3696 1750 ἴνα
3721 1714 3859 1769 κερ-

2184 1771 2440 1838 δάναντές
2460 1791 2513 1827 τι
2535 1775 2616 1839 εἰς
2632 1774 2734 1847 τὴν
2752 1775 2895 1830 κατά
2912 1776 3092 1847 ψυχὴν
3109 1780 3397 1849 σωτηρίαν,
3416 1781 3587 1844 οὕτως
3603 1783 3857 1838 ἐντεῦθεν

2186 1860 2458 1931 ἀπίωμεν.
2480 1862 2581 1915 Διὰ
2613 1861 2722 1936 7&9
2750 1863 2909 1918 τοῦτο
2935 1864 3058 1918 καθ’
3082 1865 3320 1937 ἑκάστην
3343 1868 3444 1938 τὴν
3476 1874 3857 1943 πνευματικὴν

2184 1948 2390 2017 ταύτην
2410 1948 2781 2020 παρατίθεμεν
2803 1951 2932 2021 ὑμῖν
2952 1952 3253 2023 τράπεζαν,
3276 1954 3364 2008 ῖνα
3393 1958 3459 2026 τῇ
3485 1958 3736 2031 συνεχείᾳ
3755 1961 3856 2031 τῆς

2187 2036 2559 2107 παραινέσεως
2609 2039 2703 2091 zeal
2735 2040 2803 2109 τῇ
2842 2039 3010 2112 πολλῇ
3044 2040 3154 2094 τῶν
3206 2040 3368 2095 θείων
3392 2043 3624 2114 Γραφῶν
3654 2047 3855 2121 μελέτῃ

2188 2122 2366 2174 πᾶσαν
2380 2122 2814 2194 ἀποτειχίσωμεν
2834 2123 2912 2194 τῷ
2934 2125 3154 2199 πονηρῷ
3173 2126 3389 2198 δαίμονι
3410 2129 3512 2202 τὴν
3534 2130 3851 2203 ἐπιϐουλήν.

2188 2206 2357 2262 Ὅταν
2388 2208 2497 2280 7&9
2531 2209 2613 2281 τδῃ
2646 2209 2845 2282 πολλὴν
2895 2212 3044 2282 ἡμᾶς
3093 2217 3220 2285 περὶ
3267 2215 3336 2267 τὰ
3375 2220 3721 2287 πνευματικά
3755 2221 3854 2290 τὴν

2185 2293 2425 2368 σπουδὴν
2444 2296 2781 2369 τιθεμένους,
2815 2298 2877 2354 οὐ
2909 2300 3071 2370 μόνον
3097 2301 3196 2355 οὐκ
3224 2303 3562 2375 ἐπιθήσεται,
3592 2306 3710 2359 ἀλλ’
3732 2307 3853 2360 οὐδὲ

2183 2383 2501 2453 ἀντιϐλέψαι
2523 2383 2805 2457 τολμήσει,
2831 2386 2986 2452 εἰδὼς
3007 2390 3089 2442 ὃτι
3117 2390 3350 2460 ἀνόνητα
3371 2393 3733 2463 ἐπιχειρήσει,
3760 2396 3850 2447 καὶ

2183 2467 2323 2522 κατὰ
2347 2469 2447 2540 τῆς
2474 2468 2668 2524 ἐαυτοῦ
2697 2473 2939 2544 κεφαλῆς
2974 2474 3073 2545 τὴν
3108 2475 3310 2547 τόλμαν
3335 2477 3679 2543 ἐπιδείξεται.
3712 2481 3849 2550 Φέρε

2182 2550 2275 2609 οὖν
2321 2555 2431 2609 τῶν
2459 2556 2585 2627 χθὲς
2628 2559 2934 2629 εἰρημένων
2959 2562 3061 2634 τὴν
3099 2563 3419 2617 ἀκολουθίαν
3466 2565 3847 2629 ἀναλαϐόντες.

2181 2641 2291 2695 τῶν
2313 2642 2644 2713 λειπομένων
2664 2645 2761 2717 τὴν
2786 2646 3044 2717 ἐξήγησιν
3069 2649 3442 2721 ποιησώμεθα.
3469 2653 3534 2704 Τί
3553 2653 3610 2707 δὲ
3629 2651 3697 2725 ἦν
3720 2657 3850 2724 ἡμῖν

2183 2729 2309 2798 χθὲς
2339 2729 2401 2782 τὸ
2421 2730 2712 2802 λεγόμενον
2729 2751 2745 2799 ;
2769 2734 2880 2805 Τὴν
2902 2735 3231 2804 ἐπαγγελίαν
3255 2737 3352 2809 τὴν
3372 2739 3504 2810 πρὸς
3519 2739 3612 2793 τὸν
3630 2742 3851 2813 ’Δϐραμ

2183 2817 2647 2889 περιεγράφομεν,
2702 2818 2830 2874 ἔνθα
2862 2822 3226 2895 προσέταττεν
3259 2825 3406 2895 αὐτῷ
3439 2827 3736 2897 ἀναϐλέψαι
3771 2831 3850 2889 εἰς

2180 2902 2274 2955 τὸν
2304 2902 2549 2974 οὐρανὸν,
2577 2907 2673 2959 καὶ
2695 2906 2755 2958 τὸ
2790 2907 2992 2979 πλῆθος
3018 2909 3126 2963 τῶν
3146 2909 3389 2982 ἀστέρων
3417 2912 3564 2966 ἰδεῖν.
3583 2915 3849 2984 Ἀριθμη-

2182 3008 2300 3048 σον
2322 2994 2451 3065 γὰρ,
2483 2997 2636 3066 φησί,
2659 2998 2801 3064 τοὺς
2824 2998 3102 3070 ἀστέρας,
3126 3003 3176 3054 εἰ
3198 3002 3437 3071 δυνήσῃ
3455 3002 3849 3073 ἐξαριθμῆσαι

2181 3083 2423 3149 αὐτούς.
2460 3082 2571 3139 Καὶ
2608 3084 2813 3139 εἷπεν-ο
2872 3087 3069 3153 Οὕτως
3120 3087 3292 3142 ἐσται
3338 3089 3403 3143 τὸ
3435 3090 3665 3159 σπέρμα
3702 3106 3846 3145 σου.

2184 3166 2315 3223 Elea
2346 3170 2668 3225 δεικνύουσα
2718 3173 2849 3243 ήμῖν
2883 3176 2916 3244 ή
2969 3173 3089 3227 θεία
3140 3175 3330 3247 Γραφὴ
3362 3175 3461 3246 τῆς
3492 3175 3712 3247 γνώμης
3749 3178 3851 3230 τοῦ

2184 3258 2524 3330 πατριάρχου
2557 3258 2618 3312 τὸ
2645 3258 2914 3329 φιλόθεον,
2938 3261 3028 3314 zeal
3055 3262 3134 3315 ὅτι
3169 3262 3304 3334 πρὸς
3332 3262 3422 3315 τὸν
3449 3263 3853 3336 ἐπαγγειλάμε-

2182 3363 2271 3400 νον
2291 3347 2452 3419 ὀρῶν,
2476 3348 2571 3401 zeal
2598 3347 2697 3419 τὴν
2717 3347 2946 3418 δύναμιν
2971 3348 3066 3402 τοῦ
3091 3349 3462 3420 ὑποσχομένου
3490 3351 3706 3412 ἐννοῶν,
3729 3352 3851 3404 ἐπί-

2184 3450 2337 3488 στευε
2385 3438 2499 3499 τοῖς
2528 3436 2859 3507 εἰρημένοις,
2893 3437 3057 3507 φησί’
3091 3436 3200 3491 Καί
3237 3437 3600 3493 ἐπίστευσεν
3632 3441 3850 3509 Ἀϐραμ

2182 3516 2262 3583 τῷ
2300 3518 2444 3585 Θεῷ,
2478 3520 2577 3572 καὶ
2602 3521 2888 3589 ἐλογίσθη
2912 3520 3072 3586 αὐτῷ
3094 3522 3184 3587 εἰς
3220 3520 3632 3591 δικαιοσύνην.
3668 3523 3851 3595 Μέχρι

2180 3605 2370 3660 τούτου
2390 3605 2516 3677 χθές
2542 3606 2806 3672 εἰπόντες,
2839 3608 2939 3661 οὐκ
2984 3607 3278 3679 ἰσχύσαμεν
3310 3610 3617 3682 περαιτέρω
3654 3611 3850 3680 προελ-

2181 3692 2314 3759 θεῖν,
2348 3693 2418 3748 δι’
2438 3695 2466 3748 ὃ
2490 3696 2787 3763 ἀναγκαῖον
2811 3694 2879 3748 τὰ
2906 3694 3033 3766 ἑξῆς
3060 3697 3378 3765 ἐπαγαγεῖν.
3410 3697 3475 3750 Τί
3504 3699 3613 3769 γάρ
3645 3715 3848 3769 φησιν;

2177 3778 2323 3836 Εῖπε
2345 3781 2414 3835 δὲ
2433 3783 2648 3851 Κύριος
2664 3784 2812 3851 πρὸς
2837 3784 3051 3853 Ἀϐραμ
3070 3800 3086 3816 ο
3127 3782 3266 3853 Ἐγώ
3288 3786 3403 3853 εἰμι
3425 3788 3459 3838 ό
3487 3784 3630 3850 Θεὸς
3651 3789 3683 3839 ό
3705 3785 3849 3850 ἑξα-

2181 3867 2379 3937 γαγών
2400 3885 2475 3924 σε
2504 3869 2571 3923 ἐκ
2599 3869 2712 3938 τῆς
2731 3869 2927 3939 χώρας
2946 3869 3278 3934 Χαλδαίων,
3313 3869 3470 3924 ὥστε
3496 3871 3712 3926 δοῦναί
3748 3889 3851 3927 σοι

2179 3955 2297 4024 τὴν
2326 3955 2446 4026 γῆν
2471 3958 2717 4025 ταύτην,
2752 3956 3205 4027 κληρονομῆσαι
3255 3956 3469 4026 αὐτήν.
3521 3958 3662 4029 Ὀρα
3710 3960 3851 4013 Θεοῦ

2182 4043 2612 4115 συγκατάϐασιν,
2645 4046 2762 4110 πῶς
2793 4046 2959 4100 αὐτοῦ
2984 4046 3229 4118 βούλεται
3260 4046 3361 4118 τὴν
3401 4046 3583 4101 πίστιν
3615 4046 3851 4116 βεϐαιῶ-

2182 4152 2296 4201 σαι,
2322 4138 2419 4192 καὶ
2447 4138 2654 4201 πεῖσαι,
2682 4134 2884 4207 πολλὴν
2909 4135 3053 4206 ἔχειν
3079 4134 3178 4207 τὴν
3202 4134 3571 4207 πληροφορίαν
3592 4137 3853 4206 περὶτῶν

2183 4219 2632 4292 ἐπηγγελμένων,
2662 4220 2945 4290 μονονουχὶ
2967 4218 3171 4289 λέγων⁸
3222 4218 3488 4289 μνήσθητι
3528 4220 3610 4272 ὅτι
3637 4218 3749 4287 ἐγώ
3783 4235 3850 4273 σε

2179 4308 2390 4361 οῖκοθεν
2411 4308 2705 4378 ἀνέστησα.
2745 4306 2877 4361 ’1δού
2906 4306 2975 4360 τὰ
2994 4305 3145 4378 παρὰ
3167 4305 3260 4360 τοῦ
3286 4306 3420 4361 Θεοῦ
3448 4306 3680 4377 ῥηθέντα
3703 4307 3855 4361 κατά

2181 4394 2271 4448 τὸν
2298 4393 2643 4465 πατριάρχην
2666 4394 2931 4464 σύμφωνα
2956 4393 3227 4448 δείκνυται
3247 4396 3361 4457 τοῖς
3374 4393 3526 4464 παρά
3549 4392 3642 4446 τοῦ
3663 4410 3852 4463 μακα-

2184 4480 2301 4551 ρίου
2330 4479 2602 4548 Στεφάνου
2632 4480 2964 4552 εἰρημένοις,
2987 4480 3068 4534 δτι
3097 4480 3193 4536 καὶ
3210 4479 3439 4547 οῐκοθεν,
3466 4480 3558 4533 zeal
3588 4479 3647 4545 ἐξ
3672 4480 3855 4550 αὐτῆς

2180 4570 2280 4640 τῆς
2311 4569 2584 4634 Χαλδαίας
2611 4569 2706 4623 τοῦ
2738 4570 3009 4624 Δεσπότου
3046 4569 3108 4623 τὸ
3154 4571 3482 4641 πρόσταγμα
3526 4568 3681 4622 αὐτὸν
3712 4568 3855 4620 ἀνα-

2183 4654 2372 4725 στῆναι
2403 4654 2802 4725 παρεσκεύασε.
2834 4657 2945 4710 Καὶ
2964 4658 3031 4728 τῇ
3065 4655 3253 4710 τούτου
3290 4657 3485 4729 γνώμῃ
3530 4655 3793 4725 ἑπόμενος
3822 4657 3855 4709 ό

2181 4742 2385 4814 πατὴρ,
2416 4743 2666 4815 καθάπερ
2688 4745 2783 4798 zeal
2814 4744 3118 4813 φθάσαντες
3141 4743 3389 4817 εἴπομεν,
3429 4746 3477 4797 εί
3505 4743 3599 4798 zeal
3617 4744 3854 4806 ἄπιστος

2179 4827 2270 4903 ἦν,
2297 4830 2411 4884 ἀλλ’
2438 4827 2535 4885 οὖν
2568 4831 2808 4903 μεγάλην
2849 4830 3103 4885 ὑπόθεσιν
3139 4831 3337 4903 δεσμοῦ
3367 4832 3429 4884 τὸ
3462 4831 3680 4903 φίλτρον
3706 4829 3856 4901 ἔχων

2177 4919 2240 4973 τὸ
2269 4919 2398 4991 περὶ
2424 4917 2605 4983 αὐτὸν,
2639 4917 2921 4987 ἠκολούθει
2947 4920 3042 4973 zeal
3065 4918 3231 4990 ἐξῄει.
3275 4919 3706 4991 ’Υπομιμνήσκει
3730 4918 3855 4974 τοία

2182 5023 2279 5061 νυν
2309 5007 2474 5059 αὐτὸν
2506 5005 2599 5059 ἐπὶ
2629 5005 2724 5060 τοῦ
2768 5006 3059 5078 παρόντος,
3094 5006 3226 5077 ὅσην
3260 5007 3325 5059 ἐκ
3368 5008 3666 5077 προοιμίων
3692 5005 3853 5082 [374]

2181 5096 2473 5165 ἐποιήσατο
2510 5093 2639 5167 περὶ
2686 5095 2849 5149 αὐτὸν
2887 5094 2985 5165 τὴν
3022 5094 3301 5166 πρόνοιαν,
3343 5094 3520 5167 δηλῶν
3558 5094 3725 5166 αὐτῷ,
3761 5096 3856 5151 ὅτι

2182 5181 2395 5253 μεγάλα
2439 5180 2563 5235 τινὰ
2621 5181 2752 5252 περὶ
2798 5181 2960 5235 αὐτοῦ
3021 5180 3440 5252 βουλευόμενος,
3494 5181 3588 5235 zeal
3639 5181 3855 5248 ταύτας

2180 5266 2348 5320 θέλων
2384 5265 2483 5331 τάς
2512 5266 2832 5339 ὑποσχέσεις
2878 5266 3014 5338 πρὸς
3045 5267 3206 5321 αὐτὸν
3233 5267 3561 5338 ποιήσασθαι
3616 5268 3713 5321 καὶ
3764 5269 3857 5334 εἰς

2179 5349 2339 5422 ἔργον
2364 5351 2612 5418 ἀγαγεῖν,
2638 5349 2906 5423 τοσαύτην
2944 5350 3063 5405 ὁδὸν
3096 5350 3343 5405 διανύσαι
3371 5350 3644 5423 ἐποίησεν.
3707 5350 3861 5421 Ὲτώ

2176 5437 2295 5502 εἰμι
2324 5436 2358 5488 ό
2379 5433 2688 5503 ἐξαγισγών
2713 5449 2790 5488 σε
2840 5435 2909 5489 ἐκ
2961 5434 3072 5504 τῆς
3122 5435 3316 5503 χώρας
3353 5433 3474 5489 τῶν
3508 5433 3855 5500 Χαλδαίων,

2177 5515 2391 5573 δοῦναι
2424 5532 2526 5571 σοι
2558 5516 2672 5584 τὴν
2697 5516 2815 5586 γῆν
2850 5517 3095 5585 ταύτην,
3141 5516 3591 5587 κληρονομῆσαι
3627 5515 3859 5582 αὑτήν.

2179 5598 2270 5667 Μὴ
2315 5596 2426 5668 γὰρ
2451 5596 2636 5660 ἁπλῶς
2667 5615 2726 5651 σε
2765 5598 2975 5653 ἐκεῖθεν
3003 5600 3310 5669 ἀνέστησας
3370 5600 3444 5671 μὴ
3476 5599 3586 5670 7&9
3607 5598 3730 5667 εἰκῆ
3751 5597 3856 5652 καὶ

2188 5680 2364 5748 μάτην
2386 5679 2631 5735 ἐνθεῦθέν
2678 5698 2739 5735 σε
2782 5683 3017 5753 ήγαγον;
3062 5684 3160 5739 Διά
3210 5684 3365 5739 τοῦτό
3405 5699 3464 5736 σε
3518 5679 3861 5736 καταλαϐεῖν
