4084 6214
339 371 436 427 341

341 494 517 538 motus
545 485 852 538 indecentes
866 492 920 538 et
944 497 1038 552 spe
1065 479 1327 536 mercedis
1354 479 1590 534 laborum
1623 479 1923 532 molestiam

341 578 699 631 suhlcvemus.
744 575 952 633 Sufficit
992 576 1135 630 enim
1163 574 1425 628 bonorum
1468 587 1614 642 spes,
1672 581 1728 625 ut
1765 573 1924 625 etiam

344 667 576 735 pericula
597 665 851 720 audacter
873 664 1243 736 aggrediamur
1273 679 1286 715 :
1309 672 1510 731 quanto
1535 661 1702 729 magis
1731 669 1787 714 ut
1815 659 1926 714 vir-

343 757 468 810 tutis
496 757 704 810 labores
747 755 954 810 fortiter
994 755 1268 810 feramus?
1295 753 1516 820 Quando
1563 755 1704 806 enim
1744 752 1926 804 animo

341 862 546 911 versas,
580 849 622 901 si
651 847 718 902 ad
770 848 928 901 breve
959 855 1169 917 tempus
1204 845 1514 909 certaveris,
1572 852 1626 899 et
1673 842 1926 914 fulgidam

342 941 638 994 servaveris
681 939 999 1008 virginitatis
1043 937 1378 1007 lampadem,
1427 946 1478 991 te
1521 937 1724 990 beatam
1765 935 1926 988 vitam

341 1040 796 1100 t'onscquttturntn
825 1029 964 1094 esse,
1009 1040 1062 1083 et
1091 1043 1214 1083 cum
1256 1043 1455 1098 sponso
1509 1028 1706 1080 intrare
1749 1041 1924 1095 posse.

343 1120 502 1175 modo
529 1135 780 1176 accensas
802 1120 996 1174 habeas
1023 1117 1315 1188 lamjiades,
1343 1126 1397 1173 et
1421 1116 1692 1171 sufticiens
1712 1116 1924 1178 oleum;

343 1213 604 1267 bonorum
635 1229 857 1282 operum
907 1213 1208 1275 actionem,
1242 1209 1456 1279 inquam
1486 1226 1500 1262 :
1528 1206 1794 1277 quomodo
1822 1221 1926 1259 non

341 1319 465 1359 cum
495 1305 636 1359 omni
671 1305 917 1359 facilitate
942 1302 1174 1357 difflcilia
1203 1301 1381 1356 omnia
1433 1308 1794 1365 transcurrere
1834 1311 1929 1364 po-

345 1396 494 1461 teris,
518 1395 757 1465 cogitans
799 1393 926 1448 illud
955 1393 1094 1464 quod
1124 1408 1152 1446 a
1191 1391 1347 1447 beato
1375 1389 1538 1444 Paulo
1567 1389 1767 1443 dictum
1804 1397 1881 1442 est
1910 1402 1925 1441 :

343 1485 532 1540 Pacem
560 1487 814 1540 sectemini
835 1501 950 1539 cum
971 1485 1222 1551 omnibus,
1251 1493 1300 1537 et
1322 1482 1791 1548 sanctiﬁcationem,
1822 1482 1932 1533 sine

341 1593 444 1646 qua
472 1578 644 1630 nullus
669 1578 851 1630 videbit
901 1576 1175 1630 Dominum
1216 1573 1402 1642 (Hebr.
1433 1572 1521 1627 i2.
1571 1571 1712 1643 M)?
1743 1572 1926 1625 Vidisti

342 1668 611 1738 quomodo
663 1668 1072 1722 sanctificationi
1117 1681 1298 1737 pacem
1348 1662 1664 1733 conjunxit?
1713 1661 1843 1716 Nam
1875 1670 1928 1716 ut

341 1759 573 1812 sciamus
592 1773 715 1812 eum
737 1774 840 1811 non
868 1759 1040 1813 solum
1062 1757 1300 1826 corporis
1323 1755 1604 1825 puritatem
1635 1754 1927 1822 requirere,

341 1848 436 1902 sed
459 1859 508 1901 et
539 1863 743 1918 pacem,
777 1849 893 1902 haec
914 1856 1211 1918 opportune
1232 1853 1640 1907 commemorat,
1685 1843 1931 1909 utrinque

345 1937 531 1990 volens
581 1938 810 2002 munire,
863 1947 918 1992 ut
955 1946 1012 1992 et
1061 1937 1411 2008 cogitationes
1448 1935 1716 1999 sedemus,
1758 1935 1828 1986 ita
1877 1941 1931 1986 ut

345 2028 486 2081 nulla
513 2028 584 2083 sit
615 2030 666 2082 in
711 2029 865 2083 nobis
919 2028 1168 2092 turbatio,
1199 2027 1480 2096 nullusque
1519 2024 1773 2079 tumultus
1803 2021 1930 2078 :sed

346 2119 398 2172 in
429 2119 806 2188 tranquillitate
830 2130 884 2173 et
911 2119 1088 2187 quiete
1119 2133 1429 2182 versemur,
1457 2125 1513 2170 et
1543 2129 1666 2169 cum
1686 2111 1934 2168 omnibus

347 2213 563 2282 pacifice
582 2227 804 2281 agamus
826 2222 879 2265 et
901 2211 1160 2266 mansueti
1183 2211 1348 2264 simus
1369 2219 1422 2263 et
1440 2208 1594 2262 mites
1613 2215 1668 2261 et
1693 2204 1928 2270 humani,

345 2315 503 2376 atque
545 2305 679 2359 adeo
709 2314 766 2359 ut
792 2319 979 2359 omnes
1008 2305 1222 2358 virtutis
1248 2305 1456 2359 colores
1487 2304 1536 2356 in
1577 2302 1713 2356 facie
1750 2311 1930 2354 nostra

345 2399 631 2451 reluccant.
649 2397 722 2452 lla
741 2397 879 2450 enim
901 2396 1152 2466 deinceps
1174 2396 1459 2465 etgloriam
1483 2394 1762 2465 praesentis
1784 2392 1928 2457 vitae,

347 2486 638 2555 poterimus
665 2487 943 2556 deSpicere
989 2501 1173 2540 veram
1201 2486 1425 2556 gloriam
1475 2484 1846 2556 praeferentes,
1879 2490 1934 2535 et

345 2577 656 2631 humilitatis
683 2578 938 2646 majorem
968 2576 1162 2631 habere
1187 2592 1391 2642 curam,
1419 2576 1696 2645 ridereque
1717 2587 1931 2627 onmem

347 2669 621 2737 pra-sentis
651 2670 770 2722 vita:
795 2668 1221 2737 prosperitatetn,
1247 2677 1304 2723 ut
1335 2684 1452 2722 vera
1481 2678 1536 2722 et
1565 2665 1732 2721 so'ida
1761 2663 1930 2718 felici-

348 2768 454 2812 tate
501 2761 758 2824 fruamur,
798 2770 852 2812 et
875 2758 1148 2813 Christum
1189 2759 1372 2813 videre
1422 2771 1741 2812 mereamur.
1785 2753 1932 2807 Beati

342 2849 509 2914 enim,
541 2849 728 2917 inquit,
769 2850 884 2918 puri
905 2851 1076 2917 corde,
1102 2852 1339 2921 quoniam
1382 2847 1480 2918 ipsi
1506 2845 1669 2900 Deum
1699 2845 1932 2899 videbunt

345 2939 557 3008 (Matth.
587 2942 640 2995 5.
673 2941 752 3011 8).
782 2941 1132 2995 Puriiicemus
1179 2940 1354 3010 itaque
1383 2949 1617 2993 nostram
1650 2937 1929 2992 conscien-

346 3032 493 3098 tiam,
516 3042 570 3085 et
613 3047 801 3100 magna
848 3047 972 3086 cura
1000 3033 1161 3084 vitam
1197 3041 1430 3084 nostrain
1465 3029 1843 3100 gubernemus,
1874 3037 1934 3081 ut

343 3139 463 3180 cum
490 3137 804 3194 pnesentem
829 3125 988 3180 vitam
1019 3125 1069 3180 in
1097 3126 1241 3180 omni
1262 3125 1512 3179 virtutum
1532 3138 1727 3193 genere
1755 3132 1930 3176 trans-

344 3216 580 3279 ierimus,
627 3215 814 3270 horum
841 3216 1080 3272 laborum
1108 3215 1325 3286 prtcmia
1350 3230 1654 3270 mereamur
1688 3214 1932 3284 accipere

345 3306 396 3358 iu
433 3305 608 3360 futuro
629 3307 846 3371 Sit-culo,
871 3307 1035 3376 gratia
1065 3317 1118 3359 et
1137 3305 1499 3362 misericordia
1531 3304 1738 3358 Domini
1765 3304 1930 3358 nostri

343 3396 470 3450 Jesu
492 3397 711 3462 Christi,
744 3398 826 3450 cui
854 3413 974 3450 cum
1009 3396 1164 3450 Patre
1193 3407 1247 3450 et
1273 3405 1461 3449 sancto
1489 3394 1688 3462 Spiritu
1714 3394 1784 3446 sit
1810 3393 1928 3462 glo-

345 3485 446 3550 ria,
474 3486 776 3553 imperium,
821 3485 1013 3549 honor,
1044 3500 1184 3537 ttunc
1230 3491 1286 3537 et
1312 3497 1549 3551 semper,
1578 3491 1633 3536 et
1661 3485 1710 3536 in
1737 3483 1930 3536 Saecula

268 3581 278 3590 '
347 3577 685 3630 saeculorum.
721 3578 912 3629 Amen.

842 3663 1114 3719 IIUMILIA
1172 3663 1432 3718 XXXVII.

350 3756 492 3812 Dixit
517 3768 682 3810 autem
711 3757 754 3809 ei
782 3771 802 3810 :
829 3755 940 3827 Ego
990 3773 1102 3810 sum
1129 3755 1296 3820 Deus,
1328 3756 1412 3825 qni
1455 3752 1604 3807 eduxi
1635 3763 1681 3806 te
1705 3753 1768 3805 de
1797 3763 1932 3807 terra

420 3848 795 3910 Cltaldazorum,
825 3859 878 3901 ut
923 3848 1095 3901 darem
1123 3849 1213 3900 tibi
1242 3857 1426 3902 terram
1455 3847 1604 3912 lianc,
1633 3855 1688 3899 stt
1713 3847 1764 3900 in
1791 3846 1932 3899 liere-

419 3939 628 3992 ditatem
654 3939 916 4007 possideas
944 3955 1075 3992 eam.
1105 3937 1244 3991 Dixit
1264 3946 1431 3990 autem
1469 3953 1490 3990 :
1538 3935 1770 4002 Domine,
1817 3934 1932 3990 Do-

419 4031 553 4082 mine
570 4071 585 4096 ,
610 4029 882 4083 secundum
901 4029 1022 4099 quid
1049 4045 1344 4100 cognoscam
1370 4029 1506 4099 quod
1531 4029 1580 4081 in
1607 4029 1934 4083 hereditatem

418 4122 664 4192 accipiam
687 4137 798 4174 eam
823 4118 971 4192 (Gen.
1001 4122 1084 4176 I5.
1116 4137 1162 4174 ιι.
1197 4123 1247 4176 7.
1281 4122 1373 4192 ta)?

422 4214 474 4269 1.
504 4213 788 4284 Scriptum
810 4216 982 4268 virtus.
1012 4214 1197 4268 Divina
1222 4216 1459 4286 dogmata
1478 4223 1718 4284 qnantum
1752 4213 1933 4266 hutno-

351 4306 428 4360 nis
482 4304 802 4360 antecellant.
847 4334 916 4345 -—
957 4306 1142 4376 Magna
1199 4307 1394 4362 divina:
1434 4307 1722 4376 Scriptura:
1767 4307 1934 4361 virtus

350 4408 451 4466 est,
477 4408 530 4453 et
552 4399 731 4452 multa:
757 4398 808 4452 in
853 4399 1034 4454 verbis
1079 4400 1243 4454 latent
1288 4400 1668 4454 sententiarum
1707 4399 1929 4454 divitiae.

352 4487 475 4542 Ideo
520 4504 613 4558 par
645 4499 726 4544 est
771 4498 828 4544 ut
873 4489 1153 4558 diligenter
1207 4489 1560 4556 intendamus,
1603 4498 1659 4545 et
1707 4491 1932 4546 sollicite

351 4593 672 4649 scrutemur,
717 4600 822 4653 quo
851 4585 1163 4654 ampliorem
1198 4585 1479 4639 utilitatem
1511 4585 1635 4639 inde
1664 4587 1931 4655 percipia-

353 4688 491 4728 ntus.
518 4673 650 4729 Nam
677 4687 894 4744 pr0pter
916 4674 1016 4728 hoc
1042 4687 1094 4730 et
1119 4676 1364 4730 Christus
1409 4676 1680 4745 pra-cepit,
1702 4677 1884 4731 dicens
1914 4695 1928 4731 :

353 4765 661 4822 Scrutamini
697 4765 992 4837 Scripturas
1036 4766 1212 4837 (Joan.
1259 4767 1313 4822 5.
1339 4767 1442 4839 59)
1473 4786 1484 4818 :
1511 4777 1568 4821 ut
1593 4782 1696 4820 non
1726 4777 1928 4822 tantum

355 4854 510 4909 nuda:
541 4855 761 4910 lectioni
816 4871 1082 4920 vacemus,
1123 4857 1216 4912 sed
1261 4858 1570 4928 profundius
1609 4867 1928 4922 scrutantes,

353 4963 540 5002 verum
573 4947 859 5016 Scriptura:
884 4966 1099 5006 sensum
1142 4953 1416 5020 percipere
1455 4951 1747 5006 valeamus.
1788 4950 1932 5006 Talis

352 5039 494 5093 enitn
524 5038 810 5107 Scriptura:
854 5055 970 5095 mos
1019 5049 1123 5106 est,
1149 5050 1204 5095 ut
1234 5051 1287 5094 et
1313 5042 1364 5094 in
1410 5041 1586 5109 [nu-vis
1614 5041 1788 5096 verbis
1819 5042 1934 5108 plu-

353 5128 488 5183 rima
540 5143 684 5198 sazpe
735 5130 1015 5184 multitudo
1067 5146 1317 5186 sensuum
1363 5131 1680 5185 inveniatur.
1747 5131 1929 5185 Divina

351 5220 491 5274 enim
513 5229 638 5273 sunt
664 5218 930 5289 dogmata,
960 5237 1064 5275 non
1093 5220 1342 5286 humana,
1370 5232 1423 5275 et
1451 5229 1665 5291 propter
1692 5221 1791 5275 hoc
1815 5235 1933 5275 om-

351 5325 472 5364 nem
502 5310 647 5364 illam
676 5310 856 5365 videre
901 5312 1024 5366 licet
1060 5326 1216 5367 secus
1244 5326 1302 5366 se
1340 5311 1536 5366 habere
1561 5326 1717 5380 quam
1746 5311 1933 5365 Imma-

352 5418 473 5457 nam
509 5403 844 5471 sapientiam.
887 5405 952 5460 Et
980 5405 1248 5475 quomodo
1280 5407 1403 5471 hoc,
1431 5421 1532 5475 ego
1579 5406 1774 5459 dicam.
1823 5404 1933 5459 Illic

349 5496 515 5560 enim,
543 5497 595 5550 in
624 5496 852 5552 humana
881 5499 1136 5568 sapientia
1181 5498 1320 5562 dico,
1351 5513 1514 5553 omne
1542 5498 1776 5552 studium
1802 5513 1931 5551 cun-

351 5588 629 5644 ciunandis
648 5589 825 5645 verbis
852 5589 1145 5644 adhibitqu
1167 5601 1248 5644 est
1283 5607 1298 5644 :
1327 5592 1411 5645 hic
1433 5607 1559 5645 vero
1589 5606 1807 5660 prorsus
1835 5591 1931 5643 ali-

355 5690 455 5735 ter.
485 5680 696 5736 Nullam
742 5683 1032 5753 Scriptura:
1066 5681 1260 5736 habent
1302 5683 1558 5736 rationem
1588 5681 1932 5750 pulchritudi-

355 5776 438 5832 nis
457 5777 540 5832 vel
575 5776 974 5850 compositionis
1001 5774 1285 5832 verborum
1332 5791 1344 5825 :
1385 5774 1579 5831 habent
1619 5776 1760 5831 enim
1792 5777 1842 5832 in
1871 5790 1928 5832 se

1373 367 1438 422 IN
1475 366 1628 423 CAP.
1671 365 1786 420 XV.
1819 364 2060 421 GENES.
2088 363 2314 419 ιιυιιιι..
2358 364 2618 418 XXXVII.

3517 370 3620 426 δεῖ

2034 474 2267 531 divinam
2281 476 2501 545 gratiam
2514 476 2874 547 elTnIgcntem,
2900 489 2947 532 et
2968 480 3408 547 pulchritudinem
3431 483 3482 535 in
3507 484 3616 552 ipsa

2033 571 2315 624 verborum
2345 570 2549 624 ratione
2579 570 2758 623 sitam.
2785 571 2848 624 Et
2879 571 2984 624 illic
3017 573 3231 641 quidem
3265 583 3383 642 post
3408 575 3616 644 longam

2033 675 2087 719 et
2131 666 2394 734 ingentem
2462 666 2814 734 nogacitatem
2861 664 3055 734 aliquid
3097 681 3287 721 sensus
3335 667 3608 736 percipere

2033 766 2150 810 est:
2181 756 2265 808 hic
2285 765 2483 819 autem,
2506 766 2562 809 ut
2581 755 2748 820 scitis,
2778 755 2938 808 etiam
2969 771 3127 824 parva
3164 756 3331 810 dictio
3363 771 3506 826 saepe
3529 765 3614 809 to-

2035 855 2144 899 tum
2175 846 2328 899 nobis
2355 846 2612 899 doctrinae
2639 859 2947 900 sermonem
2985 846 3276 899 contexuit.
3329 846 3617 915 Propterea

2033 949 2088 993 ct
2115 940 2248 1000 heri,
2281 939 2546 1009 proposita
2577 941 2724 992 vobis
2753 941 3040 1008 Scriptura:
3064 939 3313 1000 lectione,
3348 941 3448 994 sub
3496 941 3614 1010 ipso

2033 1031 2279 1093 exordio,
2309 1032 2430 1099 quia
2445 1031 2664 1085 multum
2686 1032 2986 1086 invenimus
3006 1048 3260 1086 sensuum
3287 1034 3617 1095 thesaurum,

2035 1138 2140 1174 non
2173 1123 2440 1190 potuimus
2467 1124 2604 1176 ultra
2634 1123 2902 1193 progredi,
2932 1134 2990 1177 ut
3023 1139 3088 1178 ne
3130 1124 3394 1177 dictorum
3437 1123 3622 1177 inulti-

2036 1213 2222 1267 tudine
2254 1215 2564 1267 memoriam
2607 1225 2837 1268 vestram
2865 1216 3233 1277 obrui-remus,
3262 1225 3315 1268 et
3335 1215 3446 1284 jam
3477 1215 3621 1268 dicta

2033 1301 2456 1356 obliteraremus.
2516 1302 2636 1357 Ideo
2677 1304 2919 1358 eamdem
2972 1305 3167 1357 seriem
3198 1306 3492 1374 attingere,
3527 1305 3620 1360 he-

2033 1393 2337 1463 sternisque
2363 1394 2519 1448 dictis
2543 1411 2605 1450 ea
2631 1411 2747 1465 qua?
2791 1397 2948 1450 hodie
2990 1397 3212 1451 dicemla
3243 1407 3364 1451 sunt
3390 1398 3510 1450 volo
3530 1411 3619 1451 co-

2035 1484 2218 1553 pulare
2241 1525 2256 1548 ,
2291 1493 2348 1538 ut
2387 1485 2455 1538 ita
2501 1496 2742 1540 enarrata
2768 1486 2993 1541 lectione
3037 1496 3145 1542 tota
3174 1503 3268 1542 vos
3297 1488 3418 1542 hinc
3444 1488 3623 1542 dimit-

2037 1582 2163 1625 tam.
2191 1572 2317 1636 Sed,
2347 1589 2466 1639 oro,
2493 1571 2560 1627 iis
2575 1576 2961 1642 qua-dicuntur
2980 1577 3284 1633 auscultate
3319 1578 3618 1647 diligenter.

2034 1665 2166 1719 Nam
2193 1668 2292 1720 etsi
2319 1667 2466 1720 labor
2508 1675 2709 1733 noster,
2741 1669 2936 1722 utilitas
2973 1678 3145 1722 tamen
3176 1682 3350 1724 veszra
3379 1679 3480 1735 est,
3515 1669 3626 1722 imo

2034 1757 2350 1810 comnnmis.
2384 1757 2446 1809 Et
2473 1757 2597 1826 quid
2620 1757 2738 1811 dico
2769 1758 2918 1812 labor
2935 1758 3158 1812 noster?
3187 1758 3402 1812 Minime
3431 1766 3616 1824 certe;

2035 1847 2128 1900 sed
2161 1848 2355 1900 donum
2379 1857 2456 1901 est
2482 1849 2666 1917 gratia:
2697 1849 2810 1902 Dei.
2833 1848 2968 1902 Cum
2993 1850 3289 1920 attentione
3318 1849 3475 1920 igitur
3500 1865 3621 1904 sus-

2033 1940 2294 2010 cipiamus
2330 1956 2391 1994 ea
2417 1956 2535 2009 quae
2554 1955 2585 1994 a
2610 1941 2717 1994 Deo
2737 1941 3021 2006 donantur,
3042 1951 3098 1996 ut
3132 1941 3252 1996 hinc
3275 1941 3614 1997 lucrifacien—

2038 2041 2115 2086 tes
2158 2033 2353 2102 aliquid
2405 2034 2456 2086 in
2506 2033 2800 2086 animarum
2851 2034 3124 2099 salutent,
3179 2034 3302 2089 inde
3343 2036 3620 2089 abeamus.

2036 2123 2160 2178 Ideo
2181 2123 2321 2178 enim
2345 2123 2580 2192 quotidie
2601 2123 2930 2191 spiritualem
2963 2122 3099 2178 hanc
3129 2124 3280 2177 Vttbls
3304 2124 3622 2192 apponimus

2037 2228 2298 2280 mensam,
2323 2223 2380 2267 ut
2398 2213 2759 2268 admonitione
2785 2215 3035 2268 continua
3061 2223 3114 2267 et
3140 2215 3300 2268 multa
3318 2215 3618 2269 divinarum

2034 2304 2424 2374 Scripturarum
2463 2303 2806 2359 meditatione
2841 2320 3030 2360 omnes
3075 2305 3290 2374 maligni
3344 2305 3606 2359 daemonis

2035 2397 2380 2451 excludamus
2425 2395 2665 2451 insidias.
2697 2395 2829 2451 Cum
2861 2398 3002 2452 enim
3051 2414 3146 2453 nos
3171 2398 3362 2453 viderit
3392 2399 3619 2451 multum

2037 2487 2088 2540 in
2122 2487 2482 2556 spiritualihus
2533 2487 2800 2557 occupari,
2844 2504 2948 2542 non
3003 2489 3175 2542 solum
3226 2505 3331 2542 non
3385 2489 3620 2554 ini-adet,

2035 2577 2129 2630 sed
2173 2591 2343 2646 neque
2372 2576 2580 2631 obtueri
2610 2577 2826 2632 audebit
2855 2595 2868 2631 :
2899 2579 3072 2633 sciens
3099 2594 3157 2632 se
3195 2579 3246 2632 in
3282 2594 3473 2632 vamnn
3507 2594 3621 2632 mo-

2041 2667 2143 2728 liri.
2169 2676 2223 2720 ct
2251 2667 2505 2721 adversus
2534 2677 2692 2737 caput
2730 2683 2885 2722 suum
2926 2685 3090 2724 ausus
3131 2685 3258 2724 suos
3285 2678 3621 2725 convertere.

2035 2760 2146 2829 Age
2168 2759 2322 2828 igitur
2343 2758 2410 2812 he
2443 2759 2576 2812 terni
2600 2761 2864 2813 sermonis
2885 2763 3106 2829 repetita
3129 2760 3286 2823 serie,
3310 2759 3456 2830 quod
3486 2760 3616 2816 reli-

2034 2865 2194 2919 quum
2223 2848 2321 2903 fuit
2343 2863 2675 2904 enarremus.
2705 2850 2841 2916 Quid
2881 2861 3059 2906 autem
3103 2850 3214 2904 heri
3245 2851 3444 2903 dictum
3486 2849 3622 2903 fuit?

2037 2942 2451 2996 Promissioncin
2489 2958 2647 3012 quam
2689 2941 2826 2997 Deus
2867 2942 2989 2996 fecit
3028 2941 3184 2994 Ahra:
3213 2940 3621 3008 descripsimus,

2037 3033 2124 3086 ubi
2156 3033 2433 3103 imperavit
2459 3033 2508 3088 ei
2531 3045 2589 3088 ut
2614 3033 2910 3104 suspiceret
2937 3032 2988 3086 in
3021 3032 3206 3086 cadum
3228 3072 3240 3094 ,
3269 3040 3323 3084 ct
3349 3040 3616 3099 spectaret

2035 3125 2306 3179 stellarum
2354 3125 2764 3180 multitudinem.
2800 3122 3028 3178 Numera
3078 3124 3217 3176 enim
3239 3165 3254 3187 ,
3286 3123 3474 3191 inquit,
3505 3123 3625 3176 stel-

2035 3216 2132 3283 las,
2162 3217 2204 3271 si
2229 3218 2414 3289 poteris
2443 3233 2526 3272 eas
2552 3232 2836 3272 numerare.
2859 3214 2926 3269 Et
2947 3215 3074 3268 dixit
3099 3215 3144 3267 ei
3176 3229 3195 3268 :
3221 3213 3310 3268 Sic
3340 3214 3432 3265 erit
3456 3229 3623 3267 semen

2036 3319 2198 3362 tuum.
2221 3310 2421 3365 Deinde
2439 3325 2558 3365 cum
2576 3310 2965 3364 demonstraret
2979 3305 3327 3360 nobisdivina
3351 3305 3624 3372 Scriptura

2035 3399 2337 3469 religiosam
2369 3401 2680 3469 patriarcha:
2709 3405 2962 3459 mentem,
3011 3404 3064 3448 et
3089 3394 3359 3464 quomodo
3406 3394 3471 3447 ad
3501 3407 3625 3461 pro-

2036 3492 2334 3544 mittentem
2361 3490 2652 3557 respiciens
2678 3528 2694 3553 ,
2723 3497 2779 3540 et
2822 3484 3107 3554 potentiam
3155 3485 3510 3553 promittentis
3530 3500 3625 3538 co-

2035 3581 2208 3648 gitans
2236 3619 2252 3643 ,
2306 3575 2592 3631 crediderit
2641 3576 2815 3640 dictis,
2869 3573 2998 3627 dicit
3025 3589 3038 3625 :
3070 3572 3134 3626 Et
3185 3574 3402 3626 credidit
3439 3572 3628 3625 Abram

2041 3671 2168 3737 Deo,
2197 3679 2243 3723 et
2286 3678 2581 3738 reputatum
2622 3677 2694 3721 est
2720 3669 2765 3720 ei
2790 3667 2842 3718 in
2852 3666 3129 3736 justitiam.
3182 3666 3464 3733 Ilucusque
3513 3664 3626 3718 heri

2035 3776 2337 3816 sermonem
2367 3759 2728 3829 produximus,
2764 3772 2935 3827 neque
2965 3757 3185 3811 ulterius
3227 3755 3472 3825 progredi
3525 3769 3621 3825 po-

2038 3855 2234 3910 tuimus
2265 3871 2278 3907 :
2306 3853 2425 3908 ideo
2441 3867 2621 3922 opera:
2649 3851 2878 3921 pretium
2899 3857 2983 3904 est
3011 3857 3066 3902 nt
3095 3849 3354 3902 addamus
3383 3863 3621 3917 sequen-

2037 3948 2128 4001 tia.
2153 3946 2287 4012 Quid
2317 3961 2444 4014 ergo
2459 3942 2622 3998 dicit?
2643 3944 2697 3996 7.
2712 3940 2854 3995 Dixit
2875 3950 3041 3994 autem
3057 3937 3309 3993 Dominus
3325 3939 3392 3990 ad
3416 3939 3626 3991 Abram:

2039 4040 2149 4110 Ego
2178 4057 2289 4095 sum
2315 4037 2380 4092 1).
2395 4055 2474 4106 us,
2513 4039 2598 4109 qui
2621 4036 2775 4090 eduxi
2804 4045 2852 4089 te
2891 4035 2952 4088 de
2979 4044 3114 4088 terra
3143 4032 3516 4091 Chaldaeorum,
3568 4041 3624 4084 nt

2037 4133 2211 4186 darent
2239 4131 2328 4184 tibi
2353 4140 2538 4184 terram
2589 4129 2738 4192 lianc,
2782 4136 2837 4180 stt
2881 4127 2936 4180 in
2981 4125 3305 4179 hereditatem
3344 4123 3628 4194 possideres

2036 4239 2167 4277 eam.
2203 4224 2335 4281 Vide
2363 4218 2632 4292 quomodo
2661 4219 2800 4274 Deus
2829 4233 2888 4273 se
2935 4217 3181 4270 humanm
3213 4214 3506 4268 infirmitati
3532 4222 3618 4267 at-

2037 4322 2312 4382 temperet,
2344 4309 2611 4381 quomodo
2641 4310 2796 4364 fidem
2823 4309 2962 4362 illius
2988 4308 3338 4361 eorrohoi-are
3370 4307 3515 4368 velit,
3543 4307 3628 4358 ei-

2035 4423 2138 4476 que
2166 4405 2485 4474 persuadere
2509 4403 2646 4457 utde
2665 4403 2858 4471 iisqua:
2875 4401 3132 4471 promissa
3161 4397 3370 4452 fuerant
3401 4396 3618 4450 minimc

2034 4499 2236 4552 dubitet
2260 4495 2438 4565 :quasi
2467 4495 2704 4549 iliceiet:
2733 4494 2934 4548 Memor
2953 4501 3088 4557 esto,
3113 4507 3196 4544 tne
3219 4507 3248 4544 a
3274 4491 3432 4544 domo
3463 4499 3546 4542 tua
3578 4497 3629 4543 te

2033 4589 2357 4647 crocnisse.
2381 4587 2538 4642 Certe
2557 4601 2675 4656 qua
2694 4603 2723 4638 a
2753 4587 2974 4640 Domino
2997 4586 3103 4639 Deo
3123 4585 3370 4638 dicuntur
3386 4598 3623 4636 consona

2035 4689 2157 4735 sunt
2183 4679 2320 4734 beati
2344 4678 2595 4747 Stephani
2617 4677 2791 4738 dictis,
2820 4677 2981 4745 quiet
3001 4676 3067 4729 de
3093 4675 3334 4735 domo,et
3362 4673 3428 4725 de
3452 4671 3626 4724 Chal-

2034 4771 2147 4824 dana
2181 4768 2389 4823 Domini
2431 4774 2697 4836 praecepti
2725 4775 3003 4820 evocatam
3029 4779 3150 4819 eum
3181 4763 3308 4817 dicit
3338 4761 3355 4832 (
3381 4764 3489 4815 Act.
3520 4761 3550 4814 7

2038 4863 2104 4918 Et
2130 4863 2246 4930 ejus
2270 4861 2549 4915 sententia:
2578 4859 2909 4926 obseqnutns
2933 4869 3100 4923 pater.
3128 4867 3177 4908 et
3213 4864 3271 4906 ut
3296 4864 3451 4906 antea
3478 4853 3622 4906 dixi-

2038 4969 2175 5017 mus,
2202 4952 2443 5023 quamvis
2469 4950 2695 5004 inlidelis
2725 4960 2890 5014 esset,
2919 4963 3160 5016 magnam
3187 4955 3361 4999 tamen
3391 4947 3621 4999 societa-

2039 5048 2110 5103 tis
2130 5061 2343 5102 causam
2389 5044 2608 5105 habens,
2640 5058 2832 5112 nempe
2877 5041 2966 5096 lilii
3014 5055 3275 5106 amorem,
3304 5040 3402 5094 via:
3443 5055 3626 5094 comes

2037 5137 2140 5194 fuit
2183 5147 2237 5192 et
2265 5137 2417 5191 exiit.
2456 5136 2633 5205 Itaque
2662 5135 2713 5187 in
2745 5143 2974 5187 mentem
3003 5133 3051 5185 ei
3094 5140 3309 5185 revocat
3342 5130 3442 5184 hoc
3479 5131 3619 5196 loco,

2035 5238 2287 5299 quantam
2313 5229 2380 5283 ab
2409 5229 2560 5282 initio
2590 5227 2706 5296 ejus
2732 5241 2913 5280 curam
2965 5223 3223 5293 gesserit,
3266 5223 3544 5276 declarans
3569 5223 3618 5275 ei

2037 5335 2098 5375 se
2133 5329 2189 5373 ut
2210 5335 2329 5373 eum
2358 5318 2422 5372 ad
2447 5333 2634 5386 magna
2660 5317 2997 5386 proveheret,
3019 5324 3074 5369 et
3091 5325 3165 5368 tot
3197 5314 3268 5367 ill:
3301 5313 3438 5367 bona
3467 5312 3621 5380 polli—

2037 5419 2248 5465 ceretur
2272 5420 2323 5464 et
2347 5408 2606 5477 impleret,
2635 5417 2836 5461 tantum
2865 5406 3069 5461 itineris
3083 5409 3352 5458 coniicere
3371 5403 3614 5471 jussissc.

2042 5500 2148 5570 Ego
2171 5516 2280 5554 sum
2308 5497 2464 5564 Dens,
2492 5499 2576 5568 qui
2603 5498 2753 5552 eduxi
2779 5506 2826 5550 te
2849 5497 2912 5549 de
2936 5496 3139 5566 regione
3157 5494 3530 5555 Chaldreorum,
3564 5501 3618 5544 ut

2036 5592 2210 5644 darem
2261 5589 2347 5642 tibi
2393 5600 2579 5643 terram
2627 5588 2778 5652 hanc,
2812 5599 2862 5639 ut
2893 5586 2944 5638 in
2983 5586 3308 5640 hereditatem
3337 5581 3617 5653 possideres

2039 5697 2168 5736 eam.
2200 5681 2334 5736 Num
2361 5691 2412 5736 te
2456 5682 2654 5750 absque
2679 5694 2837 5734 causa
2883 5679 3025 5733 illinc
3053 5676 3308 5734 evocavi?
3353 5691 3476 5730 num
3509 5674 3617 5729 Iru-

2039 5785 2144 5830 stra
2172 5785 2221 5830 et
2255 5776 2306 5830 in
2346 5791 2531 5830 ianum
2562 5783 2612 5828 te
2640 5773 2780 5828 illinc
2807 5771 3008 5827 eduxi?
3030 5769 3318 5841 Propterea
3344 5785 3442 5840 ego
3470 5783 3612 5840 prx-
