4084 6214
501 304 606 358 5ςῦ

501 421 613 488 πνρῐ
645 429 702 474 ut
731 429 781 473 te
805 421 854 473 in
881 421 1212 476 l‘al.estinam
1235 423 1534 489 conferres,
1561 434 1616 478 et
1642 425 1823 479 relicta
1848 435 2068 494 paterna

502 509 664 562 domo
696 509 906 564 venires
947 511 998 564 in
1045 521 1237 566 terram
1296 513 1470 579 banc,
1519 524 1578 568 ut
1628 515 1679 568 in
1736 515 2083 569 hereditatem

505 613 624 650 cam
654 601 975 668 possideres.
1021 601 1274 672 Cogitanti
1319 604 1477 673 igitur
1504 615 1697 675 quanta
1728 605 1918 660 fruaris
1967 621 2082 660 mea

508 690 860 757 providentia,
891 709 954 749 es
982 710 1048 749 eo
1087 703 1327 765 tempore
1353 713 1460 766 quo
1485 698 1788 752 Cltaldazam
1820 699 2083 768 reliquisti

507 797 676 850 usque
703 783 753 837 in
784 801 1018 852 pnesens
1038 796 1264 857 tempus,
1297 799 1351 843 et
1391 789 1658 858 quomodo
1694 790 1870 845 clarus
1898 791 1993 854 sis,
2022 806 2085 843 ac

508 885 603 938 per
629 888 803 927 meum
831 876 1125 929 subsidium
1157 887 1211 931 ct
1260 893 1444 932 curam
1487 879 1726 948 quotidie
1750 880 1946 933 clarior
1964 896 2087 934 eva—

505 960 623 1024 das,
649 961 804 1016 dictis
834 964 967 1018 meis
995 965 1222 1020 conﬁde.
1260 967 1443 1021 Vidisti
1495 970 1760 1036 ingentem
1789 969 2086 1038 benignita-

509 1050 651 1103 tem?
679 1051 850 1105 vidisti
895 1067 1149 1122 quantum
1177 1070 1238 1109 se
1273 1065 1589 1124 attemperet
1617 1058 1798 1111 Deus?
1832 1068 2086 1128 quantum

509 1137 627 1206 ejus
654 1140 883 1194 animam
922 1145 1294 1208 corroborare,
1321 1154 1378 1200 et
1406 1146 1562 1200 fidem
1593 1148 1911 1202 conﬁrmare
1939 1150 2086 1215 velit,

513 1240 570 1285 ut
620 1247 688 1286 ne
724 1233 941 1301 posthac
993 1235 1060 1290 ad
1103 1246 1307 1292 natura;
1353 1238 1622 1292 obstacula
1666 1249 1908 1308 spectare
1961 1256 2089 1310 pose

508 1323 580 1377 sit
609 1340 623 1376 :
652 1323 744 1378 sed
772 1328 892 1394 ejus
925 1328 1160 1396 cogitare
1188 1331 1478 1398 potentiam
1505 1331 1595 1401 qui
1622 1330 1894 1401 promisit.
1938 1341 1991 1387 et
2019 1335 2088 1386 ita

510 1415 733 1472 credere
760 1426 814 1471 et
853 1418 1144 1487 conlidere,
1175 1422 1328 1492 quasi
1349 1421 1462 1492 jam
1500 1421 1714 1492 impleta
1754 1431 1936 1478 essent
1964 1438 2088 1492 pro-

517 1521 700 1560 1111853.

583 1595 636 1648 2.
684 1597 876 1652 Verum
899 1598 1089 1654 iterum
1109 1601 1325 1656 attende
1348 1609 1404 1657 et
1423 1602 1796 1673 patriarcham,
1823 1604 2091 1674 quomodo

516 1696 636 1753 post
665 1686 908 1741 ﬁduciam
929 1705 991 1741 es
1023 1691 1176 1745 dictis
1203 1701 1474 1761 acceptam
1504 1693 1728 1748 certiora
1758 1695 1987 1762 inquirat
2005 1712 2094 1750 ar-

512 1787 785 1846 gumenta.
828 1780 881 1834 8.
914 1779 1054 1834 Dixit
1077 1782 1207 1835 enim
1230 1800 1250 1837 :
1279 1782 1516 1846 Domine.
1546 1783 1781 1850 Domine,
1817 1788 2092 1840 secundum

513 1867 634 1933 quid
655 1885 950 1937 cognoscam
971 1875 1104 1940 quod
1120 1875 1170 1926 in
1191 1874 1512 1929 hereditatem
1532 1887 1827 1948 accepturas
1844 1880 1937 1932 sim
1956 1881 2094 1934 eam!

517 1955 748 2011 Tametsi
771 1959 1042 2028 Scriptura
1072 1964 1217 2032 prius
1239 1973 1426 2019 testata
1449 1963 1627 2028 fuerit,
1656 1982 1778 2021 eum
1801 1968 2093 2025 credidisse

513 2045 670 2101 dictis
696 2047 809 2113 Dei,
835 2059 888 2102 ct
918 2051 1035 2105 ideo
1057 2062 1353 2121 reputatum
1379 2070 1499 2110 esse
1523 2056 1572 2111 ei
1604 2056 1655 2110 in
1681 2057 1962 2126 justitiam,
1997 2075 2093 2114 ve-

517 2147 813 2194 rumtamen
836 2142 956 2211 quia
986 2145 1185 2198 audivit
1208 2163 1222 2199 :
1252 2147 1472 2216 Pr0pter
1496 2149 1596 2204 boc
1615 2148 1688 2203 Te
1706 2151 1859 2205 eduxi
1882 2153 1945 2206 de
1960 2164 2094 2207 terra

515 2226 772 2290 C/ta'drce,
804 2244 854 2283 ut
886 2232 1057 2286 darent
1086 2236 1172 2288 tibi
1199 2250 1382 2290 terram
1423 2238 1575 2304 hanc,
1605 2251 1658 2293 at
1686 2241 1737 2294 in
1771 2243 2093 2297 hereditatem

519 2320 798 2385 possideres
825 2338 932 2374 eam
955 2339 975 2387 ;
1004 2325 1130 2378 dicit
1159 2343 1172 2378 :
1206 2325 1298 2380 His
1331 2328 1542 2396 quidem
1572 2347 1688 2398 qum
1714 2347 1744 2384 a
1777 2342 1826 2386 te
1847 2333 2096 2389 dicuntur

520 2409 844 2478 impossibile
873 2423 956 2467 est
981 2425 1034 2468 ιιι
1057 2414 1213 2471 ﬁdcnt
1243 2433 1346 2471 non
1364 2417 1586 2474 habeam
1608 2437 1622 2484 ;
1643 2433 1872 2478 attamen
1898 2425 2091 2480 vellent

517 2507 572 2553 et
592 2501 804 2554 modum
831 2503 1034 2559 discere
1061 2523 1167 2576 quo
1196 2524 1312 2562 eam
1355 2509 1406 2563 itt
1442 2511 1786 2567 hereditatem
1817 2530 1934 2568 sunt
1969 2533 2095 2584 pos-

517 2605 780 2646 sessurus.
813 2593 974 2650 Video
999 2598 1138 2652 enim
1165 2615 1249 2654 me
1272 2617 1411 2656 nuttc
1433 2617 1544 2672 pro;
1565 2604 1813 2658 emodum
1833 2606 1897 2658 ad
1919 2618 2099 2661 estre-

518 2699 658 2736 mam
689 2697 1014 2742 scnectutent
1063 2692 1365 2759 pervenisse
1388 2733 1403 2753 .
1435 2703 1489 2748 et
1515 2710 1680 2764 usque
1707 2696 1758 2749 itt
1785 2695 1926 2752 hunc
1953 2697 2092 2752 diem

516 2773 860 2831 obambulare
889 2780 1035 2847 quasi
1075 2796 1352 2850 erronem;
1383 2791 1569 2838 etnon
1610 2801 1823 2854 possum
1864 2787 2094 2844 humana

518 2865 720 2921 ratione
745 2867 1146 2936 deprehendere
1171 2873 1440 2941 quomodo
1461 2874 1561 2929 hoc
1581 2877 1899 2931 sitfuturum
1931 2896 1944 2932 :
1973 2879 2096 2935 licet

521 2955 666 3022 prius
707 2959 1023 3012 crediderint
1051 2961 1206 3016 dictis
1235 2961 1370 3026 tuis,
1418 2973 1682 3034 tamquam
1714 2967 1957 3022 videlicet
1981 2985 2010 3021 a
2043 2979 2094 3024 le

521 3045 758 3112 prolatis,
789 3051 876 3116 qui
911 3059 1062 3118 potes
1087 3051 1136 3104 id
1166 3052 1306 3121 quod
1333 3069 1437 3108 non
1464 3063 1564 3122 est,
1595 3067 1647 3109 ut
1673 3057 1757 3122 sit,
1785 3058 2018 3124 efﬁcere,
2041 3071 2096 3117 et

519 3134 694 3189 omnia
725 3136 897 3191 facere
927 3150 981 3193 et
1010 3143 1403 3198 transformare.
1434 3145 1548 3199 Non
1583 3148 1737 3216 igitur
1771 3159 1828 3203 ut
1859 3151 2095 3206 incredu-

518 3225 601 3279 lus
626 3225 726 3281 hoc
753 3228 1041 3298 interrogo,
1085 3233 1177 3286 sed
1208 3235 1328 3302 quia
1357 3235 1546 3290 iterum
1577 3238 1702 3290 mihi
1745 3238 2090 3297 hereditatem

518 3318 758 3373 nominas
779 3361 794 3384 ,
841 3322 1083 3377 volebam
1113 3335 1167 3378 et
1191 3328 1421 3382 crassius
1459 3338 1618 3400 atque
1647 3331 1840 3387 clarius
1883 3334 2090 3405 signum

515 3409 775 3480 accipere,
802 3412 940 3482 quod
965 3416 1130 3483 possit
1154 3415 1390 3473 inlirmas
1419 3436 1563 3475 meas
1589 3424 1936 3493 cogitationes
1965 3427 2093 3482 soli-

515 3500 666 3558 dare.
692 3503 826 3571 Quid
856 3506 1013 3576 igitur
1041 3508 1214 3566 bonus
1245 3511 1534 3568 Dominus?
1561 3514 1761 3572 Morem
1795 3533 1984 3589 gerens
2011 3520 2092 3574 fa-

516 3593 662 3646 mulo
687 3608 806 3662 suo,
851 3605 906 3651 et
935 3599 1120 3654 volens
1145 3600 1260 3671 ejus
1287 3605 1636 3661 corroborare
1680 3608 1931 3674 animam,
1962 3627 2092 3682 quo-

515 3685 657 3739 niam
709 3687 838 3742 vidit
884 3693 1224 3746 conﬁtentem
1255 3710 1402 3749 suam
1434 3696 1868 3766 imbecillitatem,
1896 3711 1952 3758 et
1977 3719 2094 3760 ere-

513 3775 727 3830 dentem
755 3780 970 3848 quidem
997 3783 1352 3852 promissioni,
1375 3788 1678 3856 cupientem
1696 3800 1872 3846 autent
1895 3795 2093 3848 certio-

513 3879 570 3918 ra
623 3867 861 3934 qua-datu
907 3883 1215 3940 argumenta
1261 3877 1523 3946 accipere,
1553 3880 1680 3936 dicit
1720 3883 1769 3937 ei
1800 3901 1813 3937 :
1846 3883 1900 3938 9.
1934 3885 2093 3941 Smne

513 3956 636 4009 mihi
661 3974 858 4013 vaccam
889 3963 1130 4019 triennem
1150 4007 1165 4033 ,
1197 3976 1242 4021 et
1269 3985 1477 4039 capram
1510 3974 1710 4028 trimam
1729 4017 1744 4039 ,
1775 3985 1823 4029 et
1861 3978 2086 4044 arietem,

510 4055 556 4100 et
586 4057 846 4117 turturem,
869 4064 912 4107 et
941 4058 1242 4113 columbam.
1275 4059 1406 4118 Vide
1431 4065 1698 4133 quomodo
1727 4083 1875 4122 more
1901 4067 2091 4123 huma-

512 4153 582 4191 no
611 4139 707 4194 ittit
733 4157 853 4197 cum
875 4161 940 4198 eo
968 4144 1189 4204 ftedera.
1217 4150 1671 4217 Quemadmodum
1692 4159 1834 4213 enim
1867 4175 1964 4213 nos
1993 4159 2091 4216 ho-

512 4228 702 4297 mines,
730 4235 940 4301 quando
977 4238 1170 4307 aliquid
1199 4245 1555 4309 promittimus
1574 4286 1588 4309 ,
1619 4258 1672 4301 et
1700 4251 1942 4304 volumus
1979 4266 2088 4307 cer-

510 4326 620 4372 tum
648 4321 871 4377 reddere
895 4340 1013 4379 eum
1035 4329 1119 4381 cui
1147 4333 1428 4398 promissio
1450 4334 1526 4398 ﬁt,
1553 4336 1621 4388 ita
1646 4346 1702 4391 ut
1720 4338 1786 4392 de
1813 4342 2087 4408 promissis

508 4408 917 4504 nihil-ambigat,
949 4418 1156 4486 signum
1198 4422 1408 4491 aliquod
1435 4425 1641 4494 damus,
1665 4439 1719 4484 et
1750 4431 1935 4500 pignus
1967 4436 2040 4504 (α)
2063 4476 2079 4502 ,

508 4507 564 4550 ιιι
605 4498 670 4552 ad
715 4499 839 4555 illud
885 4516 1166 4574 spectans,
1209 4512 1346 4568 seire
1375 4527 1531 4584 queat
1580 4498 1839 4587 promissa
1868 4498 2085 4587 omnino

504 4600 756 4682 eventura
787 4610 801 4647 :
833 4595 899 4648 ita
940 4606 994 4652 et
1031 4599 1290 4672 benignus
1328 4586 1614 4675 Dominus,
1650 4621 1923 4682 postquam
1951 4586 2085 4672 diiit

504 4679 700 4737 Abram
733 4700 744 4736 :
780 4685 1044 4753 Quomodo
1083 4697 1418 4763 cognoscam?
1456 4679 1660 4769 inquit,
1703 4679 1842 4759 Ecce
1884 4714 1937 4758 et
1983 4707 2083 4763 hoc

504 4772 596 4872 tibi
630 4775 870 4843 prmbeo;
912 4781 1068 4836 Sume
1095 4784 1217 4838 nti/ti
1241 4801 1441 4842 vaccam
1471 4792 1742 4858 triennem,
1783 4805 1830 4848 et
1869 4813 2076 4868 capram

502 4871 720 4955 trimam,
749 4876 798 4921 ct
821 4874 1046 4940 arietem,
1069 4883 1115 4927 et
1137 4884 1399 4945 turturem,
1431 4890 1476 4934 et
1501 4883 1800 4940 columbam.
1828 4888 2075 4955 Attende,

500 4952 743 5023 obsecro,
795 4959 846 5012 in
897 4974 1146 5031 quantam
1187 4971 1593 5028 crassitudinem
1647 4952 2076 5034 descendendum

499 5042 598 5098 sibi
627 5043 835 5103 duxerit
863 5049 1035 5107 bonus
1065 5055 1318 5113 Dominus
1339 5099 1355 5127 ,
1386 5076 1491 5131 quo
1534 5065 1885 5134 patriarcham
1931 5083 2080 5140 argu-

934 5229 1233 5305 ςι-ιρὶῃηρζα
1269 5235 1560 5305 vocabantur
1600 5242 1760 5305 etiam,
1790 5243 2028 5305 syrttbola
2057 5258 2076 5296 :

493 5279 1106 5365 lgiifc‘rtequibus
1140 5293 1260 5365 ﬁdes
1299 5297 1377 5365 vel
1408 5279 2078 5365 exhibendizvel‘jgnnudati:

495 5338 1001 5428 .‘ffl‘lﬁgﬂisﬁeuﬁs
1019 5361 1266 5428 manus
1288 5338 1744 5428 sit-iuriéciﬁ'iaaiit’s,‘
1756 5338 2075 5428 amassis.

492 5402 909 5486 χξῇμῖξξξξιξξ
933 5413 1060 5486 inter
1095 5402 1360 5480 ιιιθίιῖσὶρυδῖ
1383 5402 1494 5486 sua;
1536 5402 2074 5486 intéFTo'éitilSI'ﬁlii}

489 5464 702 5540 svo-tholi:
726 5467 995 5540 hujusmodi
1020 5464 1169 5540 ﬁgura
1192 5464 1360 5529 milia;
1383 5464 2076 5540 iiiiiﬁmi'faéibrliitﬁﬁ'iZiéi-Zﬁi

493 5519 652 5601 ierunt
663 5519 896 5601 habebat.
924 5519 2073 5601 uitulinitiujiigiiitidi'

489 5582 714 5690 ξὸιῖιίιαιο
739 5591 1077 5653 explanatione
1099 5603 1150 5648 el

1198 310 1254 361 S.
1293 309 1571 363 JO.\NNIS
1607 309 2076 364 CllliYSUSTOSII
2115 307 2434 368 Alt-"JIIEP.
2475 313 3011 371 CONSTANTINOP.

3664 316 3771 370 3ιῖ

2191 429 2387 482 mentis
2429 427 2531 482 ﬁde
2555 427 2730 499 dignis
2768 430 3050 484 certiorem
3075 427 3280 484 reddat.
3328 428 3458 483 Nam
3485 431 3607 498 quia
3640 432 3773 482 olim

2187 519 2266 573 eis
2291 518 2361 573 ita
2389 536 2504 574 mos
2527 532 2642 576 erat
2671 521 2992 590 paciscendi,
3019 530 3074 576 et
3097 531 3245 590 pacta
3277 520 3540 586 ﬁrmandi,
3576 522 3702 574 ideo
3721 531 3776 574 et

2190 611 2303 680 ipse
2328 614 2407 664 via
2430 611 2464 666 b
2483 629 2529 666 te
2551 613 2860 683 ingreditur.
2886 614 2972 669 10.
2999 613 3064 668 Et
3083 615 3297 683 accepit,
3327 615 3514 684 inquit,
3536 625 3583 668 et
3604 615 3778 667 dit-isis

2188 703 2318 756 eain
2346 703 2478 756 ditas
2518 714 2702 772 partes.
2739 704 3142 758 Observandum
3182 721 3287 759 tton
3316 705 3514 774 absque
3540 704 3778 768 ratione.

2193 807 2364 862 neque
2403 793 2455 846 in
2500 809 2690 847 vanum
2736 795 2895 848 etiam
2944 805 3151 863 tempus
3190 794 3476 864 designari.
3517 794 3780 867 Triennia

2190 885 2332 936 enim
2360 883 2600 953 accipere
2624 886 2781 950 jussit
2809 907 2823 940 :
2857 884 2957 939 hoc
2995 894 3105 948 est,
3153 885 3384 953 perfecta
3428 894 3481 938 et
3505 885 3781 938 absoluta.

2195 971 2261 1025 Et
2287 975 2454 1027 divisit
2476 992 2535 1028 at
2559 976 2609 1028 in
2632 977 2761 1029 duas
2797 986 2966 1046 partes
2998 992 3018 1030 :
3047 986 3093 1030 et
3124 985 3360 1044 utrasque
3382 988 3547 1046 partes
3571 979 3706 1030 inter
3727 993 3781 1031 se

2195 1069 2358 1136 posuit
2400 1069 2629 1122 obversus
2652 1086 2669 1129 ;
2692 1085 2808 1122 ares
2833 1080 3001 1122 autem
3030 1085 3128 1122 non
3150 1069 3337 1122 diuisit.
3365 1069 3428 1122 Et
3448 1069 3641 1122 sedc-ns
3673 1071 3780 1119 ob-

2193 1159 2472 1223 scrvabat,
2501 1171 2559 1213 ut
2601 1174 2666 1214 ne
2693 1169 2910 1229 possent
2947 1161 3145 1215 divisas
3184 1169 3363 1229 partes
3391 1160 3584 1215 lardere
3609 1161 3780 1213 atho-

2195 1250 2364 1306 lantes
2390 1265 2544 1315 aves,
2565 1262 2619 1306 et
2653 1267 2748 1320 per
2772 1259 2936 1304 totam
2957 1250 3099 1306 diem
3131 1252 3230 1305 hoc
3257 1250 3433 1306 facere
3460 1266 3777 1320 persevera-

2193 1339 2305 1394 bat.
2341 1341 2425 1394 il.
2454 1339 2827 1394 Descenderunt
2854 1349 3020 1393 autem
3058 1357 3174 1394 aves
3199 1340 3315 1394 alia:
3344 1341 3398 1392 in
3422 1356 3636 1409 corpora
3661 1357 3782 1406 que

2194 1431 2355 1484 divisa
2381 1441 2522 1483 erant
2546 1446 2565 1483 :
2583 1441 2630 1483 et
2669 1432 2794 1483 sedit
2820 1447 2936 1482 eum
2959 1431 3030 1484 eis
3067 1429 3272 1483 Abram.
3316 1430 3403 1484 i2.
3447 1430 3672 1498 Cumque
3701 1432 3781 1485 sol

2185 1521 2300 1591 jam
2323 1520 2632 1574 occumberet
2651 1562 2666 1584 ,
2699 1521 2846 1573 irruit
2875 1521 3077 1575 ecstasis
3104 1522 3157 1573 in
3191 1519 3398 1584 Abram,
3422 1530 3468 1573 et
3491 1536 3602 1572 ecce
3627 1521 3781 1572 timor

2197 1629 2410 1681 magnas
2431 1621 2478 1664 et
2498 1611 2782 1666 tenebrosus
2802 1612 2983 1664 invasit
3002 1627 3134 1664 eam.
3163 1611 3336 1678 Quare
3364 1619 3600 1678 tempore
3620 1625 3778 1664 occa-

2195 1717 2287 1757 sus
2328 1704 2491 1766 solis,
2531 1718 2651 1756 eum
2692 1702 2801 1771 jam
2840 1702 2905 1754 ad
2953 1717 3230 1771 vesperam
3259 1701 3597 1754 inclinaretur
3623 1700 3779 1754 dies?

2195 1793 2327 1860 Quia
2349 1793 2595 1848 omnibus
2621 1793 2792 1847 modis
2815 1793 3153 1847 attentioretn
3175 1807 3296 1846 eum
3319 1792 3490 1845 facere
3517 1792 3660 1854 vult;
3693 1791 3776 1844 id.

2193 1899 2262 1939 eo
2306 1885 2527 1938 ecstasis
2555 1893 2610 1939 et
2639 1885 2797 1938 timor
2835 1899 3057 1954 magnus
3106 1895 3162 1938 et
3215 1884 3525 1938 tenebrosus
3575 1884 3780 1938 invadit

2196 1993 2342 2043 eum,
2367 1986 2424 2031 ut
2449 1994 2546 2049 per
2569 1979 2746 2032 omnia
2771 1994 2889 2049 qua:
2912 1981 3060 2042 liunt,
3084 1979 3275 2033 sentiat
3295 1993 3355 2033 se
3381 1978 3561 2033 videre
3585 1979 3776 2032 Deum:

2196 2083 2320 2122 eunt
2341 2068 2484 2121 enim
2510 2084 2711 2122 morem
2744 2069 2884 2124 Deus
2910 2070 3106 2140 ubique
3133 2069 3312 2123 habet.
3340 2069 3469 2123 Nam
3499 2079 3552 2122 et
3591 2079 3778 2139 postea

2197 2160 2410 2226 quando
2446 2159 2575 2214 Mosi
2622 2161 2674 2214 in
2715 2173 2894 2216 monte
2929 2161 3074 2216 Sinai
3114 2162 3335 2215 daturus
3374 2170 3486 2215 erat
3524 2162 3696 2230 legem
3727 2171 3782 2215 et

2199 2251 2466 2315 mandata,
2490 2251 2749 2318 Tenebraz,
2779 2253 2966 2322 inquit,
2995 2263 3040 2307 ct
3061 2254 3224 2322 caligo
3249 2264 3373 2314 erat,
3394 2263 3438 2305 et
3461 2269 3600 2305 mons
3622 2255 3780 2322 {mni-

2198 2344 2348 2414 gabat
2374 2344 2568 2411 (Exod.
2593 2346 2678 2399 l9.
2705 2347 2814 2417 i8).
2847 2348 3068 2416 Propter
3095 2349 3195 2402 hoc
3218 2357 3273 2401 et
3291 2347 3557 2414 Scriptura
3586 2347 3778 2412 inquit,

2202 2437 2300 2503 Qui
2325 2439 2482 2508 tangit
2508 2447 2720 2502 montes,
2749 2449 2795 2491 et
2817 2441 3066 2510 [mitigant
3091 2438 3259 2509 (Psal.
3293 2439 3410 2493 105.
3442 2438 3556 2502 52).
3590 2439 3780 2492 Enim-

2200 2546 2327 2584 vero
2355 2532 2474 2600 quia
2529 2531 2898 2599 incorporeum
2929 2532 3108 2586 videre
3154 2547 3248 2601 per
3293 2531 3570 2585 sensibiles
3616 2531 3780 2585 hosce

2198 2621 2378 2675 oculos
2426 2637 2531 2674 nnn
2568 2632 2646 2676 est
2675 2623 2957 2692 possibile,
2987 2623 3106 2676 ideo
3135 2637 3284 2676 suam
3310 2622 3463 2676 nobis
3509 2623 3777 2691 operatio-

2199 2730 2320 2768 nem
2349 2714 2649 2783 signiﬁcare
2677 2716 2806 2769 vult.
2839 2716 2998 2784 Igitur
3024 2715 3274 2784 quoniam
3301 2713 3558 2768 attonitus
3581 2723 3636 2768 et
3659 2730 3778 2783 per-

2197 2804 2374 2858 culsus
2429 2816 2544 2860 erat
2590 2807 2768 2860 animo
2807 2807 2980 2876 justus
3027 2807 3136 2872 ille,
3163 2816 3218 2862 et
3267 2815 3607 2862 concusserat
3661 2805 3781 2876 ejus

2198 2909 2429 2952 mentem
2470 2899 2648 2965 timor,
2677 2909 2730 2954 et
2767 2915 2886 2970 qua:
2927 2898 3220 2968 contigerat
3259 2899 3478 2954 ecstasis
3511 2917 3523 2951 :
3569 2899 3778 2952 Dictum

2197 2997 2302 3055 est,
2331 2988 2527 3058 inquit,
2550 2990 2613 3044 ad
2638 3007 2758 3045 eum
2790 3008 2802 3044 :
2841 2991 3045 3055 Dixisti,
3069 2991 3332 3059 quomodo
3361 3006 3700 3061 cognoscam,
3726 3001 3781 3045 ct

2197 3079 2406 3149 signum
2441 3081 2650 3135 voluisti
2687 3083 2958 3151 accipere,
2993 3097 3097 3152 quo
3136 3091 3292 3153 pacto
3321 3092 3515 3136 terram
3542 3086 3677 3135 hanc
3723 3082 3777 3135 in

2200 3170 2547 3226 hereditatem
2579 3187 2921 3241 possessorus
2960 3173 3052 3226 sis.
3097 3175 3235 3228 Ecce
3272 3173 3342 3227 do
3388 3174 3474 3227 tibi
3512 3173 3720 3241 signum
3752 3188 3769 3223 :

2198 3279 2384 3334 magna
2412 3266 2555 3319 enim
2584 3265 2675 3318 tibi
2705 3279 2839 3335 Opus
2864 3274 2946 3319 est
2985 3266 3106 3333 ﬁde,
3154 3273 3210 3319 ut
3238 3266 3375 3319 scias
3417 3281 3500 3319 me
3522 3279 3678 3334 posse
3705 3278 3777 3320 ex

2197 3359 2488 3427 desperatis
2514 3359 2672 3411 rebus
2696 3358 2959 3427 quoslibet
2999 3358 3050 3410 itt
3091 3372 3242 3424 spem
3270 3357 3458 3411 bonam
3485 3356 3771 3411 adducere.

2201 3450 2286 3504 15.
2317 3448 2383 3501 Et
2411 3449 2598 3502 dictant
2637 3459 2707 3503 est
2752 3449 2820 3502 ad
2846 3450 3030 3502 Abram
3061 3463 3081 3502 :
3107 3447 3420 3518 Cognoscens
3444 3449 3602 3514 scies,
3639 3449 3779 3517 quod

2198 3544 2512 3612 peregrinum
2546 3544 2641 3597 erit
2677 3559 2844 3597 semen
2882 3553 3023 3595 tuum
3048 3542 3100 3595 in
3128 3551 3261 3596 terra
3294 3559 3394 3596 non
3419 3558 3540 3607 sua,
3584 3552 3633 3595 et
3658 3544 3779 3596 red-

2195 3635 2330 3704 igent
2357 3651 2438 3688 eos
2469 3634 2519 3688 in
2547 3633 2852 3696 servitutem,
2886 3643 2933 3686 et
2962 3634 3177 3704 afﬂigent
3198 3675 3213 3699 ,
3245 3643 3289 3686 et
3314 3633 3647 3688 Itmniliabunt
3689 3651 3776 3688 eos

2195 3725 2343 3778 annis
2360 3724 2756 3795 quadringentis.
2780 3725 2864 3778 14.
2894 3723 3099 3778 Gentem
3130 3735 3295 3778 autem
3325 3725 3408 3777 cui
3431 3726 3661 3790 servient,
3685 3725 3778 3795 ju-

2196 3817 2373 3871 dicabo
2399 3835 2488 3887 ego
2507 3834 2526 3872 :
2555 3826 2725 3886 postea
2745 3828 2912 3873 autem
2932 3818 3245 3888 egredientur
3265 3819 3364 3871 ltuc
3385 3835 3498 3870 cum
3520 3828 3776 3887 apparatu

2195 3911 2371 3964 multo.
2399 3911 2578 3980 Magna
2601 3920 2724 3964 sunt
2752 3910 2864 3964 hzec
2893 3910 3055 3974 dicta,
3087 3919 3136 3963 et
3165 3925 3282 3979 qute
3308 3910 3543 3963 animum
3565 3908 3776 3963 virilent

2194 3999 2518 4064 desiderent,
2549 4001 2636 4070 qui
2663 4001 3022 4066 transcendat,
3051 4010 3104 4054 et
3125 4001 3258 4054 infra
3289 4014 3348 4054 se
3379 4000 3639 4068 relinquat
3670 4000 3774 4052 ltu-

2193 4104 2346 4144 mana
2374 4091 2573 4147 omnia.
2610 4091 2718 4145 Nisi
2741 4091 2882 4146 enim
2906 4105 3245 4161 generosum,
3275 4089 3487 4154 fortem,
3519 4099 3573 4144 et
3599 4089 3777 4159 philo-

2193 4181 2472 4251 sopbicum
2509 4182 2747 4237 animum
2781 4181 3055 4236 habuisset
3100 4182 3416 4250 patriarcha,
3446 4190 3587 4235 tanta
3619 4190 3777 4235 erant

2194 4271 2327 4339 haec,
2353 4283 2409 4326 ut
2431 4275 2741 4343 perturbare
2762 4274 3077 4344 potuissent.
3099 4274 3410 4343 Cognoscens
3428 4273 3771 4341 scies,ittquit,

2189 4363 2324 4432 quod
2344 4365 2657 4432 peregrinum
2673 4363 2762 4417 erit
2781 4379 2945 4417 semen
2967 4375 3106 4416 tuum
3128 4365 3178 4416 in
3196 4373 3326 4417 terra
3346 4379 3443 4416 non
3460 4379 3569 4425 sua,
3590 4373 3634 4416 et
3650 4366 3778 4418 red-

2189 4455 2324 4524 igent
2357 4471 2438 4508 eos
2476 4455 2526 4508 in
2555 4455 2840 4509 servitutem
2860 4496 2875 4520 ,
2906 4465 2950 4508 el
2971 4455 3205 4524 aﬂligent,
3245 4465 3290 4508 et
3332 4454 3663 4508 Itntnitiabtmt
3689 4472 3780 4510 eos

2190 4549 2336 4601 annis
2357 4547 2753 4617 quadringentis.
2779 4546 2984 4600 Gentem
3002 4558 3166 4599 autent
3183 4548 3264 4598 cui
3284 4547 3514 4610 servient,
3524 4545 3774 4615 judicabo

2189 4655 2281 4710 ego
2301 4654 2320 4692 :
2350 4649 2460 4708 post
2486 4639 2592 4692 haec
2611 4639 2926 4709 egredienter
2947 4639 3044 4692 huc
3066 4655 3178 4690 cum
3202 4648 3454 4707 apparatu
3480 4639 3658 4691 multo.

2258 4731 2311 4784 5.
2351 4729 2427 4784 Ne
2453 4729 2751 4796 admireris,
2785 4731 2974 4800 inquit,
3007 4731 3230 4799 tcipsum
3263 4731 3569 4800 respiciens,
3599 4740 3652 4784 et
3679 4746 3773 4786 se-

2188 4821 2330 4874 nium
2353 4831 2522 4886 tuum,
2548 4832 2602 4875 et
2627 4822 2771 4875 Sara:
2788 4824 3116 4878 sterilitatem
3135 4834 3182 4877 et
3215 4834 3422 4877 uterum
3451 4824 3564 4891 ejus
3586 4840 3773 4879 emor-

2187 4920 2332 4966 tuum
2364 4929 2377 4964 :
2407 4921 2460 4965 et
2501 4927 2569 4966 ne
2612 4922 2763 4981 putes
2795 4929 3042 4982 magnum
3083 4914 3279 4984 aliquid
3307 4928 3427 4968 esse
3456 4913 3595 4983 quod
3622 4915 3770 4980 disi,

2186 5001 2382 5058 Semini
2409 5013 2495 5054 tuo
2517 5003 2644 5055 dabo
2671 5013 2855 5057 terram
2879 5003 3026 5056 hanc.
3052 5003 3165 5058 Non
3189 5005 3358 5058 solum
3375 5006 3515 5058 enim
3548 5003 3649 5058 hoc
3673 5005 3771 5058 tibi

2184 5092 2432 5162 prardico,
2456 5092 2550 5147 sed
2569 5093 2706 5147 addo
2731 5092 2854 5147 illud
2881 5093 3050 5163 ipsum
3081 5109 3261 5148 semen
3292 5103 3436 5148 tuum
3460 5095 3510 5147 in
3537 5094 3771 5150 alienam

2185 5193 2378 5238 terrain
2420 5183 2786 5239 abducendum
2816 5199 2953 5239 esse.
2988 5184 3100 5238 Non
3131 5185 3299 5249 dixit,
3344 5187 3404 5240 in-
3432 5185 3726 5256 [Egyptum
3751 5226 3770 5250 ,

2182 5291 2354 5344 neque
2393 5276 2641 5333 iudicavit
2688 5287 2842 5332 terra:
2882 5292 3114 5331 nomen:
3145 5279 3236 5330 sed
3267 5277 3434 5342 dixit,
3469 5278 3524 5331 lu
3566 5286 3770 5330 terram

2183 5380 2287 5419 non
2310 5381 2460 5420 suam
2491 5383 2506 5420 :
2536 5376 2590 5421 et
2622 5367 2927 5422 servitutem
2965 5367 3155 5433 ferent,
3179 5377 3228 5422 et
3257 5368 3524 5422 miseriam
3552 5383 3566 5420 :
3603 5367 3769 5436 idque

2183 5473 2286 5512 non
2314 5459 2378 5511 ad
2406 5459 2565 5514 breve
2593 5469 2834 5530 tempus,
2877 5475 3050 5529 neque
3086 5461 3150 5514 ad
3181 5473 3468 5530 paucorum
3500 5475 3768 5512 annorum

2182 5565 2478 5617 numerum,
2509 5553 2603 5606 sed
2635 5568 2803 5623 usque
2825 5553 2891 5606 ad
2931 5555 3344 5624 quadringentos
3368 5569 3557 5608 annos.
3592 5551 3769 5606 Ultio-

2183 5659 2302 5699 ucut
2329 5658 2458 5699 sane
2485 5643 2551 5699 de
2577 5644 2640 5700 iis
2666 5659 2764 5715 ego
2795 5659 3020 5710 sumant,
3053 5658 3101 5700 ct
3134 5656 3344 5716 gentem
3370 5645 3516 5698 illam
3539 5645 3770 5700 servitu-
