4084 6214
519 222 632 280 845

515 352 631 404 γων
665 331 799 387 ἐτῶν
840 328 1107 401 ἀριθμὸν,
1149 328 1285 384 ἀλλά
1319 330 1481 403 μέχρι
1524 330 1890 402 τετρακοσίων
1938 328 2094 385 ἐτῶν.
2119 366 2131 375 -

515 430 627 499 Τὴν
661 429 844 499 μέντοι
884 422 1125 478 ἐκδικίαν
1174 423 1354 479 αὐτῶν
1401 425 1513 495 ἐγὼ
1546 428 1865 498 ποιήσομαι,
1905 429 2003 482 καὶ
2038 428 2103 482 τὸ

514 517 669 581 ῐθνος
714 516 890 570 ἐκεῖνο
926 515 990 568 τὸ
1032 516 1575 589 καταδουλωσόμενον
1609 517 1720 587 ἐγὼ
1752 519 1926 591 κρινῶ
1948 561 1965 586 ,
2007 520 2103 576 καὶ

513 607 687 671 οὕτως
733 607 931 670 αὐτοὺς
980 607 1121 678 μετά
1162 607 1363 679 πολλῆς
1412 610 1726 682 ἀποσκευῆς
1772 611 2101 667 ἐπανελθεῖν

512 699 746 755 ἐνταῦθα
778 700 989 772 ποιήσω
1011 717 1025 730 ·
1061 701 1198 772 ὁμοῦ
1232 703 1328 755 καὶ
1362 701 1642 774 προλέγων
1677 703 1827 775 αὐτῷ
1859 703 1932 758 τὰ
1961 701 2092 774 μετὰ

511 792 687 845 ταῦτα
733 791 966 861 ἐσόμενα
1008 792 1148 864 μετά
1190 793 1479 864 ἀκριϐείας
1501 834 1517 859 ,
1568 793 1664 847 καὶ
1712 793 1810 865 τὴν
1852 793 2092 849 δουλείαν

509 877 708 954 δηλῶν,
739 884 837 937 καὶ
878 882 976 954 τὴν
1004 884 1085 947 εἰς
1122 883 1397 952 Αἴγυπτον
1427 883 1672 952 κάθοδον,
1700 886 1796 941 καὶ
1825 884 1924 958 τήν
1956 886 2091 955 ἀγα-

510 977 773 1046 νάκτησιν
799 980 865 1046 ἢν
900 976 970 1030 δι’
1001 977 1200 1042 αὐτοὺς
1231 976 1483 1048 μέλλουσι
1518 979 1812 1050 πειρᾶσθαι
1834 979 1884 1033 οί
1925 979 2091 1049 Αίγύ-

511 1087 679 1134 πτιοι,
698 1068 792 1122 καὶ
813 1069 913 1139 τὴν
940 1068 1076 1139 μετά
1098 1069 1455 1140 περιφανείας
1482 1070 1662 1124 αὐτῶν
1688 1071 1969 1126 ἐπάνοδον.
1985 1071 2090 1128 Καὶ

509 1160 781 1214 δείκνυσιν
806 1157 975 1229 αὐτῷ,
999 1158 1082 1212 ὃτι
1109 1158 1210 1213 οὐκ
1239 1160 1327 1212 ἐπ’
1360 1159 1509 1231 αὐτῷ
1541 1160 1701 1231 μόνον
1731 1160 1798 1215 τά
1828 1162 1969 1235 ὑπὲρ
1991 1161 2089 1231 φύ-

510 1269 596 1306 σιν
635 1252 808 1318 ἔσται,
839 1252 935 1306 καὶ
967 1253 1103 1323 μετά
1140 1251 1378 1307 τοσαῦτα
1418 1253 1717 1326 κωλύματα
1746 1254 1815 1309 τὰ
1851 1256 1957 1309 ὑπὸ
1996 1257 2090 1312 τοῦ

507 1343 645 1396 θεοῦ
686 1343 1093 1412 ἐπαγγελθέντα
1124 1345 1206 1409 είς
1248 1345 1422 1418 πέρας
1465 1345 1792 1417 ἀχθήσεται,
1826 1347 1962 1403 ἀλλά
1999 1349 2090 1405 καὶ

510 1438 604 1490 ἐπὶ
634 1437 835 1498 παντὸς
859 1435 953 1490 τοῦ
981 1436 1293 1509 σπέρματος
1319 1438 1482 1492 αὐτοῦ
1519 1439 1677 1495 τοῦτο
1723 1440 2082 1513 συμϐήσεται.

510 1527 696 1584 Ταῦτα
727 1530 805 1595 δὲ,
838 1529 1025 1602 φησὶν,
1050 1528 1150 1601 ήδη
1183 1547 1265 1584 σοι
1303 1526 1477 1596 εἶπον,
1511 1531 1598 1585 ἵνα
1631 1534 1760 1604 πρὶν
1787 1534 1818 1606 ή
1851 1534 1939 1589 τὸν
1969 1535 2082 1607 βίον

509 1621 842 1694 καταλύσῃς,
873 1620 1074 1674 εἰδέναι
1107 1621 1237 1693 ἔχῃς
1262 1621 1331 1676 τὰ
1377 1616 1472 1676 καὶ
1502 1623 1630 1686 τούς
1673 1625 1800 1688 σούς
1837 1627 2093 1695 ἐκγόνους

507 1712 878 1784 διαδεξόμενα.
919 1712 1005 1767 Σὺ
1053 1712 1144 1778 δὲ,
1184 1714 1370 1785 φησὶν,
1414 1715 1728 1784 ἁπελεύσῃ
1765 1716 1917 1784 πρὸς
1949 1718 2093 1786 τοὺς

509 1805 768 1874 πατέρας
802 1818 942 1868 σου,
975 1803 1219 1872 τραφεὶς
1250 1804 1322 1858 ἐν
1343 1804 1496 1874 γήρᾳ
1542 1805 1727 1873 καλῷ.
1766 1809 1881 1862 Οὐκ
1912 1804 2087 1877 εἶπεν,

506 1897 778 1969 ἀποθανῇ,
798 1896 913 1951 ἀλλ’
957 1896 1305 1964 Ἀπελεύσῃ.
1341 1897 1417 1960 ὡς
1444 1897 1743 1970 ἀποδημεῖν
1771 1900 1936 1955 αὐτοῦ
1968 1902 2091 1975 μέλ-

506 1986 690 2052 λοντος
718 1988 813 2042 καὶ
858 1986 1216 2058 μεθίστασθαι
1259 1987 1368 2041 ἀπὸ
1412 1989 1668 2060 πατρίδος
1716 1991 1798 2055 είς
1832 1993 2086 2065 πατρίδα.

514 2078 870 2148 Ἇπελεύσῃ.
895 2078 1049 2149 φησὶ,
1078 2078 1229 2147 πρὸς
1258 2078 1400 2147 τοὺς
1424 2081 1684 2150 πατέρας
1708 2097 1846 2149 σου,
1869 2084 1931 2137 οὐ
1965 2087 2092 2151 τοὺς

505 2170 649 2224 κατὰ
672 2170 848 2242 σάρκα
874 2169 1071 2239 λέγων.
1094 2169 1218 2234 Πῶς
1251 2171 1380 2244 γάρ,
1417 2174 1539 2226 ἐπεὶ
1568 2174 1797 2240 ἄπιστος
1825 2172 1894 2249 ἦν
1923 2178 2088 2233 αὐτοῦ

504 2264 535 2317 6
566 2260 770 2334 πατὴρ,
805 2262 900 2315 καὶ
930 2261 1028 2332 οὐχ
1059 2256 1170 2316 οἷόν
1197 2280 1257 2316 τε
1284 2259 1352 2335 ἦν
1393 2264 1485 2318 τὸν
1523 2266 1713 2320 πιστὸν
1746 2269 2088 2344 πατριάρχην

504 2354 587 2419 είς
616 2352 709 2408 τὸν
750 2353 916 2408 αὐτὸν
957 2353 1153 2426 ἐκείνῳ
1189 2354 1368 2427 χῶρον
1406 2356 1691 2420 ἀπελθεῖν;
1724 2357 1938 2429 Χάσμα
1979 2361 2088 2435 γάρ

497 2445 655 2516 μέγα
680 2445 832 2509 ἐστὶ,
867 2446 1027 2517 φησὶ,
1051 2445 1283 2515 μεταξὺ
1311 2446 1479 2517 ἡμῶν
1508 2465 1572 2502 τε
1602 2449 1699 2503 καὶ
1728 2449 1913 2521 ὑμῶν.
1933 2451 2090 2516 Τίνος

502 2531 597 2592 οὖν
634 2537 820 2591 ἐνεκεν
847 2537 1057 2607 εῖρηκε,
1090 2537 1250 2604 Πρὸς
1285 2536 1430 2604 τοὺς
1457 2539 1718 2607 πατέρας
1766 2557 1917 2608 σου;
1948 2543 2088 2607 Τοὺς

502 2628 745 2692 δικαίους
771 2627 1156 2698 αἰνιττόμενος,
1180 2627 1307 2690 τούς
1327 2629 1457 2699 περὶ
1477 2628 1568 2683 τὸν
1596 2629 1780 2694 Ἀϐελ,
1805 2634 1933 2697 τοὺς
1956 2633 2086 2704 περὶ⁸

499 2721 593 2777 τὸν
618 2720 762 2786 Νῶε,
804 2719 932 2782 τούς
971 2718 1097 2792 περὶ
1138 2717 1230 2772 τὸν
1276 2718 1465 2789 Ἑνώχ.
1513 2722 1758 2790 Τραφεὶς
1799 2722 1871 2776 ἐν
1920 2723 2086 2793 γήρει

500 2811 733 2878 mal.
762 2808 918 2873 Ἴσως
954 2808 1021 2863 ἀν
1053 2808 1197 2863 εῐποι
1220 2826 1337 2873 τις*
1380 2811 1472 2864 καὶ
1503 2813 1652 2865 ποῖον
1683 2811 1750 2865 ἂν
1781 2813 1867 2884 εἴη
1893 2813 2083 2869 τούτου

502 2903 664 2958 καλὸν
695 2903 892 2973 γῆρας,
920 2900 981 2953 τὸ
1005 2899 1276 2954 τοσούτων
1311 2900 1541 2971 θλίψεων
1577 2901 1791 2958 ἅπαντα
1839 2904 1930 2959 τὸν
1969 2906 2084 2977 βίον

501 2992 823 3064 παρελθεῖν;
848 2989 1010 3044 Ἀλλά
1041 2990 1115 3061 μὴ
1138 2990 1296 3046 τοῦτο
1324 2993 1458 3065 ἴδῃς,
1481 2993 1735 3065 ἄνθρωπε
1756 3013 1769 3026 ·
1792 2995 1932 3051 ἀλλὰ
1958 2997 2084 3053 ἀνα-

502 3083 715 3154 λογίζου
742 3084 837 3138 καὶ
864 3084 964 3155 τὴν
994 3083 1117 3136 καθ’
1143 3082 1374 3137 ἕκαστον
1404 3085 1595 3155 καιρὸν
1624 3089 1963 3157 περιφάνειν,
1986 3090 2082 3144 καὶ⁸

498 3184 649 3239 ὅπως
675 3174 919 3242 ἐπίδοξος
946 3175 1174 3243 γέγονεν
1200 3175 1228 3227 6
1261 3175 1429 3242 ξένος,
1456 3177 1485 3229 6
1520 3177 1730 3244 ἄπολις,
1758 3180 1788 3232 6
1814 3181 2078 3247 ἀνέστιος,

499 3267 593 3323 καὶ
627 3268 760 3336 ὅσης
806 3265 894 3319 διὰ
923 3264 1126 3329 παντὸς
1157 3265 1251 3319 τοῦ
1298 3266 1491 3338 χρόνου
1528 3268 1812 3341 ἀπήλαυσε
1861 3272 1957 3345 τῆς
1985 3273 2080 3329 τοῦ

497 3358 633 3412 Θεοῦ
663 3355 1020 3429 ἀντιλήψεως.

565 3519 660 3590 Μὴ
687 3518 868 3572 τοίνυν
896 3510 1037 3571 κατὰ
1072 3516 1171 3588 τὴν
1215 3514 1310 3571 νῦν
1338 3516 1607 3590 ὑπόληψιν
1648 3522 1800 3592 κρῖνε
1838 3522 1906 3577 τὰ
1934 3525 2077 3595 πρά-

499 3627 705 3682 γματα,
748 3609 881 3681 μηδὲ
910 3608 1097 3679 νόμιζε
1125 3609 1301 3661 ἐκεῖνο
1339 3604 1479 3661 εἶναι
1511 3610 1685 3682 γῆρας
1714 3612 1898 3675 καλὸν,
1926 3614 1987 3667 τὸ
2021 3616 2079 3669 ἐν

494 3703 675 3775 τρυφῇ
695 3701 788 3755 καὶ
808 3698 1119 3771 ἀδδηφαγίᾳ
1141 3697 1370 3768 διάγειν,
1389 3699 1484 3753 καὶ
1503 3698 1730 3755 πλοῦτον
1753 3703 2075 3773 κεκτῆσθαι,

495 3794 590 3849 καὶ
617 3791 771 3866 [57η
794 3790 1020 3844 οἰκετῶν
1044 3790 1070 3830 δ
1096 3790 1322 3862 πλῆθος,
1358 3790 1454 3844 καὶ
1480 3791 1828 3864 ἀνδραπόδων
1855 3795 2073 3864 ἀγέλας.

493 3882 681 3937 Ταῦτα
712 3883 819 3954 γάρ
855 3883 955 3936 οὐκ
991 3880 1058 3937 ἀν
1090 3884 1338 3954 ποιήσειε
1379 3883 1558 3955 γῆρας
1587 3883 1779 3950 καλὸν,
1819 3885 1954 3940 ἀλλά
1983 3890 2076 3942 καὶ

493 3974 697 4045 πολλὴν
725 3974 1069 4042 κατάγνωσιν
1092 3973 1159 4028 ἂν
1190 3974 1403 4043 ἐνέγκοι
1430 3973 1510 4044 τῷ
1545 3974 1678 4046 μηδὲ
1713 3978 1771 4030 ἐν
1800 3978 1948 4050 γήρᾳ
1977 3998 2077 4034 σω.

492 4065 883 4139 φρονιζομένῳ,
906 4064 1040 4137 μηδέ
1061 4065 1200 4138 πρὸς
1225 4064 1394 4131 αὐτάς
1422 4064 1522 4129 τάς
1547 4067 1780 4137 ἐσχάτας
1803 4069 2075 4136 ἀναπνοάς

489 4176 543 4213 τι
572 4158 679 4212 τῶν
698 4157 924 4211 δεόντων
950 4156 1340 4229 βουλευομένῳ,
1367 4158 1501 4212 ἀλλὰ
1522 4158 1644 4213 καθ’
1670 4161 1907 4224 εκάστην
1932 4163 2073 4231 ἡμέ-

493 4262 591 4322 ραν
628 4247 1075 4317 γαστριζομὲνῳ.
1107 4248 1202 4301 καὶ
1237 4249 1513 4318 συμπόσια
1552 4252 1647 4304 καὶ
1695 4252 1866 4322 μέθας
1907 4271 2072 4323 μετα-

488 4339 760 4401 διώκοντι,
784 4340 879 4390 καὶ
914 4338 1031 4408 μετ’
1054 4337 1115 4389 οὐ
1155 4337 1290 4391 πολὺ
1319 4338 1524 4394 τούτων
1557 4342 1814 4395 ἁπάντων
1842 4341 2071 4409 εὐθύνας

488 4427 838 4483 ἀπαιτεῖσθαι
869 4425 1133 4496 μέλλοντι.
1173 4428 1232 4480 ὐ
1273 4427 1456 4498 μέντοι
1488 4430 1626 4499 μετά
1645 4432 1913 4504 τοσαύτης
1941 4436 2069 4506 ἀρε-

486 4520 587 4592 τῆς
606 4517 829 4582 ὁδεύσας
853 4517 948 4571 τὸν
987 4516 1120 4587 βίον,
1148 4514 1300 4582 οὗτος
1327 4519 1541 4592 άληθῶς
1570 4524 1796 4593 τραφεὶς
1834 4526 1893 4580 ὲν
1920 4528 2069 4601 γήρᾳ

487 4610 637 4684 καλῷ
658 4608 920 4665 καταλύει
939 4609 1037 4681 τήν
1067 4609 1234 4681 ζωὴν,
1260 4611 1356 4665 καὶ
1379 4611 1487 4666 τῶν
1509 4613 1740 4669 ἐνταῦθα
1770 4616 1947 4672 πόνων
1975 4620 2067 4674 εὐο

488 4704 667 4778 ρίσκει
719 4701 904 4755 λοιπὸν
937 4700 1034 4764 τὰς
1085 4701 1321 4772 ἀμοιϐὰς
1351 4702 1447 4756 καὶ
1476 4703 1576 4768 τὰς
1617 4706 1935 4773 ἀντιδόσεις.
1965 4711 2066 4766 Διά

482 4795 643 4850 τοῦτό
673 4811 834 4865 φησι·
869 4794 996 4857 τούς
1027 4794 1126 4865 μὲν
1153 4794 1410 4863 ἐκγόνους
1442 4794 1614 4849 ταῦτα
1639 4796 1959 4867 διαδέξεται,
1997 4803 2062 4857 σύ

481 4886 541 4943 δέ
577 4882 852 4956 ἀπελεύσῃ
900 4885 1126 4955 τραφεὶς
1176 4886 1235 4938 ἐν
1262 4887 1409 4959 γήρᾳ
1458 4887 1631 4958 καλῷ.
1667 4889 1868 4945 Σκόπει
1900 4892 2063 4948 πάλιν

482 4977 740 5039 ἐνταῦθα,
771 4977 820 5029 εἰ
849 4975 924 5047 μὴ
959 4975 1128 5047 πολλὴ
1158 4976 1250 5029 τοῦ
1288 4977 1496 5032 δικαίου
1524 4975 1593 5051 ἦν
1622 4981 1655 5051 ή
1694 4981 1934 5054 ἀνδρεία,
1968 4987 2063 5040 καὶ

480 5072 581 5142 τῆς
624 5070 939 5140 φιλοσοφίας
982 5068 1016 5138 ή
1050 5067 1357 5140 ὑπερϐολὴ,
1398 5069 1518 5133 πῶς
1559 5072 1654 5125 καὶ
1701 5072 1838 5128 αὐτά
1888 5075 2061 5130 ταῦτα

486 5164 645 5220 ἱκανά
687 5160 755 5235 ἦν
791 5162 957 5219 αὐτοῦ
994 5162 1312 5235 διαταράξαι
1344 5165 1434 5219 τὸν
1471 5167 1746 5239 λογισμόν.
1785 5166 1921 5225 Εἷπε
1951 5174 2060 5244 γὰρ

540 5414 568 5444 ³
593 5411 678 5462 Sic
702 5410 856 5481 _S§vj_l:
898 5417 952 5461 el
978 5396 1150 5481 thgs}
1185 5424 1314 5481 pene
1348 5425 1463 5461 mss.
1498 5413 1549 5462 In
1585 5413 1757 5481 ῌοινρι.
1792 5417 1981 5481 ΔΙιλεὶιιιι·
2012 5418 2059 5481 ἐν

638 5473 885 5550 καλῷίῇε
910 5473 1063 5550 maria}
1091 5473 1649 5550 @llr3'mslomus,‘mpdo
1678 5477 1726 5550 ἐν
1746 5473 1887 5550 fil—pq;
1915 5480 2058 5526 modo

477 5531 527 5584 ἐν
546 5531 704 5598 γῆρει.
750 5531 798 5570 ’δ
820 5533 970 5583 Savil.
997 5540 1052 5583 et
1069 5546 1157 5584 sex
1188 5531 1302 5583 mss.
1324 5536 1405 5582 καὶ
1444 5531 1651 5585 πλούτου
1672 5531 1933 5597 ἰεκῆσθαι
1968 5556 2055 5588 κα-

477 5598 601 5645 κίαν.
624 5593 707 5642 καὶ
723 5594 939 5645 οἰκετῶν.

586 5639 601 5660 ’
630 5631 707 5642 "V
725 5631 939 5645 υνκνοων,

1234 215 1293 273 S.
1330 215 1614 273 JOASNIS
1646 213 2142 273 CHRYSOSTOMI
2178 214 2497 273 ARCIIIEP.
2537 215 3073 278 CONSTANTINOP.

3675 228 3786 286 346

2206 330 2294 397 ἂν,
2326 333 2374 386 εί
2414 333 2524 386 τῶν
2548 333 2759 389 πολλῶν
2802 352 2888 399 τις
2913 330 3011 407 ἦν·
3063 336 3206 403 τίνος
3235 338 3421 395 ἕνεκεν
3467 342 3787 419 ἐπαγγέλλῃ

2203 442 2293 495 μοι
2316 425 2568 481 τοσοῦτον
2599 426 2659 493 ἐξ
2689 426 2824 499 ἐμοῦ
2855 429 3075 501 σπέρμα
3105 431 3353 504 ποιήσειν
3382 431 3703 508 ἐκταθῆναι,
3731 439 3785 490 εἰ

2202 516 2448 590 μέλλοιεν
2499 520 2780 585 τοσούτοις
2824 522 3248 593 περιϐάλλεσθαι
3285 528 3509 593 κακοῖς,
3540 529 3634 582 καὶ
3687 530 3785 582 ἐπὶ

2198 608 2466 665 τοσούτων
2505 610 2641 666 ἐτῶν
2670 611 2902 685 ἀριθμὸν
2941 614 3186 670 δουλείαν
3232 617 3555 688 ὑπομένεινς
3583 620 3638 673 τί
3688 638 3784 690 μοι

2201 703 2258 758 τὸ
2286 702 2514 773 δφελοςς
2556 703 2695 759 Ἀλλ’
2723 705 2877 760 οὐδὲν
2913 706 3120 761 τούτων
3161 709 3190 763 6
3225 707 3431 774 δίκαιος
3471 710 3780 780 ἐλογίσατο,

2199 796 2333 851 ἀλλά
2364 795 2616 868 καθάπερ
2646 798 2940 871 εὐγνώμων
2975 801 3192 872 οἰκέτης
3222 800 3293 855 τά
3321 802 3473 875 παρὰ
3502 804 3596 858 τοῦ
3636 805 3782 860 Θεοῦ

2198 887 2415 944 ἅπαντα
2449 888 2697 960 ἔστεργε,
2724 892 2820 946 καὶ
2861 892 2931 947 τά
2960 892 3111 965 αὐτῷ
3141 894 3402 950 δοκοῦντα
3434 896 3539 950 τῶν
3578 897 3781 951 ἐαυτοῦ

2197 977 2470 1050 λογισμῶν
2497 981 2786 1053 προετίμα.
2807 979 2938 1037 Εἶτα
2959 983 3053 1039 καὶ
3082 984 3172 1039 τὸν
3195 985 3386 1058 καιρὸν
3410 986 3557 1057 αὐτῷ
3579 988 3782 1058 μηνύει

2196 1065 2292 1137 τῆς
2320 1067 2579 1122 ἐπανόδου
2606 1068 2706 1140 τῆς
2735 1069 2845 1123 ἀπὸ
2879 1069 2979 1141 τῆς
3002 1070 3267 1134 δουλείας.
3304 1072 3487 1127 Εἰπὼν
3515 1073 3625 1145 γὰρ
3662 1091 3783 1128 των

2195 1154 2331 1208 ἐτῶν
2364 1154 2619 1227 ἀριθμὸν,
2667 1157 2852 1228 φησὶν,
2879 1157 2976 1227 ἐτη
3023 1159 3380 1230 τετρακόσια·
3423 1160 3679 1231 Τετάρτῃ
3706 1161 3783 1216 δὲ

2193 1244 2369 1315 γενεᾷ
2396 1246 2969 1316 ἀποστραφήσονται
2989 1242 3127 1304 ὧδε.
3162 1250 3306 1304 Ἀλλ’
3327 1251 3559 1306 ἐνταῦθα
3594 1250 3660 1304 ἄν
3691 1267 3779 1315 τις

2192 1331 2540 1405 διαπορήσειε
2582 1334 2701 1398 πῶς
2723 1334 3050 1405 τετρακόσια
3092 1335 3186 1407 ἐτη
3227 1337 3330 1407 ἔφη
3368 1336 3639 1391 δουλεύειν
3676 1338 3779 1391 αὐ-

2191 1420 2339 1484 τοὺς,
2368 1420 2543 1475 καίτοι
2564 1422 2686 1474 οὐδὲ
2729 1421 2798 1474 τά
2824 1420 2998 1492 ἡμίση
3026 1421 3231 1476 τούτων
3264 1422 3640 1494 πεποιηκότων
3669 1422 3774 1476 αὐ-

2190 1507 2299 1561 τῶν
2327 1509 2407 1571 είς
2437 1508 2537 1580 τὴν
2575 1508 2864 1578 Αἴγυπτον.
2904 1509 3005 1564 Διά
3046 1509 3207 1564 τοῦτο
3234 1511 3335 1565 οὐκ
3374 1506 3547 1570 εἶπεν,
3574 1509 3658 1564 ὅτι
3690 1511 3773 1574 είς

2190 1593 2288 1666 τὴν
2332 1594 2606 1664 Αἴγυπτον
2634 1597 2950 1668 ποιήσουσιν
2991 1595 3087 1667 ἔτη
3120 1597 3465 1669 τετρακόσια,
3493 1596 3631 1661 ἀλλ’,
3667 1597 3777 1650 Ἐν

2191 1680 2271 1752 τῇ
2302 1685 2414 1737 οὐκ
2451 1683 2591 1752 ὶδιᾳ,
2623 1683 2763 1738 ῶστε
2790 1684 3089 1757 δυνηθῆναι
3131 1687 3243 1749 τοῖς
3275 1684 3473 1750 ἐτεσιν,
3510 1679 3590 1749 οἷς
3627 1684 3775 1738 κατά

2189 1767 2289 1841 τὴν
2317 1770 2590 1838 Αἴγυπτον
2618 1771 2899 1843 ἐποίησαν,
2930 1770 3378 1843 συναριθμεῖσθαι
3402 1771 3496 1825 καὶ
3525 1771 3617 1824 τὸν
3641 1770 3774 1840 χρό-

2189 1873 2279 1911 νον
2309 1856 2403 1911 τοῦ
2433 1858 2795 1929 πατριάρχου,
2831 1859 2955 1913 καθ’
2981 1858 3041 1914 δν
3061 1860 3126 1913 ἐκ
3157 1859 3258 1930 τῆς
3277 1857 3503 1931 Χαρρὰν
3531 1857 3771 1925 ἐξελθεῖν

2192 1945 2563 2017 προσετάχθη.
2602 1947 2936 2014 Ἐξέκείνου
2971 1946 3083 2021 γὰρ
3110 1949 3242 2021 ἡμῖν
3282 1948 3497 2002 καὶτὸν
3534 1946 3771 2018 ἀριθμὸν

2188 2034 2297 2089 τῶν
2316 2035 2453 2089 ἐτῶν
2473 2033 2639 2089 αὐτοῦ
2660 2037 2957 2108 κατάδηλον
2978 2036 3234 2108 ἐποίησεν
3253 2038 3286 2108 ἡ
3304 2034 3496 2109 Γραφὴ
3514 2034 3767 2099 εἰποῦσα,

2188 2122 2271 2178 δτι
2316 2123 2853 2199 ἑϐδομηκονταπέντε
2900 2124 3039 2179 ἐτῶν
3083 2120 3174 2197 ἦν,
3225 2125 3390 2197 ήνίκα
3436 2123 3656 2195 ἐξῆλθεν
3702 2124 3770 2176 ἐκ

2187 2210 2434 2284 Χαρράν.
2465 2211 2554 2278 Ἐξ
2580 2213 2790 2267 ἐκείνου
2824 2213 3006 2268 τοίνυν
3046 2212 3207 2284 μέχρι
3239 2211 3341 2282 τῆς
3368 2210 3547 2277 ἐξόδου
3578 2210 3678 2280 τῆς
3707 2210 3771 2275 ἐξ

2187 2295 2490 2365 Αἰγύπτου,
2534 2299 2583 2352 εί
2617 2297 2902 2370 βουληθείη
2929 2315 3015 2363 τις
3051 2298 3378 2370 ἀριθμῆσαι,
3407 2298 3627 2369 εὑρήσει
3654 2313 3770 2349 σω-

2187 2383 2412 2455 ζόμενον
2436 2385 2528 2439 τὸν
2558 2384 2810 2457 ἀριθμόν.
2844 2386 2954 2439 Καὶ
2979 2386 3167 2458 ἓτερον
3192 2385 3249 2440 δέ
3274 2385 3420 2439 ἐστιν
3449 2385 3645 2451 εἰπεῖν,
3681 2384 3768 2439 ὅτι

2188 2472 2573 2543 φιλάνθρωπος
2611 2472 2689 2528 ὣν
2741 2475 2770 2528 6
2808 2473 3085 2543 Δεσπότης
3148 2475 3235 2529 καὶ
3298 2473 3627 2545 συμμετρῶν
3679 2472 3768 2525 ἀεὶ
3809 2507 3813 2510 ›

2184 2561 2250 2631 τῇ
2288 2559 2542 2631 ἀσθενείᾳ
2597 2563 2662 2633 τῇ
2705 2562 2951 2633 ήμετέρᾳ
2998 2561 3094 2615 καὶ
3129 2560 3229 2625 τὰς
3262 2559 3551 2632 τιμωρίας,
3610 2559 3767 2611 ἐπει-

2183 2646 2246 2719 δὴ
2315 2641 2452 2703 οἶδεν
2529 2648 2728 2713 αὐτοὺς
2805 2649 3209 2719 πεπονηκότας,
3262 2649 3354 2703 καὶ
3427 2648 3552 2711 τούς
3592 2647 3767 2715 Δίγυ-

2184 2734 2374 2799 πτίους
2403 2734 2604 2807 πολλὴν
2643 2736 2771 2807 περὶ
2797 2736 2995 2800 αὐτοὺς
3028 2736 3129 2808 τὴν
3162 2737 3419 2807 ὠμότητα
3463 2735 3768 2788 ἐπιδεικνυ-

2187 2820 2417 2893 μένους,
2463 2823 2571 2895 πρὸ
2613 2823 2708 2877 τοῦ
2771 2822 3078 2895 ὡρισμένου
3116 2822 3311 2895 καιροῦ
3367 2823 3466 2894 τήν
3520 2821 3769 2875 ἐκδικίαν

2183 2909 2508 2982 ἐποιήσατο,
2540 2911 2633 2965 καὶ
2674 2912 2809 2983 πρὸς
2839 2912 2937 2984 τὴν
2968 2912 3279 2984 ἐλευθερίαν
3319 2912 3517 2975 αὐτοὺς
3556 2911 3766 2981 ἐπανή-

2181 3011 2382 3067 γαγεν.
2402 2998 2562 3063 Ἔθος
2587 2998 2695 3073 γάρ
2730 2998 2877 3069 αὐτῷ
2911 2998 3171 3063 τοιοῦτον,
3192 2998 3380 3069 ἐπειδὴ
3416 2996 3505 3053 διὰ
3543 2997 3765 3051 πάντων

2178 3084 2279 3156 τὴν
2297 3085 2330 3158 ή
2338 3086 2463 3156 μετέ
2471 3103 2568 3156 ραν
2590 3086 2859 3158 σωτηρίαν
2882 3085 3349 3158 πραγματεύεται,
3367 3086 3469 3141 κᾶν
3489 3085 3767 3158 ἀπειλήσῃ

2178 3171 2557 3243 τιμωρεῖσθαι,
2583 3172 2935 3244 βουληθῶμεν
2973 3173 3030 3227 δὲ
3064 3174 3226 3245 ήμεῖς
3253 3173 3452 3244 πολλὴν
3480 3171 3760 3238 ἐπιδείξα-

2181 3257 2304 3312 σθαι
2333 3259 2432 3326 τὴν
2477 3259 2834 3331 ἐπιστροφήν,
2863 3260 3249 3315 ἀνακαλεῖσθαι
3275 3258 3440 3313 αὐτοῦ
3478 3259 3573 3323 τὰς
3616 3258 3759 3312 ἀπο-

2180 3344 2375 3414 φάσεις
2398 3362 2412 3375 ·
2440 3345 2545 3398 καὶ
2578 3346 2888 3402 τούναντίον
2935 3345 3095 3401 πάλιν
3125 3347 3228 3400 κᾶν
3255 3346 3561 3418 ὑπόσχηταί
3603 3345 3759 3420 [378]

2178 3450 2231 3486 τι
2248 3434 2483 3505 χρηστὸν
2517 3437 2649 3508 ήμῖν
2668 3435 2947 3508 παρέξειν,
2980 3438 3140 3507 ἡμεῖς
3172 3435 3228 3490 δὲ
3254 3435 3329 3508 μὴ
3365 3436 3432 3489 τά
3470 3437 3597 3510 παρ’
3632 3437 3764 3491 ἐαυ-

2177 3520 2285 3574 τῶν
2331 3521 2768 3594 είσενὲγκωμεν,
2819 3522 2940 3577 οὐδέ
2982 3523 3145 3587 αὐτὸς
3185 3524 3266 3588 εἰς
3308 3522 3483 3595 πέρας
3527 3523 3651 3593 ἄγει
3690 3524 3764 3578 τά

2178 3607 2603 3677 ἐπαγγελθέντα,
2630 3609 2772 3663 ὥστε
2803 3610 2878 3681 μή
2899 3609 3113 3682 χείρους
3132 3612 3278 3682 ἡμᾶς
3299 3611 3389 3664 καὶ
3414 3611 3581 3683 ταύτῃ
3605 3611 3762 3680 γενέ-

2179 3694 2324 3750 σθαι.
2357 3694 2463 3749 Καὶ
2499 3696 2671 3750 ταῦτα
2712 3696 2951 3762 ἅπαντα,
2987 3698 3102 3751 ὅσοι
3140 3698 3439 3770 φιλότεχνοι
3486 3698 3615 3772 περὶ
3658 3697 3761 3769 τὴν

2176 3783 2479 3851 ἀνάγνωσιν
2501 3784 2607 3837 τῶν
2633 3784 2793 3840 θείων
2819 3785 3052 3858 Γραφῶν
3072 3786 3214 3851 ἐστε,
3237 3787 3417 3858 εὑρεῖν
3438 3786 3757 3857 δυνήσεσθε.

2180 3869 2431 3938 Τετάρτῃ
2462 3869 2538 3936 δὲ,
2585 3871 2747 3941 φησὶ,
2778 3870 2953 3942 γενεᾷ
2985 3873 3557 3943 ἁποστραφήσονται
3597 3869 3720 3927 ὧδε
3739 3889 3753 3903 ·

2175 3959 2340 4011 οὔπω
2361 3958 2467 4030 γὰρ
2483 3960 3021 4029 ἀναπεπλήρωνται
3044 3964 3104 4015 αι
3123 3961 3398 4030 ἁμαρτίαι
3426 3959 3542 4015 τῶν
3564 3962 3768 4031 Ἀμορ-

2166 4046 2357 4114 ραίων
2386 4045 2497 4113 ἕως
2530 4047 2636 4103 τοῦ
2683 4048 2817 4104 νῦν.
2859 4049 3012 4110 Τότε.
3044 4049 3196 4118 φησὶ,
3238 4047 3428 4120 καιρὸς
3459 4050 3612 4102 ἐσται
3656 4049 3754 4105 τοῦ

2173 4132 2267 4187 καί⁵
2309 4134 2550 4198 ἐκείνους
2579 4135 2715 4206 πρὸς
2754 4134 2850 4205 τὴν
2883 4134 3194 4207 ἐλευθερίαν
3227 4135 3618 4210 ἐπαναχθῆναι,
3656 4137 3757 4191 καὶ

2170 4217 2395 4289 τούτους
2425 4223 2581 4295 δίκην
2607 4222 2788 4276 δοῦναι
2817 4224 2956 4293 ὑπὲρ
2982 4224 3076 4279 τοῦ
3104 4224 3337 4298 πλήθους
3362 4224 3473 4279 τῶν
3499 4226 3755 4300 ήμαρτη-

2173 4309 2372 4379 μένων,
2405 4312 2498 4365 καὶ
2538 4311 2639 4382 τῆς
2677 4313 2781 4383 γῆς
2824 4312 3175 4383 ἐξεωσθῆναι.
3222 4312 3532 4384 Ἀμφότερα
3569 4311 3752 4365 τοίνυν

2170 4395 2313 4450 κατά
2339 4398 2434 4451 τὸν
2470 4398 2656 4452 δέοντα
2687 4399 2879 4472 καιρὸν
2914 4402 3224 4471 γενήσεται,
3254 4399 3519 4454 κάκείνων
3544 4400 3577 4470 ἠ
3605 4399 3750 4452 ἀπο-

2169 4487 2518 4551 κατάστασις.
2547 4490 2640 4542 καὶ
2667 4489 2872 4544 τούτων
2906 4492 2940 4562 ή
2977 4490 3192 4562 ἐκϐολή.
3218 4488 3383 4543 Οὐπω
3413 4488 3522 4559 γὰρ
3541 4487 3746 4552 αὐτῶν,

2168 4573 2363 4645 φησὶν,
2399 4576 2888 4648 ἀναπεπλήρωνται
2922 4578 2979 4630 αἱ
3027 4577 3293 4649 ἁμαρτίαι
3316 4593 3330 4609 ο
3365 4576 3444 4641 ὼς
3486 4576 3550 4630 ἂν
3593 4574 3746 4629 εἴποι

2164 4677 2278 4723 τις·
2308 4661 2518 4716 οὐδέπω
2556 4663 2808 4717 τοσοῦτον
2836 4664 3160 4735 εἰργάσαντο
3184 4663 3387 4735 πλῆθος
3418 4661 3750 4734 πλημμελη-

2167 4747 2354 4818 μάτων
2376 4790 2391 4815 ,
2433 4748 2511 4813 ὡς
2557 4750 2814 4821 τοιαύτην
2848 4751 3103 4822 ὑποσχεῖν
3142 4750 3317 4823 δίκην.
3358 4749 3748 4820 Φιλάνθρωπος

2164 4834 2272 4906 γὰρ
2301 4833 2377 4888 ῶν
2407 4837 2469 4890 οὐ
2506 4837 2666 4906 μόνον
2702 4837 2812 4891 τῶν
2845 4837 3220 4909 ἐπταισμένων
3250 4838 3470 4908 μείζους
3504 4837 3606 4891 οὐκ
3638 4838 3743 4891 ἐπ’

2165 4924 2287 4992 ἀγει
2313 4922 2411 4988 τὰς
2445 4925 2732 4995 τιμωρίας,
2774 4926 2908 4981 ἀλλά
2952 4928 3047 4983 καὶ¹
3078 4927 3281 5000 σφόδρα
3319 4928 3597 4991 ἐλάττους.
3640 4927 3746 4982 Διά

2161 5011 2319 5065 τοῦτο
2344 5012 2437 5065 καὶ
2470 5015 2597 5083 περὶ
2625 5013 2847 5078 τούτους
2869 5014 3070 5084 πολλὴν
3104 5014 3379 5068 ἐπιδείκνυ
3391 5032 3471 5068 ται
3502 5013 3600 5086 τὴν
3632 5030 3749 5083 μα-

2160 5097 2487 5169 κροθυμίαν,
2510 5101 2596 5153 ἴνα
2621 5100 2742 5154 καθ’
2763 5101 2971 5155 ἑαυτῶν
2996 5102 3430 5172 ἐπισπασάμενοι
3449 5099 3550 5172 τὴν
3568 5117 3745 5174 τιμω-

2164 5187 2306 5257 ρίαν,
2344 5186 2613 5258 μηδεμίαν
2641 5188 2803 5259 ἔχωσι
2828 5188 3016 5242 λοιπὸν
3042 5186 3354 5258 ἀπολογίαν.

2227 5339 2285 5393 δ’.
2317 5340 2496 5394 Εῖδετε
2529 5342 2641 5406 πῶς
2671 5343 2881 5397 ἅπαντα
2914 5344 3051 5414 μετά
3071 5344 3352 5415 ἀκριϐείας
3373 5343 3634 5416 ἐγνώρισε
3659 5340 3742 5414 τῷ

2158 5428 2491 5499 πατριάρχῃ,
2534 5432 2619 5483 ἵνα
2656 5431 2989 5501 πανταχόθεν
3026 5431 3189 5486 αὐτοῦ
3219 5431 3465 5504 νευρώσῃ
3513 5432 3611 5504 τὴν
3644 5429 3735 5484 πί-

2159 5527 2295 5575 στιν,
2330 5516 2421 5568 καὶ
2448 5516 2510 5568 ἐκ
2536 5516 2642 5568 τῶν
2665 5517 2798 5585 πρὸς
2828 5518 2991 5571 αὐτὸν
3019 5520 3322 5591 εἰρημένων
3354 5520 3451 5591 ἔχῃ
3487 5519 3732 5591 θαρρεῖν,

2157 5599 2238 5651 ὅτι
2272 5601 2363 5652 καὶ
2389 5600 2454 5656 τά
2481 5603 2556 5666 είς
2587 5602 2711 5664 τοὺς
2739 5603 2995 5670 ἐκγόνους
3034 5607 3251 5670 πάντως
3288 5606 3611 5681 ἐκϐήσεταιο
3640 5604 3737 5659 καὶ
