4084 6214
348 308 453 364 345

356 432 408 474 te
438 423 764 490 prementem
796 428 896 484 ego
917 410 1168 482 judicabo
1195 453 1207 475 ,
1250 421 1303 466 et
1343 412 1420 465 sic
1458 425 1551 465 eos
1606 422 1797 477 magno
1823 420 1942 458 cum

362 519 615 582 apparatu
643 509 747 561 huc
772 505 948 562 redire
977 504 1176 560 curabo
1203 520 1216 556 :
1249 502 1406 559 simul
1433 501 1724 572 praedicens
1749 500 1797 553 ei
1829 514 1946 568 qua:

361 604 582 674 posthac
626 609 778 657 certo
809 607 1061 654 eventura
1103 605 1301 662 essent,
1335 595 1643 650 servitutem
1689 591 1943 656 declarat,

361 705 416 749 et
465 695 780 748 descensum
834 692 884 745 in
943 689 1258 762 Egyptom,
1317 697 1476 757 atque
1529 685 1946 754 indignationem

361 802 520 858 quam
550 794 768 857 propter
797 799 890 838 eos
913 782 1150 854 Egyptii
1181 781 1450 850 experturi
1477 787 1647 839 erant,
1678 787 1729 833 et
1754 776 1950 847 glorie-

361 893 476 931 snm
501 892 685 932 eorum
716 875 963 930 reditum.
994 872 1339 942 Ostenditque
1363 871 1434 937 ei,
1453 887 1555 925 non
1589 871 1638 924 in
1672 870 1787 938 ipso
1807 867 1950 921 dum-

361 978 509 1023 taxat
532 968 620 1022 illa
642 983 758 1038 qum
786 982 946 1036 super
971 975 1210 1020 naturam
1244 972 1419 1030 erunt,
1447 973 1702 1019 eventura
1733 977 1871 1022 esse,
1897 972 1951 1017 et

365 1072 485 1132 post
519 1069 661 1114 tanta
693 1059 1068 1130 impedimenta
1096 1073 1214 1129 qua:
1239 1072 1268 1112 a
1303 1058 1409 1112 Dco
1452 1057 1710 1128 promissa
1741 1055 1950 1110 fuerant

366 1153 630 1224 implenda
657 1153 786 1218 fore,
817 1152 908 1207 sed
935 1159 993 1207 et
1025 1152 1076 1206 in
1104 1160 1214 1206 toto
1244 1151 1446 1205 semine
1466 1151 1582 1219 ejus
1605 1150 1704 1204 hoc
1726 1158 1951 1204 eventu-

365 1261 506 1302 rum.
538 1244 661 1299 llaec
686 1254 885 1308 autem,
917 1243 1106 1314 inquit,
1129 1242 1238 1312 jam
1263 1242 1368 1296 dixi
1399 1241 1512 1305 tibi,
1557 1249 1614 1294 ut
1639 1241 1946 1311 priusquam

366 1338 528 1392 vitam
561 1336 732 1402 finias,
757 1335 896 1390 seire
923 1333 1097 1403 possis
1117 1349 1234 1402 qua:
1259 1341 1312 1387 et
1342 1331 1620 1402 nepetibus
1643 1339 1695 1384 et
1723 1330 1950 1400 posteris

366 1429 631 1484 evenient.
665 1428 751 1483 15.
778 1426 858 1480 Tu
893 1437 1080 1492 autem,
1109 1426 1298 1494 inquit,
1339 1424 1496 1478 abibis
1522 1423 1590 1476 ad
1624 1433 1790 1492 patres
1817 1430 1946 1484 tuos,

368 1521 591 1573 nutritus
616 1520 668 1572 in
710 1526 958 1573 senectute
996 1516 1146 1572 bona.
1173 1516 1290 1571 Non
1323 1515 1496 1581 dixit,
1532 1513 1776 1568 morieris
1809 1529 1824 1566 :
1855 1512 1949 1565 sed

368 1610 556 1674 Abibis,
587 1611 735 1680 quasi
760 1610 1160 1679 peregrinaturo
1200 1623 1286 1671 eo,
1330 1614 1382 1662 et
1414 1606 1701 1676 migratoro
1730 1619 1758 1657 a
1782 1602 1949 1673 patria

369 1701 420 1754 in
455 1701 694 1770 patriam.
725 1700 915 1766 Abibis,
949 1701 1133 1770 inquit,
1157 1698 1226 1752 ad
1253 1708 1419 1768 patres
1441 1706 1553 1751 tuos
1583 1711 1601 1750 :
1627 1712 1731 1752 non
1760 1710 1950 1749 carna-

371 1792 447 1845 les
473 1791 620 1845 dicit.
649 1791 749 1856 Qui
772 1791 916 1845 enim
943 1791 1186 1860 poterat?
1214 1789 1524 1844 lncredulus
1554 1787 1695 1842 enim
1718 1795 1832 1840 erat
1859 1801 1950 1856 pa-

370 1889 452 1934 ter
481 1880 616 1950 ejus,
653 1888 706 1934 et
735 1895 839 1935 non
866 1890 980 1936 erat
1020 1879 1272 1949 possibile
1301 1887 1357 1934 ut
1380 1877 1630 1934 eumdem
1661 1879 1834 1931 locum
1865 1892 1954 1930 ca-

371 1981 541 2038 peret,
563 1986 718 2039 quem
747 1970 854 2024 ille.
886 1969 1070 2024 lliatus
1094 1970 1257 2035 enim,
1292 1969 1480 2038 inquit,
1503 1985 1717 2039 magnus
1737 1976 1806 2021 est
1827 1967 1955 2019 inter

370 2076 462 2112 nos
489 2070 532 2111 et
559 2076 642 2113 ros
673 2059 823 2128 (Luc.
859 2060 942 2113 t6.
975 2060 1090 2128 26).
1118 2060 1292 2127 Quare
1317 2059 1472 2124 dixit,
1503 2058 1582 2111 Ad
1611 2067 1776 2126 patres
1801 2057 1954 2111 tuos?

370 2151 552 2206 Justus
581 2151 874 2216 insinuans,
901 2159 958 2204 ut
979 2151 1128 2216 Abel,
1148 2160 1204 2206 et
1231 2149 1364 2216 Noe,
1387 2160 1442 2204 et
1465 2149 1669 2204 Enoch.
1693 2149 1949 2215 Nutritus,

372 2241 560 2310 inquit,
585 2241 636 2294 in
659 2250 910 2294 senectute
932 2241 1081 2294 bona.
1113 2241 1175 2295 Et
1197 2240 1366 2310 qualis
1393 2239 1507 2294 haec
1527 2247 1774 2294 senectus
1792 2239 1950 2306 bona,

368 2331 594 2386 fortasse
642 2332 781 2387 dicet
823 2331 1033 2401 aliquis,
1066 2332 1132 2386 ad
1163 2346 1321 2402 quam
1351 2331 1510 2387 tantis
1552 2332 1812 2387 molestiis
1861 2344 1954 2399 per

371 2431 533 2476 totam
564 2421 724 2476 vitam
759 2422 1008 2476 transiit?
1030 2421 1224 2476 Verum
1253 2437 1321 2477 ne
1343 2422 1444 2476 hoc
1471 2421 1735 2487 attendas,
1767 2421 1948 2486 homo,

367 2507 684 2582 sed'specta
724 2528 844 2582 quze
897 2512 970 2566 illi
1013 2514 1155 2567 omni
1197 2523 1434 2582 tempore
1476 2511 1636 2568 fuerit
1662 2512 1825 2582 gloria
1852 2553 1868 2576 ,
1899 2522 1954 2567 et

369 2603 638 2672 quomodo
661 2603 922 2674 gloriosus
949 2603 1145 2658 vixerit
1171 2603 1482 2673 peregrinus
1506 2603 1597 2674 qui
1626 2603 1838 2657 civitate
1866 2605 1948 2655 t‘o-

370 2707 538 2762 coque
566 2694 800 2758 carebat,
833 2702 886 2748 et
911 2704 1108 2763 quanto
1137 2693 1237 2764 ipsi
1263 2693 1443 2749 datum
1469 2703 1551 2750 est
1575 2695 1717 2748 omni
1749 2704 1955 2764 tempo-

372 2798 428 2837 rc
473 2784 564 2838 Dei
606 2784 844 2839 subsidio
871 2783 994 2839 frui.
1409 2851 1413 2856 λ

440 2875 686 2930 Senectus
725 2877 852 2930 bona
877 2892 1012 2947 quas.
1039 2876 1408 2950 Quadringenti
1451 2880 1575 2933 anni
1608 2879 1859 2934 sentitutis
1900 2879 1950 2934 in

368 2963 600 3036 lEgypto
626 2983 657 3018 a
683 2983 781 3036 quo
810 2968 1058 3038 principio
1087 2969 1327 3022 ducendi.
1350 2969 1544 3024 -Νοη
1578 2971 1735 3040 igitur
1762 2986 1954 3026 secun-

369 3054 493 3108 dum
525 3064 840 3126 przesentem
885 3057 1190 3128 opinionem
1220 3059 1288 3114 de.
1317 3059 1475 3115 rebus
1497 3059 1752 3130 judicium
1787 3061 1948 3126 feras,

369 3162 541 3216 neque
586 3157 914 3204 senectutem
971 3165 1092 3206 esse
1139 3149 1331 3206 bonam
1377 3167 1618 3218 censeas,
1651 3155 1850 3209 versari
1898 3155 1950 3209 in

364 3236 512 3304 luxu,
534 3236 766 3305 deliciis,
793 3248 845 3295 et
866 3240 1104 3309 crapula,
1124 3239 1174 3294 in
1194 3243 1528 3311 possessione
1551 3243 1875 3311 divitiarum,
1898 3252 1955 3300 et

367 3344 554 3400 magna
593 3330 908 3387 famulorum
934 3333 1287 3399 multitudine,
1313 3335 1797 3406 mancipiorumque
1815 3352 1954 3406 gre-

365 3420 538 3489 gibus.
562 3421 685 3476 [hec
712 3423 854 3476 enim
883 3432 1212 3479 senectutem
1242 3425 1432 3478 bonam
1457 3440 1561 3479 non
1587 3427 1834 3491 reddunt,
1857 3427 1949 3481 sed

367 3518 422 3562 et
442 3509 657 3563 multam
687 3510 1180 3565 condemnationem
1201 3512 1432 3567 afferunt
1451 3515 1498 3568 ei
1521 3515 1608 3583 qui
1631 3530 1698 3569 ne
1720 3515 1772 3569 in
1793 3530 1954 3570 sene-

370 3607 514 3654 ctute
535 3599 746 3667 quidem
776 3601 1157 3655 continentiam
1187 3610 1435 3668 exercet,
1480 3618 1654 3673 neque
1679 3606 1744 3658 ad
1773 3613 1951 3660 extre-

374 3703 490 3742 Inos
519 3689 766 3743 redactus
791 3690 1026 3760 spiritus,
1049 3690 1115 3746 de
1136 3692 1199 3745 iis
1215 3707 1333 3759 qua:
1362 3693 1648 3762 expediunt
1671 3695 1946 3762 deliberat,

371 3780 465 3836 sed
520 3779 754 3849 quotidie
807 3780 1043 3850 indulget
1095 3782 1286 3846 ventri,
1337 3793 1573 3838 sectatur
1612 3785 1850 3840 convivia
1898 3796 1950 3840 et

371 3870 655 3925 ebrietates
675 3911 689 3933 ,
712 3870 778 3924 de
805 3869 996 3939 quibus
1028 3872 1278 3926 omnibus
1307 3889 1410 3928 non
1449 3875 1615 3929 multo
1642 3886 1759 3944 post
1798 3877 1950 3931 ratio-

374 3976 495 4014 nem
522 3959 823 4014 redditurus
861 3969 962 4014 est.
992 3961 1131 4016 Sane
1156 3961 1246 4031 qui
1276 3962 1328 4016 in
1369 3963 1449 4018 via
1481 3964 1688 4018 virtutis
1713 3965 1952 4020 ambula-

375 4053 469 4118 vit,
494 4052 580 4107 hic
605 4067 731 4107 vere
752 4053 981 4107 nutritus
1007 4053 1059 4107 in
1077 4063 1350 4111 senectute
1377 4055 1532 4119 bona,
1557 4057 1662 4110 vita
1689 4055 1944 4126 fungitur,

373 4153 426 4197 et
467 4141 705 4196 laborum
737 4143 1074 4212 prtesentium
1116 4143 1316 4199 invenit
1349 4146 1745 4202 retributiones.
1776 4147 1842 4201 Et
1872 4148 1951 4202 id-

371 4232 514 4286 circo
541 4232 711 4301 inquit
741 4250 754 4285 :
795 4233 922 4287 'l‘uis
958 4232 1171 4303 quidem
1200 4236 1480 4306 nepotibus
1517 4237 1636 4290 talia
1664 4239 1946 4307 evenient,

371 4331 424 4374 to
461 4332 635 4374 autem
659 4322 827 4377 abibis
855 4325 1082 4377 nutritus
1106 4324 1156 4378 in
1187 4335 1460 4380 senectute
1485 4327 1643 4381 bona.
1670 4327 1764 4382 llic
1784 4330 1946 4382 animo

369 4412 606 4477 adverte,
635 4413 902 4484 quomodo
949 4415 1049 4468 nisi
1097 4415 1212 4483 ejus
1258 4417 1443 4486 ingens
1472 4415 1657 4471 fuisset
1696 4417 1945 4472 fortitudo

369 4510 423 4555 et
447 4501 778 4571 philosophia
815 4503 1013 4557 eximia
1039 4543 1054 4568 ,
1097 4503 1212 4559 haec
1257 4520 1465 4575 quoque
1490 4507 1806 4562 conturbare
1831 4509 1944 4576 ejus

369 4602 599 4647 mentem
628 4593 940 4662 potuissent.
976 4594 1160 4649 Dicere
1187 4595 1328 4649 enim
1358 4605 1584 4665 poterat.
1621 4599 1666 4652 si
1697 4599 1888 4668 aliquis
1914 4617 1944 4654 e

369 4681 526 4750 volgo
547 4681 732 4737 fuisset
764 4699 964 4753 :quare
991 4685 1255 4754 promittis
1285 4687 1412 4741 mihi
1440 4697 1644 4743 tantum
1667 4705 1847 4744 semen
1877 4706 1941 4744 ex

365 4786 452 4826 me
479 4773 710 4828 futurum
738 4781 792 4828 et
821 4775 1240 4846 propagandum,
1277 4777 1320 4831 si
1351 4788 1570 4847 nepotes
1605 4780 1762 4833 tantis
1788 4790 1944 4834 erunt

365 4862 518 4916 malis
566 4873 619 4918 ct
665 4866 1056 4922 calamitatibus
1099 4867 1348 4935 obnoxii,
1378 4871 1792 4941 servitutemque
1821 4880 1944 4925 sunt

363 4960 438 5004 tot
469 4954 623 5005 annis
671 4955 987 5010 toleraturi?
1012 4973 1130 5028 qua:
1164 4958 1294 5013 mihi
1328 4958 1452 5014 hinc
1481 4961 1713 5013 utilitas?
1745 4960 1938 5015 Verum

360 5042 488 5094 nihil
535 5041 725 5096 horum
747 5044 920 5112 justus
949 5048 1216 5116 cogitavit,
1246 5047 1338 5102 sed
1369 5049 1520 5118 quasi
1559 5059 1738 5120 gratus
1765 5050 1940 5104 famu-

358 5128 458 5192 los,
493 5131 668 5184 omnia
707 5147 826 5200 quae
847 5149 874 5184 a
905 5135 1014 5188 Deo
1039 5136 1232 5190 fiebant
1275 5137 1395 5190 boni
1427 5139 1711 5204 consuluit,
1739 5148 1792 5194 et
1820 5155 1939 5210 qua!

359 5218 456 5286 ipsi
482 5220 792 5288 plaeebant,
829 5238 939 5278 suae
967 5224 1284 5294 prmferebat
1311 5229 1610 5282 sententite.
1657 5229 1854 5286 Deinde
1883 5240 1938 5286 et

356 5318 565 5377 tempus
603 5311 650 5364 ei
691 5311 972 5382 significat,
1013 5331 1118 5385 quo
1153 5331 1184 5371 a
1223 5317 1476 5373 servitute
1526 5329 1649 5374 sunt
1692 5321 1932 5377 redituri.

359 5396 485 5451 Nam
518 5410 794 5469 postquam
821 5405 976 5459 annis
1004 5406 1404 5477 quadringentis
1448 5411 1739 5466 servituros
1764 5413 1931 5468 dixis-

355 5496 454 5548 set,
489 5489 704 5546 subdit:
745 5493 829 5548 16.
863 5493 1194 5552 Generationc
1229 5509 1394 5552 autem
1424 5511 1603 5569 quarta
1629 5513 1934 5557 revertentur

353 5579 471 5630 hue.
515 5578 709 5638 Verum
751 5583 833 5638 hic
865 5588 1056 5641 merito
1091 5588 1209 5658 quis
1248 5588 1474 5656 dubitet,
1510 5594 1778 5660 quomodo
1804 5611 1932 5664 qua-

350 5667 644 5740 dringentis
671 5677 824 5732 annis
849 5677 974 5733 dicit
1005 5681 1295 5736 servituros
1314 5722 1327 5748 ,
1364 5683 1606 5751 quamvis
1645 5699 1816 5755 neque
1844 5684 1928 5739 di-

1329 294 1410 365 ta
1449 293 1600 348 CAP.
1646 289 1758 346 xv.
1801 284 2046 344 causa.
2089 261 2319 342 "aunt.
2362 280 2624 342 xxxvo.

3532 290 3634 346 διδ

2055 403 2273 457 midium
2304 419 2488 459 eorum
2519 405 2712 459 fuerint
2742 407 2838 475 lpsi
2863 406 2912 460 io
2935 403 3186 478 Egypto.
3215 408 3497 479 Propterea
3527 425 3631 463 non

2053 496 2187 549 dixit
2208 511 2302 550 eos
2330 497 2379 549 in
2405 495 2638 566 Egypto
2663 496 2864 552 futuros
2889 513 3008 553 esse
3034 499 3184 553 annis
3211 501 3631 570 quadringentis,

2054 586 2170 650 sed,
2201 586 2267 640 In
2295 597 2426 640 terra
2452 604 2552 640 non
2579 605 2690 653 sua,
2725 589 2792 642 ita
2838 597 2894 641 ιιι
2928 591 3092 658 possit
3115 593 3486 644 connumerari
3513 607 3633 646 cum

2054 680 2207 733 annis
2245 681 2295 733 in
2334 679 2565 750 [Egypto
2601 681 2800 733 exactis
2829 681 2999 749 ipsum
3046 682 3356 749 patriarcha:
3389 693 3593 748 tempus
3617 723 3633 746 ,

2055 791 2116 828 υτ
2143 791 2248 844 quin
2276 776 2322 830 ei
2355 775 2669 845 imperatum
2713 787 2814 839 est,
2867 785 2925 829 ut
2971 791 3033 829 ex
3075 777 3311 830 Charran
3353 777 3637 846 egredere-

2059 881 2143 918 tur
2173 866 2270 934 (α).
2305 867 2384 917 ΑΙ)
2437 867 2525 918 illo
2577 865 2718 919 enim
2768 876 3005 934 tempore
3056 881 3333 920 numerum
3374 882 3636 921 minorum

2058 959 2211 1012 nobis
2251 958 2422 1026 palam
2455 957 2577 1011 fecit
2619 957 2912 1026 Scriptura,
2962 974 3081 1027 qua:
3129 957 3260 1010 dixit
3306 957 3634 1026 septuaginta

2055 1051 2286 1120 quinque
2343 1065 2602 1103 annorum
2654 1049 2816 1104 fuisse
2865 1049 3093 1110 Abram,
3141 1048 3352 1118 quando
3395 1050 3522 1103 exiit
3570 1065 3636 1104 ex

2054 1141 2290 1193 Charran
2327 1139 2475 1211 (Gen.
2511 1139 2595 1192 12.
2625 1141 2682 1207 tl)
2708 1158 2721 1193 :
2751 1156 2812 1192 ex
2844 1154 2909 1193 eo
2937 1141 3091 1207 igitur
3119 1149 3354 1208 tempore
3381 1155 3546 1209 usque
3569 1139 3636 1192 ad

2056 1232 2255 1284 exitum
2285 1232 2352 1285 de
2378 1230 2630 1300 {Egyplm
2659 1231 2701 1284 si
2732 1231 2848 1299 quis
2879 1241 3163 1300 supputare
3187 1233 3327 1298 velit,
3359 1246 3635 1284 numerum

2059 1323 2316 1390 integrum
2347 1321 2598 1375 inveniet.
2635 1322 2744 1376 Dici
2797 1332 2974 1392 posset
3001 1324 3161 1376 etiam
3183 1363 3198 1383 ,
3247 1321 3524 1376 [b.nninum
3555 1330 3637 1374 ut-

2059 1421 2181 1481 pote
2230 1412 2536 1481 benignum,
2565 1423 2618 1467 et
2650 1412 2999 1468 imbecillitati
3046 1423 3241 1468 nostra:
3285 1424 3638 1482 congruentes

2059 1519 2244 1573 pinnas
2264 1520 2476 1573 semper
2527 1505 2862 1569 inferentem,
2896 1512 3016 1576 quia
3062 1507 3191 1560 vidit
3219 1521 3312 1561 eos
3356 1509 3423 1559 ita
3456 1507 3638 1559 labore

2058 1610 2283 1663 pressos,
2332 1605 2384 1650 et
2426 1595 2705 1668 Egyptios
2750 1613 2992 1667 magnam
3045 1598 3096 1651 in
3145 1613 3237 1652 eos
3271 1597 3636 1651 erndel.tatem

2054 1703 2326 1749 exercere.
2365 1699 2487 1743 ante
2511 1690 2784 1743 definitum
2815 1699 3020 1759 tempus
3047 1691 3299 1743 ultionem
3345 1690 3552 1751 fecisse.
3584 1700 3639 1744 et

2057 1779 2120 1832 ad
2154 1780 2452 1834 libertatem
2476 1794 2568 1834 eos
2594 1780 2889 1835 reduxisse.
2919 1781 3010 1834 Dei
3039 1782 3179 1834 enim
3209 1794 3325 1834 mos
3350 1788 3432 1834 est
3450 1820 3465 1845 ,
3507 1794 3640 1849 quo-

2060 1873 2198 1925 niam
2223 1873 2273 1925 in
2296 1873 2540 1926 omnibus
2557 1872 2781 1926 salutem
2805 1882 3039 1926 nostram
3062 1881 3332 1939 operatur,
3356 1881 3413 1925 ut
3431 1873 3638 1927 etiamsi

2059 1964 2288 2017 minetur
2324 1979 2381 2019 Sc
2409 1963 2714 2033 punitorum
2736 2005 2750 2028 ,
2781 1965 2823 2018 si
2855 1980 2951 2018 nos
2979 1965 3304 2018 voluerimus
3329 1965 3635 2018 conversio-

2058 2055 2139 2108 nis
2169 2057 2436 2125 Specimen
2471 2055 2722 2110 exhibere
2742 2099 2757 2123 ,
2791 2057 3052 2126 possimus
3079 2058 3194 2126 ejus
3222 2073 3474 2111 revocare
3516 2073 3638 2110 seu-

2058 2147 2295 2200 tentias:
2329 2155 2382 2198 ct
2428 2161 2459 2202 e
2499 2146 2711 2201 diverso
2739 2148 2782 2200 si
2827 2147 3135 2216 polliceatur
3182 2147 3376 2216 aliquid
3428 2147 3548 2200 boni
3579 2162 3639 2202 se

2057 2237 2210 2294 nobis
2237 2239 2502 2306 daturum,
2538 2257 2636 2294 nos
2661 2249 2835 2294 autem
2887 2257 2990 2294 non
3042 2240 3376 2294 attulerimus
3405 2254 3466 2294 ea
3511 2255 3634 2308 qua:

2059 2329 2322 2384 facultatis
2343 2340 2536 2384 IIOSll'm
2566 2341 2720 2394 sunt,
2753 2347 2924 2401 neque
2952 2332 3063 2400 ipso
3107 2332 3423 2400 promissum
3469 2329 3638 2384 adim~

2057 2421 2218 2490 pleat,
2251 2437 2316 2477 ne
2347 2436 2444 2476 nos
2473 2437 2532 2476 ea
2573 2424 2778 2476 ratione
2806 2423 3100 2478 deteriores
3123 2422 3430 2478 evadamus.
3466 2423 3640 2491 Atque

2057 2513 2172 2569 haec
2198 2513 2436 2568 invenire
2468 2515 2715 2584 poteritis
2729 2517 3531 2588 quotquotstudiosisaerarom
3550 2518 3636 2573 Li-

2060 2615 2296 2662 terarnm
2343 2607 2492 2660 estis.
2529 2606 2721 2673 Quarta
2751 2616 2933 2676 ⁸αιιιεηι
2970 2607 3289 2678 generatione
3332 2617 3635 2659 revertentur

2057 2696 2156 2748 huc
2179 2711 2196 2749 :
2216 2697 2436 2749 nondum
2457 2698 2587 2750 enim
2608 2699 2867 2768 completa:
2881 2708 2997 2751 sunt
3016 2697 3300 2766 iniquitates
3319 2696 3637 2749 Amorrlta'o-

2055 2805 2167 2842 rum
2197 2805 2350 2860 usque
2377 2806 2528 2844 nunc.
2561 2789 2728 2856 Tunc,
2779 2791 2980 2860 inquit,
3012 2790 3112 2844 erit
3159 2799 3366 2858 tempus
3396 2800 3450 2842 ut
3479 2798 3530 2842 et
3561 2787 3636 2842 illi

2056 2879 2376 2935 reducantur
2423 2880 2475 2934 in
2506 2880 2804 2936 libertatem
2827 2923 2841 2947 ,
2872 2891 2924 2936 et
2965 2881 3018 2936 hi
3065 2896 3275 2950 pinnam
3306 2880 3512 2933 luentes
3542 2894 3636 2948 pro

2056 2971 2395 3026 multitudine
2434 2983 2770 3041 peccatorum
2807 2988 2838 3027 e
2879 2982 3020 3027 terra
3059 2971 3409 3040 expellantur.
3464 2969 3639 3024 Ambo

2057 3063 2232 3133 itaque
2249 3063 2372 3118 fient
2397 3074 2636 3134 tempore
2656 3073 2975 3135 opportuno,
3001 3071 3054 3118 et
3071 3062 3277 3116 illorum
3302 3061 3635 3128 instauratio,

2055 3162 2111 3208 et
2137 3154 2326 3209 borum
2355 3154 2640 3210 excidium.
2681 3154 2924 3210 Nondum
2953 3153 3098 3210 enim
3129 3154 3358 3223 impletae
3384 3164 3503 3208 sunt
3534 3151 3637 3208 ini-

2055 3246 2282 3315 quitates
2302 3263 2485 3301 eorum
2520 3265 2534 3302 :
2563 3247 2713 3318 quasi
2743 3247 2885 3302 dicat
2907 3246 3100 3316 aliquis
3130 3263 3143 3297 :
3175 3245 3420 3300 Nondum
3453 3246 3503 3298 in
3531 3255 3637 3298 tau-

2057 3345 2111 3389 to
2140 3351 2363 3390 numero
2403 3345 2619 3406 peccata
2648 3337 3005 3400 admiserunt,
3037 3345 3092 3388 ut
3120 3335 3280 3390 talem
3323 3335 3492 3388 ferant
3521 3349 3636 3403 po:-

2055 3443 2198 3480 uam.
2251 3429 2387 3480 Deus
2414 3429 2555 3482 enim
2585 3428 2844 3496 benignus
2886 3440 3006 3479 cum
3049 3427 3149 3486 sit,
3183 3441 3287 3479 non
3317 3426 3489 3479 solum
3528 3441 3635 3480 non

2057 3515 2257 3570 inducit
2279 3530 2464 3584 pinnas
2493 3517 2720 3586 peccatis
2751 3515 3051 3586 graviores,
3084 3515 3177 3570 sed
3204 3523 3258 3570 et
3283 3516 3436 3570 valde
3460 3516 3634 3570 mino-

2057 3619 2163 3656 res.
2197 3603 2424 3672 Ideoque
2445 3615 2641 3659 tantam
2667 3619 2790 3674 erga
2821 3605 2938 3658 illos
2963 3605 3178 3660 exhibet
3201 3607 3554 3672 tolerantiam,
3577 3615 3636 3663 ut

2053 3709 2174 3747 com
2201 3694 2436 3764 sibiipsis
2463 3709 2740 3766 pugnarum
2767 3693 2874 3749 sint
2897 3703 3160 3760 auctores,
3193 3697 3386 3750 nullam
3414 3698 3635 3768 posthac

2053 3786 2448 3839 excusationem
2478 3787 2726 3840 habeant.

2131 3879 2186 3935 ι.
2227 3876 2446 3933 Vidistis
2471 3877 2736 3948 quomodo
2779 3877 3090 3948 patriarcha:
3127 3879 3305 3934 omnia
3353 3879 3635 3951 diligenter

2054 3974 2325 4040 indicavit,
2353 3980 2410 4026 ut
2438 3987 2508 4027 ex
2539 3970 2682 4026 omni
2717 3980 2866 4040 parte
2894 3969 3010 4039 ejus
3052 3971 3327 4026 roboraret
3365 3971 3548 4040 fidem,
3581 3985 3635 4031 et

2054 4076 2110 4120 ut
2147 4081 2212 4120 ex
2258 4064 2322 4118 iis
2350 4078 2468 4133 qua!
2495 4061 2560 4116 ad
2586 4076 2708 4115 eum
2734 4060 2872 4116 dicta
2899 4059 3107 4115 fuerant
3132 4061 3402 4117 confidere
3428 4075 3629 4132 posset,

2051 4156 2209 4211 etiam
2243 4153 2579 4224 prOSperitati
2609 4151 2725 4221 ejus
2752 4151 2867 4206 haec
2907 4151 3124 4206 omnino
3150 4165 3407 4208 eventura
3445 4169 3566 4210 esse
3614 4173 3628 4210 :

2112 4292 2185 4353 (α)
2218 4297 2284 4353 tta
2306 4301 2564 4353 puniente
2601 4287 2762 4353 solent
2785 4289 2816 4337 ii
2853 4290 2936 4352 qui
2967 4289 3097 4353 inter
3118 4289 3438 4351 chronologos
3460 4292 3634 4353 princi-

2051 4348 2408 4414 pein'obtineut
2428 4348 2610 4405 locum;
2637 4352 2701 4399 ita
2720 4348 2885 4414 tamen
2911 4357 2965 4399 ut
2988 4351 3035 4398 in
3058 4348 3633 4414 recensione—nonomit-

2049 4411 2112 4462 no
2133 4426 2242 4462 eum
2264 4412 2595 4473 chrysostomo
2615 4411 2934 4473 consentiant,
2947 4413 3156 4460 maxime
3171 4425 3287 4461 vero
3309 4426 3417 4462 cum
3440 4415 3552 4463 dicit
3569 4429 3633 4463 ne

2047 4476 2294 4523 dimidium
2338 4472 2536 4534 quidem
2580 4472 3042 4533 quadringentorum
3064 4488 3296 4522 annorum
3319 4477 3547 4525 Hebraeos
3584 4478 3633 4525 tu

2049 4535 2254 4597 Aigypto
2271 4535 2521 4598 Inattsi§se_.
2547 4535 2768 4598 Petavius
2780 4539 2942 4598 autem
2964 4537 3033 4582 sic
3054 4535 3290 4598 calculum
3306 4540 3456 4598 ponit,
3479 4540 3632 4586 natio-

2049 4593 2316 4657 narii'part.
2343 4594 2390 4651 2,
2425 4593 2457 4640 Ι.
2483 4594 2529 4650 2,
2555 4608 2602 4657 c._
2633 4595 2682 4653 4,
2707 4593 3018 4657 Αιιὺίᾼῐτευιωη
3052 4593 3319 4656 apostolum
3352 4593 3527 4646 ducem
3549 4612 3632 4646 se-

2047 4653 2227 4719 quitur,
2253 4657 2346 4720 qui
2362 4657 2408 4720 in
2433 4654 2634 4720 epistola
2658 4655 2716 4704 ad
2740 4653 2944 4720 galatas.
2967 4656 3017 4713 3,
3055 4653 3130 4720 l7,
3155 4658 3276 4706 dixit
3302 4667 3409 4720 post
3430 4672 3582 4708 anuos
3602 4672 3632 4709 a

2067 4715 2529 4781 irtsltlissd_di\'ii|ittt§
2553 4725 2702 4781 terra
2717 4717 2933 4764 Chanaan
2960 4715 3337 4781 quadringentos
3360 4729 3411 4768 et
3435 4720 3629 4781 triginta

2067 4732 2281 4767 ironussa
2303 4731 2529 4764 uivnntus
2553 4731 2682 4766 terra
2717 4731 2933 4764 manaao
2960 4731 3159 4778 quaurtn
3199 4731 3337 4766 entes
3360 4731 3411 4768 et
3435 4731 3629 4781 triginta

2048 4731 2212 4841 ingeni
2237 4778 2414 4826 editam
2433 4837 2442 4841 _
2461 4777 2627 4826 fuisse.
2653 4779 2910 4841 H_inc_vero
2940 4783 3010 4841 sic
3030 4731 3243 4826 calcufus
3262 4780 3452 4827 ducitur
3479 4794 3490 4827 :
3518 4787 3630 4827 Pro-

2047 4837 2211 4889 missio
2235 4848 2378 4887 terra:
2399 4837 2614 4887 Chanaan
2651 4838 2914 4891 Abrahamo
2937 4837 3055 4887 facta
3090 4846 3166 4901 est
3198 4851 3326 4887 anno
3348 4843 3456 4888 vitae
3482 4841 3629 4901 ipsius

2047 4901 2250 4949 ineunte
2269 4902 2347 4948 76.
2372 4907 2484 4950 cum
2501 4906 2696 4948 centum
2722 4906 2856 4946 esset
2873 4910 3104 4946 annorum
3121 4899 3380 4958 Abraham,
3400 4914 3456 4947 oa
3480 4899 3538 4949 tis
3553 4912 3626 4950 est

2046 4966 2187 5009 Isaae.
2212 4961 2280 5007 Ab
2301 4967 2408 5022 ortu
2433 4959 2573 5008 Isaaci
2598 4961 2656 5006 ad
2678 4961 2838 5022 Jacobi
2863 4968 3018 5022 ortum
3043 4960 3152 5007 anni
3176 4963 3430 5022 sexaginta
3455 4975 3626 5010 nume-

2045 5030 2226 5070 rantur.
2252 5020 2396 5084 .taeub
2417 5033 2649 5084 annm-mu
2675 5020 2764 5084 150
2783 5020 2831 5067 in
2867 5019 3002 5084 tEgy,
3023 5027 3122 5084 tum
3148 5019 3446 5084 venit,'quos
3479 5036 3626 5072 annos

2101 5096 2210 5130 cum
2233 5083 2295 5130 25
2320 5081 2586 5138 Abrahami,
2605 5089 2655 5129 et
2677 5083 2738 5129 60
2762 5081 3162 5143 tsaacijunxeris,
3186 5084 3294 5130 anni
3313 5081 3625 5132 conticieatnr

2042 5142 2152 5192 215.
2173 5143 2406 5204 Josepluts
2425 5155 2522 5204 quo
2543 5148 2761 5202 tempore
2785 5144 2832 5190 iu
2861 5140 3066 5203 Aigypto
3091 5152 3275 5202 patrem
3301 5146 3514 5202 execr-it,
3539 5158 3626 5192 an-

2042 5217 2157 5275 num
2178 5202 2357 5275 agebat
2501 5204 2624 5275 vixit
2646 5211 2810 5275 autem
2828 5202 3110 5275 annosillo.
3133 5215 3163 5252 Α
3191 5206 3524 5275 pruniss‘ione
3539 5207 3624 5275 igi-

2041 5274 2119 5317 tur
2143 5263 2404 5314 Abrabamo
2427 5263 2544 5313 facta
2567 5265 2624 5312 ad
2649 5266 2840 5327 Josephi
2866 5273 3070 5313 mortem
3095 5263 3207 5313 anni
3243 5274 3355 5313 sunt
3378 5266 3485 5314 285.
3514 5263 3628 5317 Itioe

2039 5329 2097 5376 ad
2116 5335 2272 5376 ortum
2296 5327 2433 5388 stosis
2451 5327 2561 5374 anni
2582 5327 2836 5388 75.,tttoses
2872 5339 3048 5374 annum
3071 5327 3250 5388 agebat
3273 5329 3624 5388 octOgesiunon

2039 5389 2088 5438 in
2111 5390 2246 5439 exitu
2272 5401 2336 5436 ex
2361 5387 2581 5450 Egypto.
2605 5387 2898 5450 Colliguntur
2922 5401 3043 5449 ergo
3059 5401 3085 5434 a
3108 5387 3432 5450 promissione
3457 5389 3514 5436 ad
3542 5393 3625 5436 mi-

2037 5451 2309 5512 grationem
2335 5463 2397 5496 ex
2425 5447 2635 5511 Egypto
2654 5447 2763 5497 anni
2801 5449 2908 5512 430.
2936 5447 3044 5496 ttti'c
3067 5447 3303 5498 Petavius.
3325 5447 3512 5512 Yerum
3535 5451 3625 5498 ut)

2036 5509 2146 5561 anni
2170 5509 2564 5571 colligunturfsi
2598 5512 2728 5559 bene
2761 5509 2995 5558 calculum
3037 5523 3212 5571 lunas;
3249 5509 3336 5571 sed
3375 5514 3487 5571 quia
3528 5525 3622 5560 non

2036 5575 2231 5623 omnino
2246 5569 2436 5620 certu'm
2462 5580 2554 5630 est,
2595 5584 2693 5630 quo
2710 5573 2819 5620 vita:
2844 5569 3088 5620 Abrahami
3128 5569 3254 5619 anno
3280 5569 3362 5618 ille
3385 5569 3620 5620 annorum

2036 5647 2268 5698 numerus
2289 5635 2352 5682 sit
2387 5633 2705 5698 incipiendus,
2729 5633 2845 5683 satis
2878 5634 2971 5684 erit
2993 5635 3031 5682 si
3073 5645 3308 5682 annorum
3331 5644 3514 5682 summa
3531 5636 3621 5682 cis-

2036 5697 2160 5745 citer
2177 5701 2427 5745 statuatur.
