  <div class='ocr_page' id='page_1' title='image "/cluster/home/n/w/nwhite01/storage/ocr_20150623/53/hvd.32044054086673/345.png"; bbox 0 0 4084 6214; ppageno 0'>
   <div class='ocr_carea' id='block_1_1' title="bbox 445 248 546 313">
    <p class='ocr_par' dir='ltr' id='par_1_1' title="bbox 445 248 546 313">
     <span class='ocr_line' id='line_1_1' title="bbox 445 248 546 313; baseline -0.059 0"><span class='ocrx_word' id='word_1_1' title='bbox 445 248 546 313; x_wconf 71' lang='lat' dir='ltr'><strong>Bt?</strong></span> 
     </span>
    </p>
   </div>
   <div class='ocr_carea' id='block_1_2' title="bbox 450 360 2032 436">
    <p class='ocr_par' dir='ltr' id='par_1_2' title="bbox 450 360 2032 436">
     <span class='ocr_line' id='line_1_2' title="bbox 450 360 2032 436; baseline -0.003 -18"><span class='ocrx_word' id='word_1_2' title='bbox 450 375 613 436; x_wconf 77' lang='lat' dir='ltr'><strong>utque.</strong></span> <span class='ocrx_word' id='word_1_3' title='bbox 653 364 811 418; x_wconf 84' lang='lat' dir='ltr'><strong>etiam</strong></span> <span class='ocrx_word' id='word_1_4' title='bbox 859 379 921 417; x_wconf 83' lang='lat' dir='ltr'><strong>ex</strong></span> <span class='ocrx_word' id='word_1_5' title='bbox 970 361 1238 432; x_wconf 65' lang='lat' dir='ltr'><strong>j‘tra&#39;dietis</strong></span> <span class='ocrx_word' id='word_1_6' title='bbox 1277 362 1508 416; x_wconf 80' lang='lat' dir='ltr'><strong>vicissim</strong></span> <span class='ocrx_word' id='word_1_7' title='bbox 1555 361 1760 416; x_wconf 76' lang='lat' dir='ltr'><strong>firmant</strong></span> <span class='ocrx_word' id='word_1_8' title='bbox 1813 360 2032 415; x_wconf 88' lang='lat' dir='ltr'><strong>haberet</strong></span> 
     </span>
    </p>
   </div>
   <div class='ocr_carea' id='block_1_3' title="bbox 453 453 2034 524">
    <p class='ocr_par' dir='ltr' id='par_1_3' title="bbox 453 453 2034 524">
     <span class='ocr_line' id='line_1_3' title="bbox 453 453 2034 524; baseline -0.002 -15"><span class='ocrx_word' id='word_1_9' title='bbox 453 457 610 510; x_wconf 81' lang='lat' dir='ltr'><strong>fidem</strong></span> <span class='ocrx_word' id='word_1_10' title='bbox 635 496 650 520; x_wconf 95' lang='lat'><strong>,</strong></span> <span class='ocrx_word' id='word_1_11' title='bbox 678 469 897 510; x_wconf 89' lang='lat' dir='ltr'><strong>necesse</strong></span> <span class='ocrx_word' id='word_1_12' title='bbox 927 470 1044 510; x_wconf 86' lang='lat' dir='ltr'><strong>esse</strong></span> <span class='ocrx_word' id='word_1_13' title='bbox 1066 454 1176 524; x_wconf 88' lang='lat' dir='ltr'><strong>jam</strong></span> <span class='ocrx_word' id='word_1_14' title='bbox 1205 455 1315 509; x_wconf 87' lang='lat' dir='ltr'><strong>lieri</strong></span> <span class='ocrx_word' id='word_1_15' title='bbox 1343 453 1482 524; x_wconf 88' lang='lat' dir='ltr'><strong>quod</strong></span> <span class='ocrx_word' id='word_1_16' title='bbox 1507 453 1572 507; x_wconf 89' lang='lat' dir='ltr'><strong>de</strong></span> <span class='ocrx_word' id='word_1_17' title='bbox 1598 469 1662 508; x_wconf 85' lang='lat' dir='ltr'><strong>eo</strong></span> <span class='ocrx_word' id='word_1_18' title='bbox 1699 453 1896 508; x_wconf 88' lang='lat' dir='ltr'><strong>dictum</strong></span> <span class='ocrx_word' id='word_1_19' title='bbox 1926 453 2034 506; x_wconf 84' lang='lat' dir='ltr'><strong>lue-</strong></span> 
     </span>
    </p>
   </div>
   <div class='ocr_carea' id='block_1_4' title="bbox 452 545 2034 614">
    <p class='ocr_par' dir='ltr' id='par_1_4' title="bbox 452 545 2034 614">
     <span class='ocr_line' id='line_1_4' title="bbox 452 545 2034 614; baseline -0.001 -16"><span class='ocrx_word' id='word_1_20' title='bbox 452 555 550 599; x_wconf 82' lang='lat' dir='ltr'><strong>tat.</strong></span> <span class='ocrx_word' id='word_1_21' title='bbox 601 545 814 607; x_wconf 84' lang='lat' dir='ltr'><strong>Postea,</strong></span> <span class='ocrx_word' id='word_1_22' title='bbox 868 546 954 600; x_wconf 85' lang='lat' dir='ltr'><strong>tibi</strong></span> <span class='ocrx_word' id='word_1_23' title='bbox 1001 546 1288 614; x_wconf 79' lang='lat' dir='ltr'><strong>eontplcvit</strong></span> <span class='ocrx_word' id='word_1_24' title='bbox 1340 545 1771 614; x_wconf 68' lang='lat' dir='ltr'><strong>prmdictiouetn,</strong></span> <span class='ocrx_word' id='word_1_25' title='bbox 1828 545 2034 609; x_wconf 79' lang='lat' dir='ltr'><strong>accepit</strong></span> 
     </span>
    </p>
   </div>
   <div class='ocr_carea' id='block_1_5' title="bbox 451 635 2033 706">
    <p class='ocr_par' dir='ltr' id='par_1_5' title="bbox 451 635 2033 706">
     <span class='ocr_line' id='line_1_5' title="bbox 451 635 2033 706; baseline -0.003 -16"><span class='ocrx_word' id='word_1_26' title='bbox 451 637 607 691; x_wconf 71' lang='lat' dir='ltr'><strong>etiam</strong></span> <span class='ocrx_word' id='word_1_27' title='bbox 637 637 724 691; x_wconf 91' lang='lat' dir='ltr'><strong>ille</strong></span> <span class='ocrx_word' id='word_1_28' title='bbox 755 638 958 706; x_wconf 81' lang='lat' dir='ltr'><strong>signum</strong></span> <span class='ocrx_word' id='word_1_29' title='bbox 990 637 1238 692; x_wconf 89' lang='lat' dir='ltr'><strong>idoneum</strong></span> <span class='ocrx_word' id='word_1_30' title='bbox 1280 653 1462 691; x_wconf 88' lang='lat' dir='ltr'><strong>eorum</strong></span> <span class='ocrx_word' id='word_1_31' title='bbox 1491 653 1610 706; x_wconf 74' lang='lat' dir='ltr'><strong>quae</strong></span> <span class='ocrx_word' id='word_1_32' title='bbox 1655 636 1754 704; x_wconf 83' lang='lat' dir='ltr'><strong>ipsi</strong></span> <span class='ocrx_word' id='word_1_33' title='bbox 1795 635 1972 703; x_wconf 83' lang='lat' dir='ltr'><strong>contig</strong></span> <span class='ocrx_word' id='word_1_34' title='bbox 1993 655 2033 674; x_wconf 60' lang='grc' dir='ltr'><strong>ε-</strong></span> 
     </span>
    </p>
   </div>
   <div class='ocr_carea' id='block_1_6' title="bbox 450 727 2036 799">
    <p class='ocr_par' dir='ltr' id='par_1_6' title="bbox 450 727 2036 799">
     <span class='ocr_line' id='line_1_6' title="bbox 450 727 2036 799; baseline -0.003 -16"><span class='ocrx_word' id='word_1_35' title='bbox 450 736 592 783; x_wconf 86' lang='lat' dir='ltr'><strong>t&#39;unt.</strong></span> <span class='ocrx_word' id='word_1_36' title='bbox 624 729 708 782; x_wconf 80' lang='grc'><strong>17.</strong></span> <span class='ocrx_word' id='word_1_37' title='bbox 745 727 1018 798; x_wconf 75' lang='lat' dir='ltr'><strong>Postquam</strong></span> <span class='ocrx_word' id='word_1_38' title='bbox 1057 729 1152 799; x_wconf 83' lang='lat' dir='ltr'><strong>fuit</strong></span> <span class='ocrx_word' id='word_1_39' title='bbox 1177 729 1255 784; x_wconf 87' lang='lat' dir='ltr'><strong>sol</strong></span> <span class='ocrx_word' id='word_1_40' title='bbox 1281 729 1348 780; x_wconf 86' lang='lat' dir='ltr'><strong>ad</strong></span> <span class='ocrx_word' id='word_1_41' title='bbox 1392 745 1644 793; x_wconf 79' lang='lat' dir='ltr'><strong>occasum,</strong></span> <span class='ocrx_word' id='word_1_42' title='bbox 1679 728 1866 796; x_wconf 87' lang='lat' dir='ltr'><strong>inquit,</strong></span> <span class='ocrx_word' id='word_1_43' title='bbox 1899 728 2036 795; x_wconf 75' lang='lat' dir='ltr'><strong>facta</strong></span> 
     </span>
    </p>
   </div>
   <div class='ocr_carea' id='block_1_7' title="bbox 447 816 2036 890">
    <p class='ocr_par' dir='ltr' id='par_1_7' title="bbox 447 816 2036 890">
     <span class='ocr_line' id='line_1_7' title="bbox 447 816 2036 890; baseline -0.001 -19"><span class='ocrx_word' id='word_1_44' title='bbox 447 830 519 872; x_wconf 74' lang='lat' dir='ltr'><strong>est</strong></span> <span class='ocrx_word' id='word_1_45' title='bbox 570 821 800 888; x_wconf 79' lang='lat' dir='ltr'><strong>ﬂamma,</strong></span> <span class='ocrx_word' id='word_1_46' title='bbox 844 832 888 873; x_wconf 82' lang='lat' dir='ltr'><strong>et</strong></span> <span class='ocrx_word' id='word_1_47' title='bbox 932 837 1042 874; x_wconf 84' lang='lat' dir='ltr'><strong>ecce</strong></span> <span class='ocrx_word' id='word_1_48' title='bbox 1080 819 1307 873; x_wconf 73' lang='lat' dir='ltr'><strong>clibanus</strong></span> <span class='ocrx_word' id='word_1_49' title='bbox 1353 819 1628 890; x_wconf 78' lang='lat' dir='ltr'><strong>funtigaus,</strong></span> <span class='ocrx_word' id='word_1_50' title='bbox 1679 827 1724 870; x_wconf 87' lang='lat' dir='ltr'><strong>et</strong></span> <span class='ocrx_word' id='word_1_51' title='bbox 1773 816 2036 886; x_wconf 78' lang='lat' dir='ltr'><strong>lampades</strong></span> 
     </span>
    </p>
   </div>
   <div class='ocr_carea' id='block_1_8' title="bbox 449 908 2032 978">
    <p class='ocr_par' dir='ltr' id='par_1_8' title="bbox 449 908 2032 978">
     <span class='ocr_line' id='line_1_8' title="bbox 449 908 2032 978; baseline -0.001 -16"><span class='ocrx_word' id='word_1_52' title='bbox 449 910 600 976; x_wconf 66' lang='lat' dir='ltr'><strong>ignis,</strong></span> <span class='ocrx_word' id='word_1_53' title='bbox 629 927 741 977; x_wconf 74' lang='lat' dir='ltr'><strong>qua:</strong></span> <span class='ocrx_word' id='word_1_54' title='bbox 768 912 1070 965; x_wconf 85' lang='lat' dir='ltr'><strong>transierunt</strong></span> <span class='ocrx_word' id='word_1_55' title='bbox 1097 913 1226 978; x_wconf 82' lang='lat' dir='ltr'><strong>inter</strong></span> <span class='ocrx_word' id='word_1_56' title='bbox 1253 910 1522 964; x_wconf 77' lang='lat' dir='ltr'><strong>divisiones</strong></span> <span class='ocrx_word' id='word_1_57' title='bbox 1549 910 1687 963; x_wconf 83' lang='lat' dir='ltr'><strong>illas.</strong></span> <span class='ocrx_word' id='word_1_58' title='bbox 1731 909 1795 962; x_wconf 86' lang='lat' dir='ltr'><strong>Et</strong></span> <span class='ocrx_word' id='word_1_59' title='bbox 1823 908 2032 962; x_wconf 83' lang='lat' dir='ltr'><strong>ﬂamma</strong></span> 
     </span>
    </p>
   </div>
   <div class='ocr_carea' id='block_1_9' title="bbox 451 998 2034 1073">
    <p class='ocr_par' dir='ltr' id='par_1_9' title="bbox 451 998 2034 1073">
     <span class='ocr_line' id='line_1_9' title="bbox 451 998 2034 1073; baseline -0.003 -18"><span class='ocrx_word' id='word_1_60' title='bbox 451 1009 506 1056; x_wconf 82' lang='lat' dir='ltr'><strong>et</strong></span> <span class='ocrx_word' id='word_1_61' title='bbox 530 1002 772 1058; x_wconf 81' lang='lat' dir='ltr'><strong>clibanus</strong></span> <span class='ocrx_word' id='word_1_62' title='bbox 800 1011 854 1057; x_wconf 91' lang='lat' dir='ltr'><strong>et</strong></span> <span class='ocrx_word' id='word_1_63' title='bbox 895 1002 1163 1073; x_wconf 91' lang='lat' dir='ltr'><strong>lampades</strong></span> <span class='ocrx_word' id='word_1_64' title='bbox 1197 1000 1678 1070; x_wconf 74' lang='lat' dir='ltr'><strong>conspiciebantur,</strong></span> <span class='ocrx_word' id='word_1_65' title='bbox 1729 1009 1784 1053; x_wconf 89' lang='lat' dir='ltr'><strong>ut</strong></span> <span class='ocrx_word' id='word_1_66' title='bbox 1827 998 2034 1068; x_wconf 83' lang='lat' dir='ltr'><strong>signum</strong></span> 
     </span>
    </p>
   </div>
   <div class='ocr_carea' id='block_1_10' title="bbox 455 1090 2037 1163">
    <p class='ocr_par' dir='ltr' id='par_1_10' title="bbox 455 1090 2037 1163">
     <span class='ocr_line' id='line_1_10' title="bbox 455 1090 2037 1163; baseline -0.001 -17"><span class='ocrx_word' id='word_1_67' title='bbox 455 1097 590 1150; x_wconf 79' lang='lat' dir='ltr'><strong>Itale</strong></span> <span class='ocrx_word' id='word_1_68' title='bbox 620 1106 673 1150; x_wconf 91' lang='lat' dir='ltr'><strong>et</strong></span> <span class='ocrx_word' id='word_1_69' title='bbox 711 1097 886 1163; x_wconf 86' lang='lat' dir='ltr'><strong>justus</strong></span> <span class='ocrx_word' id='word_1_70' title='bbox 919 1097 1207 1151; x_wconf 83' lang='lat' dir='ltr'><strong>lirmiorum</strong></span> <span class='ocrx_word' id='word_1_71' title='bbox 1251 1094 1531 1150; x_wconf 75' lang='lat' dir='ltr'><strong>fwderum.</strong></span> <span class='ocrx_word' id='word_1_72' title='bbox 1575 1103 1628 1148; x_wconf 90' lang='lat' dir='ltr'><strong>et</strong></span> <span class='ocrx_word' id='word_1_73' title='bbox 1665 1092 1923 1147; x_wconf 89' lang='lat' dir='ltr'><strong>adventus</strong></span> <span class='ocrx_word' id='word_1_74' title='bbox 1955 1090 2037 1144; x_wconf 87' lang='lat' dir='ltr'><strong>di-</strong></span> 
     </span>
    </p>
   </div>
   <div class='ocr_carea' id='block_1_11' title="bbox 452 1183 2036 1256">
    <p class='ocr_par' dir='ltr' id='par_1_11' title="bbox 452 1183 2036 1256">
     <span class='ocr_line' id='line_1_11' title="bbox 452 1183 2036 1256; baseline -0.001 -19"><span class='ocrx_word' id='word_1_75' title='bbox 452 1199 588 1239; x_wconf 74' lang='lat' dir='ltr'><strong>Vna:</strong></span> <span class='ocrx_word' id='word_1_76' title='bbox 635 1189 977 1256; x_wconf 77' lang='lat' dir='ltr'><strong>Operatiouis.</strong></span> <span class='ocrx_word' id='word_1_77' title='bbox 1029 1186 1285 1256; x_wconf 87' lang='lat' dir='ltr'><strong>Denique,</strong></span> <span class='ocrx_word' id='word_1_78' title='bbox 1334 1196 1613 1255; x_wconf 73' lang='lat' dir='ltr'><strong>postquam</strong></span> <span class='ocrx_word' id='word_1_79' title='bbox 1663 1183 1928 1252; x_wconf 90' lang='lat' dir='ltr'><strong>completa</strong></span> <span class='ocrx_word' id='word_1_80' title='bbox 1981 1191 2036 1236; x_wconf 92' lang='lat' dir='ltr'><strong>ct</strong></span> 
     </span>
    </p>
   </div>
   <div class='ocr_carea' id='block_1_12' title="bbox 453 1274 2036 1347">
    <p class='ocr_par' dir='ltr' id='par_1_12' title="bbox 453 1274 2036 1347">
     <span class='ocr_line' id='line_1_12' title="bbox 453 1274 2036 1347; baseline -0.003 -18"><span class='ocrx_word' id='word_1_81' title='bbox 453 1274 687 1346; x_wconf 68' lang='lat' dir='ltr'><strong>perfecti</strong></span> <span class='ocrx_word' id='word_1_82' title='bbox 713 1286 832 1330; x_wconf 84' lang='lat' dir='ltr'><strong>sunt</strong></span> <span class='ocrx_word' id='word_1_83' title='bbox 872 1277 1068 1339; x_wconf 81' lang='lat' dir='ltr'><strong>omnia,</strong></span> <span class='ocrx_word' id='word_1_84' title='bbox 1119 1285 1396 1347; x_wconf 78' lang='lat' dir='ltr'><strong>postquam</strong></span> <span class='ocrx_word' id='word_1_85' title='bbox 1439 1275 1573 1344; x_wconf 80' lang='lat' dir='ltr'><strong>ignis</strong></span> <span class='ocrx_word' id='word_1_86' title='bbox 1609 1275 1878 1344; x_wconf 87' lang='lat' dir='ltr'><strong>proposita</strong></span> <span class='ocrx_word' id='word_1_87' title='bbox 1909 1288 2036 1326; x_wconf 87' lang='lat' dir='ltr'><strong>con-</strong></span> 
     </span>
    </p>
   </div>
   <div class='ocr_carea' id='block_1_13' title="bbox 452 1365 2036 1438">
    <p class='ocr_par' dir='ltr' id='par_1_13' title="bbox 452 1365 2036 1438">
     <span class='ocr_line' id='line_1_13' title="bbox 452 1365 2036 1438; baseline -0.002 -18"><span class='ocrx_word' id='word_1_88' title='bbox 452 1378 770 1435; x_wconf 77' lang='lat' dir='ltr'><strong>sunqtserat,</strong></span> <span class='ocrx_word' id='word_1_89' title='bbox 819 1369 902 1422; x_wconf 85' lang='lat' dir='ltr'><strong>l8.</strong></span> <span class='ocrx_word' id='word_1_90' title='bbox 936 1368 1221 1437; x_wconf 81' lang='lat' dir='ltr'><strong>Disposuit,</strong></span> <span class='ocrx_word' id='word_1_91' title='bbox 1255 1369 1444 1438; x_wconf 87' lang='lat' dir='ltr'><strong>inquit,</strong></span> <span class='ocrx_word' id='word_1_92' title='bbox 1477 1365 1725 1420; x_wconf 81' lang='lat' dir='ltr'><strong>Dominus</strong></span> <span class='ocrx_word' id='word_1_93' title='bbox 1753 1366 1804 1418; x_wconf 90' lang='lat' dir='ltr'><strong>in</strong></span> <span class='ocrx_word' id='word_1_94' title='bbox 1829 1365 1910 1418; x_wconf 88' lang='lat' dir='ltr'><strong>die</strong></span> <span class='ocrx_word' id='word_1_95' title='bbox 1947 1365 2036 1418; x_wconf 90' lang='lat' dir='ltr'><strong>illo</strong></span> 
     </span>
    </p>
   </div>
   <div class='ocr_carea' id='block_1_14' title="bbox 457 1458 2036 1515">
    <p class='ocr_par' dir='ltr' id='par_1_14' title="bbox 457 1458 2036 1515">
     <span class='ocr_line' id='line_1_14' title="bbox 457 1458 2036 1515; baseline -0.002 -3"><span class='ocrx_word' id='word_1_96' title='bbox 457 1460 602 1512; x_wconf 55' lang='lat' dir='ltr'><strong>(lbra:</strong></span> <span class='ocrx_word' id='word_1_97' title='bbox 645 1469 993 1514; x_wconf 84' lang='lat' dir='ltr'><strong>testamentum</strong></span> <span class='ocrx_word' id='word_1_98' title='bbox 1041 1462 1210 1515; x_wconf 79' lang='lat' dir='ltr'><strong>dicens</strong></span> <span class='ocrx_word' id='word_1_99' title='bbox 1257 1474 1277 1514; x_wconf 89' lang='lat'><strong><em>:</em></strong></span> <span class='ocrx_word' id='word_1_100' title='bbox 1313 1460 1509 1514; x_wconf 84' lang='lat' dir='ltr'><strong>Semiui</strong></span> <span class='ocrx_word' id='word_1_101' title='bbox 1554 1469 1638 1512; x_wconf 87' lang='lat' dir='ltr'><strong>tuo</strong></span> <span class='ocrx_word' id='word_1_102' title='bbox 1683 1458 1812 1512; x_wconf 84' lang='lat' dir='ltr'><strong>dabo</strong></span> <span class='ocrx_word' id='word_1_103' title='bbox 1853 1468 2036 1510; x_wconf 89' lang='lat' dir='ltr'><strong>terram</strong></span> 
     </span>
    </p>
   </div>
   <div class='ocr_carea' id='block_1_15' title="bbox 454 1552 2030 1628">
    <p class='ocr_par' dir='ltr' id='par_1_15' title="bbox 454 1552 2030 1628">
     <span class='ocr_line' id='line_1_15' title="bbox 454 1552 2030 1628; baseline -0.002 -21"><span class='ocrx_word' id='word_1_104' title='bbox 454 1557 603 1621; x_wconf 73' lang='lat' dir='ltr'><strong>hanc,</strong></span> <span class='ocrx_word' id='word_1_105' title='bbox 629 1574 660 1610; x_wconf 89' lang='lat' dir='ltr'><strong>a</strong></span> <span class='ocrx_word' id='word_1_106' title='bbox 683 1559 836 1627; x_wconf 78' lang='lat' dir='ltr'><strong>ﬂuuio</strong></span> <span class='ocrx_word' id='word_1_107' title='bbox 865 1556 1083 1628; x_wconf 54' lang='lat' dir='ltr'><strong>ngypti</strong></span> <span class='ocrx_word' id='word_1_108' title='bbox 1108 1573 1263 1626; x_wconf 82' lang='lat' dir='ltr'><strong>usque</strong></span> <span class='ocrx_word' id='word_1_109' title='bbox 1305 1558 1373 1610; x_wconf 86' lang='lat' dir='ltr'><strong>ad</strong></span> <span class='ocrx_word' id='word_1_110' title='bbox 1411 1556 1618 1626; x_wconf 77' lang='lat' dir='ltr'><strong>[luvium</strong></span> <span class='ocrx_word' id='word_1_111' title='bbox 1650 1569 1889 1624; x_wconf 82' lang='lat' dir='ltr'><strong>maguum</strong></span> <span class='ocrx_word' id='word_1_112' title='bbox 1925 1552 2030 1606; x_wconf 82' lang='lat' dir='ltr'><strong>Eu-</strong></span> 
     </span>
    </p>
   </div>
   <div class='ocr_carea' id='block_1_16' title="bbox 455 1643 2035 1716">
    <p class='ocr_par' dir='ltr' id='par_1_16' title="bbox 455 1643 2035 1716">
     <span class='ocr_line' id='line_1_16' title="bbox 455 1643 2035 1716; baseline 0.003 -20"><span class='ocrx_word' id='word_1_113' title='bbox 455 1648 702 1714; x_wconf 74' lang='lat' dir='ltr'><strong>phratem,</strong></span> <span class='ocrx_word' id='word_1_114' title='bbox 732 1647 822 1702; x_wconf 77' lang='grc'><strong>19.</strong></span> <span class='ocrx_word' id='word_1_115' title='bbox 849 1648 1066 1716; x_wconf 76' lang='lat' dir='ltr'><strong>(.‘inteos,</strong></span> <span class='ocrx_word' id='word_1_116' title='bbox 1092 1657 1138 1700; x_wconf 89' lang='lat' dir='ltr'><strong>et</strong></span> <span class='ocrx_word' id='word_1_117' title='bbox 1165 1646 1446 1711; x_wconf 73' lang='lat' dir='ltr'><strong>Cenezmos,</strong></span> <span class='ocrx_word' id='word_1_118' title='bbox 1487 1656 1533 1699; x_wconf 80' lang='lat' dir='ltr'><strong>et</strong></span> <span class='ocrx_word' id='word_1_119' title='bbox 1571 1645 1913 1702; x_wconf 77' lang='lat' dir='ltr'><strong>Cedmomeos.</strong></span> <span class='ocrx_word' id='word_1_120' title='bbox 1941 1643 2035 1700; x_wconf 68' lang='lat'><strong>20.</strong></span> 
     </span>
    </p>
   </div>
   <div class='ocr_carea' id='block_1_17' title="bbox 455 1737 2031 1810">
    <p class='ocr_par' dir='ltr' id='par_1_17' title="bbox 455 1737 2031 1810">
     <span class='ocr_line' id='line_1_17' title="bbox 455 1737 2031 1810; baseline 0.001 -20"><span class='ocrx_word' id='word_1_121' title='bbox 455 1745 501 1790; x_wconf 85' lang='lat' dir='ltr'><strong>et</strong></span> <span class='ocrx_word' id='word_1_122' title='bbox 527 1737 788 1800; x_wconf 73' lang='lat' dir='ltr'><strong>Chettazos,</strong></span> <span class='ocrx_word' id='word_1_123' title='bbox 817 1748 864 1793; x_wconf 89' lang='lat' dir='ltr'><strong>et</strong></span> <span class='ocrx_word' id='word_1_124' title='bbox 897 1739 1216 1807; x_wconf 68' lang='lat' dir='ltr'><strong>Pltercwos,</strong></span> <span class='ocrx_word' id='word_1_125' title='bbox 1246 1751 1292 1794; x_wconf 90' lang='lat' dir='ltr'><strong>et</strong></span> <span class='ocrx_word' id='word_1_126' title='bbox 1321 1740 1593 1810; x_wconf 84' lang='lat' dir='ltr'><strong>Raphaim,</strong></span> <span class='ocrx_word' id='word_1_127' title='bbox 1618 1749 1664 1792; x_wconf 84' lang='lat' dir='ltr'><strong>et</strong></span> <span class='ocrx_word' id='word_1_128' title='bbox 1694 1738 2031 1802; x_wconf 69' lang='lat' dir='ltr'><strong>Antorrltaeos,</strong></span> 
     </span>
    </p>
   </div>
   <div class='ocr_carea' id='block_1_18' title="bbox 452 1828 2032 1907">
    <p class='ocr_par' dir='ltr' id='par_1_18' title="bbox 452 1828 2032 1907">
     <span class='ocr_line' id='line_1_18' title="bbox 452 1828 2032 1907; baseline -0.001 -25"><span class='ocrx_word' id='word_1_129' title='bbox 452 1838 502 1882; x_wconf 85' lang='lat' dir='ltr'><strong>et</strong></span> <span class='ocrx_word' id='word_1_130' title='bbox 533 1828 865 1895; x_wconf 81' lang='lat' dir='ltr'><strong>Chanameos,</strong></span> <span class='ocrx_word' id='word_1_131' title='bbox 906 1838 950 1882; x_wconf 88' lang='lat' dir='ltr'><strong>et</strong></span> <span class='ocrx_word' id='word_1_132' title='bbox 991 1830 1189 1895; x_wconf 73' lang='lat' dir='ltr'><strong>Eva&#39;os,</strong></span> <span class='ocrx_word' id='word_1_133' title='bbox 1233 1841 1277 1883; x_wconf 85' lang='lat' dir='ltr'><strong>et</strong></span> <span class='ocrx_word' id='word_1_134' title='bbox 1319 1830 1650 1907; x_wconf 68' lang='lat' dir='ltr'><strong>Gergeswos,_</strong></span> <span class='ocrx_word' id='word_1_135' title='bbox 1673 1839 1721 1884; x_wconf 89' lang='lat' dir='ltr'><strong>et</strong></span> <span class='ocrx_word' id='word_1_136' title='bbox 1753 1829 2032 1885; x_wconf 76' lang='lat' dir='ltr'><strong>Jebusteos.</strong></span> 
     </span>
    </p>
   </div>
   <div class='ocr_carea' id='block_1_19' title="bbox 459 1917 2034 1991">
    <p class='ocr_par' dir='ltr' id='par_1_19' title="bbox 459 1917 2034 1991">
     <span class='ocr_line' id='line_1_19' title="bbox 459 1917 2034 1991; baseline 0.003 -22"><span class='ocrx_word' id='word_1_137' title='bbox 459 1917 590 1972; x_wconf 84' lang='lat' dir='ltr'><strong>\‘idc</strong></span> <span class='ocrx_word' id='word_1_138' title='bbox 615 1920 880 1989; x_wconf 89' lang='lat' dir='ltr'><strong>quomodo</strong></span> <span class='ocrx_word' id='word_1_139' title='bbox 905 1921 1076 1976; x_wconf 86' lang='lat' dir='ltr'><strong>adhuc</strong></span> <span class='ocrx_word' id='word_1_140' title='bbox 1107 1931 1430 1991; x_wconf 90' lang='lat' dir='ltr'><strong>perseverat,</strong></span> <span class='ocrx_word' id='word_1_141' title='bbox 1478 1931 1534 1976; x_wconf 92' lang='lat' dir='ltr'><strong>nt</strong></span> <span class='ocrx_word' id='word_1_142' title='bbox 1566 1921 1844 1976; x_wconf 76' lang='lat' dir='ltr'><strong>Conﬁrmet</strong></span> <span class='ocrx_word' id='word_1_143' title='bbox 1883 1935 2034 1974; x_wconf 88' lang='lat' dir='ltr'><strong>suam</strong></span> 
     </span>
    </p>
   </div>
   <div class='ocr_carea' id='block_1_20' title="bbox 456 2005 2029 2082">
    <p class='ocr_par' dir='ltr' id='par_1_20' title="bbox 456 2005 2029 2082">
     <span class='ocr_line' id='line_1_20' title="bbox 456 2005 2029 2082; baseline 0.003 -23"><span class='ocrx_word' id='word_1_144' title='bbox 456 2005 508 2060; x_wconf 92' lang='lat' dir='ltr'><strong>iu</strong></span> <span class='ocrx_word' id='word_1_145' title='bbox 540 2008 682 2062; x_wconf 88' lang='lat' dir='ltr'><strong>illum</strong></span> <span class='ocrx_word' id='word_1_146' title='bbox 715 2010 1140 2078; x_wconf 81' lang='lat' dir='ltr'><strong>promissionem.</strong></span> <span class='ocrx_word' id='word_1_147' title='bbox 1174 2011 1432 2082; x_wconf 76' lang='lat' dir='ltr'><strong>Disposuit</strong></span> <span class='ocrx_word' id='word_1_148' title='bbox 1458 2012 1622 2078; x_wconf 87' lang='lat' dir='ltr'><strong>enim,</strong></span> <span class='ocrx_word' id='word_1_149' title='bbox 1657 2012 1844 2080; x_wconf 87' lang='lat' dir='ltr'><strong>inquit,</strong></span> <span class='ocrx_word' id='word_1_150' title='bbox 1873 2019 2029 2064; x_wconf 76' lang='lat' dir='ltr'><strong>testa-</strong></span> 
     </span>
    </p>
   </div>
   <div class='ocr_carea' id='block_1_21' title="bbox 455 2099 2035 2156">
    <p class='ocr_par' dir='ltr' id='par_1_21' title="bbox 455 2099 2035 2156">
     <span class='ocr_line' id='line_1_21' title="bbox 455 2099 2035 2156; baseline 0.002 -6"><span class='ocrx_word' id='word_1_151' title='bbox 455 2108 676 2151; x_wconf 88' lang='lat' dir='ltr'><strong>mentum</strong></span> <span class='ocrx_word' id='word_1_152' title='bbox 706 2099 877 2153; x_wconf 81' lang='lat' dir='ltr'><strong>dicens</strong></span> <span class='ocrx_word' id='word_1_153' title='bbox 904 2115 925 2154; x_wconf 93' lang='lat'><strong><em>:</em></strong></span> <span class='ocrx_word' id='word_1_154' title='bbox 954 2100 1149 2154; x_wconf 78' lang='lat' dir='ltr'><strong>Semini</strong></span> <span class='ocrx_word' id='word_1_155' title='bbox 1175 2111 1261 2154; x_wconf 90' lang='lat' dir='ltr'><strong>tuo</strong></span> <span class='ocrx_word' id='word_1_156' title='bbox 1290 2102 1419 2155; x_wconf 86' lang='lat' dir='ltr'><strong>dabo</strong></span> <span class='ocrx_word' id='word_1_157' title='bbox 1448 2110 1634 2156; x_wconf 87' lang='lat' dir='ltr'><strong>terram</strong></span> <span class='ocrx_word' id='word_1_158' title='bbox 1662 2102 1811 2155; x_wconf 87' lang='lat' dir='ltr'><strong>hanc.</strong></span> <span class='ocrx_word' id='word_1_159' title='bbox 1835 2099 2035 2155; x_wconf 85' lang='lat' dir='ltr'><strong>Deinde</strong></span> 
     </span>
    </p>
   </div>
   <div class='ocr_carea' id='block_1_22' title="bbox 457 2189 2035 2262">
    <p class='ocr_par' dir='ltr' id='par_1_22' title="bbox 457 2189 2035 2262">
     <span class='ocr_line' id='line_1_22' title="bbox 457 2189 2035 2262; baseline 0.005 -22"><span class='ocrx_word' id='word_1_160' title='bbox 457 2198 513 2241; x_wconf 93' lang='lat' dir='ltr'><strong>ut</strong></span> <span class='ocrx_word' id='word_1_161' title='bbox 529 2204 592 2243; x_wconf 82' lang='lat' dir='ltr'><strong>es</strong></span> <span class='ocrx_word' id='word_1_162' title='bbox 613 2189 886 2246; x_wconf 89' lang='lat' dir='ltr'><strong>latitudine</strong></span> <span class='ocrx_word' id='word_1_163' title='bbox 904 2200 1077 2252; x_wconf 61' lang='lat' dir='ltr'><strong>terra).</strong></span> <span class='ocrx_word' id='word_1_164' title='bbox 1102 2202 1154 2247; x_wconf 92' lang='lat' dir='ltr'><strong>et</strong></span> <span class='ocrx_word' id='word_1_165' title='bbox 1175 2209 1258 2246; x_wconf 90' lang='lat' dir='ltr'><strong>am</strong></span> <span class='ocrx_word' id='word_1_166' title='bbox 1267 2193 1522 2262; x_wconf 78' lang='lat' dir='ltr'><strong>pl&#39;tudine</strong></span> <span class='ocrx_word' id='word_1_167' title='bbox 1539 2194 1880 2248; x_wconf 89' lang='lat' dir='ltr'><strong>terminorum</strong></span> <span class='ocrx_word' id='word_1_168' title='bbox 1899 2194 2035 2248; x_wconf 80' lang='lat' dir='ltr'><strong>scire</strong></span> 
     </span>
    </p>
   </div>
   <div class='ocr_carea' id='block_1_23' title="bbox 461 2279 2031 2353">
    <p class='ocr_par' dir='ltr' id='par_1_23' title="bbox 461 2279 2031 2353">
     <span class='ocr_line' id='line_1_23' title="bbox 461 2279 2031 2353; baseline 0.006 -26"><span class='ocrx_word' id='word_1_169' title='bbox 461 2279 626 2346; x_wconf 80' lang='lat' dir='ltr'><strong>possit</strong></span> <span class='ocrx_word' id='word_1_170' title='bbox 643 2280 816 2347; x_wconf 72' lang='lat' dir='ltr'><strong>justus</strong></span> <span class='ocrx_word' id='word_1_171' title='bbox 843 2290 1096 2350; x_wconf 83' lang='lat' dir='ltr'><strong>quantum</strong></span> <span class='ocrx_word' id='word_1_172' title='bbox 1121 2283 1438 2338; x_wconf 73' lang='lat' dir='ltr'><strong>extendetur</strong></span> <span class='ocrx_word' id='word_1_173' title='bbox 1462 2283 1576 2352; x_wconf 91' lang='lat' dir='ltr'><strong>ejus</strong></span> <span class='ocrx_word' id='word_1_174' title='bbox 1597 2299 1799 2347; x_wconf 85' lang='lat' dir='ltr'><strong>semen,</strong></span> <span class='ocrx_word' id='word_1_175' title='bbox 1825 2283 1994 2353; x_wconf 86' lang='lat' dir='ltr'><strong>inquit</strong></span> <span class='ocrx_word' id='word_1_176' title='bbox 2019 2301 2031 2336; x_wconf 88' lang='lat'><strong>:</strong></span> 
     </span>
    </p>
   </div>
   <div class='ocr_carea' id='block_1_24' title="bbox 455 2366 2030 2442">
    <p class='ocr_par' dir='ltr' id='par_1_24' title="bbox 455 2366 2030 2442">
     <span class='ocr_line' id='line_1_24' title="bbox 455 2366 2030 2442; baseline 0.004 -23"><span class='ocrx_word' id='word_1_177' title='bbox 455 2366 499 2419; x_wconf 86' lang='grc' dir='ltr'><em>Α</em></span> <span class='ocrx_word' id='word_1_178' title='bbox 523 2368 731 2436; x_wconf 82' lang='lat' dir='ltr'><strong>[lumine</strong></span> <span class='ocrx_word' id='word_1_179' title='bbox 756 2369 975 2441; x_wconf 67' lang='lat' dir='ltr'><strong>zEgypti</strong></span> <span class='ocrx_word' id='word_1_180' title='bbox 1003 2389 1156 2439; x_wconf 85' lang='lat' dir='ltr'><strong>usque</strong></span> <span class='ocrx_word' id='word_1_181' title='bbox 1181 2372 1249 2425; x_wconf 87' lang='lat' dir='ltr'><strong>ad</strong></span> <span class='ocrx_word' id='word_1_182' title='bbox 1271 2373 1460 2442; x_wconf 79' lang='lat' dir='ltr'><strong>ﬂumen</strong></span> <span class='ocrx_word' id='word_1_183' title='bbox 1491 2373 1798 2442; x_wconf 78' lang='lat' dir='ltr'><strong>Euphratem</strong></span> <span class='ocrx_word' id='word_1_184' title='bbox 1830 2380 2030 2426; x_wconf 90' lang='lat' dir='ltr'><strong>tantum</strong></span> 
     </span>
    </p>
   </div>
   <div class='ocr_carea' id='block_1_25' title="bbox 455 2459 2030 2533">
    <p class='ocr_par' dir='ltr' id='par_1_25' title="bbox 455 2459 2030 2533">
     <span class='ocr_line' id='line_1_25' title="bbox 455 2459 2030 2533; baseline 0.004 -24"><span class='ocrx_word' id='word_1_185' title='bbox 455 2459 558 2510; x_wconf 86' lang='lat' dir='ltr'><strong>erit</strong></span> <span class='ocrx_word' id='word_1_186' title='bbox 585 2472 766 2514; x_wconf 89' lang='lat' dir='ltr'><strong>semen</strong></span> <span class='ocrx_word' id='word_1_187' title='bbox 796 2471 961 2516; x_wconf 92' lang='lat' dir='ltr'><strong>tuum.</strong></span> <span class='ocrx_word' id='word_1_188' title='bbox 995 2462 1270 2532; x_wconf 76' lang='lat' dir='ltr'><strong>Perpende</strong></span> <span class='ocrx_word' id='word_1_189' title='bbox 1295 2463 1560 2533; x_wconf 89' lang='lat' dir='ltr'><strong>quomodo</strong></span> <span class='ocrx_word' id='word_1_190' title='bbox 1591 2464 1855 2533; x_wconf 79' lang='lat' dir='ltr'><strong>ingentem</strong></span> <span class='ocrx_word' id='word_1_191' title='bbox 1886 2478 2030 2518; x_wconf 88' lang='lat' dir='ltr'><strong>sem-</strong></span> 
     </span>
    </p>
   </div>
   <div class='ocr_carea' id='block_1_26' title="bbox 456 2550 2030 2622">
    <p class='ocr_par' dir='ltr' id='par_1_26' title="bbox 456 2550 2030 2622">
     <span class='ocr_line' id='line_1_26' title="bbox 456 2550 2030 2622; baseline 0.004 -21"><span class='ocrx_word' id='word_1_192' title='bbox 456 2563 552 2616; x_wconf 91' lang='lat' dir='ltr'><strong>per</strong></span> <span class='ocrx_word' id='word_1_193' title='bbox 585 2550 971 2606; x_wconf 87' lang='lat' dir='ltr'><strong>multitudinem</strong></span> <span class='ocrx_word' id='word_1_194' title='bbox 1005 2553 1075 2606; x_wconf 88' lang='lat' dir='ltr'><strong>illi</strong></span> <span class='ocrx_word' id='word_1_195' title='bbox 1105 2553 1379 2609; x_wconf 80' lang='lat' dir='ltr'><strong>declarare</strong></span> <span class='ocrx_word' id='word_1_196' title='bbox 1422 2555 1570 2609; x_wconf 87' lang='lat' dir='ltr'><strong>velit.</strong></span> <span class='ocrx_word' id='word_1_197' title='bbox 1601 2552 1858 2622; x_wconf 84' lang='lat' dir='ltr'><strong>Superius</strong></span> <span class='ocrx_word' id='word_1_198' title='bbox 1885 2555 2030 2608; x_wconf 90' lang='lat' dir='ltr'><strong>enim</strong></span> 
     </span>
    </p>
   </div>
   <div class='ocr_carea' id='block_1_27' title="bbox 452 2638 2028 2702">
    <p class='ocr_par' dir='ltr' id='par_1_27' title="bbox 452 2638 2028 2702">
     <span class='ocr_line' id='line_1_27' title="bbox 452 2638 2028 2702; baseline 0.003 -10"><span class='ocrx_word' id='word_1_199' title='bbox 452 2638 607 2702; x_wconf 79' lang='lat' dir='ltr'><strong>d&#39;xit,</strong></span> <span class='ocrx_word' id='word_1_200' title='bbox 637 2656 695 2695; x_wconf 81' lang='lat' dir='ltr'><strong>se</strong></span> <span class='ocrx_word' id='word_1_201' title='bbox 719 2641 856 2696; x_wconf 88' lang='lat' dir='ltr'><strong>sicut</strong></span> <span class='ocrx_word' id='word_1_202' title='bbox 881 2643 1318 2698; x_wconf 76' lang='lat' dir='ltr'><strong>innumerabilem</strong></span> <span class='ocrx_word' id='word_1_203' title='bbox 1347 2644 1622 2698; x_wconf 87' lang='lat' dir='ltr'><strong>stellarum</strong></span> <span class='ocrx_word' id='word_1_204' title='bbox 1655 2659 1937 2698; x_wconf 90' lang='lat' dir='ltr'><strong>numerum</strong></span> <span class='ocrx_word' id='word_1_205' title='bbox 1965 2644 2028 2697; x_wconf 85' lang='lat' dir='ltr'><strong>il-</strong></span> 
     </span>
    </p>
   </div>
   <div class='ocr_carea' id='block_1_28' title="bbox 455 2727 2029 2803">
    <p class='ocr_par' dir='ltr' id='par_1_28' title="bbox 455 2727 2029 2803">
     <span class='ocr_line' id='line_1_28' title="bbox 455 2727 2029 2803; baseline 0.006 -23"><span class='ocrx_word' id='word_1_206' title='bbox 455 2727 558 2782; x_wconf 84' lang='lat' dir='ltr'><strong>lant</strong></span> <span class='ocrx_word' id='word_1_207' title='bbox 588 2727 848 2785; x_wconf 64' lang='lat' dir='ltr'><strong>iacturum</strong></span> <span class='ocrx_word' id='word_1_208' title='bbox 876 2748 996 2790; x_wconf 86' lang='lat' dir='ltr'><strong>esse</strong></span> <span class='ocrx_word' id='word_1_209' title='bbox 1025 2750 1038 2786; x_wconf 90' lang='lat'><strong>:</strong></span> <span class='ocrx_word' id='word_1_210' title='bbox 1068 2733 1154 2787; x_wconf 91' lang='lat' dir='ltr'><strong>bic</strong></span> <span class='ocrx_word' id='word_1_211' title='bbox 1187 2744 1240 2788; x_wconf 86' lang='lat' dir='ltr'><strong>et</strong></span> <span class='ocrx_word' id='word_1_212' title='bbox 1286 2734 1562 2788; x_wconf 86' lang='lat' dir='ltr'><strong>latitudine</strong></span> <span class='ocrx_word' id='word_1_213' title='bbox 1593 2733 1775 2787; x_wconf 85' lang='lat' dir='ltr'><strong>ﬁnium</strong></span> <span class='ocrx_word' id='word_1_214' title='bbox 1805 2734 2029 2803; x_wconf 90' lang='lat' dir='ltr'><strong>idipsnm</strong></span> 
     </span>
    </p>
   </div>
   <div class='ocr_carea' id='block_1_29' title="bbox 452 2818 2033 2896">
    <p class='ocr_par' dir='ltr' id='par_1_29' title="bbox 452 2818 2033 2896">
     <span class='ocr_line' id='line_1_29' title="bbox 452 2818 2033 2896; baseline 0.005 -24"><span class='ocrx_word' id='word_1_215' title='bbox 452 2818 704 2884; x_wconf 81' lang='lat' dir='ltr'><strong>declarat,</strong></span> <span class='ocrx_word' id='word_1_216' title='bbox 750 2831 807 2876; x_wconf 92' lang='lat' dir='ltr'><strong>ut</strong></span> <span class='ocrx_word' id='word_1_217' title='bbox 844 2831 898 2878; x_wconf 87' lang='lat' dir='ltr'><strong>et</strong></span> <span class='ocrx_word' id='word_1_218' title='bbox 941 2822 1063 2878; x_wconf 68' lang='lat' dir='ltr'><strong>hinc</strong></span> <span class='ocrx_word' id='word_1_219' title='bbox 1105 2825 1292 2892; x_wconf 82' lang='lat' dir='ltr'><strong>discat,</strong></span> <span class='ocrx_word' id='word_1_220' title='bbox 1338 2842 1497 2896; x_wconf 88' lang='lat' dir='ltr'><strong>quant</strong></span> <span class='ocrx_word' id='word_1_221' title='bbox 1542 2841 1601 2881; x_wconf 88' lang='lat' dir='ltr'><strong>se</strong></span> <span class='ocrx_word' id='word_1_222' title='bbox 1640 2826 1921 2880; x_wconf 89' lang='lat' dir='ltr'><strong>dilatatura</strong></span> <span class='ocrx_word' id='word_1_223' title='bbox 1965 2826 2033 2880; x_wconf 89' lang='lat' dir='ltr'><strong>sit</strong></span> 
     </span>
    </p>
   </div>
   <div class='ocr_carea' id='block_1_30' title="bbox 453 2911 2032 2987">
    <p class='ocr_par' dir='ltr' id='par_1_30' title="bbox 453 2911 2032 2987">
     <span class='ocr_line' id='line_1_30' title="bbox 453 2911 2032 2987; baseline 0.004 -24"><span class='ocrx_word' id='word_1_224' title='bbox 453 2911 734 2967; x_wconf 84' lang='lat' dir='ltr'><strong>multitudo</strong></span> <span class='ocrx_word' id='word_1_225' title='bbox 763 2913 951 2968; x_wconf 77' lang='lat' dir='ltr'><strong>futura.</strong></span> <span class='ocrx_word' id='word_1_226' title='bbox 979 2915 1158 2984; x_wconf 80' lang='lat' dir='ltr'><strong>Neque</strong></span> <span class='ocrx_word' id='word_1_227' title='bbox 1187 2916 1285 2970; x_wconf 88' lang='lat' dir='ltr'><strong>hoc</strong></span> <span class='ocrx_word' id='word_1_228' title='bbox 1314 2918 1505 2979; x_wconf 86' lang='lat' dir='ltr'><strong>solum,</strong></span> <span class='ocrx_word' id='word_1_229' title='bbox 1537 2918 1628 2971; x_wconf 90' lang='lat' dir='ltr'><strong>sed</strong></span> <span class='ocrx_word' id='word_1_230' title='bbox 1653 2927 1704 2970; x_wconf 91' lang='lat' dir='ltr'><strong>et</strong></span> <span class='ocrx_word' id='word_1_231' title='bbox 1733 2917 2032 2987; x_wconf 80' lang='lat' dir='ltr'><strong>Specialiter</strong></span> 
     </span>
    </p>
   </div>
   <div class='ocr_carea' id='block_1_31' title="bbox 451 3001 2031 3076">
    <p class='ocr_par' dir='ltr' id='par_1_31' title="bbox 451 3001 2031 3076">
     <span class='ocr_line' id='line_1_31' title="bbox 451 3001 2031 3076; baseline 0.006 -25"><span class='ocrx_word' id='word_1_232' title='bbox 451 3001 688 3067; x_wconf 75' lang='lat' dir='ltr'><strong>gentium</strong></span> <span class='ocrx_word' id='word_1_233' title='bbox 712 3005 1036 3058; x_wconf 88' lang='lat' dir='ltr'><strong>mentionem</strong></span> <span class='ocrx_word' id='word_1_234' title='bbox 1073 3005 1215 3069; x_wconf 87' lang='lat' dir='ltr'><strong>facit,</strong></span> <span class='ocrx_word' id='word_1_235' title='bbox 1247 3021 1469 3076; x_wconf 89' lang='lat' dir='ltr'><strong>quarum</strong></span> <span class='ocrx_word' id='word_1_236' title='bbox 1512 3009 1902 3075; x_wconf 86' lang='lat' dir='ltr'><strong>possessionem</strong></span> <span class='ocrx_word' id='word_1_237' title='bbox 1947 3022 2031 3060; x_wconf 86' lang='lat' dir='ltr'><strong>se-</strong></span> 
     </span>
    </p>
   </div>
   <div class='ocr_carea' id='block_1_32' title="bbox 453 3089 2027 3158">
    <p class='ocr_par' dir='ltr' id='par_1_32' title="bbox 453 3089 2027 3158">
     <span class='ocr_line' id='line_1_32' title="bbox 453 3089 2027 3158; baseline 0.008 -18"><span class='ocrx_word' id='word_1_238' title='bbox 453 3089 580 3142; x_wconf 89' lang='lat' dir='ltr'><strong>mini</strong></span> <span class='ocrx_word' id='word_1_239' title='bbox 613 3091 728 3158; x_wconf 86' lang='lat' dir='ltr'><strong>ejus</strong></span> <span class='ocrx_word' id='word_1_240' title='bbox 771 3094 839 3145; x_wconf 91' lang='lat' dir='ltr'><strong>sit</strong></span> <span class='ocrx_word' id='word_1_241' title='bbox 882 3093 1120 3154; x_wconf 81' lang='lat' dir='ltr'><strong>daturus.</strong></span> <span class='ocrx_word' id='word_1_242' title='bbox 1164 3104 1220 3148; x_wconf 93' lang='lat' dir='ltr'><strong>ut</strong></span> <span class='ocrx_word' id='word_1_243' title='bbox 1249 3113 1312 3149; x_wconf 83' lang='lat' dir='ltr'><strong>cx</strong></span> <span class='ocrx_word' id='word_1_244' title='bbox 1341 3095 1423 3149; x_wconf 92' lang='lat' dir='ltr'><strong>his</strong></span> <span class='ocrx_word' id='word_1_245' title='bbox 1465 3099 1711 3151; x_wconf 81' lang='lat' dir='ltr'><strong>out-tibus</strong></span> <span class='ocrx_word' id='word_1_246' title='bbox 1747 3099 1814 3152; x_wconf 90' lang='lat' dir='ltr'><strong>de</strong></span> <span class='ocrx_word' id='word_1_247' title='bbox 1855 3115 2027 3153; x_wconf 89' lang='lat' dir='ltr'><strong>rerum</strong></span> 
     </span>
    </p>
   </div>
   <div class='ocr_carea' id='block_1_33' title="bbox 451 3183 2026 3258">
    <p class='ocr_par' dir='ltr' id='par_1_33' title="bbox 451 3183 2026 3258">
     <span class='ocr_line' id='line_1_33' title="bbox 451 3183 2026 3258; baseline 0.007 -27"><span class='ocrx_word' id='word_1_248' title='bbox 451 3191 646 3234; x_wconf 89' lang='lat' dir='ltr'><strong>eventu</strong></span> <span class='ocrx_word' id='word_1_249' title='bbox 673 3196 891 3236; x_wconf 84' lang='lat' dir='ltr'><strong>securus</strong></span> <span class='ocrx_word' id='word_1_250' title='bbox 920 3183 1230 3240; x_wconf 88' lang='lat' dir='ltr'><strong>redderetur</strong></span> <span class='ocrx_word' id='word_1_251' title='bbox 1253 3186 1442 3256; x_wconf 81' lang='lat' dir='ltr'><strong>justus.</strong></span> <span class='ocrx_word' id='word_1_252' title='bbox 1475 3189 1537 3242; x_wconf 87' lang='lat' dir='ltr'><strong>Et</strong></span> <span class='ocrx_word' id='word_1_253' title='bbox 1564 3203 1686 3243; x_wconf 92' lang='lat' dir='ltr'><strong>cum</strong></span> <span class='ocrx_word' id='word_1_254' title='bbox 1718 3200 1875 3244; x_wconf 76' lang='lat' dir='ltr'><strong>tanta:</strong></span> <span class='ocrx_word' id='word_1_255' title='bbox 1906 3207 2026 3258; x_wconf 86' lang='lat' dir='ltr'><strong>pro-</strong></span> 
     </span>
    </p>
   </div>
   <div class='ocr_carea' id='block_1_34' title="bbox 457 3272 2033 3349">
    <p class='ocr_par' dir='ltr' id='par_1_34' title="bbox 457 3272 2033 3349">
     <span class='ocr_line' id='line_1_34' title="bbox 457 3272 2033 3349; baseline 0.009 -25"><span class='ocrx_word' id='word_1_256' title='bbox 457 3272 736 3329; x_wconf 58' lang='lat' dir='ltr'><strong>missiones</strong></span> <span class='ocrx_word' id='word_1_257' title='bbox 761 3287 941 3330; x_wconf 89' lang='lat' dir='ltr'><strong>essent</strong></span> <span class='ocrx_word' id='word_1_258' title='bbox 963 3276 1135 3344; x_wconf 72' lang='lat' dir='ltr'><strong>factze,</strong></span> <span class='ocrx_word' id='word_1_259' title='bbox 1165 3278 1336 3333; x_wconf 89' lang='lat' dir='ltr'><strong>adhuc</strong></span> <span class='ocrx_word' id='word_1_260' title='bbox 1358 3284 1550 3334; x_wconf 79' lang='lat' dir='ltr'><strong>mansit</strong></span> <span class='ocrx_word' id='word_1_261' title='bbox 1575 3282 1703 3336; x_wconf 86' lang='lat' dir='ltr'><strong>Sara</strong></span> <span class='ocrx_word' id='word_1_262' title='bbox 1733 3291 1782 3336; x_wconf 64' lang='lat' dir='ltr'><strong>st</strong></span> <span class='ocrx_word' id='word_1_263' title='bbox 1817 3284 1948 3349; x_wconf 65' lang='lat' dir='ltr'><strong>rllis,</strong></span> <span class='ocrx_word' id='word_1_264' title='bbox 1974 3292 2033 3338; x_wconf 92' lang='lat' dir='ltr'><strong>et</strong></span> 
     </span>
    </p>
   </div>
   <div class='ocr_carea' id='block_1_35' title="bbox 453 3370 2027 3438">
    <p class='ocr_par' dir='ltr' id='par_1_35' title="bbox 453 3370 2027 3438">
     <span class='ocr_line' id='line_1_35' title="bbox 453 3370 2027 3438; baseline 0.008 -22"><span class='ocrx_word' id='word_1_265' title='bbox 453 3373 702 3418; x_wconf 74' lang='lat' dir='ltr'><strong>senectus</strong></span> <span class='ocrx_word' id='word_1_266' title='bbox 725 3383 908 3420; x_wconf 80' lang='lat' dir='ltr'><strong>eorum</strong></span> <span class='ocrx_word' id='word_1_267' title='bbox 950 3370 1273 3438; x_wconf 83' lang='lat' dir='ltr'><strong>augebatur;</strong></span> <span class='ocrx_word' id='word_1_268' title='bbox 1319 3379 1376 3425; x_wconf 91' lang='lat' dir='ltr'><strong>ut</strong></span> <span class='ocrx_word' id='word_1_269' title='bbox 1417 3386 1540 3427; x_wconf 92' lang='lat' dir='ltr'><strong>cum</strong></span> <span class='ocrx_word' id='word_1_270' title='bbox 1584 3377 1870 3428; x_wconf 82' lang='lat' dir='ltr'><strong>maximum</strong></span> <span class='ocrx_word' id='word_1_271' title='bbox 1910 3375 2027 3429; x_wconf 74' lang='lat' dir='ltr'><strong>titlei</strong></span> 
     </span>
    </p>
   </div>
   <div class='ocr_carea' id='block_1_36' title="bbox 450 3456 2029 3524">
    <p class='ocr_par' dir='ltr' id='par_1_36' title="bbox 450 3456 2029 3524">
     <span class='ocr_line' id='line_1_36' title="bbox 450 3456 2029 3524; baseline 0.008 -18"><span class='ocrx_word' id='word_1_272' title='bbox 450 3466 560 3509; x_wconf 78' lang='lat' dir='ltr'><strong>sua:</strong></span> <span class='ocrx_word' id='word_1_273' title='bbox 583 3456 792 3524; x_wconf 84' lang='lat' dir='ltr'><strong>signum</strong></span> <span class='ocrx_word' id='word_1_274' title='bbox 825 3459 1135 3521; x_wconf 69' lang='lat' dir='ltr'><strong>edidssent,</strong></span> <span class='ocrx_word' id='word_1_275' title='bbox 1167 3469 1289 3514; x_wconf 84' lang='lat' dir='ltr'><strong>tunc</strong></span> <span class='ocrx_word' id='word_1_276' title='bbox 1327 3460 1518 3516; x_wconf 78' lang='lat' dir='ltr'><strong>scirent</strong></span> <span class='ocrx_word' id='word_1_277' title='bbox 1561 3473 1616 3516; x_wconf 91' lang='lat' dir='ltr'><strong>et</strong></span> <span class='ocrx_word' id='word_1_278' title='bbox 1659 3464 1900 3518; x_wconf 73' lang='lat' dir='ltr'><strong>humana:</strong></span> <span class='ocrx_word' id='word_1_279' title='bbox 1931 3480 2029 3518; x_wconf 91' lang='lat' dir='ltr'><strong>na-</strong></span> 
     </span>
    </p>
   </div>
   <div class='ocr_carea' id='block_1_37' title="bbox 453 3545 2025 3622">
    <p class='ocr_par' dir='ltr' id='par_1_37' title="bbox 453 3545 2025 3622">
     <span class='ocr_line' id='line_1_37' title="bbox 453 3545 2025 3622; baseline 0.007 -24"><span class='ocrx_word' id='word_1_280' title='bbox 453 3553 586 3598; x_wconf 75' lang='lat' dir='ltr'><strong>tura:</strong></span> <span class='ocrx_word' id='word_1_281' title='bbox 613 3545 992 3613; x_wconf 85' lang='lat' dir='ltr'><strong>inﬁrmitatem,</strong></span> <span class='ocrx_word' id='word_1_282' title='bbox 1023 3559 1075 3603; x_wconf 92' lang='lat' dir='ltr'><strong>et</strong></span> <span class='ocrx_word' id='word_1_283' title='bbox 1112 3549 1305 3604; x_wconf 66' lang='lat' dir='ltr'><strong>divina:</strong></span> <span class='ocrx_word' id='word_1_284' title='bbox 1335 3553 1545 3606; x_wconf 79' lang='lat' dir='ltr'><strong>virtutis</strong></span> <span class='ocrx_word' id='word_1_285' title='bbox 1587 3554 2025 3622; x_wconf 82' lang='lat' dir='ltr'><strong>magnitudinem.</strong></span> 
     </span>
    </p>
   </div>
   <div class='ocr_carea' id='block_1_38' title="bbox 522 3633 2030 3714">
    <p class='ocr_par' dir='ltr' id='par_1_38' title="bbox 522 3633 2030 3714">
     <span class='ocr_line' id='line_1_38' title="bbox 522 3633 2030 3714; baseline 0.008 -29"><span class='ocrx_word' id='word_1_286' title='bbox 522 3633 735 3688; x_wconf 77' lang='lat' dir='ltr'><strong>Moralis</strong></span> <span class='ocrx_word' id='word_1_287' title='bbox 760 3636 1079 3703; x_wconf 75' lang='lat' dir='ltr'><strong>exhortatio;</strong></span> <span class='ocrx_word' id='word_1_288' title='bbox 1109 3641 1282 3709; x_wconf 87' lang='lat' dir='ltr'><strong>gulam</strong></span> <span class='ocrx_word' id='word_1_289' title='bbox 1310 3650 1355 3694; x_wconf 89' lang='lat' dir='ltr'><strong>et</strong></span> <span class='ocrx_word' id='word_1_290' title='bbox 1381 3643 1644 3710; x_wconf 83' lang='lat' dir='ltr'><strong>crapulam</strong></span> <span class='ocrx_word' id='word_1_291' title='bbox 1685 3645 1940 3714; x_wconf 82' lang='lat' dir='ltr'><strong>pro/ligat.</strong></span> <span class='ocrx_word' id='word_1_292' title='bbox 1959 3673 2030 3686; x_wconf 91' lang='lat'><strong>—</strong></span> 
     </span>
    </p>
   </div>
   <div class='ocr_carea' id='block_1_39' title="bbox 449 3722 2027 3801">
    <p class='ocr_par' dir='ltr' id='par_1_39' title="bbox 449 3722 2027 3801">
     <span class='ocr_line' id='line_1_39' title="bbox 449 3722 2027 3801; baseline 0.008 -24"><span class='ocrx_word' id='word_1_293' title='bbox 449 3722 647 3779; x_wconf 77' lang='lat' dir='ltr'><strong>Verum</strong></span> <span class='ocrx_word' id='word_1_294' title='bbox 674 3742 740 3780; x_wconf 91' lang='lat' dir='ltr'><strong>ne</strong></span> <span class='ocrx_word' id='word_1_295' title='bbox 767 3727 957 3782; x_wconf 91' lang='lat' dir='ltr'><strong>iterum</strong></span> <span class='ocrx_word' id='word_1_296' title='bbox 986 3729 1256 3798; x_wconf 88' lang='lat' dir='ltr'><strong>aliquanto</strong></span> <span class='ocrx_word' id='word_1_297' title='bbox 1281 3731 1487 3801; x_wconf 82' lang='lat' dir='ltr'><strong>longius</strong></span> <span class='ocrx_word' id='word_1_298' title='bbox 1509 3749 1808 3787; x_wconf 87' lang='lat' dir='ltr'><strong>sermonem</strong></span> <span class='ocrx_word' id='word_1_299' title='bbox 1835 3744 2027 3790; x_wconf 80' lang='lat' dir='ltr'><strong>cxten-</strong></span> 
     </span>
    </p>
   </div>
   <div class='ocr_carea' id='block_1_40' title="bbox 449 3811 2027 3890">
    <p class='ocr_par' dir='ltr' id='par_1_40' title="bbox 449 3811 2027 3890">
     <span class='ocr_line' id='line_1_40' title="bbox 449 3811 2027 3890; baseline 0.009 -24"><span class='ocrx_word' id='word_1_300' title='bbox 449 3811 657 3880; x_wconf 80' lang='lat' dir='ltr'><strong>damus,</strong></span> <span class='ocrx_word' id='word_1_301' title='bbox 691 3814 774 3869; x_wconf 79' lang='lat' dir='ltr'><strong>bEc</strong></span> <span class='ocrx_word' id='word_1_302' title='bbox 805 3816 961 3871; x_wconf 88' lang='lat' dir='ltr'><strong>linem</strong></span> <span class='ocrx_word' id='word_1_303' title='bbox 988 3817 1234 3890; x_wconf 85' lang='lat' dir='ltr'><strong>loquendi</strong></span> <span class='ocrx_word' id='word_1_304' title='bbox 1276 3819 1528 3876; x_wconf 87' lang='lat' dir='ltr'><strong>faciamus</strong></span> <span class='ocrx_word' id='word_1_305' title='bbox 1567 3841 1578 3874; x_wconf 93' lang='lat'><strong>:</strong></span> <span class='ocrx_word' id='word_1_306' title='bbox 1616 3837 1711 3878; x_wconf 88' lang='lat' dir='ltr'><strong>vos</strong></span> <span class='ocrx_word' id='word_1_307' title='bbox 1739 3824 2027 3879; x_wconf 84' lang='lat' dir='ltr'><strong>obsecran-</strong></span> 
     </span>
    </p>
   </div>
   <div class='ocr_carea' id='block_1_41' title="bbox 450 3906 2022 3984">
    <p class='ocr_par' dir='ltr' id='par_1_41' title="bbox 450 3906 2022 3984">
     <span class='ocr_line' id='line_1_41' title="bbox 450 3906 2022 3984; baseline 0.008 -28"><span class='ocrx_word' id='word_1_308' title='bbox 450 3913 530 3957; x_wconf 90' lang='lat' dir='ltr'><strong>tes</strong></span> <span class='ocrx_word' id='word_1_309' title='bbox 560 3914 614 3958; x_wconf 91' lang='lat' dir='ltr'><strong>ut</strong></span> <span class='ocrx_word' id='word_1_310' title='bbox 645 3906 935 3962; x_wconf 85' lang='lat' dir='ltr'><strong>imitatores</strong></span> <span class='ocrx_word' id='word_1_311' title='bbox 962 3910 1076 3964; x_wconf 82' lang='lat' dir='ltr'><strong>sitis</strong></span> <span class='ocrx_word' id='word_1_312' title='bbox 1106 3911 1260 3981; x_wconf 82' lang='lat' dir='ltr'><strong>hujus</strong></span> <span class='ocrx_word' id='word_1_313' title='bbox 1288 3912 1616 3982; x_wconf 77' lang='lat' dir='ltr'><strong>patriarclue.</strong></span> <span class='ocrx_word' id='word_1_314' title='bbox 1646 3914 1828 3984; x_wconf 82' lang='lat' dir='ltr'><strong>Cogita</strong></span> <span class='ocrx_word' id='word_1_315' title='bbox 1858 3917 2022 3984; x_wconf 83' lang='lat' dir='ltr'><strong>enim,</strong></span> 
     </span>
    </p>
   </div>
   <div class='ocr_carea' id='block_1_42' title="bbox 446 3993 2024 4076">
    <p class='ocr_par' dir='ltr' id='par_1_42' title="bbox 446 3993 2024 4076">
     <span class='ocr_line' id='line_1_42' title="bbox 446 3993 2024 4076; baseline 0.009 -28"><span class='ocrx_word' id='word_1_316' title='bbox 446 3993 662 4062; x_wconf 88' lang='lat' dir='ltr'><strong>dilecte,</strong></span> <span class='ocrx_word' id='word_1_317' title='bbox 692 4000 959 4068; x_wconf 88' lang='lat' dir='ltr'><strong>quomodo</strong></span> <span class='ocrx_word' id='word_1_318' title='bbox 1000 4011 1213 4071; x_wconf 75' lang='lat' dir='ltr'><strong>propter</strong></span> <span class='ocrx_word' id='word_1_319' title='bbox 1251 4003 1408 4058; x_wconf 77' lang='lat' dir='ltr'><strong>verba</strong></span> <span class='ocrx_word' id='word_1_320' title='bbox 1449 4003 1536 4058; x_wconf 91' lang='lat' dir='ltr'><strong>illa</strong></span> <span class='ocrx_word' id='word_1_321' title='bbox 1579 4019 1696 4075; x_wconf 78' lang='lat' dir='ltr'><strong>quze</strong></span> <span class='ocrx_word' id='word_1_322' title='bbox 1739 4004 1803 4058; x_wconf 91' lang='lat' dir='ltr'><strong>ad</strong></span> <span class='ocrx_word' id='word_1_323' title='bbox 1847 4021 2024 4076; x_wconf 78' lang='lat' dir='ltr'><strong>regem</strong></span> 
     </span>
    </p>
   </div>
   <div class='ocr_carea' id='block_1_43' title="bbox 447 4087 2028 4166">
    <p class='ocr_par' dir='ltr' id='par_1_43' title="bbox 447 4087 2028 4166">
     <span class='ocr_line' id='line_1_43' title="bbox 447 4087 2028 4166; baseline 0.009 -26"><span class='ocrx_word' id='word_1_324' title='bbox 447 4087 802 4145; x_wconf 76' lang='lat' dir='ltr'><strong>Sodomorum</strong></span> <span class='ocrx_word' id='word_1_325' title='bbox 833 4091 1076 4160; x_wconf 71' lang='lat' dir='ltr'><strong>iaciebat,</strong></span> <span class='ocrx_word' id='word_1_326' title='bbox 1113 4095 1222 4148; x_wconf 93' lang='lat' dir='ltr'><strong>imo</strong></span> <span class='ocrx_word' id='word_1_327' title='bbox 1259 4105 1311 4149; x_wconf 91' lang='lat' dir='ltr'><strong>et</strong></span> <span class='ocrx_word' id='word_1_328' title='bbox 1353 4105 1568 4166; x_wconf 85' lang='lat' dir='ltr'><strong>propter</strong></span> <span class='ocrx_word' id='word_1_329' title='bbox 1596 4097 1841 4152; x_wconf 78' lang='lat' dir='ltr'><strong>virtutem</strong></span> <span class='ocrx_word' id='word_1_330' title='bbox 1870 4099 2028 4154; x_wconf 88' lang='lat' dir='ltr'><strong>aliam</strong></span> 
     </span>
    </p>
   </div>
   <div class='ocr_carea' id='block_1_44' title="bbox 446 4186 2024 4252">
    <p class='ocr_par' dir='ltr' id='par_1_44' title="bbox 446 4186 2024 4252">
     <span class='ocr_line' id='line_1_44' title="bbox 446 4186 2024 4252; baseline 0.008 -22"><span class='ocrx_word' id='word_1_331' title='bbox 446 4193 682 4243; x_wconf 86' lang='lat' dir='ltr'><strong>omnem,</strong></span> <span class='ocrx_word' id='word_1_332' title='bbox 725 4197 882 4250; x_wconf 87' lang='lat' dir='ltr'><strong>quam</strong></span> <span class='ocrx_word' id='word_1_333' title='bbox 921 4199 1014 4251; x_wconf 88' lang='lat' dir='ltr'><strong>per</strong></span> <span class='ocrx_word' id='word_1_334' title='bbox 1051 4200 1266 4238; x_wconf 91' lang='lat' dir='ltr'><strong>omnem</strong></span> <span class='ocrx_word' id='word_1_335' title='bbox 1308 4186 1468 4239; x_wconf 86' lang='lat' dir='ltr'><strong>vitam</strong></span> <span class='ocrx_word' id='word_1_336' title='bbox 1519 4202 1671 4240; x_wconf 89' lang='lat' dir='ltr'><strong>suam</strong></span> <span class='ocrx_word' id='word_1_337' title='bbox 1717 4187 2024 4252; x_wconf 84' lang='lat' dir='ltr'><strong>declaravit,</strong></span> 
     </span>
    </p>
   </div>
   <div class='ocr_carea' id='block_1_45' title="bbox 448 4270 2026 4345">
    <p class='ocr_par' dir='ltr' id='par_1_45' title="bbox 448 4270 2026 4345">
     <span class='ocr_line' id='line_1_45' title="bbox 448 4270 2026 4345; baseline 0.006 -23"><span class='ocrx_word' id='word_1_338' title='bbox 448 4270 590 4322; x_wconf 88' lang='lat' dir='ltr'><strong>tanta</strong></span> <span class='ocrx_word' id='word_1_339' title='bbox 622 4271 864 4324; x_wconf 86' lang='lat' dir='ltr'><strong>mercede</strong></span> <span class='ocrx_word' id='word_1_340' title='bbox 893 4288 1012 4325; x_wconf 92' lang='lat' dir='ltr'><strong>eum</strong></span> <span class='ocrx_word' id='word_1_341' title='bbox 1041 4273 1289 4342; x_wconf 84' lang='lat' dir='ltr'><strong>dignatus</strong></span> <span class='ocrx_word' id='word_1_342' title='bbox 1329 4275 1418 4339; x_wconf 89' lang='lat' dir='ltr'><strong>sit,</strong></span> <span class='ocrx_word' id='word_1_343' title='bbox 1462 4285 1516 4329; x_wconf 93' lang='lat' dir='ltr'><strong>ct</strong></span> <span class='ocrx_word' id='word_1_344' title='bbox 1544 4285 1737 4345; x_wconf 86' lang='lat' dir='ltr'><strong>quanta</strong></span> <span class='ocrx_word' id='word_1_345' title='bbox 1778 4276 2026 4331; x_wconf 85' lang='lat' dir='ltr'><strong>humani-</strong></span> 
     </span>
    </p>
   </div>
   <div class='ocr_carea' id='block_1_46' title="bbox 449 4359 2026 4438">
    <p class='ocr_par' dir='ltr' id='par_1_46' title="bbox 449 4359 2026 4438">
     <span class='ocr_line' id='line_1_46' title="bbox 449 4359 2026 4438; baseline 0.008 -28"><span class='ocrx_word' id='word_1_346' title='bbox 449 4367 553 4413; x_wconf 86' lang='lat' dir='ltr'><strong>tate</strong></span> <span class='ocrx_word' id='word_1_347' title='bbox 583 4375 641 4413; x_wconf 88' lang='lat' dir='ltr'><strong>se</strong></span> <span class='ocrx_word' id='word_1_348' title='bbox 665 4359 733 4414; x_wconf 87' lang='lat' dir='ltr'><strong>ad</strong></span> <span class='ocrx_word' id='word_1_349' title='bbox 761 4377 882 4415; x_wconf 90' lang='lat' dir='ltr'><strong>eum</strong></span> <span class='ocrx_word' id='word_1_350' title='bbox 913 4365 1394 4419; x_wconf 85' lang='lat' dir='ltr'><strong>accommodaverit</strong></span> <span class='ocrx_word' id='word_1_351' title='bbox 1425 4365 1585 4429; x_wconf 88' lang='lat' dir='ltr'><strong>Deus,</strong></span> <span class='ocrx_word' id='word_1_352' title='bbox 1616 4368 1903 4421; x_wconf 85' lang='lat' dir='ltr'><strong>ostendens</strong></span> <span class='ocrx_word' id='word_1_353' title='bbox 1931 4384 2026 4438; x_wconf 81' lang='lat' dir='ltr'><strong>per</strong></span> 
     </span>
    </p>
   </div>
   <div class='ocr_carea' id='block_1_47' title="bbox 446 4450 2025 4520">
    <p class='ocr_par' dir='ltr' id='par_1_47' title="bbox 446 4450 2025 4520">
     <span class='ocr_line' id='line_1_47' title="bbox 446 4450 2025 4520; baseline 0.007 -19"><span class='ocrx_word' id='word_1_354' title='bbox 446 4463 530 4510; x_wconf 87' lang='lat' dir='ltr'><strong>ca,</strong></span> <span class='ocrx_word' id='word_1_355' title='bbox 560 4463 678 4518; x_wconf 66' lang='lat' dir='ltr'><strong>qua:</strong></span> <span class='ocrx_word' id='word_1_356' title='bbox 707 4450 756 4502; x_wconf 94' lang='lat' dir='ltr'><strong>in</strong></span> <span class='ocrx_word' id='word_1_357' title='bbox 797 4452 1146 4519; x_wconf 79' lang='lat' dir='ltr'><strong>patriarcltam</strong></span> <span class='ocrx_word' id='word_1_358' title='bbox 1175 4453 1416 4520; x_wconf 89' lang='lat' dir='ltr'><strong>contulit,</strong></span> <span class='ocrx_word' id='word_1_359' title='bbox 1461 4456 1614 4510; x_wconf 83' lang='lat' dir='ltr'><strong>nobis</strong></span> <span class='ocrx_word' id='word_1_360' title='bbox 1644 4457 1889 4510; x_wconf 89' lang='lat' dir='ltr'><strong>omnibus</strong></span> <span class='ocrx_word' id='word_1_361' title='bbox 1915 4473 2025 4513; x_wconf 73' lang='lat' dir='ltr'><strong>sua:</strong></span> 
     </span>
    </p>
   </div>
   <div class='ocr_carea' id='block_1_48' title="bbox 447 4537 2026 4618">
    <p class='ocr_par' dir='ltr' id='par_1_48' title="bbox 447 4537 2026 4618">
     <span class='ocr_line' id='line_1_48' title="bbox 447 4537 2026 4618; baseline 0.008 -26"><span class='ocrx_word' id='word_1_362' title='bbox 447 4537 778 4595; x_wconf 66' lang='lat' dir='ltr'><strong>liberditatis</strong></span> <span class='ocrx_word' id='word_1_363' title='bbox 803 4543 1231 4609; x_wconf 89' lang='lat' dir='ltr'><strong>immensitatem,</strong></span> <span class='ocrx_word' id='word_1_364' title='bbox 1255 4556 1309 4600; x_wconf 90' lang='lat' dir='ltr'><strong>et</strong></span> <span class='ocrx_word' id='word_1_365' title='bbox 1328 4560 1386 4602; x_wconf 89' lang='lat' dir='ltr'><strong>se</strong></span> <span class='ocrx_word' id='word_1_366' title='bbox 1407 4546 1490 4601; x_wconf 85' lang='lat' dir='ltr'><strong>vel</strong></span> <span class='ocrx_word' id='word_1_367' title='bbox 1518 4548 1748 4602; x_wconf 78' lang='lat' dir='ltr'><strong>minimis</strong></span> <span class='ocrx_word' id='word_1_368' title='bbox 1775 4550 2026 4618; x_wconf 89' lang='lat' dir='ltr'><strong>operibus</strong></span> 
     </span>
    </p>
   </div>
   <div class='ocr_carea' id='block_1_49' title="bbox 444 4635 2024 4707">
    <p class='ocr_par' dir='ltr' id='par_1_49' title="bbox 444 4635 2024 4707">
     <span class='ocr_line' id='line_1_49' title="bbox 444 4635 2024 4707; baseline 0.009 -25"><span class='ocrx_word' id='word_1_369' title='bbox 444 4639 812 4700; x_wconf 86' lang='lat' dir='ltr'><strong>provocatum,</strong></span> <span class='ocrx_word' id='word_1_370' title='bbox 846 4647 940 4687; x_wconf 90' lang='lat' dir='ltr'><strong>nos</strong></span> <span class='ocrx_word' id='word_1_371' title='bbox 966 4635 1164 4705; x_wconf 84' lang='lat' dir='ltr'><strong>absque</strong></span> <span class='ocrx_word' id='word_1_372' title='bbox 1191 4651 1336 4692; x_wconf 89' lang='lat' dir='ltr'><strong>mora</strong></span> <span class='ocrx_word' id='word_1_373' title='bbox 1365 4640 1569 4707; x_wconf 78' lang='lat' dir='ltr'><strong>magnis</strong></span> <span class='ocrx_word' id='word_1_374' title='bbox 1595 4637 1745 4693; x_wconf 91' lang='lat' dir='ltr'><strong>donis</strong></span> <span class='ocrx_word' id='word_1_375' title='bbox 1775 4655 2024 4695; x_wconf 87' lang='lat' dir='ltr'><strong>remune-</strong></span> 
     </span>
    </p>
   </div>
   <div class='ocr_carea' id='block_1_50' title="bbox 444 4720 2023 4796">
    <p class='ocr_par' dir='ltr' id='par_1_50' title="bbox 444 4720 2023 4796">
     <span class='ocr_line' id='line_1_50' title="bbox 444 4720 2023 4796; baseline 0.006 -21"><span class='ocrx_word' id='word_1_376' title='bbox 444 4720 568 4785; x_wconf 81' lang='lat' dir='ltr'><strong>rari,</strong></span> <span class='ocrx_word' id='word_1_377' title='bbox 600 4721 643 4774; x_wconf 92' lang='lat' dir='ltr'><strong>si</strong></span> <span class='ocrx_word' id='word_1_378' title='bbox 676 4723 934 4778; x_wconf 79' lang='lat' dir='ltr'><strong>sinceram</strong></span> <span class='ocrx_word' id='word_1_379' title='bbox 979 4725 1156 4792; x_wconf 81' lang='lat' dir='ltr'><strong>fidem,</strong></span> <span class='ocrx_word' id='word_1_380' title='bbox 1199 4726 1332 4780; x_wconf 90' lang='lat' dir='ltr'><strong>sicut</strong></span> <span class='ocrx_word' id='word_1_381' title='bbox 1363 4727 1452 4782; x_wconf 87' lang='lat' dir='ltr'><strong>ille</strong></span> <span class='ocrx_word' id='word_1_382' title='bbox 1480 4726 1674 4796; x_wconf 86' lang='lat' dir='ltr'><strong>justus,</strong></span> <span class='ocrx_word' id='word_1_383' title='bbox 1715 4728 2023 4792; x_wconf 78' lang='lat' dir='ltr'><strong>exhibueri-</strong></span> 
     </span>
    </p>
   </div>
   <div class='ocr_carea' id='block_1_51' title="bbox 444 4819 2025 4886">
    <p class='ocr_par' dir='ltr' id='par_1_51' title="bbox 444 4819 2025 4886">
     <span class='ocr_line' id='line_1_51' title="bbox 444 4819 2025 4886; baseline 0.006 -20"><span class='ocrx_word' id='word_1_384' title='bbox 444 4829 582 4878; x_wconf 84' lang='lat' dir='ltr'><strong>mns,</strong></span> <span class='ocrx_word' id='word_1_385' title='bbox 622 4823 677 4870; x_wconf 89' lang='lat' dir='ltr'><strong>et</strong></span> <span class='ocrx_word' id='word_1_386' title='bbox 722 4831 1008 4886; x_wconf 86' lang='lat' dir='ltr'><strong>numquam</strong></span> <span class='ocrx_word' id='word_1_387' title='bbox 1059 4827 1235 4874; x_wconf 82' lang='lat' dir='ltr'><strong>tuente</strong></span> <span class='ocrx_word' id='word_1_388' title='bbox 1279 4819 1727 4886; x_wconf 87' lang='lat' dir='ltr'><strong>lluctuaverimus,</strong></span> <span class='ocrx_word' id='word_1_389' title='bbox 1763 4821 1854 4876; x_wconf 87' lang='lat' dir='ltr'><strong>sed</strong></span> <span class='ocrx_word' id='word_1_390' title='bbox 1896 4837 2025 4876; x_wconf 87' lang='lat' dir='ltr'><strong>con-</strong></span> 
     </span>
    </p>
   </div>
   <div class='ocr_carea' id='block_1_52' title="bbox 441 4907 2024 4976">
    <p class='ocr_par' dir='ltr' id='par_1_52' title="bbox 441 4907 2024 4976">
     <span class='ocr_line' id='line_1_52' title="bbox 441 4907 2024 4976; baseline 0.009 -20"><span class='ocrx_word' id='word_1_391' title='bbox 441 4913 668 4958; x_wconf 85' lang='lat' dir='ltr'><strong>stantem</strong></span> <span class='ocrx_word' id='word_1_392' title='bbox 698 4915 752 4960; x_wconf 88' lang='lat' dir='ltr'><strong>et</strong></span> <span class='ocrx_word' id='word_1_393' title='bbox 781 4907 986 4961; x_wconf 83' lang='lat' dir='ltr'><strong>firmam</strong></span> <span class='ocrx_word' id='word_1_394' title='bbox 1023 4909 1165 4964; x_wconf 90' lang='lat' dir='ltr'><strong>illam</strong></span> <span class='ocrx_word' id='word_1_395' title='bbox 1215 4910 1573 4968; x_wconf 84' lang='lat' dir='ltr'><strong>habuerimus.</strong></span> <span class='ocrx_word' id='word_1_396' title='bbox 1612 4912 1744 4966; x_wconf 89' lang='lat' dir='ltr'><strong>llinc</strong></span> <span class='ocrx_word' id='word_1_397' title='bbox 1788 4916 1929 4976; x_wconf 87' lang='lat' dir='ltr'><strong>enim</strong></span> <span class='ocrx_word' id='word_1_398' title='bbox 1970 4924 2024 4970; x_wconf 88' lang='lat' dir='ltr'><strong>et</strong></span> 
     </span>
    </p>
   </div>
   <div class='ocr_carea' id='block_1_53' title="bbox 443 4994 2021 5071">
    <p class='ocr_par' dir='ltr' id='par_1_53' title="bbox 443 4994 2021 5071">
     <span class='ocr_line' id='line_1_53' title="bbox 443 4994 2021 5071; baseline 0.006 -22"><span class='ocrx_word' id='word_1_399' title='bbox 443 4994 535 5049; x_wconf 84' lang='lat' dir='ltr'><strong>ille</strong></span> <span class='ocrx_word' id='word_1_400' title='bbox 572 4997 932 5052; x_wconf 78' lang='lat' dir='ltr'><strong>celebritatem</strong></span> <span class='ocrx_word' id='word_1_401' title='bbox 979 5001 1290 5070; x_wconf 89' lang='lat' dir='ltr'><strong>laudemque</strong></span> <span class='ocrx_word' id='word_1_402' title='bbox 1333 5013 1690 5071; x_wconf 86' lang='lat' dir='ltr'><strong>consequutus</strong></span> <span class='ocrx_word' id='word_1_403' title='bbox 1734 5012 1836 5059; x_wconf 90' lang='lat' dir='ltr'><strong>est.</strong></span> <span class='ocrx_word' id='word_1_404' title='bbox 1885 5005 2021 5059; x_wconf 82' lang='lat' dir='ltr'><strong>Audi</strong></span> 
     </span>
    </p>
   </div>
   <div class='ocr_carea' id='block_1_54' title="bbox 443 5087 2018 5165">
    <p class='ocr_par' dir='ltr' id='par_1_54' title="bbox 443 5087 2018 5165">
     <span class='ocr_line' id='line_1_54' title="bbox 443 5087 2018 5165; baseline 0.008 -27"><span class='ocrx_word' id='word_1_405' title='bbox 443 5087 601 5152; x_wconf 75' lang='lat' dir='ltr'><strong>igitur</strong></span> <span class='ocrx_word' id='word_1_406' title='bbox 630 5089 838 5143; x_wconf 83' lang='lat' dir='ltr'><strong>beatum</strong></span> <span class='ocrx_word' id='word_1_407' title='bbox 863 5091 1078 5144; x_wconf 73' lang='lat' dir='ltr'><strong>Paulum</strong></span> <span class='ocrx_word' id='word_1_408' title='bbox 1110 5095 1482 5162; x_wconf 73' lang='lat' dir='ltr'><strong>pr;edi,cautcm</strong></span> <span class='ocrx_word' id='word_1_409' title='bbox 1509 5095 1623 5164; x_wconf 88' lang='lat' dir='ltr'><strong>ejus</strong></span> <span class='ocrx_word' id='word_1_410' title='bbox 1657 5095 1834 5162; x_wconf 87' lang='lat' dir='ltr'><strong>fidem,</strong></span> <span class='ocrx_word' id='word_1_411' title='bbox 1863 5112 2018 5165; x_wconf 89' lang='lat' dir='ltr'><strong>quam</strong></span> 
     </span>
    </p>
   </div>
   <div class='ocr_carea' id='block_1_55' title="bbox 439 5178 2017 5253">
    <p class='ocr_par' dir='ltr' id='par_1_55' title="bbox 439 5178 2017 5253">
     <span class='ocr_line' id='line_1_55' title="bbox 439 5178 2017 5253; baseline 0.006 -24"><span class='ocrx_word' id='word_1_412' title='bbox 439 5178 508 5230; x_wconf 89' lang='lat' dir='ltr'><strong>ab</strong></span> <span class='ocrx_word' id='word_1_413' title='bbox 539 5179 688 5232; x_wconf 69' lang='lat' dir='ltr'><strong>initio</strong></span> <span class='ocrx_word' id='word_1_414' title='bbox 711 5181 942 5234; x_wconf 82' lang='lat' dir='ltr'><strong>ostendit</strong></span> <span class='ocrx_word' id='word_1_415' title='bbox 973 5200 986 5236; x_wconf 90' lang='lat'><strong>:</strong></span> <span class='ocrx_word' id='word_1_416' title='bbox 1015 5182 1142 5236; x_wconf 91' lang='lat' dir='ltr'><strong>dicit</strong></span> <span class='ocrx_word' id='word_1_417' title='bbox 1168 5185 1309 5238; x_wconf 85' lang='lat' dir='ltr'><strong>enim</strong></span> <span class='ocrx_word' id='word_1_418' title='bbox 1344 5203 1354 5236; x_wconf 81' lang='grc' dir='ltr'><strong>τ</strong></span> <span class='ocrx_word' id='word_1_419' title='bbox 1391 5185 1522 5237; x_wconf 65' lang='lat' dir='ltr'><strong>Fille</strong></span> <span class='ocrx_word' id='word_1_420' title='bbox 1569 5196 1770 5238; x_wconf 83' lang='lat' dir='ltr'><strong>vocatus</strong></span> <span class='ocrx_word' id='word_1_421' title='bbox 1811 5186 2017 5253; x_wconf 82' lang='lat' dir='ltr'><strong>Abram,</strong></span> 
     </span>
    </p>
   </div>
   <div class='ocr_carea' id='block_1_56' title="bbox 438 5268 2019 5346">
    <p class='ocr_par' dir='ltr' id='par_1_56' title="bbox 438 5268 2019 5346">
     <span class='ocr_line' id='line_1_56' title="bbox 438 5268 2019 5346; baseline 0.006 -24"><span class='ocrx_word' id='word_1_422' title='bbox 438 5268 650 5322; x_wconf 66' lang='lat' dir='ltr'><strong>absumit</strong></span> <span class='ocrx_word' id='word_1_423' title='bbox 690 5281 742 5322; x_wconf 84' lang='lat' dir='ltr'><strong>ut</strong></span> <span class='ocrx_word' id='word_1_424' title='bbox 780 5274 934 5326; x_wconf 72' lang='lat' dir='ltr'><strong>exiret</strong></span> <span class='ocrx_word' id='word_1_425' title='bbox 963 5273 1014 5326; x_wconf 90' lang='lat' dir='ltr'><strong>in</strong></span> <span class='ocrx_word' id='word_1_426' title='bbox 1045 5269 1228 5339; x_wconf 79' lang='lat' dir='ltr'><strong>locum,</strong></span> <span class='ocrx_word' id='word_1_427' title='bbox 1273 5292 1417 5342; x_wconf 71' lang='lat' dir='ltr'><strong>quem</strong></span> <span class='ocrx_word' id='word_1_428' title='bbox 1462 5288 1759 5346; x_wconf 73' lang='lat' dir='ltr'><strong>accepturus</strong></span> <span class='ocrx_word' id='word_1_429' title='bbox 1801 5287 1926 5342; x_wconf 88' lang='lat' dir='ltr'><strong>erat,</strong></span> <span class='ocrx_word' id='word_1_430' title='bbox 1970 5288 2019 5333; x_wconf 85' lang='lat' dir='ltr'><strong>et</strong></span> 
     </span>
    </p>
   </div>
   <div class='ocr_carea' id='block_1_57' title="bbox 439 5358 2019 5435">
    <p class='ocr_par' dir='ltr' id='par_1_57' title="bbox 439 5358 2019 5435">
     <span class='ocr_line' id='line_1_57' title="bbox 439 5358 2019 5435; baseline 0.01 -28"><span class='ocrx_word' id='word_1_431' title='bbox 439 5358 586 5410; x_wconf 65' lang='lat' dir='ltr'><strong>rarivit</strong></span> <span class='ocrx_word' id='word_1_432' title='bbox 613 5359 851 5430; x_wconf 83' lang='lat' dir='ltr'><strong>ignorans</strong></span> <span class='ocrx_word' id='word_1_433' title='bbox 877 5379 974 5431; x_wconf 84' lang='lat' dir='ltr'><strong>quo</strong></span> <span class='ocrx_word' id='word_1_434' title='bbox 1004 5365 1094 5416; x_wconf 87' lang='lat' dir='ltr'><strong>iret</strong></span> <span class='ocrx_word' id='word_1_435' title='bbox 1125 5362 1304 5432; x_wconf 81' lang='lat' dir='ltr'><strong>(Hebr.</strong></span> <span class='ocrx_word' id='word_1_436' title='bbox 1345 5367 1424 5419; x_wconf 83' lang='lat' dir='ltr'><strong>ll.</strong></span> <span class='ocrx_word' id='word_1_437' title='bbox 1456 5367 1510 5435; x_wconf 91' lang='lat'><strong>8)</strong></span> <span class='ocrx_word' id='word_1_438' title='bbox 1551 5384 1563 5419; x_wconf 90' lang='lat'><strong>:</strong></span> <span class='ocrx_word' id='word_1_439' title='bbox 1595 5367 1718 5420; x_wconf 89' lang='lat' dir='ltr'><strong>illud</strong></span> <span class='ocrx_word' id='word_1_440' title='bbox 1751 5368 1903 5422; x_wconf 89' lang='lat' dir='ltr'><strong>nobis</strong></span> <span class='ocrx_word' id='word_1_441' title='bbox 1933 5369 2019 5422; x_wconf 58' lang='lat' dir='ltr'><strong>inn</strong></span> 
     </span>
    </p>
   </div>
   <div class='ocr_carea' id='block_1_58' title="bbox 437 5443 2016 5526">
    <p class='ocr_par' dir='ltr' id='par_1_58' title="bbox 437 5443 2016 5526">
     <span class='ocr_line' id='line_1_58' title="bbox 437 5443 2016 5526; baseline 0.01 -31"><span class='ocrx_word' id='word_1_442' title='bbox 437 5443 674 5509; x_wconf 84' lang='lat' dir='ltr'><strong>sittuaos,</strong></span> <span class='ocrx_word' id='word_1_443' title='bbox 707 5450 844 5517; x_wconf 86' lang='lat' dir='ltr'><strong>quod</strong></span> <span class='ocrx_word' id='word_1_444' title='bbox 873 5467 900 5502; x_wconf 87' lang='lat' dir='ltr'><strong>a</strong></span> <span class='ocrx_word' id='word_1_445' title='bbox 930 5451 1039 5505; x_wconf 81' lang='lat' dir='ltr'><strong>Deo</strong></span> <span class='ocrx_word' id='word_1_446' title='bbox 1077 5451 1277 5508; x_wconf 70' lang='lat' dir='ltr'><strong>dictum</strong></span> <span class='ocrx_word' id='word_1_447' title='bbox 1305 5464 1385 5508; x_wconf 89' lang='lat' dir='ltr'><strong>est</strong></span> <span class='ocrx_word' id='word_1_448' title='bbox 1421 5471 1434 5507; x_wconf 91' lang='lat'><strong>:</strong></span> <span class='ocrx_word' id='word_1_449' title='bbox 1482 5455 1665 5526; x_wconf 67' lang='lat' dir='ltr'><strong>Egi-edi</strong></span> <span class='ocrx_word' id='word_1_450' title='bbox 1679 5473 1734 5508; x_wconf 87' lang='lat' dir='ltr'><strong>re</strong></span> <span class='ocrx_word' id='word_1_451' title='bbox 1769 5457 1840 5510; x_wconf 84' lang='lat' dir='ltr'><strong>de</strong></span> <span class='ocrx_word' id='word_1_452' title='bbox 1881 5466 2016 5511; x_wconf 86' lang='lat' dir='ltr'><strong>terra</strong></span> 
     </span>
    </p>
   </div>
   <div class='ocr_carea' id='block_1_59' title="bbox 436 5539 2010 5617">
    <p class='ocr_par' dir='ltr' id='par_1_59' title="bbox 436 5539 2010 5617">
     <span class='ocr_line' id='line_1_59' title="bbox 436 5539 2010 5617; baseline 0.011 -34"><span class='ocrx_word' id='word_1_453' title='bbox 436 5542 544 5596; x_wconf 87' lang='lat' dir='ltr'><strong>tua,</strong></span> <span class='ocrx_word' id='word_1_454' title='bbox 572 5543 618 5587; x_wconf 85' lang='lat' dir='ltr'><strong>et</strong></span> <span class='ocrx_word' id='word_1_455' title='bbox 643 5539 752 5589; x_wconf 80' lang='lat' dir='ltr'><strong>veni</strong></span> <span class='ocrx_word' id='word_1_456' title='bbox 777 5540 826 5590; x_wconf 88' lang='lat' dir='ltr'><strong>in</strong></span> <span class='ocrx_word' id='word_1_457' title='bbox 855 5549 1058 5606; x_wconf 80' lang='lat' dir='ltr'><strong>terram,</strong></span> <span class='ocrx_word' id='word_1_458' title='bbox 1089 5559 1237 5611; x_wconf 84' lang='lat' dir='ltr'><strong>quam</strong></span> <span class='ocrx_word' id='word_1_459' title='bbox 1267 5560 1604 5600; x_wconf 78' lang='lat' dir='ltr'><strong>moustravero</strong></span> <span class='ocrx_word' id='word_1_460' title='bbox 1629 5545 1715 5597; x_wconf 89' lang='lat' dir='ltr'><strong>tibi</strong></span> <span class='ocrx_word' id='word_1_461' title='bbox 1742 5544 1892 5617; x_wconf 82' lang='lat' dir='ltr'><strong>(Gen.</strong></span> <span class='ocrx_word' id='word_1_462' title='bbox 1925 5545 2010 5601; x_wconf 71' lang='grc'><strong>12.</strong></span> 
     </span>
    </p>
   </div>
   <div class='ocr_carea' id='block_1_60' title="bbox 443 5621 2012 5692">
    <p class='ocr_par' dir='ltr' id='par_1_60' title="bbox 443 5621 2012 5692">
     <span class='ocr_line' id='line_1_60' title="bbox 443 5621 2012 5692; baseline 0.011 -18"><span class='ocrx_word' id='word_1_463' title='bbox 443 5621 513 5690; x_wconf 73' lang='grc' dir='ltr'><strong>Ι).</strong></span> <span class='ocrx_word' id='word_1_464' title='bbox 547 5625 732 5681; x_wconf 68' lang='lat' dir='ltr'><strong>Vidisti</strong></span> <span class='ocrx_word' id='word_1_465' title='bbox 769 5630 924 5685; x_wconf 67' lang='lat' dir='ltr'><strong>fidem</strong></span> <span class='ocrx_word' id='word_1_466' title='bbox 957 5633 1200 5688; x_wconf 81' lang='lat' dir='ltr'><strong>firmam?</strong></span> <span class='ocrx_word' id='word_1_467' title='bbox 1228 5634 1402 5689; x_wconf 91' lang='lat' dir='ltr'><strong>vidisti</strong></span> <span class='ocrx_word' id='word_1_468' title='bbox 1443 5645 1670 5690; x_wconf 86' lang='lat' dir='ltr'><strong>mentem</strong></span> <span class='ocrx_word' id='word_1_469' title='bbox 1711 5637 2012 5692; x_wconf 78' lang='lat' dir='ltr'><strong>sinceram?</strong></span> 
     </span>
    </p>
   </div>
   <div class='ocr_carea' id='block_1_61' title="bbox 1181 227 2976 326">
    <p class='ocr_par' dir='ltr' id='par_1_61' title="bbox 1181 227 2976 326">
     <span class='ocr_line' id='line_1_61' title="bbox 1181 227 2976 326; baseline 0 -20"><span class='ocrx_word' id='word_1_470' title='bbox 1181 253 1236 306; x_wconf 73' lang='grc' dir='ltr'><strong>δ.</strong></span> <span class='ocrx_word' id='word_1_471' title='bbox 1279 250 1551 326; x_wconf 70' lang='lat' dir='ltr'><strong>totis-sis</strong></span> <span class='ocrx_word' id='word_1_472' title='bbox 1589 227 2049 306; x_wconf 75' lang='lat' dir='ltr'><strong>cnnvsoSTont</strong></span> <span class='ocrx_word' id='word_1_473' title='bbox 2089 246 2404 306; x_wconf 78' lang='lat' dir='ltr'><strong>ARClilEP.</strong></span> <span class='ocrx_word' id='word_1_474' title='bbox 2446 246 2976 306; x_wconf 76' lang='lat' dir='ltr'><strong>CONSTANTINUP.</strong></span> 
     </span>
    </p>
   </div>
   <div class='ocr_carea' id='block_1_62' title="bbox 3627 256 3734 316">
    <p class='ocr_par' dir='ltr' id='par_1_62' title="bbox 3627 256 3734 316">
     <span class='ocr_line' id='line_1_62' title="bbox 3627 256 3734 316; baseline 0.019 -2"><span class='ocrx_word' id='word_1_475' title='bbox 3627 256 3734 316; x_wconf 61' lang='lat'><strong>548</strong></span> 
     </span>
    </p>
   </div>
   <div class='ocr_carea' id='block_1_63' title="bbox 2144 358 3725 434">
    <p class='ocr_par' dir='ltr' id='par_1_63' title="bbox 2144 358 3725 434">
     <span class='ocr_line' id='line_1_63' title="bbox 2144 358 3725 434; baseline 0.007 -21"><span class='ocrx_word' id='word_1_476' title='bbox 2144 358 2295 414; x_wconf 83' lang='lat' dir='ltr'><strong>llunc</strong></span> <span class='ocrx_word' id='word_1_477' title='bbox 2333 370 2386 414; x_wconf 87' lang='lat' dir='ltr'><strong>et</strong></span> <span class='ocrx_word' id='word_1_478' title='bbox 2416 375 2514 414; x_wconf 88' lang='lat' dir='ltr'><strong>nos</strong></span> <span class='ocrx_word' id='word_1_479' title='bbox 2539 359 2827 428; x_wconf 87' lang='lat' dir='ltr'><strong>imitemur,</strong></span> <span class='ocrx_word' id='word_1_480' title='bbox 2861 373 2913 418; x_wconf 93' lang='lat' dir='ltr'><strong>et</strong></span> <span class='ocrx_word' id='word_1_481' title='bbox 2943 361 3282 434; x_wconf 75' lang='lat' dir='ltr'><strong>egrediantur</strong></span> <span class='ocrx_word' id='word_1_482' title='bbox 3315 366 3496 424; x_wconf 82' lang='lat' dir='ltr'><strong>mente</strong></span> <span class='ocrx_word' id='word_1_483' title='bbox 3531 381 3586 426; x_wconf 89' lang='lat' dir='ltr'><strong>et</strong></span> <span class='ocrx_word' id='word_1_484' title='bbox 3617 373 3725 425; x_wconf 83' lang='lat' dir='ltr'><strong>ata-</strong></span> 
     </span>
    </p>
   </div>
   <div class='ocr_carea' id='block_1_64' title="bbox 2140 450 3737 527">
    <p class='ocr_par' dir='ltr' id='par_1_64' title="bbox 2140 450 3737 527">
     <span class='ocr_line' id='line_1_64' title="bbox 2140 450 3737 527; baseline 0.008 -23"><span class='ocrx_word' id='word_1_485' title='bbox 2140 450 2371 504; x_wconf 90' lang='lat' dir='ltr'><strong>critatea</strong></span> <span class='ocrx_word' id='word_1_486' title='bbox 2400 451 2680 520; x_wconf 70' lang='lat' dir='ltr'><strong>praesentis</strong></span> <span class='ocrx_word' id='word_1_487' title='bbox 2704 452 2823 506; x_wconf 73' lang='lat' dir='ltr'><strong>vita:</strong></span> <span class='ocrx_word' id='word_1_488' title='bbox 2851 454 3098 524; x_wconf 84' lang='lat' dir='ltr'><strong>negotiis,</strong></span> <span class='ocrx_word' id='word_1_489' title='bbox 3122 469 3412 527; x_wconf 88' lang='lat' dir='ltr'><strong>eamusque</strong></span> <span class='ocrx_word' id='word_1_490' title='bbox 3435 458 3488 514; x_wconf 91' lang='lat' dir='ltr'><strong>in</strong></span> <span class='ocrx_word' id='word_1_491' title='bbox 3514 462 3737 520; x_wconf 68' lang='lat' dir='ltr'><strong>czelnm.</strong></span> 
     </span>
    </p>
   </div>
   <div class='ocr_carea' id='block_1_65' title="bbox 2141 539 3732 616">
    <p class='ocr_par' dir='ltr' id='par_1_65' title="bbox 2141 539 3732 616">
     <span class='ocr_line' id='line_1_65' title="bbox 2141 539 3732 616; baseline 0.007 -23"><span class='ocrx_word' id='word_1_492' title='bbox 2141 539 2399 595; x_wconf 69' lang='lat' dir='ltr'><strong>Possibile</strong></span> <span class='ocrx_word' id='word_1_493' title='bbox 2428 541 2569 595; x_wconf 86' lang='lat' dir='ltr'><strong>enim</strong></span> <span class='ocrx_word' id='word_1_494' title='bbox 2601 550 2703 607; x_wconf 86' lang='lat' dir='ltr'><strong>est,</strong></span> <span class='ocrx_word' id='word_1_495' title='bbox 2731 543 3146 609; x_wconf 82' lang='lat' dir='ltr'><strong>sivoluerimus,</strong></span> <span class='ocrx_word' id='word_1_496' title='bbox 3175 555 3231 601; x_wconf 87' lang='lat' dir='ltr'><strong>et</strong></span> <span class='ocrx_word' id='word_1_497' title='bbox 3257 549 3365 616; x_wconf 88' lang='lat' dir='ltr'><strong>jam</strong></span> <span class='ocrx_word' id='word_1_498' title='bbox 3393 547 3480 604; x_wconf 91' lang='lat' dir='ltr'><strong>hic</strong></span> <span class='ocrx_word' id='word_1_499' title='bbox 3505 566 3732 605; x_wconf 61' lang='lat' dir='ltr'><strong>versatio</strong></span> 
     </span>
    </p>
   </div>
   <div class='ocr_carea' id='block_1_66' title="bbox 2141 631 3732 709">
    <p class='ocr_par' dir='ltr' id='par_1_66' title="bbox 2141 631 3732 709">
     <span class='ocr_line' id='line_1_66' title="bbox 2141 631 3732 709; baseline 0.006 -25"><span class='ocrx_word' id='word_1_500' title='bbox 2141 639 2219 685; x_wconf 90' lang='lat' dir='ltr'><strong>tes</strong></span> <span class='ocrx_word' id='word_1_501' title='bbox 2257 631 2341 684; x_wconf 92' lang='lat' dir='ltr'><strong>illa</strong></span> <span class='ocrx_word' id='word_1_502' title='bbox 2389 646 2608 702; x_wconf 80' lang='lat' dir='ltr'><strong>pergere</strong></span> <span class='ocrx_word' id='word_1_503' title='bbox 2651 633 2757 697; x_wconf 89' lang='lat' dir='ltr'><strong>via,</strong></span> <span class='ocrx_word' id='word_1_504' title='bbox 2803 634 3016 702; x_wconf 88' lang='lat' dir='ltr'><strong>quando</strong></span> <span class='ocrx_word' id='word_1_505' title='bbox 3054 635 3210 706; x_wconf 78' lang='lat' dir='ltr'><strong>digna</strong></span> <span class='ocrx_word' id='word_1_506' title='bbox 3248 639 3392 694; x_wconf 64' lang='lat' dir='ltr'><strong>caelis</strong></span> <span class='ocrx_word' id='word_1_507' title='bbox 3420 655 3732 709; x_wconf 83' lang='lat' dir='ltr'><strong>Operamur,</strong></span> 
     </span>
    </p>
   </div>
   <div class='ocr_carea' id='block_1_67' title="bbox 2139 721 3730 801">
    <p class='ocr_par' dir='ltr' id='par_1_67' title="bbox 2139 721 3730 801">
     <span class='ocr_line' id='line_1_67' title="bbox 2139 721 3730 801; baseline 0.011 -31"><span class='ocrx_word' id='word_1_508' title='bbox 2139 721 2351 790; x_wconf 84' lang='lat' dir='ltr'><strong>quando</strong></span> <span class='ocrx_word' id='word_1_509' title='bbox 2389 739 2493 776; x_wconf 87' lang='lat' dir='ltr'><strong>tton</strong></span> <span class='ocrx_word' id='word_1_510' title='bbox 2535 725 2853 794; x_wconf 81' lang='lat' dir='ltr'><strong>suSpicimus</strong></span> <span class='ocrx_word' id='word_1_511' title='bbox 2887 742 2948 781; x_wconf 88' lang='lat' dir='ltr'><strong>ea</strong></span> <span class='ocrx_word' id='word_1_512' title='bbox 2992 742 3109 797; x_wconf 69' lang='lat' dir='ltr'><strong>qum</strong></span> <span class='ocrx_word' id='word_1_513' title='bbox 3153 738 3278 784; x_wconf 88' lang='lat' dir='ltr'><strong>sunt</strong></span> <span class='ocrx_word' id='word_1_514' title='bbox 3321 730 3477 801; x_wconf 85' lang='lat' dir='ltr'><strong>hujus</strong></span> <span class='ocrx_word' id='word_1_515' title='bbox 3516 735 3730 800; x_wconf 86' lang='lat' dir='ltr'><strong>mundi,</strong></span> 
     </span>
    </p>
   </div>
   <div class='ocr_carea' id='block_1_68' title="bbox 2139 815 3729 895">
    <p class='ocr_par' dir='ltr' id='par_1_68' title="bbox 2139 815 3729 895">
     <span class='ocr_line' id='line_1_68' title="bbox 2139 815 3729 895; baseline 0.01 -31"><span class='ocrx_word' id='word_1_516' title='bbox 2139 815 2351 882; x_wconf 88' lang='lat' dir='ltr'><strong>quando</strong></span> <span class='ocrx_word' id='word_1_517' title='bbox 2382 831 2486 869; x_wconf 89' lang='lat' dir='ltr'><strong>non</strong></span> <span class='ocrx_word' id='word_1_518' title='bbox 2528 817 2751 886; x_wconf 83' lang='lat' dir='ltr'><strong>gloriam</strong></span> <span class='ocrx_word' id='word_1_519' title='bbox 2797 834 2987 873; x_wconf 90' lang='lat' dir='ltr'><strong>vanam</strong></span> <span class='ocrx_word' id='word_1_520' title='bbox 3029 820 3188 890; x_wconf 90' lang='lat' dir='ltr'><strong>bnjus</strong></span> <span class='ocrx_word' id='word_1_521' title='bbox 3219 822 3340 878; x_wconf 72' lang='lat' dir='ltr'><strong>vita:</strong></span> <span class='ocrx_word' id='word_1_522' title='bbox 3388 825 3729 895; x_wconf 87' lang='lat' dir='ltr'><strong>inquirimus,</strong></span> 
     </span>
    </p>
   </div>
   <div class='ocr_carea' id='block_1_69' title="bbox 2139 903 3732 984">
    <p class='ocr_par' dir='ltr' id='par_1_69' title="bbox 2139 903 3732 984">
     <span class='ocr_line' id='line_1_69' title="bbox 2139 903 3732 984; baseline 0.01 -26"><span class='ocrx_word' id='word_1_523' title='bbox 2139 903 2231 958; x_wconf 86' lang='lat' dir='ltr'><strong>sed</strong></span> <span class='ocrx_word' id='word_1_524' title='bbox 2263 905 2360 960; x_wconf 89' lang='lat' dir='ltr'><strong>hac</strong></span> <span class='ocrx_word' id='word_1_525' title='bbox 2376 916 2703 976; x_wconf 87' lang='lat' dir='ltr'><strong>contempta,</strong></span> <span class='ocrx_word' id='word_1_526' title='bbox 2729 907 2872 964; x_wconf 82' lang='lat' dir='ltr'><strong>illam</strong></span> <span class='ocrx_word' id='word_1_527' title='bbox 2897 909 3206 968; x_wconf 88' lang='lat' dir='ltr'><strong>desiderare</strong></span> <span class='ocrx_word' id='word_1_528' title='bbox 3229 915 3522 984; x_wconf 81' lang='lat' dir='ltr'><strong>studemus,</strong></span> <span class='ocrx_word' id='word_1_529' title='bbox 3545 932 3732 974; x_wconf 82' lang='lat' dir='ltr'><strong>veram</strong></span> 
     </span>
    </p>
   </div>
   <div class='ocr_carea' id='block_1_70' title="bbox 2143 994 3730 1073">
    <p class='ocr_par' dir='ltr' id='par_1_70' title="bbox 2143 994 3730 1073">
     <span class='ocr_line' id='line_1_70' title="bbox 2143 994 3730 1073; baseline 0.011 -26"><span class='ocrx_word' id='word_1_530' title='bbox 2143 994 2282 1049; x_wconf 86' lang='lat' dir='ltr'><strong>illaut</strong></span> <span class='ocrx_word' id='word_1_531' title='bbox 2307 996 2427 1050; x_wconf 87' lang='lat' dir='ltr'><strong>dico</strong></span> <span class='ocrx_word' id='word_1_532' title='bbox 2452 1005 2504 1052; x_wconf 93' lang='lat' dir='ltr'><strong>et</strong></span> <span class='ocrx_word' id='word_1_533' title='bbox 2531 1013 2746 1068; x_wconf 89' lang='lat' dir='ltr'><strong>semper</strong></span> <span class='ocrx_word' id='word_1_534' title='bbox 2772 1011 3110 1068; x_wconf 86' lang='lat' dir='ltr'><strong>manentem;</strong></span> <span class='ocrx_word' id='word_1_535' title='bbox 3139 1005 3354 1073; x_wconf 89' lang='lat' dir='ltr'><strong>quando</strong></span> <span class='ocrx_word' id='word_1_536' title='bbox 3383 1023 3488 1062; x_wconf 91' lang='lat' dir='ltr'><strong>non</strong></span> <span class='ocrx_word' id='word_1_537' title='bbox 3516 1009 3567 1063; x_wconf 90' lang='lat' dir='ltr'><strong>in</strong></span> <span class='ocrx_word' id='word_1_538' title='bbox 3599 1010 3730 1065; x_wconf 81' lang='lat' dir='ltr'><strong>luxu</strong></span> 
     </span>
    </p>
   </div>
   <div class='ocr_carea' id='block_1_71' title="bbox 2141 1086 3733 1164">
    <p class='ocr_par' dir='ltr' id='par_1_71' title="bbox 2141 1086 3733 1164">
     <span class='ocr_line' id='line_1_71' title="bbox 2141 1086 3733 1164; baseline 0.014 -27"><span class='ocrx_word' id='word_1_539' title='bbox 2141 1086 2366 1141; x_wconf 88' lang='lat' dir='ltr'><strong>vestium</strong></span> <span class='ocrx_word' id='word_1_540' title='bbox 2392 1090 2630 1158; x_wconf 87' lang='lat' dir='ltr'><strong>occupati</strong></span> <span class='ocrx_word' id='word_1_541' title='bbox 2660 1106 2863 1158; x_wconf 90' lang='lat' dir='ltr'><strong>sumus,</strong></span> <span class='ocrx_word' id='word_1_542' title='bbox 2892 1107 3068 1163; x_wconf 89' lang='lat' dir='ltr'><strong>neque</strong></span> <span class='ocrx_word' id='word_1_543' title='bbox 3096 1109 3290 1164; x_wconf 91' lang='lat' dir='ltr'><strong>corpus</strong></span> <span class='ocrx_word' id='word_1_544' title='bbox 3329 1115 3520 1154; x_wconf 88' lang='lat' dir='ltr'><strong>ornare</strong></span> <span class='ocrx_word' id='word_1_545' title='bbox 3545 1103 3733 1158; x_wconf 75' lang='lat' dir='ltr'><strong>stude~</strong></span> 
     </span>
    </p>
   </div>
   <div class='ocr_carea' id='block_1_72' title="bbox 2140 1179 3733 1248">
    <p class='ocr_par' dir='ltr' id='par_1_72' title="bbox 2140 1179 3733 1248">
     <span class='ocr_line' id='line_1_72' title="bbox 2140 1179 3733 1248; baseline 0.009 -17"><span class='ocrx_word' id='word_1_546' title='bbox 2140 1192 2280 1245; x_wconf 82' lang='lat' dir='ltr'><strong>mus,</strong></span> <span class='ocrx_word' id='word_1_547' title='bbox 2310 1179 2400 1233; x_wconf 90' lang='lat' dir='ltr'><strong>sed</strong></span> <span class='ocrx_word' id='word_1_548' title='bbox 2429 1195 2642 1235; x_wconf 88' lang='lat' dir='ltr'><strong>omnem</strong></span> <span class='ocrx_word' id='word_1_549' title='bbox 2685 1181 2830 1237; x_wconf 90' lang='lat' dir='ltr'><strong>illum</strong></span> <span class='ocrx_word' id='word_1_550' title='bbox 2873 1195 3152 1240; x_wconf 74' lang='lat' dir='ltr'><strong>externum</strong></span> <span class='ocrx_word' id='word_1_551' title='bbox 3191 1188 3391 1242; x_wconf 90' lang='lat' dir='ltr'><strong>cultum</strong></span> <span class='ocrx_word' id='word_1_552' title='bbox 3438 1189 3488 1244; x_wconf 93' lang='lat' dir='ltr'><strong>in</strong></span> <span class='ocrx_word' id='word_1_553' title='bbox 3531 1195 3733 1248; x_wconf 73' lang='lat' dir='ltr'><strong>anima:</strong></span> 
     </span>
    </p>
   </div>
   <div class='ocr_carea' id='block_1_73' title="bbox 2142 1270 3728 1338">
    <p class='ocr_par' dir='ltr' id='par_1_73' title="bbox 2142 1270 3728 1338">
     <span class='ocr_line' id='line_1_73' title="bbox 2142 1270 3728 1338; baseline 0.01 -18"><span class='ocrx_word' id='word_1_554' title='bbox 2142 1270 2506 1324; x_wconf 89' lang='lat' dir='ltr'><strong>transferimus</strong></span> <span class='ocrx_word' id='word_1_555' title='bbox 2531 1285 2736 1338; x_wconf 89' lang='lat' dir='ltr'><strong>curam,</strong></span> <span class='ocrx_word' id='word_1_556' title='bbox 2778 1281 2833 1327; x_wconf 91' lang='lat' dir='ltr'><strong>et</strong></span> <span class='ocrx_word' id='word_1_557' title='bbox 2871 1289 2974 1328; x_wconf 92' lang='lat' dir='ltr'><strong>non</strong></span> <span class='ocrx_word' id='word_1_558' title='bbox 3019 1275 3336 1332; x_wconf 88' lang='lat' dir='ltr'><strong>dimittimus</strong></span> <span class='ocrx_word' id='word_1_559' title='bbox 3361 1294 3480 1332; x_wconf 85' lang='lat' dir='ltr'><strong>eam</strong></span> <span class='ocrx_word' id='word_1_560' title='bbox 3527 1281 3728 1336; x_wconf 87' lang='lat' dir='ltr'><strong>nudam</strong></span> 
     </span>
    </p>
   </div>
   <div class='ocr_carea' id='block_1_74' title="bbox 2140 1359 3732 1436">
    <p class='ocr_par' dir='ltr' id='par_1_74' title="bbox 2140 1359 3732 1436">
     <span class='ocr_line' id='line_1_74' title="bbox 2140 1359 3732 1436; baseline 0.009 -26"><span class='ocrx_word' id='word_1_561' title='bbox 2140 1367 2192 1410; x_wconf 89' lang='lat' dir='ltr'><strong>et</strong></span> <span class='ocrx_word' id='word_1_562' title='bbox 2224 1359 2500 1427; x_wconf 79' lang='lat' dir='ltr'><strong>spoliatam</strong></span> <span class='ocrx_word' id='word_1_563' title='bbox 2546 1360 2866 1416; x_wconf 83' lang='lat' dir='ltr'><strong>indumentis</strong></span> <span class='ocrx_word' id='word_1_564' title='bbox 2912 1365 3198 1433; x_wconf 90' lang='lat' dir='ltr'><strong>virtutum;</strong></span> <span class='ocrx_word' id='word_1_565' title='bbox 3244 1369 3457 1436; x_wconf 86' lang='lat' dir='ltr'><strong>quando</strong></span> <span class='ocrx_word' id='word_1_566' title='bbox 3496 1370 3732 1425; x_wconf 87' lang='lat' dir='ltr'><strong>ridemus</strong></span> 
     </span>
    </p>
   </div>
   <div class='ocr_carea' id='block_1_75' title="bbox 2139 1448 3729 1531">
    <p class='ocr_par' dir='ltr' id='par_1_75' title="bbox 2139 1448 3729 1531">
     <span class='ocr_line' id='line_1_75' title="bbox 2139 1448 3729 1531; baseline 0.008 -29"><span class='ocrx_word' id='word_1_567' title='bbox 2139 1448 2376 1518; x_wconf 82' lang='lat' dir='ltr'><strong>delicias,</strong></span> <span class='ocrx_word' id='word_1_568' title='bbox 2402 1453 2612 1521; x_wconf 88' lang='lat' dir='ltr'><strong>quando</strong></span> <span class='ocrx_word' id='word_1_569' title='bbox 2639 1455 2818 1525; x_wconf 89' lang='lat' dir='ltr'><strong>gulam</strong></span> <span class='ocrx_word' id='word_1_570' title='bbox 2845 1462 2898 1509; x_wconf 91' lang='lat' dir='ltr'><strong>et</strong></span> <span class='ocrx_word' id='word_1_571' title='bbox 2923 1457 3195 1525; x_wconf 79' lang='lat' dir='ltr'><strong>crapulam</strong></span> <span class='ocrx_word' id='word_1_572' title='bbox 3237 1459 3482 1528; x_wconf 87' lang='lat' dir='ltr'><strong>fugimus,</strong></span> <span class='ocrx_word' id='word_1_573' title='bbox 3510 1464 3729 1531; x_wconf 89' lang='lat' dir='ltr'><strong>quando</strong></span> 
     </span>
    </p>
   </div>
   <div class='ocr_carea' id='block_1_76' title="bbox 2141 1543 3729 1620">
    <p class='ocr_par' dir='ltr' id='par_1_76' title="bbox 2141 1543 3729 1620">
     <span class='ocr_line' id='line_1_76' title="bbox 2141 1543 3729 1620; baseline 0.01 -28"><span class='ocrx_word' id='word_1_574' title='bbox 2141 1553 2246 1593; x_wconf 92' lang='lat' dir='ltr'><strong>non</strong></span> <span class='ocrx_word' id='word_1_575' title='bbox 2289 1543 2535 1598; x_wconf 88' lang='lat' dir='ltr'><strong>convivia</strong></span> <span class='ocrx_word' id='word_1_576' title='bbox 2583 1553 2636 1600; x_wconf 89' lang='lat' dir='ltr'><strong>et</strong></span> <span class='ocrx_word' id='word_1_577' title='bbox 2673 1561 2854 1602; x_wconf 69' lang='lat' dir='ltr'><strong>coenas</strong></span> <span class='ocrx_word' id='word_1_578' title='bbox 2901 1556 3189 1610; x_wconf 82' lang='lat' dir='ltr'><strong>sectamur,</strong></span> <span class='ocrx_word' id='word_1_579' title='bbox 3231 1547 3322 1602; x_wconf 91' lang='lat' dir='ltr'><strong>sed</strong></span> <span class='ocrx_word' id='word_1_580' title='bbox 3374 1549 3729 1620; x_wconf 84' lang='lat' dir='ltr'><strong>frugalitatem</strong></span> 
     </span>
    </p>
   </div>
   <div class='ocr_carea' id='block_1_77' title="bbox 2140 1637 3728 1707">
    <p class='ocr_par' dir='ltr' id='par_1_77' title="bbox 2140 1637 3728 1707">
     <span class='ocr_line' id='line_1_77' title="bbox 2140 1637 3728 1707; baseline 0.009 -20"><span class='ocrx_word' id='word_1_581' title='bbox 2140 1647 2442 1698; x_wconf 86' lang='lat' dir='ltr'><strong>servamus,</strong></span> <span class='ocrx_word' id='word_1_582' title='bbox 2499 1637 2792 1694; x_wconf 89' lang='lat' dir='ltr'><strong>secundum</strong></span> <span class='ocrx_word' id='word_1_583' title='bbox 2845 1637 3192 1707; x_wconf 86' lang='lat' dir='ltr'><strong>apostolicam</strong></span> <span class='ocrx_word' id='word_1_584' title='bbox 3239 1640 3656 1699; x_wconf 89' lang='lat' dir='ltr'><strong>admonitionem</strong></span> <span class='ocrx_word' id='word_1_585' title='bbox 3713 1667 3728 1701; x_wconf 90' lang='lat'><strong>:</strong></span> 
     </span>
    </p>
   </div>
   <div class='ocr_carea' id='block_1_78' title="bbox 2145 1722 3730 1790">
    <p class='ocr_par' dir='ltr' id='par_1_78' title="bbox 2145 1722 3730 1790">
     <span class='ocr_line' id='line_1_78' title="bbox 2145 1722 3730 1790; baseline 0.009 -15"><span class='ocrx_word' id='word_1_586' title='bbox 2145 1722 2395 1779; x_wconf 82' lang='lat' dir='ltr'><strong>[labentes</strong></span> <span class='ocrx_word' id='word_1_587' title='bbox 2436 1727 2620 1780; x_wconf 81' lang='lat' dir='ltr'><strong>rictum</strong></span> <span class='ocrx_word' id='word_1_588' title='bbox 2660 1741 2707 1782; x_wconf 90' lang='lat' dir='ltr'><strong>et</strong></span> <span class='ocrx_word' id='word_1_589' title='bbox 2751 1729 3118 1790; x_wconf 83' lang='lat' dir='ltr'><strong>indunteutmn.</strong></span> <span class='ocrx_word' id='word_1_590' title='bbox 3161 1732 3238 1784; x_wconf 85' lang='lat' dir='ltr'><strong>his</strong></span> <span class='ocrx_word' id='word_1_591' title='bbox 3280 1735 3498 1788; x_wconf 82' lang='lat' dir='ltr'><strong>contenti</strong></span> <span class='ocrx_word' id='word_1_592' title='bbox 3539 1737 3730 1790; x_wconf 88' lang='lat' dir='ltr'><strong>erimus</strong></span> 
     </span>
    </p>
   </div>
   <div class='ocr_carea' id='block_1_79' title="bbox 2139 1813 3730 1892">
    <p class='ocr_par' dir='ltr' id='par_1_79' title="bbox 2139 1813 3730 1892">
     <span class='ocr_line' id='line_1_79' title="bbox 2139 1813 3730 1892; baseline 0.008 -23"><span class='ocrx_word' id='word_1_593' title='bbox 2139 1813 2215 1886; x_wconf 84' lang='grc' dir='ltr'><strong>(Ι.</strong></span> <span class='ocrx_word' id='word_1_594' title='bbox 2253 1814 2384 1870; x_wconf 88' lang='lat' dir='ltr'><strong>Tim.</strong></span> <span class='ocrx_word' id='word_1_595' title='bbox 2412 1818 2465 1871; x_wconf 88' lang='lat'><strong>6.</strong></span> <span class='ocrx_word' id='word_1_596' title='bbox 2507 1814 2586 1888; x_wconf 87' lang='lat'><strong>8).</strong></span> <span class='ocrx_word' id='word_1_597' title='bbox 2614 1818 2743 1886; x_wconf 78' lang='lat' dir='ltr'><strong>Qua:</strong></span> <span class='ocrx_word' id='word_1_598' title='bbox 2769 1820 2912 1874; x_wconf 92' lang='lat' dir='ltr'><strong>enim</strong></span> <span class='ocrx_word' id='word_1_599' title='bbox 2955 1820 3153 1874; x_wconf 89' lang='lat' dir='ltr'><strong>utilitas</strong></span> <span class='ocrx_word' id='word_1_600' title='bbox 3189 1821 3596 1892; x_wconf 81' lang='lat' dir='ltr'><strong>superﬂuorum,</strong></span> <span class='ocrx_word' id='word_1_601' title='bbox 3635 1827 3730 1882; x_wconf 88' lang='lat' dir='ltr'><strong>die</strong></span> 
     </span>
    </p>
   </div>
   <div class='ocr_carea' id='block_1_80' title="bbox 2141 1907 3729 1984">
    <p class='ocr_par' dir='ltr' id='par_1_80' title="bbox 2141 1907 3729 1984">
     <span class='ocr_line' id='line_1_80' title="bbox 2141 1907 3729 1984; baseline 0.008 -25"><span class='ocrx_word' id='word_1_602' title='bbox 2141 1907 2292 1971; x_wconf 90' lang='lat' dir='ltr'><strong>mibi,</strong></span> <span class='ocrx_word' id='word_1_603' title='bbox 2322 1917 2379 1962; x_wconf 90' lang='lat' dir='ltr'><strong>ut</strong></span> <span class='ocrx_word' id='word_1_604' title='bbox 2405 1917 2645 1963; x_wconf 88' lang='lat' dir='ltr'><strong>ventrem</strong></span> <span class='ocrx_word' id='word_1_605' title='bbox 2675 1910 2944 1964; x_wconf 85' lang='lat' dir='ltr'><strong>distendas</strong></span> <span class='ocrx_word' id='word_1_606' title='bbox 2984 1927 3093 1981; x_wconf 80' lang='lat' dir='ltr'><strong>pra:</strong></span> <span class='ocrx_word' id='word_1_607' title='bbox 3133 1913 3291 1966; x_wconf 88' lang='lat' dir='ltr'><strong>nimia</strong></span> <span class='ocrx_word' id='word_1_608' title='bbox 3333 1916 3638 1984; x_wconf 85' lang='lat' dir='ltr'><strong>voracitate,</strong></span> <span class='ocrx_word' id='word_1_609' title='bbox 3672 1929 3729 1972; x_wconf 76' lang='lat' dir='ltr'><strong>et</strong></span> 
     </span>
    </p>
   </div>
   <div class='ocr_carea' id='block_1_81' title="bbox 2139 1999 3730 2078">
    <p class='ocr_par' dir='ltr' id='par_1_81' title="bbox 2139 1999 3730 2078">
     <span class='ocr_line' id='line_1_81' title="bbox 2139 1999 3730 2078; baseline 0.006 -26"><span class='ocrx_word' id='word_1_610' title='bbox 2139 1999 2332 2053; x_wconf 88' lang='lat' dir='ltr'><strong>mentis</strong></span> <span class='ocrx_word' id='word_1_611' title='bbox 2372 1999 2630 2068; x_wconf 88' lang='lat' dir='ltr'><strong>judicium</strong></span> <span class='ocrx_word' id='word_1_612' title='bbox 2674 2000 2920 2055; x_wconf 87' lang='lat' dir='ltr'><strong>destrnas</strong></span> <span class='ocrx_word' id='word_1_613' title='bbox 2965 2017 3075 2070; x_wconf 78' lang='lat' dir='ltr'><strong>pne</strong></span> <span class='ocrx_word' id='word_1_614' title='bbox 3120 2001 3398 2060; x_wconf 87' lang='lat' dir='ltr'><strong>immodica</strong></span> <span class='ocrx_word' id='word_1_615' title='bbox 3424 2005 3530 2061; x_wconf 88' lang='lat' dir='ltr'><strong>vini</strong></span> <span class='ocrx_word' id='word_1_616' title='bbox 3567 2019 3730 2078; x_wconf 81' lang='lat' dir='ltr'><strong>pota-</strong></span> 
     </span>
    </p>
   </div>
   <div class='ocr_carea' id='block_1_82' title="bbox 2140 2089 3728 2162">
    <p class='ocr_par' dir='ltr' id='par_1_82' title="bbox 2140 2089 3728 2162">
     <span class='ocr_line' id='line_1_82' title="bbox 2140 2089 3728 2162; baseline 0.008 -19"><span class='ocrx_word' id='word_1_617' title='bbox 2140 2089 2322 2144; x_wconf 90' lang='lat' dir='ltr'><strong>tione?</strong></span> <span class='ocrx_word' id='word_1_618' title='bbox 2347 2105 2523 2145; x_wconf 92' lang='lat' dir='ltr'><strong>annon</strong></span> <span class='ocrx_word' id='word_1_619' title='bbox 2553 2090 2675 2146; x_wconf 91' lang='lat' dir='ltr'><strong>inde</strong></span> <span class='ocrx_word' id='word_1_620' title='bbox 2700 2093 2936 2162; x_wconf 79' lang='lat' dir='ltr'><strong>corporis</strong></span> <span class='ocrx_word' id='word_1_621' title='bbox 2963 2101 3019 2148; x_wconf 90' lang='lat' dir='ltr'><strong>et</strong></span> <span class='ocrx_word' id='word_1_622' title='bbox 3045 2095 3234 2148; x_wconf 72' lang='lat' dir='ltr'><strong>anima:</strong></span> <span class='ocrx_word' id='word_1_623' title='bbox 3265 2095 3399 2150; x_wconf 86' lang='lat' dir='ltr'><strong>mala</strong></span> <span class='ocrx_word' id='word_1_624' title='bbox 3431 2110 3728 2156; x_wconf 89' lang='lat' dir='ltr'><strong>nascuntur</strong></span> 
     </span>
    </p>
   </div>
   <div class='ocr_carea' id='block_1_83' title="bbox 2137 2183 3727 2257">
    <p class='ocr_par' dir='ltr' id='par_1_83' title="bbox 2137 2183 3727 2257">
     <span class='ocr_line' id='line_1_83' title="bbox 2137 2183 3727 2257; baseline 0.007 -23"><span class='ocrx_word' id='word_1_625' title='bbox 2137 2183 2355 2236; x_wconf 86' lang='lat' dir='ltr'><strong>omnia?</strong></span> <span class='ocrx_word' id='word_1_626' title='bbox 2385 2183 2536 2240; x_wconf 87' lang='lat' dir='ltr'><strong>Unde</strong></span> <span class='ocrx_word' id='word_1_627' title='bbox 2580 2185 2724 2238; x_wconf 88' lang='lat' dir='ltr'><strong>enim</strong></span> <span class='ocrx_word' id='word_1_628' title='bbox 2766 2185 3086 2254; x_wconf 80' lang='lat' dir='ltr'><strong>multiplices</strong></span> <span class='ocrx_word' id='word_1_629' title='bbox 3136 2187 3236 2240; x_wconf 84' lang='lat' dir='ltr'><strong>ill:e</strong></span> <span class='ocrx_word' id='word_1_630' title='bbox 3281 2189 3625 2257; x_wconf 50' lang='lat' dir='ltr'><strong>aegritudines</strong></span> <span class='ocrx_word' id='word_1_631' title='bbox 3670 2203 3727 2246; x_wconf 76' lang='lat' dir='ltr'><strong>et</strong></span> 
     </span>
    </p>
   </div>
   <div class='ocr_carea' id='block_1_84' title="bbox 2139 2273 3728 2350">
    <p class='ocr_par' dir='ltr' id='par_1_84' title="bbox 2139 2273 3728 2350">
     <span class='ocr_line' id='line_1_84' title="bbox 2139 2273 3728 2350; baseline 0.007 -24"><span class='ocrx_word' id='word_1_632' title='bbox 2139 2273 2375 2328; x_wconf 88' lang='lat' dir='ltr'><strong>membra</strong></span> <span class='ocrx_word' id='word_1_633' title='bbox 2402 2274 2666 2329; x_wconf 84' lang='lat' dir='ltr'><strong>distorta?</strong></span> <span class='ocrx_word' id='word_1_634' title='bbox 2701 2274 2887 2330; x_wconf 85' lang='lat' dir='ltr'><strong>Nonne</strong></span> <span class='ocrx_word' id='word_1_635' title='bbox 2930 2275 3052 2330; x_wconf 89' lang='lat' dir='ltr'><strong>ltinc</strong></span> <span class='ocrx_word' id='word_1_636' title='bbox 3094 2277 3234 2347; x_wconf 89' lang='lat' dir='ltr'><strong>quod</strong></span> <span class='ocrx_word' id='word_1_637' title='bbox 3267 2278 3383 2346; x_wconf 90' lang='lat' dir='ltr'><strong>plus</strong></span> <span class='ocrx_word' id='word_1_638' title='bbox 3416 2295 3582 2350; x_wconf 84' lang='lat' dir='ltr'><strong>quam</strong></span> <span class='ocrx_word' id='word_1_639' title='bbox 3627 2297 3728 2350; x_wconf 87' lang='lat' dir='ltr'><strong>par</strong></span> 
     </span>
    </p>
   </div>
   <div class='ocr_carea' id='block_1_85' title="bbox 2136 2365 3725 2436">
    <p class='ocr_par' dir='ltr' id='par_1_85' title="bbox 2136 2365 3725 2436">
     <span class='ocr_line' id='line_1_85' title="bbox 2136 2365 3725 2436; baseline 0.006 -19"><span class='ocrx_word' id='word_1_640' title='bbox 2136 2365 2225 2428; x_wconf 92' lang='lat' dir='ltr'><strong>sit,</strong></span> <span class='ocrx_word' id='word_1_641' title='bbox 2263 2373 2502 2420; x_wconf 90' lang='lat' dir='ltr'><strong>ventrem</strong></span> <span class='ocrx_word' id='word_1_642' title='bbox 2534 2367 2788 2421; x_wconf 90' lang='lat' dir='ltr'><strong>oneribus</strong></span> <span class='ocrx_word' id='word_1_643' title='bbox 2823 2368 3139 2436; x_wconf 65' lang='lat' dir='ltr'><strong>grai-emus?</strong></span> <span class='ocrx_word' id='word_1_644' title='bbox 3172 2367 3320 2423; x_wconf 88' lang='lat' dir='ltr'><strong>Unde</strong></span> <span class='ocrx_word' id='word_1_645' title='bbox 3349 2380 3524 2424; x_wconf 87' lang='lat' dir='ltr'><strong>autem</strong></span> <span class='ocrx_word' id='word_1_646' title='bbox 3565 2373 3725 2427; x_wconf 84' lang='lat' dir='ltr'><strong>adul-</strong></span> 
     </span>
    </p>
   </div>
   <div class='ocr_carea' id='block_1_86' title="bbox 2137 2457 3725 2527">
    <p class='ocr_par' dir='ltr' id='par_1_86' title="bbox 2137 2457 3725 2527">
     <span class='ocr_line' id='line_1_86' title="bbox 2137 2457 3725 2527; baseline 0.003 -17"><span class='ocrx_word' id='word_1_647' title='bbox 2137 2457 2291 2522; x_wconf 88' lang='lat' dir='ltr'><strong>teria,</strong></span> <span class='ocrx_word' id='word_1_648' title='bbox 2323 2465 2526 2526; x_wconf 88' lang='lat' dir='ltr'><strong>stupra,</strong></span> <span class='ocrx_word' id='word_1_649' title='bbox 2548 2457 2766 2527; x_wconf 66' lang='lat' dir='ltr'><strong>rapitur,</strong></span> <span class='ocrx_word' id='word_1_650' title='bbox 2786 2472 3064 2511; x_wconf 84' lang='lat' dir='ltr'><strong>avarorum</strong></span> <span class='ocrx_word' id='word_1_651' title='bbox 3081 2459 3310 2526; x_wconf 78' lang='lat' dir='ltr'><strong>frandes,</strong></span> <span class='ocrx_word' id='word_1_652' title='bbox 3334 2460 3528 2524; x_wconf 57' lang='lat' dir='ltr'><strong>caedes,</strong></span> <span class='ocrx_word' id='word_1_653' title='bbox 3558 2464 3725 2515; x_wconf 85' lang='lat' dir='ltr'><strong>latro-</strong></span> 
     </span>
    </p>
   </div>
   <div class='ocr_carea' id='block_1_87' title="bbox 2135 2545 3725 2621">
    <p class='ocr_par' dir='ltr' id='par_1_87' title="bbox 2135 2545 3725 2621">
     <span class='ocr_line' id='line_1_87' title="bbox 2135 2545 3725 2621; baseline 0.006 -21"><span class='ocrx_word' id='word_1_654' title='bbox 2135 2545 2294 2612; x_wconf 90' lang='lat' dir='ltr'><strong>cinia,</strong></span> <span class='ocrx_word' id='word_1_655' title='bbox 2325 2556 2381 2601; x_wconf 87' lang='lat' dir='ltr'><strong>et</strong></span> <span class='ocrx_word' id='word_1_656' title='bbox 2426 2548 2599 2601; x_wconf 90' lang='lat' dir='ltr'><strong>omnis</strong></span> <span class='ocrx_word' id='word_1_657' title='bbox 2635 2548 2828 2603; x_wconf 80' lang='lat' dir='ltr'><strong>anima:</strong></span> <span class='ocrx_word' id='word_1_658' title='bbox 2868 2549 3176 2618; x_wconf 86' lang='lat' dir='ltr'><strong>corruptio?</strong></span> <span class='ocrx_word' id='word_1_659' title='bbox 3212 2549 3397 2606; x_wconf 85' lang='lat' dir='ltr'><strong>Nonne</strong></span> <span class='ocrx_word' id='word_1_660' title='bbox 3440 2555 3559 2621; x_wconf 88' lang='lat' dir='ltr'><strong>quia</strong></span> <span class='ocrx_word' id='word_1_661' title='bbox 3604 2555 3725 2621; x_wconf 82' lang='lat' dir='ltr'><strong>plus</strong></span> 
     </span>
    </p>
   </div>
   <div class='ocr_carea' id='block_1_88' title="bbox 2135 2635 3726 2708">
    <p class='ocr_par' dir='ltr' id='par_1_88' title="bbox 2135 2635 3726 2708">
     <span class='ocr_line' id='line_1_88' title="bbox 2135 2635 3726 2708; baseline 0.004 -18"><span class='ocrx_word' id='word_1_662' title='bbox 2135 2635 2560 2704; x_wconf 89' lang='lat' dir='ltr'><strong>concupiscimus</strong></span> <span class='ocrx_word' id='word_1_663' title='bbox 2581 2651 2738 2706; x_wconf 85' lang='lat' dir='ltr'><strong>quam</strong></span> <span class='ocrx_word' id='word_1_664' title='bbox 2765 2637 2916 2691; x_wconf 83' lang='lat' dir='ltr'><strong>nobis</strong></span> <span class='ocrx_word' id='word_1_665' title='bbox 2938 2639 3218 2708; x_wconf 83' lang='lat' dir='ltr'><strong>congruit?</strong></span> <span class='ocrx_word' id='word_1_666' title='bbox 3245 2639 3394 2694; x_wconf 89' lang='lat' dir='ltr'><strong>Sicut</strong></span> <span class='ocrx_word' id='word_1_667' title='bbox 3412 2643 3552 2695; x_wconf 89' lang='lat' dir='ltr'><strong>enim</strong></span> <span class='ocrx_word' id='word_1_668' title='bbox 3583 2643 3726 2696; x_wconf 84' lang='lat' dir='ltr'><strong>Pan-</strong></span> 
     </span>
    </p>
   </div>
   <div class='ocr_carea' id='block_1_89' title="bbox 2137 2726 3721 2803">
    <p class='ocr_par' dir='ltr' id='par_1_89' title="bbox 2137 2726 3721 2803">
     <span class='ocr_line' id='line_1_89' title="bbox 2137 2726 3721 2803; baseline 0.008 -25"><span class='ocrx_word' id='word_1_669' title='bbox 2137 2726 2219 2803; x_wconf 71' lang='lat' dir='ltr'><strong>ius</strong></span> <span class='ocrx_word' id='word_1_670' title='bbox 2251 2726 2480 2780; x_wconf 87' lang='lat' dir='ltr'><strong>radicem</strong></span> <span class='ocrx_word' id='word_1_671' title='bbox 2509 2727 2746 2781; x_wconf 91' lang='lat' dir='ltr'><strong>omnium</strong></span> <span class='ocrx_word' id='word_1_672' title='bbox 2775 2729 3036 2783; x_wconf 87' lang='lat' dir='ltr'><strong>malorum</strong></span> <span class='ocrx_word' id='word_1_673' title='bbox 3077 2729 3353 2784; x_wconf 86' lang='lat' dir='ltr'><strong>avaritiam</strong></span> <span class='ocrx_word' id='word_1_674' title='bbox 3397 2733 3603 2786; x_wconf 87' lang='lat' dir='ltr'><strong>vocavit</strong></span> <span class='ocrx_word' id='word_1_675' title='bbox 3636 2736 3721 2803; x_wconf 80' lang='grc'><strong>(1.</strong></span> 
     </span>
    </p>
   </div>
   <div class='ocr_carea' id='block_1_90' title="bbox 2135 2795 3716 2890">
    <p class='ocr_par' dir='ltr' id='par_1_90' title="bbox 2135 2795 3716 2890">
     <span class='ocr_line' id='line_1_90' title="bbox 2135 2795 3716 2890; baseline 0.006 -21"><span class='ocrx_word' id='word_1_676' title='bbox 2135 2795 2268 2870; x_wconf 62' lang='lat' dir='ltr'><strong>Tim.</strong></span> <span class='ocrx_word' id='word_1_677' title='bbox 2303 2818 2355 2873; x_wconf 89' lang='lat'><strong>6.</strong></span> <span class='ocrx_word' id='word_1_678' title='bbox 2389 2818 2480 2886; x_wconf 75' lang='grc'><strong>10)</strong></span> <span class='ocrx_word' id='word_1_679' title='bbox 2528 2835 2542 2872; x_wconf 92' lang='lat'><strong>:</strong></span> <span class='ocrx_word' id='word_1_680' title='bbox 2587 2817 2665 2873; x_wconf 90' lang='lat' dir='ltr'><strong>sic</strong></span> <span class='ocrx_word' id='word_1_681' title='bbox 2703 2833 2808 2874; x_wconf 91' lang='lat' dir='ltr'><strong>non</strong></span> <span class='ocrx_word' id='word_1_682' title='bbox 2849 2821 3173 2874; x_wconf 84' lang='lat' dir='ltr'><strong>aberraverit</strong></span> <span class='ocrx_word' id='word_1_683' title='bbox 3225 2820 3365 2890; x_wconf 89' lang='lat' dir='ltr'><strong>quis,</strong></span> <span class='ocrx_word' id='word_1_684' title='bbox 3423 2821 3466 2876; x_wconf 89' lang='lat' dir='ltr'><strong>si</strong></span> <span class='ocrx_word' id='word_1_685' title='bbox 3519 2795 3716 2881; x_wconf 73' lang='lat' dir='ltr'><strong>fontem</strong></span> 
     </span>
    </p>
   </div>
   <div class='ocr_carea' id='block_1_91' title="bbox 2134 2909 3722 2984">
    <p class='ocr_par' dir='ltr' id='par_1_91' title="bbox 2134 2909 3722 2984">
     <span class='ocr_line' id='line_1_91' title="bbox 2134 2909 3722 2984; baseline 0.004 -22"><span class='ocrx_word' id='word_1_686' title='bbox 2134 2910 2374 2963; x_wconf 89' lang='lat' dir='ltr'><strong>omnium</strong></span> <span class='ocrx_word' id='word_1_687' title='bbox 2392 2909 2656 2964; x_wconf 88' lang='lat' dir='ltr'><strong>malorum</strong></span> <span class='ocrx_word' id='word_1_688' title='bbox 2677 2909 2820 2963; x_wconf 87' lang='lat' dir='ltr'><strong>dicat</strong></span> <span class='ocrx_word' id='word_1_689' title='bbox 2845 2909 3366 2979; x_wconf 87' lang='lat' dir='ltr'><strong>immoderationem,</strong></span> <span class='ocrx_word' id='word_1_690' title='bbox 3388 2923 3442 2968; x_wconf 88' lang='lat' dir='ltr'><strong>et</strong></span> <span class='ocrx_word' id='word_1_691' title='bbox 3463 2915 3722 2984; x_wconf 81' lang='lat' dir='ltr'><strong>cupidita-</strong></span> 
     </span>
    </p>
   </div>
   <div class='ocr_carea' id='block_1_92' title="bbox 2136 3001 3718 3071">
    <p class='ocr_par' dir='ltr' id='par_1_92' title="bbox 2136 3001 3718 3071">
     <span class='ocr_line' id='line_1_92' title="bbox 2136 3001 3718 3071; baseline 0.006 -19"><span class='ocrx_word' id='word_1_692' title='bbox 2136 3007 2240 3053; x_wconf 91' lang='lat' dir='ltr'><strong>tem</strong></span> <span class='ocrx_word' id='word_1_693' title='bbox 2273 3001 2415 3056; x_wconf 89' lang='lat' dir='ltr'><strong>illam</strong></span> <span class='ocrx_word' id='word_1_694' title='bbox 2442 3017 2591 3055; x_wconf 88' lang='lat' dir='ltr'><strong>usutn</strong></span> <span class='ocrx_word' id='word_1_695' title='bbox 2612 3002 3030 3071; x_wconf 83' lang='lat' dir='ltr'><strong>transgrediendi</strong></span> <span class='ocrx_word' id='word_1_696' title='bbox 3049 3004 3294 3060; x_wconf 90' lang='lat' dir='ltr'><strong>omnibus</strong></span> <span class='ocrx_word' id='word_1_697' title='bbox 3314 3005 3364 3059; x_wconf 88' lang='lat' dir='ltr'><strong>itt</strong></span> <span class='ocrx_word' id='word_1_698' title='bbox 3385 3005 3560 3060; x_wconf 89' lang='lat' dir='ltr'><strong>rebus.</strong></span> <span class='ocrx_word' id='word_1_699' title='bbox 3586 3007 3718 3062; x_wconf 87' lang='lat' dir='ltr'><strong>Nam</strong></span> 
     </span>
    </p>
   </div>
   <div class='ocr_carea' id='block_1_93' title="bbox 2134 3089 3718 3160">
    <p class='ocr_par' dir='ltr' id='par_1_93' title="bbox 2134 3089 3718 3160">
     <span class='ocr_line' id='line_1_93' title="bbox 2134 3089 3718 3160; baseline 0.006 -18"><span class='ocrx_word' id='word_1_700' title='bbox 2134 3089 2179 3143; x_wconf 88' lang='lat' dir='ltr'><strong>si</strong></span> <span class='ocrx_word' id='word_1_701' title='bbox 2207 3090 2463 3145; x_wconf 89' lang='lat' dir='ltr'><strong>vellemus</strong></span> <span class='ocrx_word' id='word_1_702' title='bbox 2490 3090 2540 3142; x_wconf 93' lang='lat' dir='ltr'><strong>in</strong></span> <span class='ocrx_word' id='word_1_703' title='bbox 2569 3091 2860 3157; x_wconf 71' lang='lat' dir='ltr'><strong>alimentis,</strong></span> <span class='ocrx_word' id='word_1_704' title='bbox 2893 3102 2945 3146; x_wconf 91' lang='lat' dir='ltr'><strong>et</strong></span> <span class='ocrx_word' id='word_1_705' title='bbox 2975 3093 3230 3160; x_wconf 86' lang='lat' dir='ltr'><strong>vestibus,</strong></span> <span class='ocrx_word' id='word_1_706' title='bbox 3261 3103 3315 3148; x_wconf 83' lang='lat' dir='ltr'><strong>et</strong></span> <span class='ocrx_word' id='word_1_707' title='bbox 3347 3095 3624 3151; x_wconf 88' lang='lat' dir='ltr'><strong>domiciliis</strong></span> <span class='ocrx_word' id='word_1_708' title='bbox 3660 3107 3718 3152; x_wconf 84' lang='lat' dir='ltr'><strong>et</strong></span> 
     </span>
    </p>
   </div>
   <div class='ocr_carea' id='block_1_94' title="bbox 2133 3179 3711 3249">
    <p class='ocr_par' dir='ltr' id='par_1_94' title="bbox 2133 3179 3711 3249">
     <span class='ocr_line' id='line_1_94' title="bbox 2133 3179 3711 3249; baseline 0.004 -16"><span class='ocrx_word' id='word_1_709' title='bbox 2133 3179 2252 3234; x_wconf 85' lang='lat' dir='ltr'><strong>aliis</strong></span> <span class='ocrx_word' id='word_1_710' title='bbox 2277 3181 2643 3249; x_wconf 88' lang='lat' dir='ltr'><strong>corporalibus</strong></span> <span class='ocrx_word' id='word_1_711' title='bbox 2674 3183 2879 3236; x_wconf 91' lang='lat' dir='ltr'><strong>cunctis</strong></span> <span class='ocrx_word' id='word_1_712' title='bbox 2909 3183 3087 3236; x_wconf 80' lang='lat' dir='ltr'><strong>usibus</strong></span> <span class='ocrx_word' id='word_1_713' title='bbox 3115 3184 3246 3239; x_wconf 87' lang='lat' dir='ltr'><strong>nihil</strong></span> <span class='ocrx_word' id='word_1_714' title='bbox 3279 3186 3555 3241; x_wconf 88' lang='lat' dir='ltr'><strong>immodice</strong></span> <span class='ocrx_word' id='word_1_715' title='bbox 3578 3202 3711 3240; x_wconf 88' lang='lat' dir='ltr'><strong>con-</strong></span> 
     </span>
    </p>
   </div>
   <div class='ocr_carea' id='block_1_95' title="bbox 2113 3270 3717 3344">
    <p class='ocr_par' dir='ltr' id='par_1_95' title="bbox 2113 3270 3717 3344">
     <span class='ocr_line' id='line_1_95' title="bbox 2113 3270 3717 3344; baseline 0.004 -20"><span class='ocrx_word' id='word_1_716' title='bbox 2113 3270 2440 3339; x_wconf 75' lang='lat' dir='ltr'><strong>‘Cnpiscere,</strong></span> <span class='ocrx_word' id='word_1_717' title='bbox 2489 3270 2582 3324; x_wconf 90' lang='lat' dir='ltr'><strong>sed</strong></span> <span class='ocrx_word' id='word_1_718' title='bbox 2626 3272 2925 3326; x_wconf 86' lang='lat' dir='ltr'><strong>necessaria</strong></span> <span class='ocrx_word' id='word_1_719' title='bbox 2977 3281 3176 3328; x_wconf 89' lang='lat' dir='ltr'><strong>tantum</strong></span> <span class='ocrx_word' id='word_1_720' title='bbox 3227 3290 3487 3344; x_wconf 64' lang='lat' dir='ltr'><strong>quaerere,</strong></span> <span class='ocrx_word' id='word_1_721' title='bbox 3534 3278 3717 3332; x_wconf 87' lang='lat' dir='ltr'><strong>multis</strong></span> 
     </span>
    </p>
   </div>
   <div class='ocr_carea' id='block_1_96' title="bbox 2132 3362 3217 3435">
    <p class='ocr_par' dir='ltr' id='par_1_96' title="bbox 2132 3362 3217 3435">
     <span class='ocr_line' id='line_1_96' title="bbox 2132 3362 3217 3435; baseline 0.003 -18"><span class='ocrx_word' id='word_1_722' title='bbox 2132 3362 2342 3417; x_wconf 89' lang='lat' dir='ltr'><strong>damnis</strong></span> <span class='ocrx_word' id='word_1_723' title='bbox 2372 3362 2686 3417; x_wconf 86' lang='lat' dir='ltr'><strong>liberaretur</strong></span> <span class='ocrx_word' id='word_1_724' title='bbox 2716 3363 3004 3422; x_wconf 83' lang='lat' dir='ltr'><strong>humanum</strong></span> <span class='ocrx_word' id='word_1_725' title='bbox 3030 3380 3217 3435; x_wconf 78' lang='lat' dir='ltr'><strong>genus.</strong></span> 
     </span>
    </p>
   </div>
   <div class='ocr_carea' id='block_1_97' title="bbox 2203 3451 3716 3528">
    <p class='ocr_par' dir='ltr' id='par_1_97' title="bbox 2203 3451 3716 3528">
     <span class='ocr_line' id='line_1_97' title="bbox 2203 3451 3716 3528; baseline 0.005 -21"><span class='ocrx_word' id='word_1_726' title='bbox 2203 3452 2254 3507; x_wconf 82' lang='lat'><strong>5.</strong></span> <span class='ocrx_word' id='word_1_727' title='bbox 2297 3451 2495 3506; x_wconf 80' lang='lat' dir='ltr'><strong>Verum</strong></span> <span class='ocrx_word' id='word_1_728' title='bbox 2528 3454 2706 3507; x_wconf 86' lang='lat' dir='ltr'><strong>neseio</strong></span> <span class='ocrx_word' id='word_1_729' title='bbox 2739 3455 2826 3523; x_wconf 93' lang='lat' dir='ltr'><strong>qui</strong></span> <span class='ocrx_word' id='word_1_730' title='bbox 2861 3454 2967 3519; x_wconf 79' lang='lat' dir='ltr'><strong>fiat,</strong></span> <span class='ocrx_word' id='word_1_731' title='bbox 3009 3465 3066 3508; x_wconf 87' lang='lat' dir='ltr'><strong>ut</strong></span> <span class='ocrx_word' id='word_1_732' title='bbox 3097 3470 3280 3511; x_wconf 89' lang='lat' dir='ltr'><strong>omnes</strong></span> <span class='ocrx_word' id='word_1_733' title='bbox 3308 3466 3360 3512; x_wconf 91' lang='lat' dir='ltr'><strong>et</strong></span> <span class='ocrx_word' id='word_1_734' title='bbox 3389 3458 3576 3528; x_wconf 87' lang='lat' dir='ltr'><strong>singuli</strong></span> <span class='ocrx_word' id='word_1_735' title='bbox 3619 3475 3716 3527; x_wconf 88' lang='lat' dir='ltr'><strong>pro</strong></span> 
     </span>
    </p>
   </div>
   <div class='ocr_carea' id='block_1_98' title="bbox 2132 3543 3716 3621">
    <p class='ocr_par' dir='ltr' id='par_1_98' title="bbox 2132 3543 3716 3621">
     <span class='ocr_line' id='line_1_98' title="bbox 2132 3543 3716 3621; baseline 0.006 -25"><span class='ocrx_word' id='word_1_736' title='bbox 2132 3543 2242 3596; x_wconf 90' lang='lat' dir='ltr'><strong>suis</strong></span> <span class='ocrx_word' id='word_1_737' title='bbox 2287 3545 2488 3598; x_wconf 86' lang='lat' dir='ltr'><strong>viribus</strong></span> <span class='ocrx_word' id='word_1_738' title='bbox 2531 3549 2769 3600; x_wconf 69' lang='lat' dir='ltr'><strong>avaritiae</strong></span> <span class='ocrx_word' id='word_1_739' title='bbox 2816 3548 3004 3600; x_wconf 90' lang='lat' dir='ltr'><strong>morbo</strong></span> <span class='ocrx_word' id='word_1_740' title='bbox 3047 3547 3377 3616; x_wconf 89' lang='lat' dir='ltr'><strong>laboremus,</strong></span> <span class='ocrx_word' id='word_1_741' title='bbox 3427 3567 3716 3621; x_wconf 87' lang='lat' dir='ltr'><strong>numquam</strong></span> 
     </span>
    </p>
   </div>
   <div class='ocr_carea' id='block_1_99' title="bbox 2131 3635 3714 3710">
    <p class='ocr_par' dir='ltr' id='par_1_99' title="bbox 2131 3635 3714 3710">
     <span class='ocr_line' id='line_1_99' title="bbox 2131 3635 3714 3710; baseline 0.007 -23"><span class='ocrx_word' id='word_1_742' title='bbox 2131 3635 2397 3688; x_wconf 88' lang='lat' dir='ltr'><strong>enitentes</strong></span> <span class='ocrx_word' id='word_1_743' title='bbox 2419 3643 2478 3688; x_wconf 91' lang='lat' dir='ltr'><strong>ut</strong></span> <span class='ocrx_word' id='word_1_744' title='bbox 2506 3636 2639 3690; x_wconf 90' lang='lat' dir='ltr'><strong>intra</strong></span> <span class='ocrx_word' id='word_1_745' title='bbox 2669 3639 3004 3691; x_wconf 79' lang='lat' dir='ltr'><strong>neceSsitatis</strong></span> <span class='ocrx_word' id='word_1_746' title='bbox 3033 3655 3339 3694; x_wconf 87' lang='lat' dir='ltr'><strong>maneamus</strong></span> <span class='ocrx_word' id='word_1_747' title='bbox 3374 3643 3586 3710; x_wconf 74' lang='lat' dir='ltr'><strong>limites,</strong></span> <span class='ocrx_word' id='word_1_748' title='bbox 3618 3646 3714 3699; x_wconf 70' lang='lat' dir='ltr'><strong>Sed</strong></span> 
     </span>
    </p>
   </div>
   <div class='ocr_carea' id='block_1_100' title="bbox 2134 3728 3717 3802">
    <p class='ocr_par' dir='ltr' id='par_1_100' title="bbox 2134 3728 3717 3802">
     <span class='ocr_line' id='line_1_100' title="bbox 2134 3728 3717 3802; baseline 0.006 -23"><span class='ocrx_word' id='word_1_749' title='bbox 2134 3728 2288 3794; x_wconf 89' lang='lat' dir='ltr'><strong>plane</strong></span> <span class='ocrx_word' id='word_1_750' title='bbox 2315 3736 2497 3782; x_wconf 76' lang='lat' dir='ltr'><strong>eontra</strong></span> <span class='ocrx_word' id='word_1_751' title='bbox 2527 3730 2874 3798; x_wconf 88' lang='lat' dir='ltr'><strong>apostolicum</strong></span> <span class='ocrx_word' id='word_1_752' title='bbox 2899 3731 3224 3796; x_wconf 87' lang='lat' dir='ltr'><strong>mandatum,</strong></span> <span class='ocrx_word' id='word_1_753' title='bbox 3253 3731 3394 3802; x_wconf 88' lang='lat' dir='ltr'><strong>qttod</strong></span> <span class='ocrx_word' id='word_1_754' title='bbox 3421 3734 3570 3799; x_wconf 66' lang='lat' dir='ltr'><strong>dicit,</strong></span> <span class='ocrx_word' id='word_1_755' title='bbox 3605 3735 3717 3788; x_wconf 83' lang='lat' dir='ltr'><strong>lla-</strong></span> 
     </span>
    </p>
   </div>
   <div class='ocr_carea' id='block_1_101' title="bbox 2134 3817 3716 3893">
    <p class='ocr_par' dir='ltr' id='par_1_101' title="bbox 2134 3817 3716 3893">
     <span class='ocr_line' id='line_1_101' title="bbox 2134 3817 3716 3893; baseline 0.007 -22"><span class='ocrx_word' id='word_1_756' title='bbox 2134 3818 2298 3871; x_wconf 86' lang='lat' dir='ltr'><strong>bentes</strong></span> <span class='ocrx_word' id='word_1_757' title='bbox 2327 3817 2506 3870; x_wconf 83' lang='lat' dir='ltr'><strong>victum</strong></span> <span class='ocrx_word' id='word_1_758' title='bbox 2535 3829 2582 3872; x_wconf 89' lang='lat' dir='ltr'><strong>et</strong></span> <span class='ocrx_word' id='word_1_759' title='bbox 2612 3819 2872 3884; x_wconf 83' lang='lat' dir='ltr'><strong>amictum,</strong></span> <span class='ocrx_word' id='word_1_760' title='bbox 2903 3821 2980 3875; x_wconf 86' lang='lat' dir='ltr'><strong>his</strong></span> <span class='ocrx_word' id='word_1_761' title='bbox 3007 3823 3227 3874; x_wconf 67' lang='lat' dir='ltr'><strong>conrenti</strong></span> <span class='ocrx_word' id='word_1_762' title='bbox 3255 3827 3439 3876; x_wconf 83' lang='lat' dir='ltr'><strong>erimus</strong></span> <span class='ocrx_word' id='word_1_763' title='bbox 3469 3826 3543 3893; x_wconf 82' lang='lat' dir='ltr'><strong>(l.</strong></span> <span class='ocrx_word' id='word_1_764' title='bbox 3574 3824 3716 3882; x_wconf 84' lang='lat' dir='ltr'><strong>Tim.</strong></span> 
     </span>
    </p>
   </div>
   <div class='ocr_carea' id='block_1_102' title="bbox 2132 3908 3714 3988">
    <p class='ocr_par' dir='ltr' id='par_1_102' title="bbox 2132 3908 3714 3988">
     <span class='ocr_line' id='line_1_102' title="bbox 2132 3908 3714 3988; baseline 0.006 -26"><span class='ocrx_word' id='word_1_765' title='bbox 2132 3908 2185 3965; x_wconf 88' lang='lat'><strong>6.</strong></span> <span class='ocrx_word' id='word_1_766' title='bbox 2215 3908 2293 3981; x_wconf 89' lang='lat'><strong>8),</strong></span> <span class='ocrx_word' id='word_1_767' title='bbox 2316 3910 2491 3964; x_wconf 90' lang='lat' dir='ltr'><strong>omnia</strong></span> <span class='ocrx_word' id='word_1_768' title='bbox 2513 3909 2755 3976; x_wconf 82' lang='lat' dir='ltr'><strong>facimus,</strong></span> <span class='ocrx_word' id='word_1_769' title='bbox 2781 3913 3077 3968; x_wconf 87' lang='lat' dir='ltr'><strong>nescientes</strong></span> <span class='ocrx_word' id='word_1_770' title='bbox 3103 3929 3198 3967; x_wconf 90' lang='lat' dir='ltr'><strong>nos</strong></span> <span class='ocrx_word' id='word_1_771' title='bbox 3221 3913 3288 3968; x_wconf 88' lang='lat' dir='ltr'><strong>de</strong></span> <span class='ocrx_word' id='word_1_772' title='bbox 3315 3917 3562 3971; x_wconf 88' lang='lat' dir='ltr'><strong>omnibus</strong></span> <span class='ocrx_word' id='word_1_773' title='bbox 3591 3935 3714 3988; x_wconf 74' lang='lat' dir='ltr'><strong>qnze</strong></span> 
     </span>
    </p>
   </div>
   <div class='ocr_carea' id='block_1_103' title="bbox 2132 4003 3712 4079">
    <p class='ocr_par' dir='ltr' id='par_1_103' title="bbox 2132 4003 3712 4079">
     <span class='ocr_line' id='line_1_103' title="bbox 2132 4003 3712 4079; baseline 0.003 -24"><span class='ocrx_word' id='word_1_774' title='bbox 2132 4003 2267 4056; x_wconf 85' lang='lat' dir='ltr'><strong>ultra</strong></span> <span class='ocrx_word' id='word_1_775' title='bbox 2289 4017 2439 4056; x_wconf 86' lang='lat' dir='ltr'><strong>usum</strong></span> <span class='ocrx_word' id='word_1_776' title='bbox 2462 4011 2700 4058; x_wconf 74' lang='lat' dir='ltr'><strong>nostrum</strong></span> <span class='ocrx_word' id='word_1_777' title='bbox 2719 4013 2863 4071; x_wconf 87' lang='lat' dir='ltr'><strong>sunt,</strong></span> <span class='ocrx_word' id='word_1_778' title='bbox 2892 4005 3146 4060; x_wconf 87' lang='lat' dir='ltr'><strong>rationem</strong></span> <span class='ocrx_word' id='word_1_779' title='bbox 3170 4006 3387 4062; x_wconf 84' lang='lat' dir='ltr'><strong>daturos</strong></span> <span class='ocrx_word' id='word_1_780' title='bbox 3404 4025 3543 4072; x_wconf 78' lang='lat' dir='ltr'><strong>eSse,</strong></span> <span class='ocrx_word' id='word_1_781' title='bbox 3567 4012 3712 4079; x_wconf 73' lang='lat' dir='ltr'><strong>tptod</strong></span> 
     </span>
    </p>
   </div>
   <div class='ocr_carea' id='block_1_104' title="bbox 2130 4092 3716 4156">
    <p class='ocr_par' dir='ltr' id='par_1_104' title="bbox 2130 4092 3716 4156">
     <span class='ocr_line' id='line_1_104' title="bbox 2130 4092 3716 4156; baseline 0.006 -10"><span class='ocrx_word' id='word_1_782' title='bbox 2130 4093 2277 4148; x_wconf 68' lang='lat' dir='ltr'><strong>altu&lt;i</strong></span> <span class='ocrx_word' id='word_1_783' title='bbox 2301 4093 2468 4148; x_wconf 91' lang='lat' dir='ltr'><strong>simus</strong></span> <span class='ocrx_word' id='word_1_784' title='bbox 2504 4092 2695 4149; x_wconf 90' lang='lat' dir='ltr'><strong>divinis</strong></span> <span class='ocrx_word' id='word_1_785' title='bbox 2718 4095 3046 4150; x_wconf 89' lang='lat' dir='ltr'><strong>muneribus.</strong></span> <span class='ocrx_word' id='word_1_786' title='bbox 3089 4095 3202 4151; x_wconf 89' lang='lat' dir='ltr'><strong>Non</strong></span> <span class='ocrx_word' id='word_1_787' title='bbox 3234 4099 3376 4153; x_wconf 90' lang='lat' dir='ltr'><strong>enim</strong></span> <span class='ocrx_word' id='word_1_788' title='bbox 3417 4099 3530 4152; x_wconf 68' lang='lat' dir='ltr'><strong>haec</strong></span> <span class='ocrx_word' id='word_1_789' title='bbox 3558 4101 3716 4156; x_wconf 85' lang='lat' dir='ltr'><strong>nobis</strong></span> 
     </span>
    </p>
   </div>
   <div class='ocr_carea' id='block_1_105' title="bbox 2130 4184 3717 4259">
    <p class='ocr_par' dir='ltr' id='par_1_105' title="bbox 2130 4184 3717 4259">
     <span class='ocr_line' id='line_1_105' title="bbox 2130 4184 3717 4259; baseline 0.006 -23"><span class='ocrx_word' id='word_1_790' title='bbox 2130 4184 2395 4238; x_wconf 81' lang='lat' dir='ltr'><strong>concessit</strong></span> <span class='ocrx_word' id='word_1_791' title='bbox 2421 4191 2476 4236; x_wconf 88' lang='lat' dir='ltr'><strong>ut</strong></span> <span class='ocrx_word' id='word_1_792' title='bbox 2505 4199 2602 4238; x_wconf 87' lang='lat' dir='ltr'><strong>nos</strong></span> <span class='ocrx_word' id='word_1_793' title='bbox 2624 4192 2828 4238; x_wconf 90' lang='lat' dir='ltr'><strong>tantum</strong></span> <span class='ocrx_word' id='word_1_794' title='bbox 2856 4187 2934 4238; x_wconf 90' lang='lat' dir='ltr'><strong>eis</strong></span> <span class='ocrx_word' id='word_1_795' title='bbox 2958 4194 3168 4240; x_wconf 89' lang='lat' dir='ltr'><strong>utamur</strong></span> <span class='ocrx_word' id='word_1_796' title='bbox 3201 4205 3215 4242; x_wconf 87' lang='lat'><strong>:</strong></span> <span class='ocrx_word' id='word_1_797' title='bbox 3246 4189 3340 4242; x_wconf 88' lang='lat' dir='ltr'><strong>sed</strong></span> <span class='ocrx_word' id='word_1_798' title='bbox 3369 4201 3420 4242; x_wconf 89' lang='lat' dir='ltr'><strong>et</strong></span> <span class='ocrx_word' id='word_1_799' title='bbox 3448 4201 3504 4242; x_wconf 93' lang='lat' dir='ltr'><strong>ut</strong></span> <span class='ocrx_word' id='word_1_800' title='bbox 3529 4193 3717 4259; x_wconf 73' lang='lat' dir='ltr'><strong>proxi-</strong></span> 
     </span>
    </p>
   </div>
   <div class='ocr_carea' id='block_1_106' title="bbox 2131 4275 3712 4350">
    <p class='ocr_par' dir='ltr' id='par_1_106' title="bbox 2131 4275 3712 4350">
     <span class='ocr_line' id='line_1_106' title="bbox 2131 4275 3712 4350; baseline 0.006 -24"><span class='ocrx_word' id='word_1_801' title='bbox 2131 4290 2336 4327; x_wconf 91' lang='lat' dir='ltr'><strong>morum</strong></span> <span class='ocrx_word' id='word_1_802' title='bbox 2383 4275 2721 4344; x_wconf 85' lang='lat' dir='ltr'><strong>indigentiam</strong></span> <span class='ocrx_word' id='word_1_803' title='bbox 2766 4275 3126 4331; x_wconf 87' lang='lat' dir='ltr'><strong>sublevemns.</strong></span> <span class='ocrx_word' id='word_1_804' title='bbox 3159 4278 3308 4346; x_wconf 86' lang='lat' dir='ltr'><strong>Quali</strong></span> <span class='ocrx_word' id='word_1_805' title='bbox 3354 4280 3510 4350; x_wconf 82' lang='lat' dir='ltr'><strong>igitur</strong></span> <span class='ocrx_word' id='word_1_806' title='bbox 3555 4283 3712 4335; x_wconf 83' lang='lat' dir='ltr'><strong>venia</strong></span> 
     </span>
    </p>
   </div>
   <div class='ocr_carea' id='block_1_107' title="bbox 2128 4362 3717 4444">
    <p class='ocr_par' dir='ltr' id='par_1_107' title="bbox 2128 4362 3717 4444">
     <span class='ocr_line' id='line_1_107' title="bbox 2128 4362 3717 4444; baseline 0 -26"><span class='ocrx_word' id='word_1_807' title='bbox 2128 4362 2377 4434; x_wconf 85' lang='lat' dir='ltr'><strong>dignandi</strong></span> <span class='ocrx_word' id='word_1_808' title='bbox 2406 4374 2551 4430; x_wconf 90' lang='lat' dir='ltr'><strong>sunt,</strong></span> <span class='ocrx_word' id='word_1_809' title='bbox 2580 4365 2667 4433; x_wconf 88' lang='lat' dir='ltr'><strong>qtti</strong></span> <span class='ocrx_word' id='word_1_810' title='bbox 2699 4373 2752 4420; x_wconf 90' lang='lat' dir='ltr'><strong>et</strong></span> <span class='ocrx_word' id='word_1_811' title='bbox 2780 4367 2829 4419; x_wconf 93' lang='lat' dir='ltr'><strong>in</strong></span> <span class='ocrx_word' id='word_1_812' title='bbox 2867 4367 3196 4444; x_wconf 81' lang='lat' dir='ltr'><strong>vestimentis</strong></span> <span class='ocrx_word' id='word_1_813' title='bbox 3240 4369 3456 4422; x_wconf 81' lang='lat' dir='ltr'><strong>multum</strong></span> <span class='ocrx_word' id='word_1_814' title='bbox 3502 4371 3717 4422; x_wconf 56' lang='lat' dir='ltr'><strong>vaniti—</strong></span> 
     </span>
    </p>
   </div>
   <div class='ocr_carea' id='block_1_108' title="bbox 2131 4458 3715 4528">
    <p class='ocr_par' dir='ltr' id='par_1_108' title="bbox 2131 4458 3715 4528">
     <span class='ocr_line' id='line_1_108' title="bbox 2131 4458 3715 4528; baseline 0.002 -19"><span class='ocrx_word' id='word_1_815' title='bbox 2131 4465 2235 4509; x_wconf 90' lang='lat' dir='ltr'><strong>tctn</strong></span> <span class='ocrx_word' id='word_1_816' title='bbox 2264 4465 2552 4524; x_wconf 84' lang='lat' dir='ltr'><strong>ostentant,</strong></span> <span class='ocrx_word' id='word_1_817' title='bbox 2579 4467 2633 4510; x_wconf 85' lang='lat' dir='ltr'><strong>et</strong></span> <span class='ocrx_word' id='word_1_818' title='bbox 2673 4465 2729 4509; x_wconf 92' lang='lat' dir='ltr'><strong>ut</strong></span> <span class='ocrx_word' id='word_1_819' title='bbox 2772 4458 3029 4511; x_wconf 76' lang='lat' dir='ltr'><strong>vermium</strong></span> <span class='ocrx_word' id='word_1_820' title='bbox 3063 4467 3300 4512; x_wconf 78' lang='lat' dir='ltr'><strong>texturas</strong></span> <span class='ocrx_word' id='word_1_821' title='bbox 3336 4469 3566 4528; x_wconf 86' lang='lat' dir='ltr'><strong>gestent,</strong></span> <span class='ocrx_word' id='word_1_822' title='bbox 3602 4461 3715 4512; x_wconf 76' lang='lat' dir='ltr'><strong>sol-</strong></span> 
     </span>
    </p>
   </div>
   <div class='ocr_carea' id='block_1_109' title="bbox 2129 4546 3704 4618">
    <p class='ocr_par' dir='ltr' id='par_1_109' title="bbox 2129 4546 3704 4618">
     <span class='ocr_line' id='line_1_109' title="bbox 2129 4546 3704 4618; baseline 0.002 -19"><span class='ocrx_word' id='word_1_823' title='bbox 2129 4546 2430 4612; x_wconf 55' lang='lat' dir='ltr'><strong>liciti&#39;sunt,</strong></span> <span class='ocrx_word' id='word_1_824' title='bbox 2463 4548 2710 4616; x_wconf 88' lang='lat' dir='ltr'><strong>quodque</strong></span> <span class='ocrx_word' id='word_1_825' title='bbox 2739 4547 3131 4616; x_wconf 85' lang='lat' dir='ltr'><strong>gravissimum,</strong></span> <span class='ocrx_word' id='word_1_826' title='bbox 3163 4549 3214 4603; x_wconf 92' lang='lat' dir='ltr'><strong>in</strong></span> <span class='ocrx_word' id='word_1_827' title='bbox 3237 4548 3320 4603; x_wconf 86' lang='lat' dir='ltr'><strong>bis</strong></span> <span class='ocrx_word' id='word_1_828' title='bbox 3351 4551 3661 4618; x_wconf 83' lang='lat' dir='ltr'><strong>superbiant</strong></span> <span class='ocrx_word' id='word_1_829' title='bbox 3685 4567 3704 4602; x_wconf 87' lang='lat'><strong>:</strong></span> 
     </span>
    </p>
   </div>
   <div class='ocr_carea' id='block_1_110' title="bbox 2129 4636 3711 4710">
    <p class='ocr_par' dir='ltr' id='par_1_110' title="bbox 2129 4636 3711 4710">
     <span class='ocr_line' id='line_1_110' title="bbox 2129 4636 3711 4710; baseline 0.006 -24"><span class='ocrx_word' id='word_1_830' title='bbox 2129 4652 2261 4706; x_wconf 88' lang='lat' dir='ltr'><strong>quos</strong></span> <span class='ocrx_word' id='word_1_831' title='bbox 2286 4636 2566 4705; x_wconf 85' lang='lat' dir='ltr'><strong>Oportebat</strong></span> <span class='ocrx_word' id='word_1_832' title='bbox 2591 4639 2807 4702; x_wconf 89' lang='lat' dir='ltr'><strong>rubore,</strong></span> <span class='ocrx_word' id='word_1_833' title='bbox 2828 4648 2990 4700; x_wconf 89' lang='lat' dir='ltr'><strong>metu,</strong></span> <span class='ocrx_word' id='word_1_834' title='bbox 3013 4654 3076 4693; x_wconf 90' lang='lat' dir='ltr'><strong>ac</strong></span> <span class='ocrx_word' id='word_1_835' title='bbox 3099 4649 3331 4694; x_wconf 86' lang='lat' dir='ltr'><strong>tremore</strong></span> <span class='ocrx_word' id='word_1_836' title='bbox 3356 4642 3543 4705; x_wconf 90' lang='lat' dir='ltr'><strong>teneri,</strong></span> <span class='ocrx_word' id='word_1_837' title='bbox 3566 4642 3711 4710; x_wconf 87' lang='lat' dir='ltr'><strong>quod</strong></span> 
     </span>
    </p>
   </div>
   <div class='ocr_carea' id='block_1_111' title="bbox 2129 4728 3710 4800">
    <p class='ocr_par' dir='ltr' id='par_1_111' title="bbox 2129 4728 3710 4800">
     <span class='ocr_line' id='line_1_111' title="bbox 2129 4728 3710 4800; baseline 0.003 -19"><span class='ocrx_word' id='word_1_838' title='bbox 2129 4729 2226 4797; x_wconf 83' lang='lat' dir='ltr'><strong>ipsi</strong></span> <span class='ocrx_word' id='word_1_839' title='bbox 2255 4728 2466 4798; x_wconf 91' lang='lat' dir='ltr'><strong>quidem</strong></span> <span class='ocrx_word' id='word_1_840' title='bbox 2507 4731 2576 4782; x_wconf 87' lang='lat' dir='ltr'><strong>ob</strong></span> <span class='ocrx_word' id='word_1_841' title='bbox 2614 4729 2811 4783; x_wconf 90' lang='lat' dir='ltr'><strong>nullam</strong></span> <span class='ocrx_word' id='word_1_842' title='bbox 2858 4731 3160 4796; x_wconf 84' lang='lat' dir='ltr'><strong>utilitatem,</strong></span> <span class='ocrx_word' id='word_1_843' title='bbox 3205 4746 3378 4800; x_wconf 87' lang='lat' dir='ltr'><strong>neque</strong></span> <span class='ocrx_word' id='word_1_844' title='bbox 3423 4733 3710 4787; x_wconf 78' lang='lat' dir='ltr'><strong>ncce5sarii</strong></span> 
     </span>
    </p>
   </div>
   <div class='ocr_carea' id='block_1_112' title="bbox 2128 4817 3714 4893">
    <p class='ocr_par' dir='ltr' id='par_1_112' title="bbox 2128 4817 3714 4893">
     <span class='ocr_line' id='line_1_112' title="bbox 2128 4817 3714 4893; baseline 0.003 -22"><span class='ocrx_word' id='word_1_845' title='bbox 2128 4833 2252 4871; x_wconf 88' lang='lat' dir='ltr'><strong>usus</strong></span> <span class='ocrx_word' id='word_1_846' title='bbox 2275 4817 2474 4886; x_wconf 86' lang='lat' dir='ltr'><strong>gratia;</strong></span> <span class='ocrx_word' id='word_1_847' title='bbox 2504 4819 2597 4873; x_wconf 89' lang='lat' dir='ltr'><strong>sed</strong></span> <span class='ocrx_word' id='word_1_848' title='bbox 2626 4827 2828 4872; x_wconf 85' lang='lat' dir='ltr'><strong>tantum</strong></span> <span class='ocrx_word' id='word_1_849' title='bbox 2861 4820 2929 4874; x_wconf 90' lang='lat' dir='ltr'><strong>ob</strong></span> <span class='ocrx_word' id='word_1_850' title='bbox 2955 4823 3239 4874; x_wconf 85' lang='lat' dir='ltr'><strong>vanitatem</strong></span> <span class='ocrx_word' id='word_1_851' title='bbox 3271 4832 3324 4876; x_wconf 90' lang='lat' dir='ltr'><strong>et</strong></span> <span class='ocrx_word' id='word_1_852' title='bbox 3351 4821 3560 4876; x_wconf 88' lang='lat' dir='ltr'><strong>inanem</strong></span> <span class='ocrx_word' id='word_1_853' title='bbox 3588 4823 3714 4893; x_wconf 81' lang='lat' dir='ltr'><strong>glo—</strong></span> 
     </span>
    </p>
   </div>
   <div class='ocr_carea' id='block_1_113' title="bbox 2127 4908 3715 4977">
    <p class='ocr_par' dir='ltr' id='par_1_113' title="bbox 2127 4908 3715 4977">
     <span class='ocr_line' id='line_1_113' title="bbox 2127 4908 3715 4977; baseline 0.001 -15"><span class='ocrx_word' id='word_1_854' title='bbox 2127 4911 2281 4971; x_wconf 89' lang='lat' dir='ltr'><strong>riam,</strong></span> <span class='ocrx_word' id='word_1_855' title='bbox 2305 4917 2359 4960; x_wconf 91' lang='lat' dir='ltr'><strong>et</strong></span> <span class='ocrx_word' id='word_1_856' title='bbox 2386 4917 2444 4962; x_wconf 90' lang='lat' dir='ltr'><strong>ut</strong></span> <span class='ocrx_word' id='word_1_857' title='bbox 2474 4908 2628 4977; x_wconf 81' lang='lat' dir='ltr'><strong>vulgo</strong></span> <span class='ocrx_word' id='word_1_858' title='bbox 2655 4923 2717 4962; x_wconf 91' lang='lat' dir='ltr'><strong>ac</strong></span> <span class='ocrx_word' id='word_1_859' title='bbox 2751 4908 3049 4964; x_wconf 88' lang='lat' dir='ltr'><strong>forensibus</strong></span> <span class='ocrx_word' id='word_1_860' title='bbox 3087 4911 3424 4965; x_wconf 89' lang='lat' dir='ltr'><strong>admirationi</strong></span> <span class='ocrx_word' id='word_1_861' title='bbox 3461 4913 3586 4971; x_wconf 88' lang='lat' dir='ltr'><strong>sint.</strong></span> <span class='ocrx_word' id='word_1_862' title='bbox 3633 4924 3715 4963; x_wconf 77' lang='lat' dir='ltr'><strong>ta—</strong></span> 
     </span>
    </p>
   </div>
   <div class='ocr_carea' id='block_1_114' title="bbox 2124 4999 3709 5068">
    <p class='ocr_par' dir='ltr' id='par_1_114' title="bbox 2124 4999 3709 5068">
     <span class='ocr_line' id='line_1_114' title="bbox 2124 4999 3709 5068; baseline 0.004 -19"><span class='ocrx_word' id='word_1_863' title='bbox 2124 4999 2262 5052; x_wconf 72' lang='lat' dir='ltr'><strong>!ibus</strong></span> <span class='ocrx_word' id='word_1_864' title='bbox 2293 4999 2608 5053; x_wconf 90' lang='lat' dir='ltr'><strong>induantur:</strong></span> <span class='ocrx_word' id='word_1_865' title='bbox 2639 4999 3023 5068; x_wconf 84' lang='lat' dir='ltr'><strong>dutnejusdem</strong></span> <span class='ocrx_word' id='word_1_866' title='bbox 3053 5013 3254 5056; x_wconf 74' lang='lat' dir='ltr'><strong>natura:</strong></span> <span class='ocrx_word' id='word_1_867' title='bbox 3279 5017 3500 5057; x_wconf 89' lang='lat' dir='ltr'><strong>consors</strong></span> <span class='ocrx_word' id='word_1_868' title='bbox 3525 5003 3709 5055; x_wconf 82' lang='lat' dir='ltr'><strong>obam—</strong></span> 
     </span>
    </p>
   </div>
   <div class='ocr_carea' id='block_1_115' title="bbox 2125 5089 3712 5160">
    <p class='ocr_par' dir='ltr' id='par_1_115' title="bbox 2125 5089 3712 5160">
     <span class='ocr_line' id='line_1_115' title="bbox 2125 5089 3712 5160; baseline 0.002 -16"><span class='ocrx_word' id='word_1_869' title='bbox 2125 5089 2272 5144; x_wconf 79' lang='lat' dir='ltr'><strong>bulat</strong></span> <span class='ocrx_word' id='word_1_870' title='bbox 2302 5091 2496 5156; x_wconf 90' lang='lat' dir='ltr'><strong>nudus,</strong></span> <span class='ocrx_word' id='word_1_871' title='bbox 2528 5097 2614 5160; x_wconf 90' lang='lat' dir='ltr'><strong>qui</strong></span> <span class='ocrx_word' id='word_1_872' title='bbox 2649 5108 2820 5160; x_wconf 88' lang='lat' dir='ltr'><strong>neque</strong></span> <span class='ocrx_word' id='word_1_873' title='bbox 2855 5095 3183 5148; x_wconf 85' lang='lat' dir='ltr'><strong>crassissima</strong></span> <span class='ocrx_word' id='word_1_874' title='bbox 3215 5104 3361 5148; x_wconf 87' lang='lat' dir='ltr'><strong>veste</strong></span> <span class='ocrx_word' id='word_1_875' title='bbox 3390 5095 3607 5147; x_wconf 86' lang='lat' dir='ltr'><strong>amicire</strong></span> <span class='ocrx_word' id='word_1_876' title='bbox 3648 5110 3712 5147; x_wconf 87' lang='lat' dir='ltr'><strong>se</strong></span> 
     </span>
    </p>
   </div>
   <div class='ocr_carea' id='block_1_116' title="bbox 2125 5185 3707 5254">
    <p class='ocr_par' dir='ltr' id='par_1_116' title="bbox 2125 5185 3707 5254">
     <span class='ocr_line' id='line_1_116' title="bbox 2125 5185 3707 5254; baseline 0.001 -20"><span class='ocrx_word' id='word_1_877' title='bbox 2125 5193 2296 5251; x_wconf 86' lang='lat' dir='ltr'><strong>potest</strong></span> <span class='ocrx_word' id='word_1_878' title='bbox 2326 5200 2342 5239; x_wconf 90' lang='lat'><strong>:</strong></span> <span class='ocrx_word' id='word_1_879' title='bbox 2369 5193 2424 5238; x_wconf 91' lang='lat' dir='ltr'><strong>ct</strong></span> <span class='ocrx_word' id='word_1_880' title='bbox 2452 5198 2625 5254; x_wconf 86' lang='lat' dir='ltr'><strong>neque</strong></span> <span class='ocrx_word' id='word_1_881' title='bbox 2651 5195 2835 5238; x_wconf 87' lang='lat' dir='ltr'><strong>natura</strong></span> <span class='ocrx_word' id='word_1_882' title='bbox 2861 5185 2925 5238; x_wconf 88' lang='lat' dir='ltr'><strong>ad</strong></span> <span class='ocrx_word' id='word_1_883' title='bbox 2955 5187 3473 5240; x_wconf 84' lang='lat' dir='ltr'><strong>eouuniserationem</strong></span> <span class='ocrx_word' id='word_1_884' title='bbox 3502 5185 3707 5238; x_wconf 86' lang='lat' dir='ltr'><strong>ducun-</strong></span> 
     </span>
    </p>
   </div>
   <div class='ocr_carea' id='block_1_117' title="bbox 2125 5272 3710 5343">
    <p class='ocr_par' dir='ltr' id='par_1_117' title="bbox 2125 5272 3710 5343">
     <span class='ocr_line' id='line_1_117' title="bbox 2125 5272 3710 5343; baseline 0.002 -18"><span class='ocrx_word' id='word_1_885' title='bbox 2125 5282 2230 5337; x_wconf 90' lang='lat' dir='ltr'><strong>tur,</strong></span> <span class='ocrx_word' id='word_1_886' title='bbox 2264 5289 2434 5343; x_wconf 88' lang='lat' dir='ltr'><strong>neque</strong></span> <span class='ocrx_word' id='word_1_887' title='bbox 2465 5272 2792 5330; x_wconf 88' lang='lat' dir='ltr'><strong>conscientia</strong></span> <span class='ocrx_word' id='word_1_888' title='bbox 2821 5275 2887 5328; x_wconf 85' lang='lat' dir='ltr'><strong>ad</strong></span> <span class='ocrx_word' id='word_1_889' title='bbox 2917 5273 3286 5342; x_wconf 80' lang='lat' dir='ltr'><strong>opitulandum</strong></span> <span class='ocrx_word' id='word_1_890' title='bbox 3329 5275 3569 5343; x_wconf 78' lang='lat' dir='ltr'><strong>proximo</strong></span> <span class='ocrx_word' id='word_1_891' title='bbox 3612 5289 3710 5328; x_wconf 88' lang='lat' dir='ltr'><strong>eos</strong></span> 
     </span>
    </p>
   </div>
   <div class='ocr_carea' id='block_1_118' title="bbox 2121 5363 3714 5435">
    <p class='ocr_par' dir='ltr' id='par_1_118' title="bbox 2121 5363 3714 5435">
     <span class='ocr_line' id='line_1_118' title="bbox 2121 5363 3714 5435; baseline 0.001 -17"><span class='ocrx_word' id='word_1_892' title='bbox 2121 5363 2308 5420; x_wconf 88' lang='lat' dir='ltr'><strong>incitat</strong></span> <span class='ocrx_word' id='word_1_893' title='bbox 2340 5383 2352 5419; x_wconf 92' lang='lat'><strong>:</strong></span> <span class='ocrx_word' id='word_1_894' title='bbox 2387 5381 2558 5435; x_wconf 83' lang='lat' dir='ltr'><strong>neque</strong></span> <span class='ocrx_word' id='word_1_895' title='bbox 2599 5368 2851 5420; x_wconf 88' lang='lat' dir='ltr'><strong>memoria</strong></span> <span class='ocrx_word' id='word_1_896' title='bbox 2889 5366 3143 5421; x_wconf 84' lang='lat' dir='ltr'><strong>ltorrcndi</strong></span> <span class='ocrx_word' id='word_1_897' title='bbox 3185 5367 3326 5420; x_wconf 86' lang='lat' dir='ltr'><strong>illius</strong></span> <span class='ocrx_word' id='word_1_898' title='bbox 3361 5366 3488 5432; x_wconf 90' lang='lat' dir='ltr'><strong>diei,</strong></span> <span class='ocrx_word' id='word_1_899' title='bbox 3534 5381 3714 5432; x_wconf 73' lang='lat' dir='ltr'><strong>neque</strong></span> 
     </span>
    </p>
   </div>
   <div class='ocr_carea' id='block_1_119' title="bbox 2118 5455 3707 5527">
    <p class='ocr_par' dir='ltr' id='par_1_119' title="bbox 2118 5455 3707 5527">
     <span class='ocr_line' id='line_1_119' title="bbox 2118 5455 3707 5527; baseline -0.002 -16"><span class='ocrx_word' id='word_1_900' title='bbox 2118 5455 2379 5526; x_wconf 76' lang='lat' dir='ltr'><strong>gehenna:</strong></span> <span class='ocrx_word' id='word_1_901' title='bbox 2407 5457 2582 5522; x_wconf 89' lang='lat' dir='ltr'><strong>timor,</strong></span> <span class='ocrx_word' id='word_1_902' title='bbox 2613 5473 2785 5527; x_wconf 89' lang='lat' dir='ltr'><strong>neque</strong></span> <span class='ocrx_word' id='word_1_903' title='bbox 2813 5457 3225 5527; x_wconf 84' lang='lat' dir='ltr'><strong>promissionum</strong></span> <span class='ocrx_word' id='word_1_904' title='bbox 3255 5455 3584 5526; x_wconf 79' lang='lat' dir='ltr'><strong>magnitudo,</strong></span> <span class='ocrx_word' id='word_1_905' title='bbox 3611 5470 3707 5508; x_wconf 88' lang='lat' dir='ltr'><strong>ne-</strong></span> 
     </span>
    </p>
   </div>
   <div class='ocr_carea' id='block_1_120' title="bbox 2119 5548 3706 5619">
    <p class='ocr_par' dir='ltr' id='par_1_120' title="bbox 2119 5548 3706 5619">
     <span class='ocr_line' id='line_1_120' title="bbox 2119 5548 3706 5619; baseline -0.001 -18"><span class='ocrx_word' id='word_1_906' title='bbox 2119 5563 2223 5618; x_wconf 86' lang='lat' dir='ltr'><strong>que</strong></span> <span class='ocrx_word' id='word_1_907' title='bbox 2251 5549 2389 5602; x_wconf 66' lang='lat' dir='ltr'><strong>istud</strong></span> <span class='ocrx_word' id='word_1_908' title='bbox 2418 5548 2612 5618; x_wconf 86' lang='lat' dir='ltr'><strong>ipsum,</strong></span> <span class='ocrx_word' id='word_1_909' title='bbox 2642 5549 2780 5619; x_wconf 86' lang='lat' dir='ltr'><strong>quod</strong></span> <span class='ocrx_word' id='word_1_910' title='bbox 2811 5549 3111 5602; x_wconf 86' lang='lat' dir='ltr'><strong>communis</strong></span> <span class='ocrx_word' id='word_1_911' title='bbox 3143 5550 3395 5602; x_wconf 90' lang='lat' dir='ltr'><strong>Dominus</strong></span> <span class='ocrx_word' id='word_1_912' title='bbox 3439 5557 3620 5602; x_wconf 86' lang='lat' dir='ltr'><strong>uoster</strong></span> <span class='ocrx_word' id='word_1_913' title='bbox 3649 5557 3706 5600; x_wconf 88' lang='lat' dir='ltr'><strong>ut</strong></span> 
     </span>
    </p>
   </div>
   <div class='ocr_carea' id='block_1_121' title="bbox 2128 5637 3699 5713">
    <p class='ocr_par' dir='ltr' id='par_1_121' title="bbox 2128 5637 3699 5713">
     <span class='ocr_line' id='line_1_121' title="bbox 2128 5637 3699 5713; baseline 0 -21"><span class='ocrx_word' id='word_1_914' title='bbox 2128 5638 2226 5698; x_wconf 89' lang='lat' dir='ltr'><strong>sibi</strong></span> <span class='ocrx_word' id='word_1_915' title='bbox 2255 5637 2390 5694; x_wconf 86' lang='lat' dir='ltr'><strong>facta</strong></span> <span class='ocrx_word' id='word_1_916' title='bbox 2422 5648 2645 5708; x_wconf 86' lang='lat' dir='ltr'><strong>usurpat</strong></span> <span class='ocrx_word' id='word_1_917' title='bbox 2665 5655 2782 5710; x_wconf 84' lang='lat' dir='ltr'><strong>qua:</strong></span> <span class='ocrx_word' id='word_1_918' title='bbox 2812 5639 3072 5713; x_wconf 64' lang='lat' dir='ltr'><strong>proximis</strong></span> <span class='ocrx_word' id='word_1_919' title='bbox 3103 5641 3233 5695; x_wconf 83' lang='lat' dir='ltr'><strong>fiunt</strong></span> <span class='ocrx_word' id='word_1_920' title='bbox 3263 5657 3274 5692; x_wconf 91' lang='lat'>:</span> <span class='ocrx_word' id='word_1_921' title='bbox 3315 5639 3406 5695; x_wconf 89' lang='lat' dir='ltr'><strong>sed</strong></span> <span class='ocrx_word' id='word_1_922' title='bbox 3437 5639 3583 5710; x_wconf 87' lang='lat' dir='ltr'><strong>quasi</strong></span> <span class='ocrx_word' id='word_1_923' title='bbox 3622 5638 3699 5693; x_wconf 75' lang='lat' dir='ltr'><strong>la-</strong></span> 
     </span>
    </p>
   </div>
  </div>
