4084 6214
331 343 434 402 3n

321 463 387 515 ἐκ
422 458 530 514 τῶν
570 455 978 530 προειρημένων
1012 452 1171 509 πάλιν
1205 450 1428 522 βεϐαίαν
1466 451 1749 530 κτήσηται
1774 445 1872 518 τήν
1912 444 1995 530 πί-

326 560 460 606 στιν,
486 528 625 594 ὥστε
656 540 749 595 καὶ
788 538 856 592 τά
883 537 1003 591 κατ’
1030 536 1099 590 αὑ
1110 534 1196 589 τὸν
1223 534 1326 606 ήδη
1356 535 1437 597 είς
1469 533 1628 604 ἔργον
1670 529 1843 586 ἐλθεῖν
1868 528 1998 583 ἀνά-

320 642 448 696 γκη.
487 620 642 686 Εἶτα,
689 620 875 691 ἐπειδὴ
920 619 1206 690 ἐπλήρωσε
1244 616 1343 687 τὴν
1385 616 1708 687 πρόρρησιν,
1754 610 1997 696 meae-

321 694 451 775 ξατο
500 708 727 776 σημείον
778 702 962 757 ίκανδν
1022 701 1131 755 τῶν
1191 699 1326 770 πρὸς
1380 698 1542 752 αὑτὸν
1591 694 1993 776 γεγενημένων.

334 775 569 855 Ἐπειδῆ
606 785 843 856 ἐγένετο
876 787 910 838 ὁ
958 784 1132 852 ἥλιος
1158 782 1308 851 πρὸς
1342 780 1599 849 δυσμὰς,
1638 779 1802 849 φησὶ,
1836 775 1996 846 φλὸξ

320 872 578 941 ἐγένετο,
605 869 705 924 καί
746 867 875 923 ἰδοὺ
911 868 1197 932 κλίϐανος
1235 862 1681 932 καπνιζόμενος,
1719 861 1816 916 καί
1842 865 1994 929 ,ιαμ-

322 954 510 1021 πὰδες
546 954 753 1022 πιφός,
779 952 843 1007 αι
877 951 1127 1019 διῆλθον
1153 947 1271 1005 ἀνὰ
1297 947 1495 1017 μέσον
1519 946 1637 1001 τῶν
1681 945 1995 1013 διχοτομη-

323 1039 540 1109 μάτων.
569 1038 678 1094 Kal
703 1039 737 1109 ἡ
762 1035 894 1106 φλὸξ
931 1036 1024 1090 καὶ
1046 1036 1076 1088 ό
1103 1032 1356 1095 κλίϐανος
1381 1031 1474 1084 καὶ
1492 1032 1548 1084 αί
1574 1028 1855 1099 λαμπάδες
1879 1027 1994 1095 ἐγί-

322 1139 473 1177 νοντο
501 1122 636 1192 πρὸς
662 1120 722 1175 τὸ
758 1118 1023 1189 γνωρίσαι
1052 1116 1131 1188 τῷ
1149 1116 1343 1187 δικαίῳ
1381 1114 1490 1191 τῶν
1521 1112 1802 1184 συνθηκῶν
1827 1111 1891 1192 :0
1912 1111 1996 1182 βέ-

325 1203 496 1265 ϐαιον,
522 1190 615 1258 καὶ
641 1204 739 1273 τῆς
762 1202 855 1256 τοῦ
891 1200 1024 1256 Θεοῦ
1051 1200 1332 1272 ἐνεργείας
1361 1190 1459 1270 τὴν
1491 1196 1807 1270 παρουσίαν.
1838 1190 1992 1260 Εἶτα,

326 1286 513 1358 ἐπειδὴ
562 1282 853 1360 ἐπληρώθη
904 1284 1118 1338 ἅπαντα
1164 1282 1257 1335 καὶ
1289 1280 1635 1352 ἀπηρτίσθη,
1679 1277 1774 1331 τοῦ
1824 1276 1995 1349 πυρὸς

328 1366 703 1431 ἀναλώσαντος
738 1366 806 1421 τὰ
842 1364 1197 1438 προκείμενα.
1228 1363 1477 1426 Διέθετο,
1506 1361 1658 1432 φησὶ,
1684 1362 1895 1429 Κύριος
1925 1360 1996 1414 ἐν

330 1447 406 1519 τῇ
448 1448 637 1519 ἡμέρᾳ
675 1449 876 1516 ἐκείνῃ
914 1445 994 1513 τῷ
1038 1448 1253 1515 Ἀϐραμ
1292 1444 1589 1512 διαθήκην
1638 1443 1857 1513 λέγων·
1910 1442 1995 1504 Τῷ

330 1531 625 1602 σπέρματί
651 1546 768 1585 σου
796 1529 967 1584 δώσω
997 1528 1111 1597 τὴν
1145 1528 1256 1599 γῆν
1284 1529 1508 1596 ταύτην
1529 1526 1649 1582 ἀπὸ
1679 1526 1785 1581 τοῦ
1817 1540 1997 1579 ποτα-

323 1615 444 1683 μοῦ
468 1616 769 1684 Αίγύπτου
792 1613 903 1681 ἕως
928 1612 1033 1667 τοῦ
1052 1611 1320 1681 ποταμοῦ
1346 1611 1452 1665 τοῦ
1474 1609 1741 1681 μεγάλου
1758 1609 1994 1679 Εὐφρά-

329 1711 455 1755 του,
482 1696 620 1761 τοὺς
651 1696 998 1759 Κιναίουςι,
1028 1694 1126 1748 καί
1153 1693 1295 1760 τοὺς
1328 1691 1695 1759 Κενεζαίους,
1730 1692 1828 1746 καὶ
1853 1692 1995 1759 τοὺς

327 1777 753 1846 Κεδμωναίους,
802 1777 901 1832 καί
943 1778 1085 1843 τοὺς
1122 1776 1458 1842 Χετταίους,
1499 1776 1598 1829 καί
1638 1775 1783 1841 τοὺς
1818 1778 1994 1843 Φερε-

325 1857 541 1927 ζειίους,
564 1860 663 1914 καί
688 1859 830 1925 τοὺς
856 1859 1159 1929 Ῥαςραείμ,
1178 1859 1277 1912 καί
1298 1858 1441 1924 τοὺς
1468 1857 1863 1927 Ἀμορῤαιους,
1895 1856 1994 1910 καί

326 1942 468 2009 τοὺς
490 1943 882 2008 Χαναναίους,
920 1941 1019 1995 καί
1060 1941 1203 2007 τοὺς
1237 1942 1519 2005 Εὑαίους,
1553 1941 1650 1992 καὶ
1686 1938 1828 2004 τοὺς
1852 1941 1996 2008 Γερ-

325 2027 627 2095 γεσαίους,
651 2024 916 2090 καὶτοὺς
956 2024 1368 2089 Ἰεϐουσαίους.
1399 2014 1542 2093 Ὅρα
1571 2019 1688 2085 πῶς
1730 2022 1893 2076 πάλιν
1924 2024 1991 2093 τῇ

328 2111 578 2182 συνεχείᾳ
624 2110 830 2179 βεϐαιοῖ
874 2114 972 2181 τήν
1018 2110 1097 2173 είς
1149 2109 1313 2164 αὑτὸν
1351 2108 1706 2177 ἐπαγγελίαν.
1763 2108 1995 2164 Διέθετο

328 2194 458 2264 γάρ,
479 2193 635 2262 φησὶ,
666 2191 980 2259 διαθήκην,
1001 2189 1225 2260 λέγων·
1252 2189 1336 2257 Τῷ
1363 2189 1659 2261 σπέρματι
1681 2206 1798 2246 σου
1821 2191 1995 2246 δώσω

326 2276 443 2345 τὴν
471 2276 586 2347 γῆν
616 2277 857 2342 ταύτην.
902 2270 1055 2339 Εἶτα,
1089 2275 1176 2329 ἵνα
1217 2274 1282 2328 ἐκ
1313 2272 1407 2327 τοῦ
1448 2273 1685 2339 πλάτους
1723 2274 1823 2346 τῆς
1869 2274 1991 2344 γῆς.

327 2360 419 2413 καὶ
449 2361 513 2413 ἐκ
545 2356 639 2411 τοῦ
674 2356 937 2429 μεγέθους
978 2355 1085 2409 τῶν
1120 2355 1284 2426 ὁρίων
1320 2356 1515 2410 εἰδέναι
1553 2356 1653 2431 ἔχη
1694 2357 1723 2410 ό
1764 2356 1991 2420 δίκαιος,

326 2444 450 2497 ὅσον
499 2441 857 2513 ἐκταθήσεται
909 2438 1074 2493 αὑτοῦ
1108 2439 1168 2492 :0
1204 2440 1443 2513 σπέρμα,
1487 2440 1683 2513 φησίν⁶
1719 2438 1852 2494 Ἀπὸ
1887 2439 1994 2494 τοῦ

326 2524 594 2594 ποταμοῦ
645 2523 949 2594 Αίγύπτου
1007 2520 1118 2588 ἕως
1180 2522 1287 2577 τοῦ
1346 2523 1614 2593 ποταμοῦ
1676 2520 1994 2593 Εὐφράτου

324 2606 578 2659 τοσοῦτον
612 2605 784 2670 ἐσται,
829 2605 982 2677 φησὶ,
1017 2604 1079 2659 τδ
1109 2606 1329 2678 σπέρμα
1356 2622 1472 2659 σου.
1513 2607 1711 2661 Σκόπει
1752 2608 1871 2671 πῶς
1906 2605 1995 2660 διά

328 2688 545 2743 πάντων
571 2687 664 2742 τοῦ
697 2689 934 2761 πλήθους
971 2688 1121 2760 αὐτῷ
1139 2688 1237 2760 τήν
1266 2688 1568 2760 ὑπερϐολὴν
1601 2690 1839 2761 ἐμφᾶναι
1871 2687 1997 2759 βούο

324 2770 496 2824 λεται.
540 2770 822 2843 ’Λνωτέρω
848 2770 957 2843 γάρ
989 2770 1181 2833 εἰπὼν.
1214 2771 1354 2825 κατά
1378 2771 1441 2825 τὸ
1480 2772 1589 2826 τῶν
1615 2771 1832 2844 ἀστρων
1856 2772 1995 2844 πλῆ-

326 2854 417 2920 θος
460 2853 632 2918 οὕτως
657 2854 1025 2927 ἀναρίθμητον
1077 2855 1211 2909 αὑτδ
1254 2855 1519 2925 ποιήσειν,
1550 2856 1779 2911 ἐνταῦθα
1805 2858 1899 2912 καὶ
1935 2857 1998 2912 :0

329 2935 505 3007 μῆκος
527 2937 633 2991 τῶν
659 2937 825 3009 ὁρίων
844 2936 1004 3007 δῆλον
1036 2937 1309 3008 ἐποίησεν,
1345 2937 1431 2991 ἵνα
1457 2938 1548 2991 καὶ
1574 2937 1821 2993 ἐντεῦθεν
1848 2938 1994 3012 μάθῃ

325 3018 419 3073 τοῦ
448 3019 730 3091 μέλλοντος
765 3018 983 3072 έσεσθαι
1015 3018 1250 3091 πλήθους
1279 3017 1434 3091 [570]
1470 3018 1568 3092 τήν
1613 3019 1852 3075 ἔκτασιν.
1886 3023 1998 3076 Kal

325 3102 389 3157 οὑ
418 3101 577 3157 τοῦτο
605 3103 786 3174 μόνον,
808 3101 944 3156 ἀλλά
973 3102 1067 3157 καὶ
1108 3101 1227 3157 κατ’
1260 3100 1400 3167 εἶδος
1428 3102 1536 3157 τῶν
1576 3102 1744 3156 ἐθνῶν
1785 3120 1890 3176 μνη
1899 3122 1998 3176 μο-

325 3185 497 3252 νεύει,
543 3178 619 3240 ῶν
665 3185 856 3257 ἔμελλε
911 3185 1009 3258 τὴν
1044 3186 1371 3259 κατάσχεσιν
1415 3187 1672 3260 παρέξειν
1710 3187 1874 3243 αὑτοῦ
1920 3190 1998 3261 τῷ

327 3270 619 3344 σπέρματι,
644 3272 731 3325 ἴνα
761 3271 960 3344 πολλὴν
984 3271 1072 3325 διά
1101 3273 1317 3327 πάντων
1348 3272 1718 3345 πληροφορίαν
1743 3273 1998 3347 παράσχῃ

324 3352 405 3425 τῷ
437 3354 651 3425 δικαίῳ.
678 3354 788 3408 Kal
821 3356 1091 3408 τοσούτων
1112 3355 1456 3425 ἐπαγγελιῶν
1491 3357 1886 3427 γεγενημένων,
1919 3357 1998 3408 ἐτι

329 3435 519 3506 ἔμενεν
544 3436 737 3504 ἄγονος
764 3437 798 3506 ή
835 3436 1004 3506 Σάρα,
1043 3437 1139 3489 καὶ
1166 3437 1226 3490 τὸ
1256 3437 1434 3507 γῆρας
1455 3438 1639 3500 αὐτοῖς
1668 3438 1995 3503 ἐπετείνετο,

328 3518 417 3572 ἴνα
435 3519 534 3588 τῆς
550 3518 786 3581 πίστεως
806 3519 984 3570 αὑτῶν
1003 3519 1257 3587 μέγιστον
1275 3520 1571 3589 τεκμήριον
1594 3519 1996 3586 ἐξενέγκαντες,

327 3600 449 3654 τότε
476 3601 571 3653 xal
597 3602 698 3670 τῆς
732 3598 1080 3670 ἀνθρωπίνης
1111 3599 1326 3668 φύσεως
1362 3599 1514 3653 ἴδωσι
1555 3599 1653 3670 τὴν
1690 3600 1995 3667 ἀσθένειαν,

330 3683 538 3752 καὶτῆς
561 3682 656 3735 τοῦ
690 3680 826 3734 Θεοῦ
845 3681 1126 3752 δυνάμεως
1150 3679 1209 3733 τὸ
1237 3680 1485 3751 μέγεθος.

414 3765 552 3819 Ἀλλ’
591 3764 678 3818 ἵνα
715 3764 791 3833 μὴ
825 3761 987 3817 πάλιν
1015 3763 1094 3827 είς
1128 3762 1263 3817 πολὺ
1308 3762 1482 3833 μῆκος
1516 3760 1617 3832 τήν
1651 3761 1998 3818 διδασκαλίαν

329 3847 678 3917 ἐκτείνωμεν,
714 3845 875 3916 μέχρι
916 3844 1105 3898 τούτου
1130 3844 1200 3897 τά
1240 3843 1339 3915 τῆς
1368 3843 1679 3909 ὑποθέσεως
1706 3848 2000 3917 στήσαντες

329 3927 767 3999 καταπαύσωμεν
786 3926 875 3980 τὸν
891 3927 1067 3996 λόγον,
1090 3926 1564 3999 παρακαλέσαντες
1590 3928 1732 3998 ὑμᾶς
1753 3926 1999 3999 ζηλωτάς

328 4009 581 4079 γενέσθαι
609 4008 701 4063 τοῦ
722 4010 1077 4081 πατριάρχου.
1121 4008 1402 4081 Ἐννόησον
1439 4008 1568 4081 γάρ,
1601 4010 1872 4080 άγαπητὲ,
1911 4009 1998 4065 διά

326 4092 398 4147 τά
422 4094 643 4165 ῥήματα
666 4094 868 4157 ἐκεῖνα,
896 4091 931 4147 ἀ
971 4092 1103 4164 πρὸς
1137 4091 1227 4145 τὸν
1266 4092 1490 4163 βασιλέα
1528 4092 1778 4164 Σοδόμων
1813 4095 1989 4166 ἐποιή-

331 4193 483 4239 σατο,
533 4176 731 4247 μᾶλλον
781 4175 838 4230 δέ
882 4175 910 4215 ὶθ
951 4177 1041 4228 καὶ
1067 4173 1155 4228 διά
1192 4175 1291 4247 τήν
1338 4175 1503 4247 ἀλλην
1537 4176 1752 4231 ἀπασαν
1776 4176 1996 4248 ἀρετήν,

330 4260 398 4331 ήν
433 4258 520 4312 διά
552 4260 731 4329 πάσης
768 4258 1110 4311 ἐπεδείκνυτο
1133 4258 1231 4328 τῆς
1256 4257 1421 4327 ζωῆς,
1458 4257 1625 4329 πόσης
1666 4256 1872 4329 ἠξιώθη
1902 4258 2000 4328 τῆς

329 4343 583 4414 ἀμοιϐῆς,
646 4341 739 4395 καὶ
779 4341 954 4412 πόσην
1007 4338 1134 4412 περὶ
1185 4339 1346 4394 αὑτὸν
1381 4338 1481 4411 τήν
1532 4340 1935 4409 ωγκατάϐασιν
1969 4341 1998 4393 ό

330 4424 605 4494 Δεσπότης
633 4423 964 4491 ἐπεδείξατο,
982 4421 1193 4486 δεικνὺς
1218 4422 1305 4476 διά
1337 4420 1447 4477 τῶν
1484 4422 1566 4486 είς
1597 4422 1688 4476 τὸν
1732 4424 1998 4495 πατριάρ-

331 4524 433 4577 χην
465 4506 841 4579 γεγενημένων
870 4505 1074 4560 ἀπασιν
1095 4506 1228 4578 ἡμῖν
1251 4506 1346 4577 τῆς
1374 4506 1683 4579 φιλοτιμίας
1707 4507 1870 4561 αὑτοῦ
1899 4508 1999 4578 τὴν

330 4589 652 4660 ὑπερϐολήν,
686 4589 781 4642 καὶ
810 4590 914 4652 δτι,
938 4589 1040 4643 κάν
1075 4588 1246 4661 βραχύ
1294 4607 1348 4643 τι
1391 4590 1750 4664 προλαϐόντες
1799 4591 1997 4646 ἐπιδεί-

333 4669 521 4735 ξασθαι
539 4671 875 4742 δυνηθῶμεν,
905 4671 1027 4725 οὑδὲ
1054 4672 1115 4724 1:0
1136 4670 1295 4742 τυχὸν
1317 4672 1702 4744 ὑπερθέμενος,
1738 4673 1999 4744 μεγάλαις

332 4755 477 4826 ήμᾶς
507 4756 791 4824 ἀμείϐεται
838 4756 960 4818 ταῖς
1006 4754 1253 4825 δωρεαῖς,
1302 4755 1462 4828 μόνον
1482 4756 1578 4811 ἐάν
1603 4756 1868 4831 εἰλικρινῆ
1901 4757 2000 4829 τὴν

333 4835 516 4889 πίστιν
549 4835 965 4907 ἐπιδειξώμεθα,
994 4837 1242 4910 καθάπερ
1277 4839 1307 4892 ό
1328 4838 1531 4903 δίκαιος
1563 4835 1737 4906 οὗτος,
1765 4840 1857 4894 καὶ
1896 4857 2001 4911 μη·

330 4918 518 4974 δέποτε
549 4919 902 4991 σαλευώμεθα
958 4921 1049 4975 τὸν
1101 4920 1395 4994 λογισμὸν,
1446 4922 1562 4977 ἀλλ’
1601 4923 2000 4995 ἐρηρεισμένην

331 4999 544 5072 ἔχωμεν
560 5001 657 5074 τὴν
683 5001 907 5074 γνώμην
942 5044 956 5057 .
999 5003 1277 5059 Ἐντεῦθεν
1316 5006 1423 5077 γάρ
1450 5007 1544 5059 καὶ
1592 4998 1748 5068 οὗτος
1796 5006 2000 5060 εὐδοκί-

335 5101 528 5158 μησεν.
562 5086 760 5139 Ἀκουε
791 5086 899 5158 γάρ
923 5086 1019 5140 τοῦ
1051 5087 1323 5159 μακαρίου
1359 5087 1572 5142 Παύλου
1596 5087 1999 5163 ἀνακηρύττον-

331 5183 423 5233 τος
461 5167 625 5221 αὑτοῦ
688 5169 786 5239 τὴν
814 5171 1015 5237 πίστιν,
1046 5171 1115 5242 ἢν
1155 5170 1214 5237 ἐξ
1260 5171 1434 5242 ἀρχῆς
1463 5172 1557 5225 καὶ
1595 5172 1660 5226 ἐκ
1701 5171 2001 5243 προοιμίων

332 5249 662 5315 ἐπεδείξατο-
708 5251 841 5320 φησι
890 5253 1019 5323 γάρ,
1074 5254 1279 5308 Πίστει
1327 5254 1702 5324 καλούμενος
1743 5254 2001 5323 Ἀϐραὰμ

333 5330 686 5400 ὑπήκουσεν
699 5333 971 5400 ἐξελθεῖν
987 5338 1075 5402 είς
1092 5334 1196 5389 τὸν
1217 5336 1419 5401 τόπον,
1445 5335 1517 5389 ὃν
1540 5336 1757 5406 ἔμελλε
1777 5336 2000 5407 λαμϐά-

334 5429 483 5477 νειν,
511 5413 609 5468 καί
626 5412 845 5482 ἐξῆλθε
858 5416 945 5487 μὴ
966 5416 1356 5487 ἐπιστάμενος
1380 5416 1497 5472 ποῦ
1520 5417 1754 5487 ἄρχεται
1777 5436 1791 5451 ο
1826 5420 2002 5473 ἐκεῖνο

331 5497 464 5566 ἡμῖν
490 5497 855 5569 αίνιττόμενος
884 5500 945 5553 :0
977 5500 1127 5571 παρά
1155 5499 1248 5554 τοῦ
1269 5498 1406 5554 Θεοῦ
1434 5500 1722 5573 είρημένον
1745 5518 1760 5533 ·
1791 5502 2001 5566 ἐξελ-

396 5800 415 5824 ⁶
451 5802 505 5852 ιιι
535 5803 704 5855 Bibiiis
743 5805 840 5853 τῶν
862 5806 931 5854 0⁸
968 5803 1202 5854 scribitur
1238 5805 1348 5862 τοὺς
1364 5804 1608 5859 Κεναίους.
1674 5800 1702 5842 δ
1725 5800 1807 5852 Sic
1842 5801 1993 5851 Savil.

334 5869 388 5929 gi
410 5863 581 5929 ξιοηι.
604 5866 878 5918 Αιεοοιοω
899 5879 1015 5929 ωδε.
1040 5867 1121 5929 τὸν
1148 5867 1348 5928 βασιλέα
1379 5865 1602 5929 Σοδόμων
1627 5865 1705 5913 διὰ
1727 5864 1785 5913 τά
1810 5866 1998 5928 βήμαια

334 5923 510 5987 ἐκεῖνα,
529 5929 560 5975 ἃ
586 5931 862 5989 (nm-ﬂaua
901 5927 1078 5988 μᾶλλον
1096 5923 1164 5975 δεῖ

654 6028 923 6089 Ρετιιοι..
952 6026 1046 6087 ϐα
1106 6027 1265 6089 LIII.

1421 330 1488 389 IN
1523 328 1675 390 CAP.
1713 326 1806 385 XV
1841 322 2089 381 GENES.
2131 322 2367 382 IIOMIL.
2408 322 2669 379 XXXVII.

3672 338 3778 393 3&8

2105 445 2170 496 θε
2194 442 2263 496 ἐκ
2283 439 2390 508 τῆς
2412 440 2523 510 γῆς
2544 458 2683 505 σου,
2720 441 2815 494 καὶ
2844 440 3019 511 δεῦρο
3043 444 3130 508 εἰς
3151 441 3264 513 τὴν
3280 444 3417 516 γῆν,
3449 444 3529 515 ἦν
3556 447 3636 505 ἄν
3674 466 3770 506 σοι

2103 523 2297 589 δείξω.
2333 520 2483 588 Εἶδες
2508 524 2690 577 πίστιν
2723 522 2944 593 βεϐαίαν
2973 540 2988 589 ;
3014 519 3153 590 εἶδες
3200 525 3426 599 γνώμην
3467 529 3772 604 εἱλικρινῆ;

2101 606 2302 660 Τοῦτον
2329 609 2422 660 καὶ
2449 607 2610 677 ἡμεῖς
2642 604 3011 676 μιμησώμεθα
3038 607 3132 661 καὶ
3154 606 3458 680 ἐξέλθωμεν
3488 613 3555 684 τῇ
3581 611 3775 685 γνώμῃ

2100 689 2192 742 καὶ
2208 692 2275 759 τῇ
2306 688 2586 759 προθυμία
2623 690 2686 741 ἐκ
2720 687 2830 741 τῶν
2852 685 2948 740 τοῦ
2978 688 3243 760 παρόντος
3267 689 3385 761 βίου
3412 693 3773 765 πραγμάτων,

2100 770 2193 823 καὶ
2216 769 2523 841 όδεύσωμεν
2555 770 2635 833 είς
2655 768 2746 823 τὸν
2770 769 3019 841 οὐρανόν.
3070 770 3309 827 Δυνατὺν
3342 774 3474 844 γάρ,
3516 775 3615 829 ἐάν
3657 773 3777 830 ἐθέο

2099 851 2303 923 λωμεν,
2339 852 2434 906 καὶ
2478 850 2713 905 ἐνταῦθα
2760 852 3036 920 διάγοντες
3076 854 3173 924 τῆς
3206 855 3324 908 ἐκεῖ
3364 855 3488 910 ὁδοῦ
3530 856 3774 928 ἐχεοθαι,

2097 936 2225 991 ὅταν
2245 934 2370 1001 ἀξια
2390 932 2496 1011 τῶν
2515 934 2759 1005 οὐρανῶν
2787 933 3264 1007 διαπραπιῦμεθα,
3294 937 3422 993 ὅταν
3452 939 3527 1010 μή
3551 939 3679 1011 περὶ
3705 940 3777 994 τά

2096 1017 2191 1072 τοῦ
2220 1017 2425 1087 κόσμου
2457 1010 2607 1087 ὦμεν
2637 1017 2986 1088 ἐπτοημένοι,
3006 1018 3132 1072 ὅταν
3163 1019 3239 1090 μὴ
3262 1017 3360 1091 τὴν
3379 1020 3537 1088 δόξαν
3558 1010 3655 1093 τὴν
3686 1039 3775 1076 χε.

2097 1099 2194 1173 νην
2244 1098 2338 1153 τοῦ
2377 1100 2492 1170 βίου
2538 1098 2727 1154 τούτου
2759 1099 3140 1172 ἐπιζητῶμεν,
3181 1101 3316 1155 άλλά
3363 1103 3565 1175 ταύτης
3608 1105 3777 1177 ὑπερο

2098 1183 2351 1256 ορῶντες,
2384 1183 2599 1255 ἐκείνης
2624 1182 2869 1253 ἐφίεσθαι
2895 1184 3281 1257 σπουδάζωμεν
3308 1185 3407 1257 τῆς
3425 1185 3660 1257 ἀληθοῦς
3681 1188 3775 1240 καὶ

2099 1267 2183 1319 ἀεὶ
2210 1264 2474 1337 μενούσης
2492 1281 2506 1295 ·
2527 1266 2654 1318 ὃταν
2681 1266 2755 1337 μή
2786 1267 2913 1337 περὶ
2931 1266 3028 1336 τὴν
3045 1266 3146 1337 τῆς
3182 1265 3409 1337 ἐσθῆτος
3429 1266 3776 1322 πολυτέλειαν

2100 1344 2555 1417 ἀπασχολώμεθα,
2594 1345 2728 1417 μηδέ
2762 1346 2823 1400 :0
2865 1346 3024 1417 σῶμα
3055 1346 3417 1413 καλλωπίζειν
3459 1348 3775 1414 σπουδάζω·-

2102 1446 2224 1499 μεν,
2254 1430 2390 1483 ἀλλά
2412 1431 2589 1484 πάντα
2615 1428 2806 1484 τοῦτον
2843 1429 2933 1483 τὸν
2972 1429 3173 1496 ἔξωθεν
3205 1429 3408 1501 κόσμον
3450 1431 3775 1503 μετάγωμεν

2099 1513 2181 1576 είς
2198 1512 2298 1583 τὴν
2326 1512 2427 1582 τῆς
2453 1512 2630 1583 ψυχῆς
2684 1511 3022 1582 ἐπιμέλειαν,
3065 1512 3161 1565 καὶ
3194 1512 3268 1584 μή
3305 1512 3628 1584 ἀνεχώμεθα
3676 1529 3777 1582 γυ·

2103 1593 2240 1665 μνήν
2265 1593 2436 1665 αὑτὴν
2464 1596 2558 1648 καὶ
2591 1592 2796 1665 ἔρημον
2819 1593 3022 1666 ταύτης
3042 1594 3141 1664 τῆς
3164 1594 3369 1665 ἀρετῆς
3409 1594 3517 1648 τῶν
3542 1594 3775 1666 ἐνδυμά-

2097 1693 2206 1729 των
2225 1677 2485 1747 περιορᾷν
2505 1689 2520 1703 ⁸
2545 1676 2677 1731 ὅταν
2705 1676 3098 1747 καταγελῶμεν
3125 1681 3358 1749 τρυφῆς,
3391 1680 3522 1733 ὅταν
3548 1694 3776 1750 γαστρι-

2102 1759 2340 1829 μαργίαν
2365 1759 2681 1830 φεύγωμεν,
2708 1760 2835 1813 ὃταν
2867 1761 2942 1831 μὴ
2967 1760 3039 1815 τὰ
3057 1761 3335 1832 συμπόσια
3369 1762 3464 1816 καὶ
3481 1762 3551 1817 τά
3585 1762 3777 1816 δεῖπνα

2101 1842 2543 1914 μεταδιώκωμεν,
2565 1842 2704 1896 ἀλλά
2731 1842 2830 1911 τῆς
2858 1843 3190 1916 αὐταρκείας
3210 1843 3485 1915 ἐχώμεθα,
3507 1845 3647 1899 κατά
3676 1845 3777 1915 τήν

2097 1923 2459 1995 ἁποστολικήν
2480 1923 2800 1996 παραίνεσιν
2832 1923 2931 1997 τήν
2955 1924 3223 1994 λέγουσαν
3252 1945 3263 1959 ·
3306 1929 3599 1997 Ἔχοντες
3644 1926 3775 1982 δια-

2098 2006 2321 2075 τροφὰς
2363 2006 2464 2060 καί
2516 2004 2938 2075 σκεπάσματα,
2985 2008 3218 2074 τούτοις
3247 2008 3770 2078 ἀρκεσθησόμεθα.

2098 2087 2162 2139 Τί
2187 2086 2296 2158 γάρ
2324 2086 2537 2157 δφελος,
2565 2086 2687 2140 είπέ
2718 2105 2831 2158 μοι,
2864 2087 2973 2141 τῶν
3004 2089 3293 2160 περιττῶν,
3313 2090 3407 2143 καὶ
3432 2088 3525 2144 τοῦ
3556 2089 3654 2162 τήν
3673 2106 3774 2159 γα-

2100 2168 2266 2240 στέρα
2292 2167 2719 2240 διαβρήγνυσθαι
2749 2169 2853 2222 ὑπὸ
2880 2169 2980 2240 τῆς
3003 2170 3202 2243 πολλῆς
3222 2171 3584 2242 άδδηφαγίας,
3614 2171 3648 2244 ἦ
3678 2172 3771 2227 τοῦ

2097 2250 2360 2322 λογισμοῦ
2382 2251 2442 2304 τὸ
2462 2252 2743 2323 κριτήριον
2767 2252 2899 2323 ημῖν
2925 2251 3331 2325 διαφθείρεσθαι
3360 2253 3469 2308 ἀπὸ
3502 2253 3604 2324 τῆς
3639 2254 3777 2326 ἀμέ-

2098 2350 2227 2406 τρου
2238 2334 2577 2400 οίνοποσίας;
2600 2333 2768 2406 ήοὺχὶ
2788 2335 3036 2390 ἐντεῦθεν
3055 2334 3205 2409 [580]
3225 2336 3318 2389 καὶ
3343 2335 3421 2407 τῷ
3442 2335 3654 2408 σώματι
3677 2333 3770 2390 καὶ

2097 2418 2165 2487 τῇ
2186 2414 2331 2487 ψυχῇ
2358 2415 2535 2471 πάντα
2562 2416 2804 2473 τίκτεται
2836 2419 2903 2473 τὰ
2932 2419 3100 2484 κακά;
3135 2419 3306 2474 Πόθεν
3328 2420 3436 2491 γάρ
3461 2421 3517 2474 αί
3547 2419 3691 2474 νόσοι
3714 2419 3773 2474 aI

2100 2498 2458 2563 παντοδαπαὶ,
2487 2498 2706 2554 καὶτῶν
2734 2499 2913 2572 μελῶν
2933 2501 3323 2573 αίδιαστροφαί
3347 2519 3363 2569 ;
3404 2503 3540 2573 Οὐχὶ
3582 2502 3771 2556 ἐντεῦυ

2099 2579 2191 2634 θεν
2209 2582 2317 2636 ἀπὸ
2341 2582 2434 2636 τοῦ
2464 2581 2561 2655 τὴν
2587 2583 2777 2655 χρείαν
2808 2586 2953 2655 ὑμᾶς
2982 2584 3406 2656 ὑπερϐαίνοντας
3455 2584 3592 2657 βαρὺ
3638 2601 3775 2658 φορ-

2099 2664 2212 2720 τίον
2241 2664 2539 2720 ἐπιτιθέναι
2565 2669 2632 2737 τῇ
2663 2667 2860 2738 γαστρί
2885 2683 2901 2733 ;
2922 2667 3090 2722 Πόθεν
3107 2668 3166 2723 δέ
3191 2669 3248 2723 αί
3274 2670 3532 2740 μοιχεῖαι,
3560 2669 3617 2723 αί
3642 2685 3770 2740 πορ-

2099 2749 2257 2811 νείαι,
2284 2746 2342 2800 ai
2372 2748 2637 2820 ἁρπαγαὶ,
2667 2748 2723 2800 ai
2742 2748 3066 2816 πλεονεξίαι,
3100 2751 3151 2804 οί
3178 2750 3350 2819 φόνοι,
3403 2751 3459 2803 ai
3506 2750 3773 2821 λῃστεῖαι,

2101 2828 2195 2885 καὶ
2228 2829 2377 2883 πᾶσα
2401 2828 2497 2899 τῆς
2519 2829 2698 2900 ψυχῆς
2735 2831 2769 2901 ή
2794 2830 3096 2903 διαφθοράς
3151 2832 3225 2887 ού
3251 2831 3342 2885 διά
3364 2832 3426 2886 :0
3472 2831 3565 2885 :06
3594 2832 3777 2886 πλείο-

2100 2928 2188 2976 νος
2219 2910 2465 2981 ἐφίεσθαι
2496 2912 2596 2984 τῆς
2620 2914 3005 2984 συμμετρίας;
3054 2914 3267 2984 Ὠσπερ
3309 2914 3420 2986 γάρ
3466 2912 3622 2986 ῥίζαν
3664 2914 3776 2970 τῶν

2101 2992 2288 3048 κακῶν
2315 2996 2568 3049 ἁπάντων
2609 2994 2706 3066 τήν
2753 2995 3118 3068 φιλαργυρίαν
3158 2998 3188 3051 ό
3232 2995 3442 3061 Παῦλος
3489 2995 3770 3060 ἐκάλεσεν.

2100 3077 2271 3143 οὕτως
2302 3080 2405 3133 οὑκ
2455 3078 2520 3134 ἄν
2547 3095 2629 3144 τις
2663 3078 2900 3151 ἁμάρτοι
2943 3079 3127 3152 πηγήν
3159 3080 3266 3134 τῶν
3298 3078 3484 3135 κακῶν
3523 3079 3778 3134 ἀπάντων

2102 3161 2425 3233 προσκαλῶν
2447 3161 2548 3234 τὴν
2574 3161 2863 3233 ἀμετρίαν,
2881 3162 2975 3216 καὶ
3004 3161 3064 3215 :0
3092 3163 3190 3233 τήν
3217 3163 3406 3234 χρείαν
3433 3164 3518 3233 ἐφ’
3546 3162 3778 3219 nam

2103 3244 2388 3315 βούλεσθαι
2418 3247 2570 3317 ἡμᾶς
2603 3244 2972 3316 ὑπερϐαίνειν.
3007 3244 3198 3316 Είγάρ
3230 3246 3565 3317 ἐϐουλόμεθα
3601 3246 3695 3302 καὶ
3717 3246 3779 3301 ἐν

2100 3332 2170 3400 τῇ
2194 3330 2394 3399 τροφῇ,
2419 3329 2514 3381 καὶ⁵
2539 3330 2598 3381 ἐν
2624 3330 2735 3389 τοῖς
2767 3327 3053 3397 ἐνδύμασι,
3088 3328 3185 3380 καὶ
3229 3328 3289 3380 ἐν
3323 3332 3437 3392 τοῖς
3485 3328 3777 3398 οίκήμασι.

2103 3410 2198 3462 καὶ
2221 3412 2279 3463 ἐν
2302 3410 2422 3470 ταίς
2448 3407 2659 3477 χρείαις
2682 3409 2800 3469 ταῖς
2820 3406 3007 3469 ἄλλαις
3048 3408 3169 3469 ταῖς
3201 3411 3541 3477 σωματικαῖς
3563 3410 3639 3478 μὴ
3668 3409 3775 3462 αὑ-

2100 3491 2212 3544 τῶν
2238 3489 2506 3559 ἐφίεσθαι,
2538 3488 2674 3542 ἀλλά
2701 3488 2770 3540 τά
2789 3489 3063 3556 ἀναγκαία
3099 3487 3262 3558 μόνον
3309 3488 3610 3560 ἐπιζητείν,
3648 3489 3780 3544 πολ-

2101 3570 2201 3642 λῆς
2238 3569 2303 3625 ἀν
2327 3569 2504 3640 λύμης
2525 3568 2844 3639 ἀπήλλακτο
2864 3568 2923 3622 :0
2951 3567 3062 3622 τῶν
3087 3567 3392 3641 ἀνθρώπων
3420 3572 3596 3640 γένος.

2170 3658 2232 3707 ε’.
2270 3650 2410 3705 Ἀλλ’
2434 3652 2534 3705 οὑκ
2562 3645 2661 3705 οἷδ’
2680 3650 2829 3716 ὅπως
2860 3650 3091 3715 ἕκαστος
3115 3650 3272 3722 ήμῶν
3293 3654 3435 3707 κατὰ
3460 3653 3557 3727 τήν
3583 3655 3777 3712 ἐαυτοῦ

2099 3736 2328 3809 δύναμιν
2339 3735 2399 3790 :0
2422 3736 2521 3808 τῆς
2545 3733 2858 3801 πλεονεξίας
2887 3734 3100 3805 νόσημα
3128 3734 3441 3807 δεξάμενος,
3472 3738 3771 3809 φιλονεικεῖ

2106 3820 2375 3893 μηδέποτε
2397 3819 2526 3871 είσω
2553 3817 2659 3871 τῶν
2697 3817 2796 3888 τῆς
2824 3818 3012 3891 χρείας
3040 3809 3182 3891 ὅρων
3214 3820 3479 3889 γίνεσθαι,
3509 3822 3625 3877 ἀλλ’
3671 3824 3778 3878 ἀπ-

2101 3904 2348 3965 εναντίας
2374 3903 2441 3971 τῇ
2471 3899 2798 3971 άποστολικῇ
2825 3900 3139 3973 παραινέσει
3174 3905 3240 3975 τῇ
3278 3903 3527 3977 λεγούσῃ,
3558 3908 3777 3980 Ἔχον..

2101 4004 2199 4053 τες
2225 3985 2545 4055 διατροφὰς
2565 3984 2662 4038 καί
2696 3984 3112 4055 σκεπάσματα,
3136 3989 3369 4056 τούτοις
3398 3991 3772 4061 ἀρκεσθησδ.

2096 4070 2268 4139 μεθα,
2293 4067 2467 4131 οὕτως
2492 4068 2653 4138 ήμεῖς
2672 4066 2886 4121 ἅπαντα
2912 4069 3225 4140 πράττομεν
3261 4081 3284 4110 ο
3305 4109 3321 4136 ,
3351 4072 3452 4126 οὑκ
3478 4074 3678 4141 εἰδότες
3697 4077 3776 4141 ὡς

2104 4151 2319 4205 πάντων
2365 4150 2473 4204 τῶν
2526 4150 2666 4219 ὑπὲρ
2711 4150 2813 4220 τήν
2854 4151 3045 4221 χρείαν
3062 4151 3162 4223 τήν
3197 4154 3501 4223 ἀναγκαίαν
3545 4157 3776 4225 εὐθύνας

2102 4235 2197 4287 καὶ
2211 4233 2367 4303 λόγον
2391 4232 2681 4303 ὑφέξομεν,
2714 4233 2791 4297 ῶς
2809 4234 2871 4286 οὑ
2898 4232 3127 4299 δεόντως
3144 4236 3472 4308 κεχρημένοι
3492 4242 3602 4304 τοῖς
3623 4241 3777 4313 παρὰ

2100 4314 2196 4370 τοῦ
2229 4316 2502 4370 Δεσπότου
2524 4317 2656 4387 ήμῐν
2681 4316 3124 4388 παρασχεθεῐσιν.
3161 4320 3236 4373 οο
3263 4321 3373 4391 γὰρ
3406 4321 3494 4376 ἵνα
3525 4324 3607 4387 είς
3639 4324 3775 4379 a106-

2101 4399 2293 4453 λαυσιν
2314 4398 2588 4470 ήμετέραν
2620 4399 2776 4469 μόνον
2802 4400 3264 4472 ἀποχρησώμεθα,
3283 4402 3457 4459 ταῦτα
3475 4405 3606 4476 ήμῖν
3628 4421 3776 4479 παρ·

2106 4483 2317 4555 έσχετο,
2353 4481 2468 4535 ἀλλ’
2514 4482 2600 4535 ἵνα
2632 4482 2721 4536 καὶ
2768 4482 2879 4536 τῶν
2892 4484 3311 4556 όμογενῶντήν
3356 4485 3564 4543 ινδειαν
3598 4503 3777 4560 παρα-

2106 4563 2497 4638 μυθησώμεθα.
2520 4565 2688 4630 Ποίας
2720 4566 2788 4620 ἂν
2811 4561 2906 4621 οῦν
2927 4563 3039 4621 είεν
3068 4567 3395 4639 συγγνώμης
3436 4570 3577 4635 ἀξιοι
3601 4572 3652 4625 oi
3680 4572 3778 4626 καὶ

2103 4652 2161 4703 ἐν
2184 4648 2455 4720 ἐσθήμασι
2487 4647 2684 4719 πολλὴν
2710 4648 2808 4717 τὴν
2830 4648 3086 4719 βλακείαν
3117 4650 3567 4722 ἐπιδεικνύμενοι,
3588 4653 3684 4708 καὶ
3705 4656 3776 4709 τά

2104 4737 2213 4790 τῶν
2237 4735 2533 4807 σκωλήκων
2550 4735 2770 4806 νήματα
2804 4735 3220 4807 περιϐάλλεσθαι
3259 4737 3647 4804 σπουδάζοντες
3666 4778 3682 4801 ,
3711 4741 3777 4796 :0

2102 4819 2162 4874 δέ
2187 4816 2588 4890 χαλεπώτατον,
2611 4816 2706 4871 καὶ
2737 4817 2832 4871 ἐπὶ
2855 4817 3063 4881 τούτοις
3091 4816 3237 4888 μέγα
3260 4818 3612 4890 φρονοῦντες,
3654 4820 3774 4878 δέον

2103 4899 2538 4970 ἐγκαλύπτεσθαι
2589 4900 2686 4954 καὶ
2723 4899 3018 4955 δεδοικέναι
3074 4902 3170 4955 καὶ
3212 4902 3458 4974 τρέμειν,
3489 4903 3572 4958 δτι
3609 4905 3773 4971 αὑτὸς

2107 4986 2207 5055 μὲν
2250 4985 2331 5048 εἰς
2362 4983 2514 5038 οὑδέν
2543 4982 2666 5036 δέον
2688 4982 2812 5037 οὑδέ
2863 4982 3054 5054 χρείας
3098 4984 3303 5048 ἐνεκεν.
3347 4983 3485 5039 ἀλλά
3515 4984 3772 5057 βλακείας

2109 5069 2204 5122 καὶ
2230 5065 2531 5131 κενοδοξίας
2555 5066 2736 5138 χάριν,
2767 5066 2859 5121 καί
2889 5065 3028 5120 ῶστε
3064 5067 3170 5120 ὑπὸ
3196 5066 3305 5121 τῶν
3338 5067 3613 5140 ἀγοραίων
3641 5068 3773 5123 θαυ-

2109 5148 2406 5220 μασθῆναι,
2434 5146 2658 5202 τοιαῦτα
2685 5147 3028 5218 περίκεισαι*
3064 5151 3094 5203 ό
3130 5148 3188 5203 δέ
3218 5149 3319 5220 τῆς
3349 5150 3520 5221 αὐτῆς
3556 5150 3638 5204 σοὶ
3671 5151 3774 5222 φύ-

2109 5246 2246 5294 σεως
2277 5229 2555 5300 τυγχάνων
2604 5230 2808 5301 γυμνὸς
2847 5231 3140 5303 περίεισιν.
3178 5231 3302 5285 οὑδέ
3347 5232 3507 5304 ἀδρδν
3559 5232 3772 5304 ἱμάτιον

2108 5314 2496 5386 περιϐαλέσθαι
2517 5316 2684 5386 ἔχων⁸
2713 5315 2805 5369 καὶ
2827 5315 2951 5369 οὕτε
2982 5318 3016 5387 ή
3053 5314 3216 5386 φύσις
3247 5314 3386 5387 αὑτὴ
3437 5317 3517 5380 είς
3548 5317 3771 5388 συμπά-

2108 5390 2259 5448 θειάν
2291 5412 2349 5448 σε
2380 5396 2548 5459 ἕλκει,
2581 5397 2702 5452 οὑδέ
2727 5397 2787 5451 :0
2815 5397 3055 5460 συνειδὸς
3075 5395 3329 5468 διεγείρει
3364 5397 3500 5469 πρὸς
3547 5397 3646 5468 τὴν
3678 5399 3764 5453 ἀνα

2106 5476 2320 5549 τίληψιν
2340 5479 2434 5532 τοῦ
2460 5481 2773 5550 ὁμογενοῦς,
2801 5478 2924 5533 οὑτε
2959 5482 2992 5552 ή
3024 5480 3201 5533 ἔννοια
3240 5480 3338 5548 τῆς
3365 5479 3599 5551 φοϐερᾶς
3638 5481 3772 5552 ήμέ-

2173 5679 2195 5747 ¹ξ
2220 5678 2386 5747 οῦτως
2408 5678 2542 5747 ἡμεῖς
2560 5679 2745 5747 ἅπαντα
2775 5677 3057 5747 πράττομεν.
3085 5676 3200 5747 IIic_
3218 5676 3645 5747 c_lfcbris_pcrsonr
3667 5691 3774 5747 [lm-

2113 5738 2376 5801 uiionibus
2419 5738 2574 5788 u‘liiur
2638 5738 3034 5801 Chrystkiomus;
3105 5739 3275 5801 incipit
3340 5738 3472 5801 enim
3530 5753 3556 5785 τι
3619 5738 3774 5801 mima

2106 5800 2428 5870 piutaii.hinc
2451 5798 3029 5870 aduriignn’pluniem.‘
3065 5798 3346 5870 dpiodcque
3400 5800 3461 5870 uti
3507 5800 3770 5870 εοευιιιρηι

2103 5858 2404 5929 Singularem
2449 5864 2688 5927 procedit,
2727 5858 3022 5926 ιιύιιιυηισιυε
3046 5864 3106 5914 ad
3158 5858 3355 5914 icriiam
3404 5858 3648 5929 pluralem
3676 5867 3771 5903 ειε-

2103 5926 2193 5977 «ιιι.

3377 5988 3459 6050 22
