4084 6214
232 342 242 349 —
319 307 426 365 3‘19

319 442 415 499 (τις
444 424 677 494 ἐκείνης,
706 421 831 476 οὔτε
850 423 946 493 τῆς
976 419 1202 489 γεέννης
1224 418 1253 470 ό
1283 414 1446 486 φόϐος
1471 453 1486 478 ,
1524 412 1647 467 οὗτε
1671 411 1779 467 τῶν
1825 412 1995 478 ἐπαγο

319 512 520 584 γελιῶν
549 512 611 564 τὸ
636 508 863 581 μέγεθος
888 549 904 576 ,
938 505 1062 561 οὔτε
1085 506 1148 559 τὸ
1170 503 1333 558 αὑτὸν
1365 502 1456 557 τὸν
1486 500 1665 555 κοινὸν
1695 499 1853 571 ἡμῶν
1897 499 1989 551 Δε-

309 600 518 671 σπότην
538 598 792 653 ἀπάντων
808 592 1139 649 οἰκειοῦσθαι
1166 592 1236 646 τὰ
1259 592 1341 654 εἰς
1368 590 1497 653 τοὺς
1521 588 1806 658 ὁμογενεῖς
1852 601 1941 671 γιν
1959 592 1992 635 ’.ο

311 706 452 761 μενα
474 669 488 714 λ
509 686 646 743 ἀλλά
670 685 925 755 καθάπερ
957 681 1167 754 λιθίνην
1191 679 1421 751 καρδίαν
1460 677 1700 748 ἔχοντες,
1750 673 1847 728 καὶ
1891 669 1998 736 ἔξω

308 776 408 848 τῆς
430 775 643 848 φύσεως
660 774 832 839 ὄντες,
852 771 994 827 οὕτω
1014 770 1299 840 νομίξουσι
1318 767 1503 820 λοιπὸν
1526 763 1720 835 διάτὴν
1734 761 1843 816 τῶν
1862 761 1994 848 ίμα-

309 847 740 935 τίωνπεριόολὴν
757 861 849 916 καὶ
864 858 1123 930 ἀνώτεροι
1138 856 1236 927 τῆς
1250 852 1595 925 ἀνθρωπίνης
1605 852 1821 920 φύσεως
1833 847 1991 910 εἶναι,

308 958 410 1006 οὑκ
423 948 724 1013 ἐννοοῦντες
739 949 878 1003 ὅσων
890 945 1225 1008 ὑπευθύνους
1236 942 1463 1007 ἑαυτοὺς
1475 940 1785 1002 καθιστᾶσι,
1806 937 1993 1000 κακῶς

311 1039 721 1111 οἰκονομοῦντες
741 1037 809 1092 τά
823 1034 974 1108 παρὰ
986 1033 1079 1087 τοῦ
1111 1035 1176 1086 Δε
1185 1032 1383 1085 σπότου
1405 1030 1585 1094 αὐτοῖς
1608 1026 1993 1100 ἐμπιστευθέν-

311 1145 403 1193 τα,
415 1127 507 1181 καὶ
521 1125 583 1179 οὐ
601 1124 909 1196 βουλόμενοι
925 1124 1035 1186 τοῖς
1049 1119 1351 1182 συνδούλοις
1359 1118 1556 1172 διδόναι
1568 1135 1617 1171 τι
1635 1116 1798 1188 μέρος
1813 1128 1860 1179 ι,
1876 1113 1989 1168 ἀλλ’

307 1211 482 1282 ἡδέως
494 1210 722 1280 ἀφέντες
735 1208 839 1262 ὑπὸ
852 1207 959 1261 τῶν
975 1205 1154 1277 σητῶν
1164 1202 1305 1259 αὐτὰ
1317 1201 1828 1264 καταναλίσκεσθαι,
1842 1199 1944 1268 δαύ
1953 1216 1990 1252 ι-

312 1299 564 1372 λέστερον
589 1299 772 1363 αὐτοῖς
791 1297 854 1350 τὸ
880 1296 981 1367 τῆς
1005 1296 1231 1366 γεέννης
1259 1293 1372 1365 πῦρ
1405 1293 1505 1365 ήδη
1541 1291 1992 1364 προευτρεπίζου-

313 1404 427 1452 σιν;
454 1388 515 1440 El
546 1386 656 1458 7&9
689 1385 785 1440 καὶ
828 1384 1006 1439 πάντα
1049 1384 1112 1437 τά
1154 1379 1302 1437 ἐνδον
1339 1380 1677 1451 ἀποκείμενα
1715 1378 1988 1449 διένειμαν

310 1475 421 1537 τοῖς
454 1472 729 1543 δεομένοις
757 1473 809 1525 οί
842 1470 1220 1534 πλουτοῦντες,
1251 1469 1346 1524 καὶ
1366 1467 1541 1533 οὕτως
1563 1468 1662 1521 οὐκ
1684 1467 1749 1521 ἂν
1773 1466 1871 1537 τὴν
1893 1465 1987 1520 κό-

309 1560 465 1614 λασιν
491 1559 746 1630 διέφυγον
771 1559 911 1630 ὑπὲρ
940 1552 1016 1612 ὧν
1039 1557 1351 1630 τρυφῶντες
1378 1557 1472 1614 καὶ
1498 1558 1556 1609 ἐν
1578 1557 1692 1617 τοῖς
1714 1553 1986 1624 ἐσθήμασι

311 1649 406 1701 καὶ
431 1649 488 1700 ἐν
512 1650 634 1711 ταῖς
663 1646 941 1699 ἑστιάσεσι
967 1636 1255 1701 διετέλουν.
1287 1644 1467 1715 Πόσης
1495 1642 1647 1715 [581]
1667 1641 1776 1713 7&9
1794 1642 1895 1695 οὐκ
1919 1641 1986 1694 ἂν

310 1731 422 1787 εἷεν
465 1732 744 1797 κολάσεως
781 1732 922 1797 ἄξιοι
964 1733 1014 1786 οἰ
1057 1733 1237 1786 πάντα
1263 1733 1466 1803 τρόπον
1496 1725 1888 1792 σπουδάζοντες
1917 1727 1985 1781 τὰ

313 1821 412 1891 μὲν
439 1820 641 1891 σηρικά
672 1818 1102 1891 περιὸεὸλῆσθαι
1138 1819 1401 1882 πολλάκις
1432 1816 1642 1888 ίμάτια,
1673 1816 1768 1869 καὶ
1807 1815 1984 1869 σοϐεῖν

310 1909 404 1961 ἐπὶ
436 1908 535 1978 τῆς
559 1908 786 1978 ἀγορᾶς,
817 1907 912 1961 καί⁸
933 1907 1003 1960 τὰ
1032 1906 1132 1978 μὲν
1164 1906 1372 1976 χρυσίῳ
1404 1900 1798 1974 καθυφασμένα
1831 1917 1987 1972 περι-

311 1993 547 2059 κεῖσθαι,
571 1994 644 2049 τά
671 1994 728 2047 δέ
755 1994 851 2047 καὶ
881 1994 1056 2057 άλλως
1081 2010 1199 2057 πως
1240 1991 1608 2054 πεποικίλθαι,
1636 1989 1727 2043 τὸν
1762 1989 1821 2043 δὲ
1852 1988 1985 2061 Χρι-

312 2081 435 2137 στδν
461 2082 721 2154 περιορᾷν
745 2079 972 2153 γυμνόν.
997 2082 1091 2134 καί
1119 2079 1252 2151 μηδέ
1281 2079 1381 2151 τῆς
1401 2079 1707 2147 ἀναγκαίας
1731 2078 1984 2150 εὐπορεῖν

307 2169 551 2241 τροφῆς;
582 2169 835 2223 Μάλιστα
854 2170 965 2240 γάρ
998 2185 1090 2240 μοι
1116 2167 1254 2239 πρὸς
1279 2167 1379 2231 τάς
1401 2170 1660 2239 γυναῖκας
1684 2159 1845 2233 οὗτος
1872 2167 1938 2221 ἂν
1956 2168 1984 2222 ό

309 2258 464 2327 λόγος
504 2258 781 2329 ἁρμόσειε.
827 2258 1055 2311 Πλείονα
1097 2256 1206 2328 γάρ
1244 2257 1382 2328 παρ’
1400 2256 1591 2320 αὐταῖς
1626 2255 1773 2311 ἐστιν
1805 2255 1984 2328 εὑρεῖν

306 2347 406 2416 τὴν
436 2344 792 2415 φιλοκοσμίαν
821 2346 914 2403 καὶ
941 2344 1039 2416 τὴν
1071 2343 1332 2411 ἀσωτίαν,
1365 2344 1458 2398 καὶ
1486 2343 1547 2398 τὸ
1573 2341 1710 2414 μετά
1740 2342 1848 2397 τῶν
1870 2345 1985 2398 δια-

308 2435 524 2506 χρύσων
556 2433 786 2503 ίματίων
816 2435 910 2488 καί
937 2433 1005 2487 τὰ
1031 2432 1231 2506 χρυσία
1257 2430 1395 2487 αύτά
1424 2431 1769 2504 περικεῖσθαι
1797 2433 1889 2485 ἐπί
1920 2449 1979 2485 τε

305 2522 405 2593 τῆς
427 2520 688 2592 κεφαλῆς,
717 2520 809 2575 ἐπί
830 2537 888 2574 τε
910 2520 1006 2574 τοῦ
1033 2521 1303 2594 τραχήλου
1334 2520 1431 2574 καὶ
1448 2520 1542 2574 τοῦ
1571 2519 1759 2574 λοιποῦ
1790 2518 1980 2593 σώμα-

305 2626 419 2675 τος.
449 2609 544 2664 καὶ
571 2608 712 2680 μέγα
741 2610 960 2681 φρονεῖν
989 2610 1082 2664 ἐπὶ
1103 2610 1335 2673 τούτοις.
1363 2608 1572 2674 Πόσων,
1599 2608 1721 2662 εἰπέ
1750 2625 1860 2680 μοι,
1893 2625 1983 2663 πε-

307 2696 482 2768 νήτων
499 2697 773 2770 γαστέρας
792 2698 1054 2770 ἡδύναντο
1074 2698 1598 2773 παραμυθήσασθαι,
1616 2697 1707 2751 καὶ
1724 2697 1865 2750 πόσα
1881 2696 1984 2750 σώ-

309 2801 455 2855 ματα
487 2786 941 2858 γυμνητευόντων
979 2787 1252 2841 σκεπάσαι
1287 2787 1357 2842 τά
1381 2785 1604 2840 ἐπὶτῶν
1636 2783 1791 2838 ὤτων
1823 2785 1983 2856 μόνον

307 2874 701 2945 ἐκκρεμάμενα
729 2874 906 2947 μάτην
929 2873 1023 2948 καὶ
1039 2876 1186 2946 είκῆ,
1217 2874 1313 2929 καὶ
1334 2875 1420 2928 ἐπ’
1444 2873 1618 2928 οὐδενί
1640 2872 1839 2944 κέρδει,
1863 2872 1981 2927 ἀλλ’

306 2963 339 3033 ἥ
378 2963 540 3033 μόνον
565 2964 658 3017 ἐπὶ
685 2962 858 3036 βλάϐῃ
882 2965 976 3017 καὶ
1005 2963 1153 3037 λύμῃ
1180 2964 1387 3035 ψυχῆς;
1412 2963 1510 3017 Διά
1532 2961 1690 3016 τοῦτο
1716 2962 1808 3016 καὶ
1829 2963 1857 3015 ό
1884 2962 1984 3033 τῆς

305 3047 630 3119 οἰκουμένης
654 3048 973 3114 διδάσκαλος
997 3048 1192 3114 εἰπὼν,
1216 3051 1505 3119 Ἔχοντες
1530 3048 1852 3117 διατροφὰς
1879 3046 1979 3103 καὶ

305 3134 724 3204 σκεπάσματα,
755 3137 1034 3208 μετήγαγε
1065 3136 1227 3191 πάλιν
1253 3138 1344 3192 ἐπὶ
1369 3137 1469 3201 τὰς
1498 3139 1761 3204 γυναῖκας
1783 3135 1874 3189 τδν
1896 3134 1983 3187 λό-

306 3238 423 3292 γον,
446 3222 539 3276 καί
572 3239 728 3294 φησι,
757 3221 853 3291 Μὴ
881 3224 950 3277 ἐν
978 3223 1321 3294 πλέγμασιν
1356 3224 1395 3292 ἢ
1427 3221 1655 3293 χρυσῷν
1687 3222 1725 3290 ἢ
1759 3238 1982 3292 μαργα-

302 3310 498 3379 ρίταις
529 3309 569 3380 ἢ
599 3308 892 3381 ἱματισμῷ
926 3311 1252 3366 πολυτελεῖ
1285 3311 1534 3382 κοσμεῖν
1569 3309 1807 3377 ἑαυτάς.
1839 3311 1980 3381 Ὅρα

306 3397 425 3464 πῶς
458 3398 519 3452 οὐ
553 3398 803 3470 βούλεται
826 3398 1037 3463 τούτοις
1067 3400 1408 3470 κοσμεῖσθαι,
1439 3399 1560 3453 οὐδὲ
1592 3398 1795 3470 χρυσία
1825 3414 1979 3470 περι-

307 3486 539 3551 κεῖσθαι,
567 3485 687 3541 ούδέ
715 3488 1063 3561 μαργαρίτας
1089 3487 1184 3541 καὶ
1212 3488 1401 3559 ἰμάτια
1420 3484 1709 3557 πολυτελῆσ
1731 3485 1867 3541 ἀλλά
1889 3485 1980 3539 τδν

306 3577 482 3650 ἀληθῆ
505 3578 708 3649 κόσμον
739 3577 831 3631 ἐπὶ
860 3578 959 3649 τὴν
991 3577 1173 3649 ψυχὴν
1207 3578 1483 3648 μετάγειν,
1512 3577 1606 3630 καὶ
1639 3576 1727 3631 διὰ
1747 3577 1845 3648 τῆς
1871 3577 1980 3630 τῶν

305 3664 524 3735 ἀγαθῶν
549 3665 725 3739 ἐργων
751 3665 1003 3737 πράξεως
1026 3665 1088 3720 τὸ
1108 3665 1303 3731 κάλλος
1322 3665 1422 3737 τῆς
1441 3665 1622 3736 ψυχῆς
1646 3665 1977 3736 φαιδρύνειν,

308 3757 402 3812 καὶ
434 3757 509 3831 μὴ
540 3759 669 3829 περί
688 3754 859 3812 ταῦτα
893 3755 1236 3828 ἐπτοημένην
1261 3757 1521 3827 πριορᾷν
1549 3755 1766 3826 ἐκείνην
1798 3753 1981 3826 ῥυπῶ-

309 3864 429 3910 ααν,
450 3845 773 3916 αὐχμῶσαν,
792 3845 957 3915 ῥάκια
980 3843 1274 3916 περιδεδλη
1283 3843 1472 3914 μένην,
1491 3840 1634 3914 λιμῷ
1649 3840 1977 3913 τηκομένην,

308 3933 413 3987 ὑπὸ
434 3931 527 3986 τοῦ
555 3930 769 4004 κρυμοῦ
801 3930 1172 4002 πηγνυμένην.
1214 3929 1278 3985 Ἦ
1296 3929 1405 4002 γὰρ
1435 3929 1638 4000 σπουδὴ
1667 3927 1809 4000 αὕτη
1832 3928 1926 3982 καὶ
1951 3930 1979 3982 ὁ

308 4020 437 4091 περί
467 4019 528 4074 τδ
558 4019 718 4090 σῶμα
739 4018 1146 4090 καλλωπισμὸς,
1174 4018 1388 4090 ἐκείνης
1419 4017 1657 4071 δείκνυσι
1684 4015 1782 4088 τὴν
1809 4017 1978 4088 ἀμορ-

308 4105 457 4175 φίαν,
499 4106 593 4160 καὶ
638 4108 674 4178 ἡ
722 4104 912 4160 τούτου
954 4104 1137 4178 τρυφὴ
1174 4105 1390 4175 ἐκείνης
1421 4104 1513 4158 τὸν
1552 4102 1708 4174 λιμὸν
1747 4104 1980 4174 φανερὸν

305 4192 625 4266 καθίστησι,
653 4194 746 4248 καὶ
784 4196 817 4265 ἡ
868 4194 995 4264 περὶ
1026 4193 1125 4265 τήν
1161 4192 1365 4265 ἐσθῆτα
1413 4191 1730 4246 πολυτέλεια
1762 4191 1978 4262 ἐκείνης

303 4281 404 4353 τὴν
442 4281 762 4352 γυμνότητα
800 4280 1069 4349 ἐκφαίνει.
1109 4279 1245 4333 Οὑδέ
1276 4280 1384 4352 7&9
1416 4274 1526 4333 οἷόν
1559 4281 1623 4334 τέ
1652 4298 1772 4335 τινα
1797 4278 1979 4348 ψυχῆς

305 4366 753 4437 ἐπιμελούμενον,
783 4367 878 4422 καὶ
906 4365 1003 4435 τὴν
1024 4366 1326 4437 εὐμορφίαν
1349 4365 1562 4435 ἐκείνης
1584 4366 1678 4420 καὶ
1701 4365 1762 4420 τὸ
1783 4365 1978 4430 κάλλος

304 4458 432 4529 περὶ
453 4454 649 4509 πολλοῦ
673 4456 1010 4522 ποιούμενον,
1034 4454 1170 4526 πρὸς
1192 4455 1285 4508 τὸν
1303 4452 1413 4518 ἔξω
1429 4452 1633 4526 κόσμον
1657 4453 1973 4525 ἐπτοῆσθαιθ

301 4544 493 4616 ὥσπερ
549 4542 712 4597 πάλιν
755 4539 1013 4596 ἀδύνατόν
1058 4559 1178 4596 τινα
1220 4540 1356 4613 πρὸς
1390 4541 1490 4613 τὴν
1534 4542 1834 4611 φαντασίαν
1876 4543 1977 4610 τὴν

304 4631 504 4696 ἔξωθεν
541 4629 894 4703 ἐσχολακότα,
925 4630 1019 4684 καὶ
1057 4629 1160 4701 τῆς
1189 4627 1416 4700 ἐσθῆτος
1448 4628 1539 4683 τδν
1566 4628 1973 4700 καλλωπισμὸν,

302 4721 397 4775 καὶ
444 4719 537 4775 τὸν
581 4718 691 4774 ἀπὸ
727 4718 837 4772 τῶν
878 4718 1115 4790 χρυσίων
1160 4718 1385 4789 κόσμον,
1435 4716 1651 4789 ἐκείνης
1690 4717 1976 4790 ἡντιναοῦν

304 4808 573 4864 ποιεῖσθαι
599 4806 874 4880 φροντίδα.
913 4808 1050 4862 Πότε
1078 4807 1188 4877 γάρ
1225 4805 1472 4871 ἀνέξεται
1509 4810 1542 4878 ἡ
1576 4805 1798 4877 τοιαύτη
1826 4806 1973 4880 ψυχὴ

299 4896 410 4950 τῶν
454 4895 683 4950 δεόντων
724 4913 777 4950 τι
834 4895 1095 4963 συνιδεῖν,
1133 4895 1169 4966 ἤ
1217 4896 1297 4958 εἰς
1337 4893 1546 4950 ἔννοιαν
1587 4896 1975 4966 πνευματικῶν

301 4985 643 5058 πραγμάτων
678 4984 959 5049 εἰσελθεῖν,
990 4984 1135 5051 ἀπαξ
1162 4984 1290 5053 περὶ
1314 4983 1381 5038 τά
1404 4985 1566 5054 γήϊνα
1599 4984 1799 5055 ἑαυτὴν
1823 4985 1975 5039 ἐκδε-

299 5074 525 5138 δωκυῖα,
559 5073 654 5126 καὶ
683 5073 879 5144 χαμαὶ,
924 5072 999 5136 ὠς
1033 5074 1228 5136 εἰπεῖν,
1266 5072 1564 5146 συρομένη,
1593 5073 1687 5127 καὶ
1716 5072 1970 5128 οὐδέποτε

299 5158 634 5216 ἀναπνεῦσαι
669 5159 963 5230 δυναμένη,
1005 5157 1142 5212 ἀλλὰ
1181 5161 1574 5228 σιδγκεκυφυία,
1619 5160 1712 5214 καὶ
1758 5159 1971 5232 μυρίοις

299 5247 541 5322 φορτίοις
588 5246 999 5318 ἁμαρτημάτων
1044 5244 1240 5317 ἐαυτὴν
1281 5244 1587 5319 βαρύνουσα
1611 5263 1627 5312 ;
1654 5246 1816 5300 Ὅσαι
1859 5247 1970 5320 γὰρ

298 5333 551 5389 ἐντεῦθεν
583 5335 639 5389 αἱ
666 5333 851 5406 ἀηδίαι
884 5334 1178 5399 τίκτονται,
1213 5334 1274 5387 ού
1302 5331 1525 5388 δυνατὸν
1560 5333 1654 5387 νῦν
1684 5335 1968 5406 παραστῆ-

300 5434 390 5473 σαι
414 5420 492 5491 τῷ
522 5422 687 5493 λόγῳο
721 5419 834 5475 ἀλλ’
874 5422 1037 5491 ἀρκεῖ
1080 5420 1161 5494 τῷ
1209 5419 1468 5475 συνειδότι
1511 5418 1826 5473 καταλιπεῖν
1860 5420 1969 5474 τῶν

297 5508 426 5577 περὶ
459 5509 633 5563 ταῦτα
684 5506 1074 5577 ἐσχολακότων,
1125 5509 1255 5572 ὅσας
1301 5507 1424 5562 καθ’
1465 5506 1703 5578 ἑκάστην
1756 5508 1967 5580 ἡμέραν

294 5592 542 5648 ἐντεῦθεν
570 5596 813 5666 δέχονται
845 5595 944 5659 τάς
984 5595 1241 5667 ἀθυμίας.
1281 5596 1351 5649 Ἦ
1384 5593 1492 5664 γάρ
1520 5594 1733 5649 διέπεσέ
1776 5613 1828 5650 τι
1860 5596 1967 5649 τῶν

294 5680 551 5751 χρυσίων,
586 5682 679 5734 καί
709 5681 873 5746 πολὺς
908 5684 938 5735 ό
978 5683 1184 5755 χειμὼν
1220 5683 1316 5737 καὶ
1349 5686 1377 5738 ό
1412 5682 1639 5754 θόρυϐος
1668 5684 1967 5738 κατέλαὸεν

293 5771 508 5823 ἅπασαν
532 5769 631 5836 τὴν
654 5768 850 5820 οἰκίανο
872 5771 906 5839 ἢ
937 5770 1154 5841 οἰκέτης
1176 5770 1442 5838 ὑφείλετο,
1470 5772 1564 5826 καὶ
1595 5772 1728 5825 πᾶσι
1767 5773 1960 5841 μάστι-

350 5858 381 5887 ·
402 5849 552 5923 Sam.
578 5857 634 5923 Δ(ξι
659 5863 751 5923 ,σεδ
777 5855 1094 5923 πιςεηδιιὸῥναι
1114 5856 1171 5903 τὸ
1196 5856 1377 5923 μέτρον.
1404 5857 1576 5908 Morel.
1604 5864 1653 5908 ει
1675 5859 1758 5909 alii
1781 5860 1960 5908 διδόναι

311 5917 518 5976 τιμιρας,
542 5919 593 5961 ει
631 5914 701 5960 sic
724 5913 914 5972 legerat
940 5913 1207 5976 interpres’
1235 5913 1454 5969 Ldlinns.

1129 298 1189 357 S.
1229 292 1513 355 JOANNIS
1552 285 2045 351 CHRYSOSTOMI
2084 285 2401 347 ARCHIEP.
2446 290 2988 349 CONSTANTINOP.

3663 300 3773 359 350

2104 424 2199 477 γες
2237 412 2329 465 καὶ
2367 410 2574 484 πληγαὶ
2617 411 2711 465 καὶ
2737 411 3102 483 δεσμωτήρια
3141 411 3174 483 ἢ
3210 413 3469 484 βάσκανοι
3497 433 3639 482 τινες
3669 421 3775 473 ἰπ-

2098 497 2447 562 εδούλευσαν,
2501 497 2595 551 καὶ
2644 497 2902 571 ἐξαίφνης
2940 497 3264 570 ἐγύμνωσαν
3303 500 3412 556 τῶν
3442 502 3633 569 ὄντων,
3677 507 3780 561 καὶ

2096 585 2265 655 πολλὴ
2304 585 2399 640 καί.
2418 584 2688 658 ἀφόρητος
2708 588 2742 657 ἡ
2767 586 2993 658 ἀθυμίαν
3018 587 3052 659 ἢ
3081 589 3421 660 πραγμάτων
3451 589 3779 663 περίστασις

2096 672 2414 744 ἐμπεσοῦσα
2447 673 2527 738 εἰς
2560 674 2797 744 ἐσχάτην
2832 673 3022 728 πενίαν
3055 676 3382 746 κατήνεγκε,
3412 678 3507 731 καὶ
3532 678 3773 751 βαρυτέ-

2097 779 2200 835 ραν
2232 762 2461 818 θανάτου
2505 765 2603 836 τὴν
2638 763 2782 837 ζωὴν
2824 762 3006 829 αὐτοῖς
3043 764 3398 838 κατέστησεν·
3428 763 3463 838 ἡ
3497 768 3685 840 ἕτερόν
3715 783 3776 824 τι

2095 853 2260 908 πάλιν
2286 851 2441 926 [382]
2464 853 2821 927 παρεμπεσὸν
2851 852 3052 925 πολλὴν
3077 852 3176 925 τὴν
3200 854 3394 925 ἀηδίαν
3416 853 3769 928 προεξένησε.

2094 943 2204 998 Καὶ
2238 943 2423 1008 άπλῶς
2446 944 2546 997 οὐκ
2583 943 2697 997 ἐστι
2737 942 2867 998 ποτέ
2897 944 3142 1014 ταραχῆς
3171 945 3328 1009 ἐκτὸς
3360 946 3538 1016 εὑρεῖν
3573 947 3674 1018 τὴν
3709 947 3774 1002 ἐν

2090 1029 2300 1094 τούτοις
2319 1029 2672 1101 ἐσχολακυῖαν
2688 1029 2888 1103 ψυχὴν,
2916 1030 3028 1085 ἀλλ’
3051 1030 3240 1102 ὥσπερ
3272 1032 3340 1085 τά
3366 1030 3468 1103 τῆς
3495 1032 3775 1105 θαλάττης

2091 1114 2312 1189 κύματα
2339 1120 2438 1190 οὐχ
2463 1113 2573 1173 οἷόν
2602 1136 2660 1173 τε
2687 1119 2981 1183 ἐπιλιπεῖν,
3002 1119 3122 1173 ούδέ
3148 1120 3365 1193 ἀριθμῷ
3390 1119 3771 1193 ὑποϐληθῆναι

2090 1204 2179 1260 διὰ
2198 1204 2295 1278 τὴν
2329 1206 2527 1278 πολλὴν
2557 1205 2858 1278 συνέχειαν’
2892 1205 2984 1260 τὸν
3016 1204 3178 1261 αὐτὸν
3207 1205 3271 1278 δὴ
3309 1207 3512 1278 τρόπον
3543 1208 3635 1262 καί
3659 1208 3767 1272 τὰς

2089 1294 2334 1348 ἐντεῦθεν
2369 1294 2691 1365 τικτομένας
2727 1293 2972 1366 ταραχάς
3007 1294 3105 1365 οὐχ
3139 1289 3250 1348 οἷόν
3281 1312 3341 1348 τε
3371 1295 3550 1359 πάσας
3575 1295 3767 1368 ἐξαριο

2089 1379 2423 1452 θμήσασθαι.
2482 1380 2573 1435 Διὸ
2631 1380 2957 1453 παρακαλῶ,
2997 1380 3289 1452 φεύγωμεν
3331 1383 3388 1435 ἐν
3434 1382 3606 1437 ἅπασι
3649 1385 3770 1447 τοῖς

2088 1471 2378 1541 πράγμασι
2408 1471 2507 1542 τὴν
2546 1470 2876 1535 πλεονεξίαν,
2912 1472 3007 1524 καὶ
3051 1470 3112 1524 τὸ
3138 1469 3237 1542 τὴν
3269 1472 3457 1543 χρείαν
3498 1471 3769 1544 ὕπερὸαί-

2087 1574 2219 1612 νειν.
2254 1558 2311 1612 Ὁ
2336 1559 2445 1630 7&9
2472 1557 2681 1630 ἀληθὴς
2709 1557 2960 1622 πλοῦτος,
2986 1558 3020 1630 ἡ
3049 1557 3324 1625 ἀνάλωτος
3349 1559 3635 1631 περιουσία
3664 1557 3768 1613 αῦο

2085 1663 2154 1718 τη
2193 1647 2469 1717 τυγχάνει,
2501 1646 2563 1700 τὸ
2595 1646 2692 1718 τῆς
2720 1645 2908 1718 χρείας
2946 1646 3217 1716 ἐφίεσθαι,
3252 1646 3350 1700 καὶ
3384 1647 3454 1701 τά
3494 1647 3632 1718 ὑπὲρ
3660 1647 3771 1718 τὴν

2086 1733 2273 1804 χρείαν
2301 1734 2529 1797 δεόντως
2553 1732 2875 1788 διατιθέναι.
2919 1734 2987 1788 Ὀ
3012 1733 3121 1805 γὰρ
3143 1733 3383 1798 τοιοῦτος
3413 1732 3536 1788 οὔτε
3569 1734 3769 1788 πενίαν

2083 1820 2254 1875 δεῖσαί
2275 1838 2404 1876 ποτε
2427 1820 2737 1893 δυνήσεται,
2759 1820 2884 1876 οὔτε
2914 1821 3180 1892 ἐπήρειαν
3206 1821 3488 1892 ὑπομενεῖ,
3518 1816 3642 1875 οὗτε
3664 1836 3768 1875 τα⁹

2087 1912 2259 1981 ραχῆς
2286 1909 2698 1982 πειραθήσεταιο
2737 1908 2875 1964 ἀλλά
2897 1909 2992 1965 καὶ
3021 1908 3387 1978 συκοφαντίας
3411 1909 3568 1974 ἐκτὸς
3586 1907 3764 1974 ἐσται,

2085 1997 2182 2051 καὶ
2219 1996 2329 2052 τῶν
2368 1995 2830 2053 ἐπιϐουλευόντων
2882 1995 3399 2068 ἐλευθερωθήσεται,
3432 1996 3530 2050 καὶ
3572 1996 3769 2060 ἁπλῶς

2085 2085 2279 2149 εἰπεῖν,
2311 2087 2368 2139 ἐν
2388 2085 2628 2158 διηνεκεῖ
2659 2085 2807 2140 ἔσται
2840 2083 3071 2156 γαλήνῃ,
3102 2084 3333 2155 ἡσυχίας
3355 2085 3450 2139 καὶ
3470 2086 3771 2155 ἀπραγμο-

2086 2173 2252 2244 σύνης
2288 2173 2596 2228 ἀπολαύων·
2636 2172 2734 2226 καί
2759 2173 2820 2227 τδ
2847 2172 2911 2243 δὴ
2948 2171 3133 2243 μεῖζον
3165 2172 3421 2226 ἀπάντων
3458 2170 3637 2226 καὶτὸ
3664 2188 3767 2226 κε-

2085 2261 2313 2330 φάλαιον
2331 2261 2440 2315 τῶν
2460 2260 2702 2330 ἀγαθῶν,
2732 2262 2761 2315 6
2789 2261 3028 2325 τοιοῦτος
3056 2261 3150 2314 καὶ
3176 2259 3267 2315 τὸν
3287 2260 3419 2315 Θεὸν
3443 2260 3603 2314 ῖλεων
3624 2260 3769 2327 ἔξει,

2083 2347 2178 2400 καὶ
2200 2348 2403 2421 πολλῆς
2430 2348 2727 2402 ἀπολαύσει
2748 2349 2847 2419 τῆς
2879 2347 3084 2402 ἀνωθεν
3112 2347 3304 2419 ῥοπῆς,
3333 2348 3427 2402 an
3461 2347 3526 2421 δὴ
3553 2349 3767 2402 οἰκονό-

2087 2454 2186 2509 μος
2205 2439 2394 2502 πιστὸς
2411 2439 2519 2493 τῶν
2540 2438 2634 2493 τοῦ
2664 2439 2934 2494 Δεσπότου
2956 2438 3274 2510 χρημάτων.
3305 2437 3607 2507 Μακάριος
3624 2438 3764 2509 γὰρ,

2084 2526 2268 2595 φησὶν,
2305 2528 2339 2580 ό
2386 2525 2609 2594 δοῦλος
2640 2525 2890 2594 ἐκεῖνος,
2922 2526 2995 2580 ὃν
3032 2525 3225 2582 ἐλθὼν
3268 2527 3302 2579 ό
3330 2526 3535 2595 κύριος
3571 2525 3765 2580 αὐτοῦ

2082 2608 2327 2675 εὑρήσει
2376 2609 2531 2664 οὕτω
2577 2609 2886 2675 ποιοῦντα,
2932 2608 3074 2664 οὓτω
3125 2608 3447 2680 διανέμοντα
3485 2611 3599 2674 τοῖς
3634 2628 3770 2663 συν-

2081 2695 2306 2760 δούλοις,
2338 2698 2430 2751 καί
2465 2697 2541 2769 μὴ
2576 2697 2772 2770 θύραις
2806 2700 2898 2753 καὶ
2937 2697 3152 2770 μοχλοῖς
3190 2696 3627 2761 ἐναποκλείοντα,
3663 2698 3765 2751 καί.

2082 2784 2194 2845 τοῖς
2239 2783 2474 2855 σκώληξι
2523 2784 2726 2858 τροφὴν
2762 2784 3148 2856 συγχωροῦντα
3185 2785 3451 2854 γίνεσθαι,
3484 2783 3621 2839 ἀλλά
3650 2784 3765 2839 τῶν

2083 2870 2332 2941 πενήτων
2354 2870 2451 2943 τὴν
2473 2870 2678 2926 ἔνδειαν
2701 2872 3210 2945 παραμυθούμενον,
3240 2873 3333 2927 καί
3356 2871 3518 2927 καλὸν
3549 2872 3644 2927 καί
3674 2891 3765 2928 πι-

2084 2958 2209 3012 στὸν
2238 2961 2518 3031 οἰκονόμον
2548 2961 2829 3032 γινόμενον
2858 2960 2968 3015 τῶν
3002 2960 3153 3034 παρά
3179 2962 3273 3015 τοῦ
3296 2960 3565 3016 Δεσπότου
3592 2978 3767 3032 χορηο

2081 3047 2376 3119 γηθέντων,
2399 3049 2488 3104 ἵνα
2511 3050 2605 3106 καὶ
2632 3049 2732 3120 τῆς
2760 3049 2932 3120 καλῆς
2951 3049 3154 3123 ταύτης
3177 3049 3437 3121 διανομῆς
3471 3047 3641 3120 μέγαν
3663 3048 3771 3103 τδν

2085 3136 2274 3207 μισθδν
2309 3138 2622 3209 κομίσηται,
2655 3137 2750 3192 καὶ
2782 3138 2888 3192 τῶν
2921 3137 3349 3210 ἐπηγγελμένων
3378 3136 3597 3208 ἀγαθῶν
3629 3136 3762 3188 ἐπι-

2080 3226 2262 3295 τυχεῖν
2294 3224 2627 3296 καταξιωθῇ.
2658 3224 2839 3296 χάριτι
2873 3226 2967 3280 καὶ
3005 3224 3387 3297 φιλανθρωπίᾳ
3416 3224 3508 3279 τοῦ
3541 3223 3758 3295 Κυρίου

2079 3312 2112 3380 ἡ
2123 3311 2239 3380 μῶν
2273 3311 2446 3381 Ἰησοῦ
2483 3310 2738 3385 Χριστοῦ,
2770 3311 2891 3382 μεθ’
2926 3307 2988 3367 οῦ
3012 3312 3091 3384 τῷ
3117 3314 3318 3385 Πατρὶ,
3360 3311 3476 3384 ἅμα
3508 3310 3587 3382 τῷ
3612 3311 3766 3382 ἀγξῳ

2083 3396 2380 3467 Πνεύματι.
2407 3398 2554 3464 δόξα,
2583 3400 2805 3471 κράτος,
2831 3398 2987 3472 τιμὴ,
3018 3398 3113 3456 νῦν
3140 3400 3243 3455 καὶ
3262 3400 3373 3467 ἀεὶ,
3403 3399 3497 3454 καὶ
3523 3399 3605 3464 είς
3627 3398 3769 3465 τοὺς

2081 3484 2281 3548 αἰῶνας
2313 3483 2423 3540 τῶν
2454 3486 2685 3541 αἰώνων.
2722 3487 2914 3558 Ἀμήν.

2706 3616 2955 3670 ΟΜῙΛΙΑ.
2989 3616 3119 3670 ΑΠ’.

2081 3698 2242 3770 Σάρα
2279 3699 2367 3775 δὲ,
2386 3700 2444 3775 ’ἡ
2475 3700 2630 3775 γυιοῇ
2668 3703 2907 3772 Ἀεραμ,
2948 3705 3060 3775 οὐκ
3103 3703 3333 3775 ἔτικτεν
3366 3698 3547 3775 αὐτῷ·
3576 3698 3658 3775 ἦν
3688 3702 3763 3759 δέ

2256 3770 2413 3841 αὐτῇ
2438 3767 2729 3841 παιδίσκη
2748 3767 3058 3842 Ᾱίῇυπτία,
3090 3769 3130 3846 ᾗ
3158 3773 3346 3844 ὄνομα
3370 3767 3575 3845 Ἀγαρ.

2149 3866 2220 3914 α’.
2244 3859 2412 3915 Πάλιν
2437 3860 2507 3914 τά
2537 3861 2776 3933 σήμερον
2806 3863 3221 3931 ἀναγνωσθέντα
3252 3862 3346 3916 ἐπὶ
3379 3862 3477 3934 τὴν
3499 3861 3762 3916 ὑπόθεσιν

2079 3942 2178 4014 τὴν
2206 3942 2347 3996 κατὰ
2374 3943 2465 3997 τὸν
2491 3944 2838 4016 πατριάρχην
2866 3945 2963 4017 τὴν
2993 3944 3267 4016 ἡμετέραν
3298 3943 3455 3998 καλεῖ
3482 3941 3759 4013 γλῶτταν⁴

2080 4024 2271 4095 καὶμὴ
2293 4024 2607 4097 θαυμάσητε
2635 4029 2684 4079 εί
2706 4027 2799 4079 ἐπὶ
2822 4026 3115 4089 τοσαύταις
3134 4025 3367 4096 ἡμέραις
3390 4025 3489 4096 τήν
3516 4025 3639 4078 κατ’
3657 4025 3762 4079 αὖ·

2077 4106 2170 4161 τὸν
2204 4108 2445 4177 ἱστορίαν
2476 4110 2556 4172 είς
2579 4109 2741 4179 μέσον
2772 4109 3204 4181 παραγαγόντες,
3229 4107 3441 4162 οὐδέπω
3464 4108 3559 4162 καὶ
3582 4108 3649 4178 τὴ
3658 4124 3763 4179 με-

2082 4209 2173 4263 ρον
2213 4192 2382 4264 αὐτὴν
2423 4191 2719 4264 ἀπαρτίσαι
2760 4191 3117 4264 δεδυνήμεθα.
3150 4191 3326 4262 Πολλὴ
3373 4190 3483 4263 γάρ
3520 4192 3555 4263 ἡ
3595 4207 3761 4262 περι-

2077 4275 2234 4329 ουσία
2268 4273 2368 4346 τῆς
2396 4273 2489 4328 τοῦ
2519 4275 2726 4330 δικαίου
2764 4275 2965 4347 ἀρετῆς
2984 4315 3000 4341 ,
3031 4274 3127 4328 καὶ
3169 4273 3278 4328 τῶν
3309 4272 3502 4328 τούτου
3548 4290 3759 4345 κατορο

2079 4358 2347 4431 θωμάτων
2372 4358 2433 4412 τὸ
2464 4357 2691 4429 μέγεθος
2712 4358 2930 4412 ἃπασαν
2955 4356 3300 4430 ἀνθρωπίνην
3320 4358 3447 4429 νικᾷ
3477 4355 3757 4425 γλῶτταν.

2085 4442 2183 4493 Ὃν
2211 4440 2318 4512 γὰρ
2349 4441 2383 4493 δ
2412 4439 2544 4502 Θεὸς
2577 4438 2781 4494 ἀνωθεν
2806 4439 3147 4508 ἐστεφάνωσε
3185 4439 3279 4493 καὶ
3307 4437 3632 4511 ἀνεκήρυξε,
3667 4438 3761 4501 τίς

2076 4520 2381 4592 ἀνθρώπων
2416 4523 2538 4576 κατ’
2572 4521 2728 4590 ἀξίαν
2755 4522 3037 4576 ἐπαινέσαι
3069 4521 3356 4593 δυνήσεται
3379 4521 3550 4588 ;Ἀλλ’
3572 4522 3761 4592 ὅμως,

2076 4603 2126 4655 εἰ
2164 4602 2259 4657 καὶ
2292 4605 2389 4675 τῆς
2422 4604 2578 4669 ἀξίας
2620 4603 2799 4675 πολλῷ
2839 4604 2916 4675 τῷ
2942 4604 3126 4677 μέτρῳ
3171 4601 3596 4675 ἀπολειπόμεθα,
3630 4602 3768 4656 ἀλλ’

2075 4682 2168 4739 οῦν
2209 4703 2271 4754 γε
2325 4689 2404 4751 εἰς
2440 4685 2669 4758 δύναμιν
2717 4687 2994 4759 ἡμετέραν
3022 4687 3089 4741 τά
3120 4685 3249 4740 κατ’
3280 4686 3450 4740 αὑτὸν
3472 4688 3551 4750 εἰς
3584 4683 3769 4756 μέσον

2076 4768 2403 4842 προθέντες,
2448 4772 2529 4833 εἰς
2578 4768 2738 4841 ζῆλον
2788 4770 2932 4841 ὑμᾶς
2991 4770 3083 4824 καὶ
3136 4769 3369 4842 μίμησιν
3412 4772 3511 4841 τῆς
3557 4768 3761 4821 τούτου

2075 4854 2275 4925 ἀρετῆς
2313 4855 2599 4922 ἐναγαγεῖν
2636 4853 2954 4926 βουλόμεθα.
2995 4853 3176 4925 Ἱκανὴ
3216 4852 3325 4924 γάρ
3370 4850 3465 4905 τοῦ
3495 4851 3689 4923 ἀνδρὸς
3720 4853 3765 4922 ἡ

2074 4937 2360 5007 φιλοσοφία
2402 4938 2583 4989 πᾶσαν
2611 4935 2721 4989 τῶν
2753 4935 3057 5008 ἀνθρώπων
3089 4934 3375 4990 παιδεῦσαι
3425 4932 3526 5006 τὴν
3564 4934 3756 5003 φύσιν,

2072 5019 2167 5071 καὶ
2212 5021 2339 5083 τοὺς
2375 5020 2665 5091 προσέχειν
2695 5018 3052 5089 βουλομένους
3093 5017 3227 5089 πρὸς
3277 5017 3376 5088 τὴν
3406 5017 3507 5088 τῆς
3546 5017 3756 5088 ἀρετῆς

2072 5100 2189 5155 ὁδὸν
2233 5101 2659 5172 ἐφελκύσασθαι.
2712 5103 2874 5158 Ἀλλά
2921 5102 3237 5173 προσέχετε,
3267 5100 3594 5172 παρακαλῶ,
3636 5102 3758 5166 τοῖς

2071 5183 2415 5257 λεγομένοις,
2448 5186 2533 5241 ἵνα
2560 5189 2652 5241 καὶ
2684 5188 2750 5241 ἐκ
2797 5187 2904 5240 τῶν
2947 5186 3279 5258 προσφάτως
3317 5183 3756 5255 ἀνεγνωσμένων

2072 5271 2482 5343 καταμάθωμεν
2518 5271 2612 5326 τοῦ
2644 5271 2853 5327 δικαίου
2881 5270 2979 5342 τὴν
3020 5268 3365 5340 φιλοσοφίαν.
3399 5269 3606 5324 Ἱκανὸν
3636 5268 3753 5340 γὰρ

2071 5351 2227 5406 τοῦτο
2264 5353 2327 5407 τό
2367 5355 2570 5428 χωρίον
2614 5354 2901 5410 παιδεῦσαι
2942 5354 3034 5407 καὶ
3079 5352 3276 5425 ἀνδρας
3332 5353 3425 5408 καὶ
3457 5354 3752 5421 γυναῖκας,

2070 5435 2212 5490 ῶστε
2265 5437 2462 5510 πολλὴν
2509 5440 2637 5510 περί
2677 5438 2827 5510 [585]
2873 5435 3136 5508 ἀλλήλους
3189 5435 3593 5490 ἐπιδείκνυσθαι
3643 5436 3751 5508 τὴν

2069 5520 2343 5589 ὁμόνοιαν,
2375 5522 2468 5575 καί
2500 5520 2600 5591 τῆς
2628 5520 2887 5588 συζυγίας
2931 5519 3024 5573 τὸν
3058 5519 3354 5591 σύνδεσμον
3384 5520 3600 5592 ἀρραγῆ
3626 5520 3749 5573 δια-

2070 5602 2360 5671 φυλάττειν
2379 5621 2390 5634 ·
2429 5604 2522 5657 καὶ
2550 5606 2687 5673 μήτε
2722 5604 2812 5657 τδν
2841 5604 3012 5676 ἄνδρα
3041 5606 3142 5677 τῆς
3171 5605 3428 5675 γυναικδς
3472 5603 3742 5668 κατεξαν-

2073 5686 2344 5749 ίστασθαι,
2368 5686 2482 5740 ἀλλ’
2504 5686 2581 5749 ὼς
2611 5685 2985 5760 ἀσθενεστέρῳ
3005 5690 3186 5744 σκεύει
3216 5688 3417 5761 πολλὴν
3445 5687 3748 5757 ἀπονέμειν

2072 5768 2170 5840 τὴν
2219 5768 2583 5840 συγγνώμην·
2630 5770 2768 5840 μήτε
2815 5771 2915 5841 τήν
2960 5775 3193 5838 γυναῖκα
3244 5771 3382 5841 πρὸς
3429 5770 3524 5825 τὸν
3573 5769 3747 5841 ἄνδρα

2068 5853 2117 5904 δι
2124 5854 2420 5921 χοστατείν,
2453 5850 2567 5905 ἀλλ’
2598 5852 2844 5924 ἀλλήλων
2867 5853 2935 5907 τά
2966 5854 3108 5926 βάρη
3137 5852 3425 5924 βαστάζειν
3458 5852 3747 5919 ἑκατέροις

2026 5978 2032 5983 .
2068 5932 2470 6002 διαμιλλᾶσθαι,
2499 5934 2595 5991 καὶ
2615 5935 2714 6007 τήν
2753 5936 2958 5991 οἰκείαν
2992 5937 3213 6008 εἰρήνην
3241 5937 3456 5991 πάντων
3485 5931 3740 6006 ind-1‘1:
