4070 6194
1313 377 1382 433 IN
1421 379 1572 434 CAP.
1621 375 2030 433 SVLCENES.
2075 377 2303 433 IlOlllL.
2348 377 2634 433 XXXVI-II.
3559 381 3666 438 530

2081 492 2223 546 aliud
2254 491 2502 561 quiddam
2531 492 2770 548 incidens
2800 493 3016 547 multam
3047 493 3310 550 tristitiam
3354 501 3576 565 peperit.
3603 499 3666 554 Et

2084 582 2134 637 in
2179 597 2418 650 summa,
2469 597 2760 654 numquam
2808 583 3046 640 invenies
3095 585 3326 640 animam
3369 587 3662 644 istiusmodi

2081 673 2240 728 rebus
2265 673 2552 742 addictam,
2577 672 3063 745 perturbationibus
3083 685 3362 746 expertem
3391 701 3406 732 ς
3440 677 3533 733 sed
3561 681 3664 732 sio-

2082 773 2138 818 ut
2199 763 2359 819 maris
2409 763 2603 820 ﬂuctus
2657 780 2829 834 neque
2881 765 3112 821 deiicere
3164 782 3338 837 neque
3390 771 3661 824 numerari

2078 864 2300 925 queunt,
2329 869 2541 924 semper
2560 856 2709 911 novis
2739 857 3217 922 succresccntibus,
3237 859 3306 912 ita
3328 859 3661 915 turbationcs

2079 945 2201 1002 inde
2225 945 2463 1002 orientes
2492 961 2651 1000 nemo
2681 946 3049 1003 dinumerarit.
3079 947 3218 1013 Ideo,
3267 949 3523 1015 obsecro,
3579 950 3662 1004 l’u-

395 383 500 440 5.19

399 495 610 565 pideum
639 509 732 550 cor
750 493 1036 558 haberent,
1065 500 1117 548 et
1140 505 1244 546 non
1274 492 1515 562 ejusdem
1546 501 1748 547 natura:
1775 502 1975 558 essent,

400 586 470 640 ita
506 601 564 640 se
596 594 781 654 putant
810 584 878 639 ob
918 585 1148 638 vestium
1182 583 1382 638 cultum
1413 585 1570 638 etiam
1601 585 1719 638 aliis
1746 583 1980 638 homini-

400 675 499 728 bus
533 675 838 742 superiores
864 687 1006 736 esse,
1033 688 1138 727 non
1175 672 1564 743 perpendentes
1602 689 1784 728 secum
1813 689 1980 745 quan-

397 764 469 818 tis
489 747 640 819 malis
663 763 866 833 seipsos
891 764 1149 818 obnoxios
1164 764 1414 830 reddant,
1434 766 1524 834 qui
1551 765 1854 820 concredita
1877 766 1976 821 sibi

396 872 426 910 a
459 857 682 911 Domino
709 856 848 912 male
883 857 1214 926 dispensent,
1243 865 1296 910 et
1334 855 1506 910 nolint
1549 857 1820 913 conservis
1859 873 1977 927 par-

397 957 503 1003 tem
529 948 826 1004 concedere
858 965 871 1001 :
901 949 993 1003 sed
1023 949 1198 1019 potius
1221 963 1249 1002 a
1281 948 1549 1004 vermibus
1575 949 1812 1003 consumi
1856 963 1977 1018 pcr-

394 1039 692 1105 mittentes,
720 1039 1020 1108 graviorem
1043 1039 1302 1110 gehennzc
1325 1038 1499 1108 ignem
1521 1039 1632 1108 jam
1651 1039 1749 1094 sibi
1775 1055 1976 1109 pratpa-

397 1131 560 1186 rent?
602 1130 734 1184 Nam
779 1131 822 1185 si
873 1131 1051 1186 omnia
1099 1146 1219 1201 qua:
1271 1131 1411 1185 intus
1460 1131 1688 1200 reposita
1738 1130 1971 1199 habent,

395 1222 754 1295 indigent-ibus
780 1223 971 1278 divites
1011 1223 1408 1288 distribuerent,
1440 1239 1610 1294 neque
1655 1224 1732 1279 sic
1777 1224 1975 1294 suppli-

394 1313 532 1366 cium
569 1312 862 1384 ell‘ugerent
899 1328 1085 1369 eorum
1127 1325 1464 1383 peccatorum
1507 1329 1626 1384 quae
1673 1313 1725 1367 in
1765 1314 1972 1369 deliciis

395 1405 621 1459 vestium
647 1415 700 1460 ct
724 1407 1090 1461 conviviorum
1115 1406 1417 1460 admittunt.
1446 1406 1564 1474 Quo
1588 1407 1730 1461 enim
1767 1407 1970 1476 suppli-

386 1495 478 1549 cio
506 1509 616 1550 non
640 1505 764 1550 sunt
793 1496 956 1565 digni,
985 1496 1073 1565 qui
1102 1496 1274 1550 modis
1299 1497 1545 1551 omnibus
1574 1497 1700 1550 dant
1728 1511 1967 1566 operam,

393 1593 452 1640 ut
475 1585 659 1640 sericis
687 1595 740 1640 et
766 1601 918 1650 auro,
946 1585 1032 1640 vel
1053 1585 1204 1640 aliter
1231 1586 1384 1655 pictis
1413 1587 1645 1640 vestibus
1673 1587 1970 1642 iutertextis

391 1676 696 1740 induantur,
721 1684 774 1731 et
812 1685 933 1745 post
961 1691 1020 1730 se
1041 1691 1288 1745 pompam
1316 1675 1528 1730 trahant
1566 1677 1616 1730 in
1644 1675 1758 1730 loro
1787 1676 1971 1730 :Chri-

390 1776 533 1822 stum
557 1776 734 1821 autem
759 1766 1058 1835 despiciunt
1075 1765 1294 1830 nudum,
1310 1775 1366 1820 et
1388 1781 1557 1836 neque
1579 1767 1756 1821 cibum
1785 1781 1969 1821 neces-

386 1858 586 1912 sarium
607 1859 676 1912 im
683 1866 981 1927 petrantem
997 1857 1020 1910 ?
1041 1857 1266 1912 Maxime
1281 1865 1457 1913 autem
1475 1873 1654 1914 sermo
1672 1860 1771 1915 iste
1789 1859 1968 1914 adver-

386 1962 476 2003 sus
501 1950 750 2005 mulieres
779 1950 1107 2020 congruerit.
1140 1949 1393 2018 Majorem
1425 1951 1568 2006 enim
1597 1950 1734 2021 apud
1764 1966 1855 2007 eas
1887 1953 1965 2006 in-

386 2042 627 2094 venimus
654 2049 871 2095 ornatus
892 2041 1234 2109 cupiditatem
1261 2050 1314 2096 et
1336 2041 1819 2110 intemperantiam,
1843 2059 1964 2099 cum

381 2131 582 2183 auratis
609 2130 840 2184 vestibus
863 2139 924 2185 et
966 2145 1098 2184 auro
1129 2132 1179 2184 in
1214 2132 1406 2200 capite,
1437 2132 1488 2184 in
1519 2133 1659 2186 collo
1687 2143 1740 2187 et
1769 2134 1821 2187 in
1849 2134 1965 2190 aliEs

379 2219 625 2288 corporis
653 2221 887 2289 partibus
915 2229 1196 2286 ornantur,
1229 2230 1282 2274 et
1322 2221 1374 2274 in
1417 2220 1500 2275 his
1538 2236 1748 2291 quoque
1779 2238 1966 2292 supcr-

382 2312 555 2367 ‘biunt.
577 2311 719 2379 Quot
749 2327 1042 2382 pauperum
1066 2322 1279 2367 ventres
1307 2321 1553 2383 poterant
1582 2313 1703 2368 inde
1725 2315 1888 2383 pasci,
1912 2324 1964 2369 ct

381 2414 512 2474 quot
540 2419 762 2474 corpora
793 2404 934 2458 nude
957 2405 1222 2475 agentium
1246 2414 1491 2474 poterant
1511 2420 1578 2459 ex
1601 2405 1664 2459 iis
1684 2407 1812 2460 solis
1830 2420 1964 2462 con-

379 2496 510 2565 tegi,
536 2511 652 2565 qua:
698 2496 765 2550 ab
807 2496 1040 2564 ipsarum
1078 2496 1294 2550 auribus
1323 2495 1574 2564 pendent,
1615 2495 1809 2551 nullius
1833 2499 1966 2553 alte-

382 2585 493 2639 n'us
520 2600 645 2639 usus
683 2587 870 2656 gratia,
913 2601 1068 2656 quam
1099 2587 1152 2640 in
1184 2587 1435 2640 damnum
1481 2595 1535 2640 et
1584 2600 1961 2645 noeumentum

381 2677 612 2730 animat?
657 2677 880 2747 Propter
933 2679 1033 2732 hoc
1087 2678 1278 2732 doctor
1315 2677 1459 2732 orbis
1503 2693 1622 2732 cum
1673 2679 1896 2736 dixisset
1941 2698 1958 2734 :

382 2768 636 2823 Habentes
667 2771 851 2823 victum
893 2779 939 2823 et
985 2770 1222 2823 amictum
1265 2771 1348 2840 (I.
1391 2769 1526 2824 Tim.
1569 2770 1622 2825 6.
1663 2771 1719 2842 8)
1754 2789 1768 2824 :
1804 2774 1963 2828 vertit

375 2873 592 2912 rursum
616 2859 680 2913 ad
710 2858 957 2914 mulieres
980 2875 1303 2926 sermonem,
1333 2869 1386 2916 et
1417 2860 1545 2915 dicit
1587 2877 1599 2913 :
1629 2860 1747 2916 Non
1777 2862 1830 2916 in
1859 2873 1962 2917 tor-

378 2949 443 3002 tis
468 2948 687 3003 crinibus
704 2950 779 3003 vel
798 2949 848 3003 in
865 2967 1009 3014 auro,
1035 2949 1112 3004 vel
1124 2952 1410 3022 margaritis
1427 2952 1502 3005 vel
1523 2963 1652 3006 veste
1665 2963 1962 3024 sumptuosa

372 3048 552 3092 ornent
580 3055 632 3106 se
660 3038 817 3109 (Ibid.
849 3041 902 3094 2.
935 3041 1011 3112 9)..
1046 3040 1202 3096 Vides
1248 3041 1516 3111 quomodo
1562 3058 1668 3096 non
1711 3043 1825 3098 vult
1869 3058 1960 3099 cas

375 3129 572 3183 talibus
597 3132 795 3196 ornari,
830 3145 1004 3200 neque
1029 3145 1160 3185 auro
1181 3131 1522 3196 circumdari,
1551 3147 1722 3202 neque
1749 3149 1957 3203 marga-

375 3221 491 3274 ritis
519 3236 688 3290 ncque
717 3230 867 3276 veste
895 3231 1205 3291 sumptuosa
1237 3239 1251 3275 z
1281 3221 1374 3276 sed
1405 3237 1588 3276 verum
1617 3231 1863 3277 ornatum
1903 3224 1956 3278 in

370 3312 610 3366 animam
639 3311 911 3378 inducere,
943 3321 997 3368 et
1024 3329 1118 3383 per
1156 3313 1417 3368 bonorum
1445 3327 1665 3382 operum
1693 3315 1957 3369 actionem

375 3404 819 3473 pulchritudinem
845 3405 1037 3459 animae
1067 3405 1354 3469 illustrare,
1381 3414 1435 3459 et
1463 3421 1528 3459 ne
1552 3421 1615 3459 ea
1643 3421 1760 3475 quae
1786 3408 1960 3475 suspi-

367 3495 447 3548 cit
481 3493 624 3558 talia,
646 3503 962 3547 contemnat
987 3494 1130 3546 illam
1153 3492 1444 3558 sordidam,
1473 3493 1791 3561 squalidam,
1830 3509 1960 3562 pan-

373 3599 582 3649 nosam,
623 3582 939 3648 Iamelicam,
973 3582 1198 3652 geluque
1239 3582 1634 3652 rigescentem?
1662 3582 1774 3638 Hoc
1813 3584 1956 3638 enim

374 3674 608 3729 studium
648 3674 700 3728 in
740 3673 982 3729 ornando
1029 3687 1255 3742 corpore
1307 3673 1497 3726 anitum
1537 3673 1735 3727 indicat
1782 3673 1959 3728 defor-

372 3771 634 3835 milatem,
667 3777 722 3823 et
749 3768 906 3838 hujus
937 3766 1141 3822 delicia:
1176 3766 1320 3820 illam
1354 3765 1493 3820 tame
1527 3765 1772 3820 laborare
1813 3764 1959 3821 clare

373 3857 693 3928 signiﬁcant,
735 3868 790 3912 et
831 3857 989 3927 hujus
1020 3857 1242 3912 vestium
1281 3865 1525 3926 sumptus
1555 3856 1692 3911 illius
1720 3856 1960 3912 declarat

376 3950 688 4005 nuditatem.
725 3950 864 4006 Fieri
890 3951 1033 4006 enim
1066 3965 1169 4003 non
1199 3957 1391 4020 potest,
1435 3959 1491 4003 ut
1533 3950 1622 4019 qui
1653 3949 1843 4003 anima:
1865 3964 1958 4004 cu-

375 4057 486 4095 ram
515 4041 728 4106 habeat,
753 4041 974 4111 ejusque
1001 4039 1446 4110 pulchritudinem
1475 4039 1678 4107 plurimi
1710 4039 1885 4106 l‘aeiat,
1912 4040 1957 4095 is

373 4141 598 4189 externo
622 4134 785 4189 cultui
829 4132 994 4188 inhiet
1029 4149 1044 4188 :
1082 4131 1220 4188 sicut
1249 4131 1578 4202 impossibile
1609 4140 1693 4186 est
1727 4139 1956 4186 externo

373 4227 449 4281 illi
474 4226 658 4292 cultui,
688 4221 911 4281 vestium
937 4225 1228 4296 splendori,
1259 4240 1422 4280 aureo
1459 4225 1673 4280 ornatui
1716 4224 1953 4280 deditum

372 4317 512 4371 illius
540 4331 699 4388 agere
729 4331 934 4369 curam.
966 4315 1188 4382 Quando
1225 4315 1367 4370 enim
1405 4324 1585 4385 posset
1612 4316 1786 4370 anima
1835 4317 1953 4372 talis

368 4409 566 4478 aliquid
594 4411 720 4463 utile
763 4407 1144 4478 contemplari,
1188 4409 1270 4463 vel
1302 4409 1353 4462 in
1381 4409 1754 4478 cogitationem
1797 4409 1954 4479 spiri-

371 4500 588 4554 tualium
616 4501 800 4554 venire
820 4541 833 4565 ,
888 4515 1004 4568 qum
1037 4498 1201 4553 semel
1225 4499 1450 4554 terrenis
1489 4499 1558 4554 ita
1585 4499 1762 4554 dedita
1792 4501 1954 4570 capit

367 4607 510 4658 esse,
541 4599 596 4647 et
621 4591 788 4656 humi,
818 4600 874 4644 ut
901 4591 974 4644 ita
995 4589 1169 4644 dicam
1189 4631 1204 4655 ,
1232 4598 1442 4660 reptare
1467 4631 1483 4654 ,
1511 4606 1630 4660 qua!
1660 4607 1949 4661 numquam

367 4692 527 4753 caput
553 4682 795 4736 attollere
825 4690 1029 4750 potest,
1057 4680 1148 4734 sed
1183 4696 1346 4750 prona
1380 4681 1670 4736 innumeris
1699 4692 1950 4752 peccato-

369 4790 487 4830 rum
517 4774 738 4829 sarcinis
769 4773 1000 4842 seipsam
1027 4772 1252 4844 gravat?
1275 4771 1406 4826 Nam
1427 4782 1556 4841 quot
1579 4772 1703 4828 inde
1725 4789 1952 4828 nascan-

372 4877 456 4922 tur
484 4866 618 4920 mala
639 4907 654 4931 ,
679 4882 782 4920 non
815 4880 1032 4935 possum
1061 4880 1202 4920 nunc
1231 4879 1480 4919 sermone
1500 4865 1818 4934 complecti;
1851 4866 1946 4920 sed

368 4959 499 5014 satis
528 4967 690 5013 estut
714 4959 1010 5029 relinquam
1037 4958 1377 5013 conscientia:
1405 4971 1590 5012 eorum
1608 4998 1623 5024 ,
1665 4957 1754 5028 qui
1803 4958 1855 5010 in
1888 4958 1951 5012 iis

369 5049 609 5118 oecupati
633 5057 775 5116 sunt,
805 5059 1027 5119 quantas
1053 5048 1176 5102 inde
1197 5047 1531 5118 quotidianas
1553 5047 1826 5102 molestias
1851 5065 1950 5103 cx-

370 5138 661 5208 periautur.
711 5139 920 5193 Etenim
963 5138 1050 5194 vel
1083 5135 1284 5208 aliquid
1324 5135 1522 5191 decidit
1559 5152 1623 5192 ex
1657 5151 1822 5191 aureo
1859 5137 1949 5190 illo

367 5230 532 5297 cultu,
556 5240 607 5286 et
635 5246 823 5303 magna
849 5240 1137 5303 tempestas
1177 5244 1502 5300 magnusque
1547 5229 1804 5284 tumultus
1846 5229 1942 5283 ob-

367 5323 536 5376 oritur
565 5322 616 5378 ln
648 5332 754 5378 tota
781 5323 975 5389 domo;
1003 5323 1085 5379 vel
1116 5322 1345 5378 famulus
1374 5321 1646 5391 surripuit,
1682 5331 1735 5376 et
1763 5335 1951 5375 omnes

368 5413 702 5483 ﬂagellantur
723 5424 777 5469 et
801 5415 1167 5480 verberantur,
1195 5424 1355 5483 atque
1389 5412 1440 5466 in
1467 5427 1738 5468 carcerem
1775 5410 1949 5480 conji-

367 5507 612 5569 ciuntur;
645 5507 727 5562 vel
759 5507 924 5561 invidi
966 5508 1180 5578 quidam
1234 5505 1467 5561 insidiati
1517 5512 1643 5560 sunt
1694 5513 1748 5559 et
1775 5503 1952 5558 subito

366 5599 684 5670 spoli.:runt,
714 5612 777 5654 ac
807 5599 1004 5653 multus
1046 5599 1170 5654 hinc
1216 5597 1670 5666 intolerabilisque
1717 5610 1947 5659 mceror;

367 5691 450 5747 vel
481 5707 659 5746 rerum
703 5689 1000 5746 adversitas
1038 5691 1288 5759 ingruens
1314 5692 1366 5744 in
1397 5698 1687 5745 extremam
1716 5687 1948 5758 inopiam

367 5784 606 5858 redegit,
642 5795 695 5839 et
721 5783 1019 5855 graviorem
1057 5792 1230 5838 morte
1283 5783 1444 5837 vitam
1484 5780 1562 5836 eis
1606 5779 1818 5844 attulit;
1864 5777 1952 5834 vel

2075 1041 2282 1107 giamus
2309 1039 2361 1092 in
2388 1039 2636 1094 omnibus
2654 1040 2818 1096 rebus
2848 1041 3076 1097 habendi
3095 1042 3435 1112 cupiditatem
3449 1053 3508 1098 et
3530 1059 3658 1100 usus

2077 1145 2376 1186 excessum.
2407 1131 2560 1187 Vera:
2585 1133 2728 1188 enirn
2751 1133 2950 1188 divitia:
2977 1144 3101 1189 sunt
3125 1145 3178 1190 et
3208 1136 3536 1192 inexhausta:
3576 1136 3658 1192 fa-

2074 1222 2301 1278 cultates
2322 1265 2337 1290 ,
2364 1223 2675 1280 desiderare
2705 1233 2906 1280 tantum
2936 1234 3188 1296 quantum
3217 1228 3334 1282 usui
3363 1227 3493 1281 satis
3511 1229 3652 1293 sint,

2074 1320 2130 1368 et
2157 1327 2220 1368 ea
2257 1329 2376 1381 quae
2418 1330 2573 1369 usum
2603 1317 2900 1380 excedunt,
2947 1325 3090 1372 recte
3117 1316 3446 1385 dispensare.
3471 1317 3656 1387 Neque

2073 1403 2212 1457 enim
2237 1403 2323 1458 ille
2341 1404 2430 1474 qui
2460 1403 2558 1460 hoc
2587 1404 2730 1472 facit,
2759 1406 2993 1476 inopiam
3025 1407 3212 1461 timere
3238 1407 3453 1476 poterit,
3482 1421 3654 1478 neque

2074 1495 2374 1549 molestiam
2419 1497 2739 1563 sustinebit,
2785 1512 2959 1568 neque
3001 1497 3354 1554 turbationem
3400 1499 3594 1552 sentiet
3633 1515 3651 1551 :

2072 1585 2163 1640 sed
2191 1596 2242 1640 et
2271 1595 2418 1641 extra
2457 1587 2774 1642 calumniam
2802 1588 2902 1644 erit
2924 1629 2939 1654 ,
2987 1597 3043 1644 et
3065 1588 3378 1643 liberabitur
3413 1588 3482 1643 ab
3512 1587 3644 1643 insi-

2071 1675 2361 1743 diantibus,
2404 1685 2562 1746 atjue
2613 1686 2670 1730 ut
2712 1679 3015 1732 summatim
3059 1679 3266 1744 dicam,
3292 1679 3343 1732 in
3394 1689 3648 1748 perpetua

2071 1768 2446 1838 tranquillitate
2470 1769 2574 1823 erit
2590 1809 2605 1834 ,
2629 1777 2681 1823 et
2706 1769 3118 1839 quiclevotioque
3143 1767 3346 1823 fruetur
3375 1787 3386 1821 :
3416 1783 3482 1824 ac
3505 1769 3646 1840 quod

2068 1858 2238 1926 majus
2253 1865 2336 1911 est
2358 1855 2628 1920 omnibus,
2647 1867 2908 1926 caputque
2930 1858 3212 1922 bonorum,
3244 1859 3406 1913 Deum
3436 1858 3650 1913 habebit

2068 1947 2386 2017 propitium,
2411 1955 2468 2003 et
2491 1961 2720 2017 superna
2765 1946 2972 2002 fruetur
2993 1948 3161 2017 gratia
3180 1987 3198 2014 ,
3250 1957 3432 2018 utpote
3473 1947 3648 2004 ﬁdeiis

2064 2037 2236 2094 factus
2261 2039 2596 2107 dispensator
2616 2039 2957 2107 pecuniarum
2986 2039 3214 2092 Domini.
3242 2037 3428 2092 Beatus
3480 2038 3644 2102 enim,

2068 2131 2257 2200 inquit,
2283 2145 2454 2184 servus
2479 2130 2567 2183 ille
2589 2171 2604 2196 ,
2630 2145 2777 2198 quem
2797 2144 2910 2182 cum
2939 2129 3124 2182 venerit
3151 2128 3417 2192 datninus,
3438 2119 3646 2183 invento-

2066 2222 2130 2273 rit
2154 2221 2231 2275 sic
2257 2221 2524 2290 facientem
2562 2217 2721 2290 (Luc.
2752 2217 2834 2272 l2.
2880 2215 3010 2288 45),
3053 2226 3108 2273 et
3131 2218 3210 2272 sic
3249 2217 3643 2287 dispensantem

2065 2315 2359 2379 conservis,
2392 2321 2445 2366 et
2470 2327 2574 2366 non
2599 2311 2775 2380 januis
2798 2310 3142 2380 vectibusqne
3169 2309 3522 2365 includentem
3543 2349 3564 2377 ,
3591 2320 3648 2366 et

2065 2405 2334 2460 vermibus
2359 2417 2536 2458 escam
2566 2403 2679 2457 ﬂeri
2715 2402 3110 2472 permittentem
3137 2418 3151 2454 :
3180 2401 3272 2455 sed
3296 2400 3510 2470 inopum
3538 2401 3646 2456 mi-

2065 2496 2257 2551 seriam
2287 2493 2656 2549 sublevantem
2679 2535 2693 2560 ,
2724 2492 3026 2562 bonumque
3050 2500 3106 2547 et
3131 2490 3339 2547 ﬁdelem
3366 2490 3645 2561 dispensa-

2067 2597 2233 2642 torem
2259 2587 2453 2643 factum
2479 2601 2664 2641 eorum
2684 2601 2802 2656 quae
2827 2601 2858 2639 a
2888 2586 3113 2640 Domino
3132 2583 3467 2655 suppeditata
3485 2593 3640 2639 sunt:

2066 2689 2121 2735 ut
2145 2688 2198 2734 et
2219 2679 2455 2750 pulchra:
2473 2678 2630 2748 hujus
2649 2677 3062 2746 dispensationis
3079 2691 3321 2746 magnam
3342 2673 3641 2732 mercedem

2063 2770 2296 2842 assequi,
2330 2778 2386 2826 et
2406 2771 2663 2840 promissa
2709 2769 2845 2825 bona
2892 2768 3136 2824 obtinere
3162 2777 3446 2833 mereatur,
3474 2769 3640 2838 gratia

2062 2872 2118 2919 et
2141 2863 2465 2933 benignitate
2507 2860 2714 2916 Domini
2761 2859 2930 2916 nostri
2981 2859 3106 2914 ιιι-ευ
3129 2857 3366 2925 Christi,
3397 2857 3482 2912 cui
3519 2871 3641 2912 cum

2063 2957 2221 3012 Patre
2242 2965 2301 3011 et
2325 2965 2509 3010 saneto
2537 2954 2736 3024 Spiritu
2764 2953 2834 3010 sit
2871 2952 3037 3024 gloria
3055 2993 3069 3018 ,
3096 2950 3402 3021 imperium,
3446 2949 3641 3013 honor,

2063 3061 2204 3102 nunc
2229 3056 2284 3102 et
2311 3061 2546 3116 semper,
2575 3054 2633 3100 et
2663 3045 2714 3099 in
2745 3045 2938 3099 stecula
2961 3042 3300 3098 smeulorum.
3341 3044 3534 3097 Amen.

2547 3155 2826 3212 IIOMILIA
2867 3153 3156 3209 XXXVIII.

2065 3249 2199 3306 Sara
2223 3258 2425 3314 autem,
2455 3263 2586 3300 uxor
2607 3246 2815 3310 Abram,
2844 3262 2944 3299 non
2978 3245 3166 3314 peperit
3197 3245 3253 3314 ei,
3274 3259 3293 3298 :
3319 3243 3408 3298 sed
3431 3243 3640 3297 habebat

2133 3319 2373 3374 ancillam
2415 3312 2756 3388 'Egyptiam,
2793 3312 2992 3369 nomine
3020 3312 3158 3384 Agar
3190 3312 3338 3384 (Gen.
3371 3314 3461 3369 I6.
3495 3314 3566 3384 Ι).

2137 3433 2184 3486 I.
2230 3431 2402 3484 Etiam
2426 3427 2683 3482 hodierna
2711 3426 2870 3482 lectio
2910 3425 3140 3494 linguam
3176 3433 3413 3478 nostram
3465 3423 3642 3478 denuo

2062 3524 2114 3576 in
2145 3522 2453 3576 memoriam
2481 3519 2792 3589 patriarcha:
2814 3525 2967 3572 vocat
2997 3533 3008 3568 :
3042 3531 3214 3586 neque
3241 3531 3336 3570 vos
3359 3515 3642 3570 admiratio

2063 3619 2259 3676 teneat,
2288 3610 2426 3680 quod
2456 3625 2576 3664 cum
2607 3617 2682 3663 tot
2709 3607 2896 3662 diebus
2925 3605 3196 3660 historiam
3217 3604 3455 3675 ejusdem
3485 3605 3640 3660 toties

2063 3707 2114 3761 in
2168 3704 2400 3760 medium
2456 3701 2790 3756 attulerimus
2813 3739 2828 3766 ,
2858 3714 2957 3754 nec
2985 3698 3143 3754 hodie
3187 3699 3330 3752 illam
3358 3697 3638 3753 absolvere

2063 3796 2412 3870 potuerimus.
2440 3793 2625 3864 Magna
2647 3792 2790 3848 enim
2815 3791 2968 3861 copia
3013 3789 3378 3865 estvirlutum
3396 3789 3525 3860 justi
3549 3832 3564 3857 ,
3588 3801 3642 3844 et

2061 3889 2253 3946 eximia
2279 3896 2402 3942 sunt
2427 3886 2567 3941 illius
2593 3885 2730 3941 bona
2757 3897 2938 3954 opera,
2969 3881 3103 3938 adeo
3132 3888 3186 3936 ut
3212 3893 3424 3935 omnem
3452 3879 3638 3934 huma-

2061 3997 2182 4036 nam
2206 3980 2435 4050 linguam
2457 3977 2689 4032 vincanL
2717 3975 2884 4043 Quem
2907 3973 3047 4028 enim
3067 3972 3204 4027 Deus
3229 3985 3459 4040 superne
3484 3984 3637 4026 coro-

2061 4073 2206 4129 navit
2235 4083 2289 4127 et
2316 4070 2584 4126 celebrem
2614 4067 2756 4130 fecit,
2788 4065 2906 4136 quis
2939 4063 3214 4119 hominum
3239 4062 3397 4132 digne
3423 4061 3641 4117 laudare

2059 4163 2294 4236 poterit?
2325 4163 2593 4226 Attamen,
2623 4157 2722 4214 etsi
2749 4156 2904 4227 longe
2929 4153 3208 4209 inferiores
3231 4165 3412 4207 sumus
3431 4193 3445 4216 ,
3477 4165 3636 4221 quam

2060 4261 2348 4323 exposcam
2405 4251 2544 4306 illius
2594 4248 2805 4314 merita,
2835 4262 2929 4316 pro
2964 4243 3161 4299 nostris
3208 4242 3395 4297 saltem
3418 4240 3636 4302 viribus,

2058 4363 2177 4418 qua:
2203 4345 2271 4399 de.
2319 4345 2411 4399 illo
2452 4342 2646 4412 scripta
2679 4347 2800 4394 sunt
2851 4337 2904 4392 in
2956 4335 3186 4389 medium
3238 4331 3541 4393 aﬂ‘erentes,
3571 4331 3639 4385 ad

2059 4437 2418 4496 minulandum
2440 4445 2500 4492 et
2525 4431 2836 4489 imitandum
2858 4430 3103 4484 virtutem
3127 4426 3268 4481 illius
3283 4424 3640 4480 vosindueere

2057 4533 2318 4601 cupimus.
2341 4527 2548 4584 Sufﬁcit
2575 4525 2716 4581 enim
2744 4522 2900 4592 hujus
2924 4520 3019 4575 viri
3045 4517 3374 4591 philosophia
3394 4514 3459 4570 ad
3482 4529 3642 4571 omne

2059 4622 2333 4678 hominum
2364 4633 2532 4690 genus
2556 4613 2910 4672 erudiendum
2937 4654 2952 4679 ,
2981 4620 3036 4667 et
3075 4609 3142 4664 ad
3187 4605 3498 4663 alliciendos
3546 4619 3641 4660 eos

2056 4713 2146 4784 qui
2193 4712 2473 4782 diligenter
2518 4707 2851 4769 auscultant,
2893 4713 2952 4758 ut
2987 4704 3168 4758 ineant
3221 4699 3433 4754 virtutis
3475 4698 3636 4752 viam.

2058 4803 2322 4858 Craterum
2351 4799 2577 4853 obsecro
2597 4803 2656 4850 ut
2683 4793 2966 4849 attendatis
2995 4792 3078 4844 his
3101 4803 3220 4859 qum
3244 4787 3508 4852 dicuntur,
3533 4799 3640 4855 quo

2058 4899 2216 4954 liceat
2252 4894 2411 4948 etiam
2445 4906 2508 4946 ex
2545 4903 2708 4958 nuper
2737 4886 2890 4942 lectis
2909 4883 3036 4954 justi
3071 4880 3456 4953 philosophiam
3485 4877 3643 4932 addi-

2059 5004 2225 5046 scere.
2245 4987 2427 5041 Potest
2455 4981 2596 5037 cnim
2625 4979 2711 5034 hic
2736 4979 2886 5033 locus
2915 4975 3110 5031 docere
3134 4983 3188 5028 et
3212 4973 3358 5028 viros
3381 4979 3432 5025 et
3451 4969 3640 5024 mulie-

2057 5099 2164 5147 res,
2190 5087 2244 5133 ut
2272 5090 2458 5145 magna
2490 5073 2630 5128 inter
2671 5084 2730 5126 se
2755 5068 3037 5124 concordia
3069 5061 3283 5128 vivant,
3311 5072 3366 5118 et
3409 5061 3638 5130 eonjugii

2056 5173 2325 5232 vinculum
2354 5165 2723 5224 indissolutum
2751 5170 2965 5219 servent
2991 5176 3006 5214 :
3037 5168 3090 5215 et
3105 5172 3278 5228 neque
3305 5155 3387 5210 vir
3406 5155 3644 5223 insurgat

2059 5269 2317 5324 adversus
2349 5261 2656 5326 mulierem,
2689 5257 2782 5315 sed
2809 5265 2867 5312 ut
2899 5255 3009 5310 vasi
3058 5250 3335 5309 inﬁrmiori
3364 5246 3440 5322 (a)
3470 5247 3642 5316 majo-

2060 5377 2174 5418 rem
2206 5359 2278 5414 illi
2312 5356 2521 5412 veniam
2553 5352 2778 5416 tribuat;
2820 5364 2994 5418 neque
3019 5345 3212 5402 mulier
3247 5343 3361 5399 viro
3385 5356 3446 5396 se
3467 5354 3640 5409 oppo-

2061 5463 2172 5520 nat,
2196 5461 2285 5506 aut
2305 5449 2372 5504 ab
2396 5463 2462 5504 eo
2491 5443 2767 5510 dissideat,
2801 5441 2893 5497 sed
2919 5449 2976 5495 ut
3000 5435 3234 5492 vicissim
3263 5434 3398 5489 alter
3420 5429 3642 5486 alterius

2062 5558 2222 5602 onera
2259 5537 2395 5597 ferre
2435 5544 2673 5600 certent,
2695 5533 3150 5600 domesticamque
3181 5540 3366 5597 pacem
3396 5520 3644 5578 omnibus

2124 5658 2197 5719 (a)
2229 5657 2301 5706 sic
2323 5658 2375 5704 et
2398 5649 2651 5719 inﬁegula
2683 5647 2914 5719 Paehomii
2959 5642 3196 5719 mulieres
3221 5633 3642 5719 impingitur-ira

2065 5701 2310 5769 manu}.
2333 5701 2463 5777 apud
2489 5701 2666 5761 Li‘v’ium
2690 5717 2853 5762 autem
2894 5715 3197 5767 ceterosque
3221 5701 3471 5752 historicos
3491 5701 3639 5758 5min"

2060 5782 2273 5835 dimeuta
2306 5774 2627 5840 appellantur.
