4084 6214
383 347 490 403 Ἠἳῆ

400 461 550 516 bonis
572 459 873 530 prmferant.
903 457 970 510 At
989 468 1164 524 opera:
1188 451 1415 522 pretium
1443 448 1600 505 fuerit
1615 448 1798 503 audire
1813 445 1973 501 verba

400 550 535 619 ipsa,
567 559 627 604 ut
657 550 748 603 ﬁat
772 548 926 602 nobis
967 545 1210 600 doctrina
1249 541 1597 596 manifestior.
1628 541 1679 594 l.
1715 540 1849 595 Sara
1887 554 1980 591 au-

393 649 528 704 tem,
547 640 737 709 inquit,
762 654 889 692 uxor
915 636 1066 690 Abrae
1081 652 1182 689 non
1209 633 1399 704 peperit
1423 633 1468 687 ei
1497 649 1516 688 :
1558 639 1792 686 caeterum
1827 630 1980 684 liabe-

396 727 479 782 bat
507 729 746 782 ancillam
775 725 1081 797 (Egyptiam
1103 764 1120 792 ,
1151 723 1231 778 cui
1265 739 1442 777 nomen
1489 721 1626 792 Agar
1672 719 1809 791 (cap.
1865 719 1977 788 16).

450 818 624 874 -Fides
643 819 858 873 Mirabar
883 827 1092 888 quanta.
1118 845 1190 857 —-
1207 812 1522 879 Considera,
1555 811 1852 877 carissime,
1876 809 1980 866 hoc

398 908 516 963 loco
569 908 890 964 ineffabilem
921 906 1013 961 Dei
1044 904 1377 961 tolerantiam
1416 911 1470 956 et
1515 902 1766 958 eximiam
1820 898 1978 954 ﬁdem

394 1011 712 1071 gratumque
736 1000 972 1054 animum
999 999 1151 1068 justi,
1175 1012 1334 1068 quem
1359 996 1498 1050 datis
1531 995 1632 1050 sibi
1664 993 1978 1064 promissio-

399 1092 553 1146 nibus
568 1091 875 1147 declaravit.
907 1088 1038 1145 Cum
1064 1088 1203 1144 enim
1225 1087 1382 1142 toties
1402 1084 1729 1156 promisisset
1755 1084 1898 1139 Deus
1921 1097 1979 1138 se

395 1181 643 1236 daturum
673 1179 866 1236 semini
894 1179 1011 1248 ejus
1034 1187 1250 1244 terram,
1273 1187 1326 1232 et
1353 1176 1406 1230 in
1434 1185 1579 1230 tanto
1597 1175 1978 1245 multiplicatu-

394 1284 515 1326 rum
542 1286 766 1326 numero
788 1312 802 1337 ,
825 1282 890 1325 -ιιι
917 1269 1237 1326 multitudini
1266 1270 1536 1325 stellarum
1559 1267 1929 1338 adaequaretur
1957 1284 1972 1322 :

396 1361 582 1416 videns
607 1361 1240 1432 nullam-promissionem
1271 1374 1435 1430 opere
1469 1359 1697 1430 impleri,
1727 1373 1890 1428 seque
1914 1374 1979 1412 ex

399 1453 839 1522 promissionibus
859 1453 988 1508 niltil
1015 1461 1369 1524 praeterquam
1397 1451 1556 1506 verba
1582 1452 1842 1520 accipere,
1872 1466 1978 1505 non

385 1543 710 1598 iturbabatur
757 1544 984 1610 ratione,
1015 1558 1121 1598 non
1174 1542 1612 1598 commovebatur
1657 1549 1857 1607 mente,
1885 1541 1979 1596 sed

389 1635 590 1688 mansit
612 1635 863 1688 immotus
884 1643 938 1689 et
959 1634 1204 1699 inﬂexus,
1223 1634 1449 1689 credens
1485 1635 1732 1704 potentize
1755 1635 1980 1703 promit-

391 1725 577 1779 tentis.
621 1725 684 1778 Et
708 1724 907 1779 idcirco
932 1725 1089 1779 etiam
1111 1724 1198 1780 hic
1242 1725 1292 1779 id
1336 1724 1653 1794 signiﬁcavit
1705 1725 1976 1795 Scriptura

392 1815 574 1870 divina
597 1815 780 1870 dicens
813 1816 989 1871 :Sara
1032 1826 1198 1870 autem
1219 1857 1233 1881 ,
1265 1833 1395 1871 uxor
1419 1817 1566 1871 Alme
1587 1856 1605 1883 ,
1648 1833 1748 1872 non
1791 1821 1981 1890 peperit

395 1905 461 1970 ei,
485 1907 634 1975 quasi
663 1907 764 1960 hoc
787 1906 940 1962 nobis
959 1907 1240 1962 declarans
1270 1924 1284 1960 :
1309 1907 1434 1961 Post
1461 1907 1575 1962 haec
1612 1910 1792 1964 omnia
1813 1950 1828 1976 ,
1861 1921 1981 1980 post

398 2006 548 2066 pacta
585 2013 704 2051 cum
757 2013 822 2053 eo
861 1999 1011 2065 inita,
1040 2008 1162 2069 post
1201 2000 1638 2068 pollicitationem
1685 2001 1980 2058 innumera:

397 2089 748 2145 multitudinis
773 2106 836 2147 ex
869 2106 933 2147 eo
955 2091 1298 2162 procreanda:
1316 2091 1447 2146 nihil
1467 2093 1753 2149 ﬁuctuabat
1772 2108 1978 2161 secum,

398 2183 583 2237 videns
604 2183 734 2238 nihil
761 2183 1024 2239 dictorum
1047 2199 1211 2254 opere
1241 2185 1449 2256 impleri
1476 2228 1491 2254 ,
1519 2185 1614 2242 sed
1641 2187 1818 2241 omnia
1847 2203 1980 2242 con-

398 2275 560 2328 trario
616 2275 774 2330 modo
823 2290 943 2331 sese
997 2276 1210 2332 habere.
1262 2278 1550 2348 Propterea
1587 2279 1718 2334 dicit
1744 2291 1860 2350 post
1890 2280 1977 2335 illa

397 2365 592 2431 omnia,
623 2365 778 2434 Sara,
810 2383 940 2421 uxor
965 2368 1092 2437 eius,
1123 2385 1223 2422 non
1253 2370 1444 2440 peperit
1475 2370 1522 2423 ei
1547 2387 1565 2424 :
1595 2377 1654 2424 ut
1689 2370 1865 2426 discas
1893 2370 1976 2425 ni-

399 2451 468 2507 hil
493 2455 566 2508 illi
595 2457 884 2512 accessisse
912 2466 1032 2527 post
1061 2467 1234 2513 tantas
1266 2459 1646 2528 promissiones
1665 2502 1679 2526 ,
1711 2462 1810 2515 etsi
1837 2461 1980 2530 quod

397 2544 529 2600 Sara
569 2549 767 2603 sterilis
805 2558 859 2604 et
893 2559 1046 2605 utero
1073 2558 1317 2605 emortuo
1341 2559 1480 2605 esset
1507 2593 1522 2618 ,
1555 2551 1608 2605 in
1652 2563 1831 2607 mente
1851 2552 1980 2621 justi

398 2637 616 2692 multam
646 2637 1033 2696 hzcsitationem
1065 2640 1378 2712 ingenerare
1414 2650 1615 2712 posset.
1649 2641 1842 2698 Verum
1885 2659 1976 2713 pa-

382 2728 630 2783 :‘triarcha
658 2745 763 2784 non
794 2731 1069 2800 spectabat
1097 2731 1162 2786 ad
1194 2730 1570 2801 impedimenta
1618 2741 1856 2799 naturae;
1886 2733 1980 2788 sed

398 2821 709 2889 sapientiam
750 2820 958 2876 Domini
985 2836 1316 2892 cognoscens
1335 2863 1350 2886 ,
1383 2824 1470 2893 qui
1495 2839 1616 2879 cum
1647 2832 1851 2879 natura:
1875 2826 1979 2881 Do-

399 2912 573 2966 minus
595 2920 657 2966 et
679 2913 935 2968 Conditor
957 2914 1046 2979 sit,
1073 2914 1210 2968 viam
1242 2914 1296 2967 in
1324 2914 1478 2968 inviis
1507 2925 1681 2984 potest
1707 2916 1944 2972 invenire
1962 2958 1978 2985 ,

398 3002 737 3073 sicutgratus
763 3019 948 3059 servus
979 3020 1084 3059 non
1115 3006 1303 3074 qumrit
1334 3006 1543 3061 curiose
1560 3007 1772 3062 modum
1795 3023 1979 3064 eorum

393 3105 517 3160 qua:
563 3091 726 3159 ﬁunt,
779 3092 871 3147 sed
913 3092 1167 3163 relinquit
1209 3093 1728 3163 incomprehensibili
1771 3097 1982 3153 Domini

399 3179 768 3250 providentiae,
789 3190 852 3236 et
887 3181 1110 3236 credidit
1155 3183 1329 3237 dielis.
1369 3183 1569 3240 Idcirco
1599 3185 1768 3256 inquit
1799 3204 1812 3240 :
1846 3187 1983 3242 Sara

397 3279 586 3337 autem,
616 3279 737 3340 post
780 3279 954 3327 tantas
997 3272 1401 3342 promissiones,
1427 3290 1525 3329 non
1556 3277 1746 3346 peperit
1767 3279 1831 3331 ei.
1871 3277 1983 3332 lla-

397 3359 538 3416 bebat
564 3369 732 3415 autem
756 3362 995 3417 ancillam
1025 3361 1347 3434 ngyptiam,
1368 3365 1450 3418 cui
1474 3381 1654 3420 nomen
1678 3365 1836 3438 Agar.
1863 3367 1980 3423 Non

403 3452 608 3522 absque
642 3467 802 3508 causa
829 3455 989 3509 etiam
1021 3454 1130 3508 hoc
1155 3454 1274 3509 loco
1320 3455 1590 3526 Scriptura
1621 3456 1799 3512 divina
1829 3459 1982 3514 nobis

398 3545 603 3599 ancilla:
624 3545 1102 3612 mcmoriamfecit,
1130 3545 1224 3601 sed
1252 3556 1308 3602 ut
1332 3548 1561 3602 sciamus
1583 3547 1721 3604 unde
1738 3549 1984 3606 habuerit

400 3634 564 3689 illam.
598 3635 730 3690 Nam
758 3635 956 3691 idcirco
981 3636 1176 3707 adjecit
1195 3652 1315 3692 eam
1338 3636 1640 3709 Egyptiam
1658 3655 1798 3709 esse,
1830 3651 1887 3696 ut
1914 3641 1980 3696 ad

399 3727 727 3797 superiorem
756 3728 1030 3785 historiam
1058 3745 1427 3797 recurramus;
1453 3733 1594 3802 quod
1616 3749 1807 3803 nempe
1824 3734 1982 3791 fuerit

398 3833 466 3874 ex
496 3835 718 3876 numero
741 3836 924 3876 eorum
952 3838 1070 3893 quae
1083 3822 1289 3877 Pharao
1305 3823 1461 3877 Abrze
1480 3823 1791 3894 donaverat,
1814 3842 1984 3896 quan-

380 3896 482 3964 .dlr
498 3921 641 3964 tanta
672 3911 870 3968 ultione
896 3913 965 3967 ab
989 3913 1226 3968 omnium
1256 3914 1364 3969 Deo
1381 3916 1579 3984 petitus
1603 3927 1705 3983 est,
1734 3919 1981 3988 quodque

387 3998 676 4055 rredeundo
707 3998 844 4056 hanc
890 4003 1156 4073 acceperit
1181 4002 1329 4060 Sara.
1363 4003 1617 4060 Studiose
1654 4007 1794 4062 enim
1827 4008 1982 4064 nobis

403 4099 678 4147 et.nomen
709 4101 764 4147 et
785 4103 998 4164 gentem
1023 4094 1336 4164 signiﬁcavit
1361 4096 1537 4152 divina
1558 4097 1850 4169 Scriptura.
1878 4100 1981 4156 Ve-

399 4198 519 4239 rum
547 4185 874 4240 ulteriuschic
897 4187 1198 4254 considera,
1222 4188 1489 4257 quomodo
1516 4189 1662 4245 Sara:
1688 4207 1839 4246 meus
1862 4192 1982 4262 phi-

402 4275 688 4345 losophicis
715 4277 934 4348 prmdita
956 4277 1109 4332 fuerit
1128 4280 1384 4347 moribus,
1411 4288 1464 4334 et
1482 4282 1672 4336 mirum
1692 4284 1742 4336 in
1765 4284 1980 4339 modum

398 4367 691 4430 continens,
725 4376 882 4436 atque
909 4381 1066 4436 quam
1089 4367 1245 4423 fuerit
1273 4371 1385 4439 ipse
1411 4372 1799 4439 patriarchailli
1820 4374 1978 4430 obse-

402 4469 570 4524 quens
597 4465 650 4509 et
674 4455 816 4511 dicto
845 4456 1086 4512 audiens.
1112 4457 1169 4512 Ξ.
1195 4458 1335 4512 Dixit
1370 4470 1538 4514 autem
1567 4461 1704 4517 Sara
1722 4506 1738 4530 ,
1773 4464 1975 4535 inquit,

402 4545 549 4601 Abrae
571 4548 623 4600 in
652 4557 784 4601 terra
827 4547 1072 4604 Chanaan
1102 4565 1122 4606 :
1151 4549 1283 4604 Ecce
1310 4553 1554 4608 conclusit
1583 4571 1661 4609 me
1689 4555 1936 4612 Dominus
1959 4600 1975 4627 ,

400 4656 461 4693 ne
486 4655 756 4709 parerem:
783 4640 1041 4710 ingredere
1073 4642 1229 4711 igitur
1254 4642 1322 4696 ad
1353 4642 1591 4698 ancillam
1624 4663 1807 4714 meam,
1839 4658 1982 4704 utea:

401 4749 461 4786 ea
486 4734 675 4802 prolem
704 4735 972 4804 suscipias.
1029 4734 1162 4791 Vide
1190 4736 1431 4791 mulieris
1456 4739 1790 4808 probitatem.
1840 4740 1981 4797 Nihil

399 4824 504 4879 tale
529 4824 680 4891 dixit,
703 4827 859 4895 quale
884 4826 1116 4896 p081th
1137 4827 1335 4883 Rachel
1367 4828 1535 4898 inquit
1565 4830 1630 4884 ad
1659 4829 1826 4886 Jacob
1855 4849 1868 4887 :
1900 4832 1981 4886 Da

396 4915 522 4968 mihi
549 4915 718 4984 ﬁlios;
747 4918 882 4986 quod
898 4918 946 4972 si
986 4919 1168 4984 minus,
1201 4921 1390 4974 morior
1427 4936 1517 4990 ego
1563 4920 1714 4993 (Gen.
1760 4924 1850 4979 50.
1903 4926 1976 4995 ί).

398 5005 508 5060 Sed
556 5006 681 5076 quid
719 5007 884 5063 dicit?
910 5007 1042 5062 Ecce
1081 5008 1326 5064 conclusit
1365 5026 1444 5065 me
1478 5010 1755 5079 Dominus,
1784 5031 1845 5068 ne
1883 5031 1980 5084 pa-

395 5113 579 5152 rerem.
637 5099 704 5154 Et
746 5101 891 5169 quia.
945 5101 1132 5170 inquit,
1185 5102 1424 5158 sterilem
1474 5119 1561 5159 me
1607 5104 1732 5160 fecit
1777 5115 1979 5163 natura:

393 5191 676 5261 Conditor,
705 5201 759 5247 et
784 5193 1007 5262 privavit
1036 5209 1121 5249 me
1151 5193 1378 5250 ﬁliorum
1398 5197 1766 5265 procreatione
1787 5240 1800 5264 ,
1830 5208 1886 5254 ut
1913 5215 1979 5255 ne

396 5291 618 5354 propter
642 5298 816 5338 meam
840 5285 1173 5339 sterilitatem
1194 5327 1207 5349 ,
1232 5299 1354 5339 cum
1383 5286 1433 5340 in
1452 5296 1746 5342 extremam
1767 5291 1979 5345 veneris

396 5381 686 5439 senectam,
716 5381 900 5441 postea
926 5388 1146 5428 maneas
1171 5373 1371 5444 absque
1396 5375 1595 5439 liberis,
1613 5374 1888 5447 Ingredere
1910 5379 1978 5432 ad

399 5463 644 5517 ancillam
673 5478 857 5526 meam,
885 5473 939 5516 ut
977 5479 1040 5518 ea:
1069 5479 1127 5517 ea
1153 5463 1287 5532 ﬁlios
1319 5481 1567 5534 procrees.
1609 5464 1875 5538 Multiplex
1925 5480 1978 5523 et

403 5552 681 5608 iueffabilis
706 5553 944 5609 mulieris
965 5555 1220 5624 probitas.
1251 5555 1381 5622 Qum
1419 5557 1561 5610 enim
1589 5573 1838 5629 umquam
1869 5575 1978 5615 mu~
2014 5582 2016 5585 ·

396 5639 497 5693 tier
541 5639 645 5695 hoc
694 5642 980 5697 sustineret
1029 5643 1239 5711 facere,
1269 5645 1354 5700 vel
1399 5646 1512 5702 viro
1555 5649 1853 5718 consulere,
1894 5651 1976 5707 vel

395 5727 602 5792 ancillae
625 5731 892 5803 conjugali
924 5743 1042 5790 toro
1064 5733 1254 5794 cedere
1280 5737 1302 5791 2

1139 337 1194 394 ὃ.
1235 333 1514 392 JOANNIS
1550 329 2024 391 CHRYSOSTOMI
2064 326 2381 386 ARCHIEP.
2423 319 2953 380 CONSTANTINOP.

3563 325 3673 380 552

2158 435 2408 491 2.Vidisti
2441 434 2706 506 quomodo
2735 434 2803 489 ab
2837 433 2981 489 omni
3015 433 3294 491 atTectione
3318 433 3516 492 fuerint
3539 439 3677 495 alie-

2091 529 2184 583 ni?
2208 527 2352 583 Unus
2379 537 2492 582 erat
2512 528 2591 582 eis
2617 542 2831 598 scopus,
2855 543 2922 582 ne
2943 527 3146 598 absque
3174 528 3356 583 liberis
3371 529 3490 584 hinc
3509 530 3676 586 decc-

2085 620 2274 676 derent
2299 636 2314 686 ;
2345 620 2438 676 sed
2462 621 2773 691 spectabant
2795 620 3064 691 quomodo
3092 621 3250 675 etiam
3288 621 3433 677 illinc
3472 637 3673 678 conso-

2086 712 2340 786 lationem
2366 713 2698 782 acquirerent
2720 753 2737 777 ,
2764 720 2817 766 et
2842 711 3210 768 iudissolubile
3231 713 3376 782 pacis
3403 714 3673 769 vinculum

2088 814 2385 860 servarent.
2437 803 2670 860 Observa
2707 804 2853 858 enim
2905 803 2993 858 hic
3045 803 3362 873 patriarcha:
3411 805 3674 873 insignem

2083 895 2486 961 continentiam,
2501 893 2971 963 admirabilemque
2989 893 3473 950 mansuetudinem.
3489 895 3677 964 Neque

2085 988 2228 1042 enim
2250 987 2490 1056 asperior
2516 984 2615 1039 fuit
2643 985 2816 1049 uxori,
2848 985 2988 1055 quod
3030 985 3230 1040 liberos
3270 1000 3373 1040 non
3424 985 3670 1054 haberet,

2086 1086 2143 1133 ut
2175 1078 2485 1148 insipientes
2512 1077 2787 1142 nonnulli;
2821 1093 2994 1148 neque
3012 1093 3165 1132 amor
3192 1077 3308 1148 ejus
3334 1094 3458 1148 erga
3483 1081 3676 1136 mulie-

2085 1184 2199 1224 rem
2227 1169 2534 1224 imminutus
2563 1181 2662 1222 εει.
2697 1169 2856 1223 Scitis
2881 1169 3044 1234 enim,
3074 1169 3229 1240 plane
3277 1171 3425 1225 scitis
3471 1173 3674 1228 multos

2086 1261 2223 1316 hanc
2250 1261 2585 1331 potissimum
2614 1261 2684 1316 ob
2713 1275 2926 1315 causam
2954 1261 3204 1316 mulieres
3219 1260 3510 1331 despicere,
3531 1265 3672 1320 sicut

2084 1351 2153 1408 ob
2174 1352 2495 1407 contrariam
2521 1350 2788 1406 adamare.
2839 1351 3132 1420 Utrumque
3163 1351 3354 1406 stolide
3378 1361 3432 1408 et
3471 1353 3671 1423 impru-

2084 1443 2273 1499 denter
2297 1453 2481 1514 agunt,
2513 1445 2600 1514 qui
2626 1445 2876 1500 uxoribus
2901 1444 3556 1502 adscribuutsterilitatem
3584 1450 3672 1503 vel

2085 1534 2479 1600 fecunditatem,
2509 1535 2658 1605 quasi
2704 1536 3003 1590 nescientes
3055 1552 3084 1589 a
3137 1548 3338 1594 natura:
3381 1537 3672 1597 Conditore

2085 1625 2382 1694 dispensari
2439 1625 2705 1690 universa,
2735 1613 2789 1680 ei
2840 1641 3013 1694 neque
3059 1629 3279 1696 coitum,
3301 1647 3474 1703 neque
3522 1632 3670 1688 aliud

2084 1717 2332 1786 quiddam
2366 1717 2429 1772 ad
2476 1717 2830 1789 procreandos
2873 1718 3067 1774 liberos
3114 1721 3358 1779 conferre
3383 1767 3399 1792 ,
3430 1725 3528 1780 nisi
3571 1741 3673 1780 eo—

2086 1817 2337 1876 operetur
2363 1823 2553 1863 manus
2578 1824 2829 1878 superna,
2861 1826 2977 1880 qum
3009 1820 3247 1868 naturam
3278 1814 3345 1868 ad
3386 1832 3672 1886 procreau-

2084 1899 2211 1954 dum
2235 1901 2454 1957 excitet.
2488 1901 2618 1966 Qua:
2643 1916 2766 1956 cum
2792 1903 2958 1971 probe
2987 1915 3164 1959 nosset
3179 1905 3355 1975 justus
3383 1908 3488 1973 ille,
3507 1911 3671 1966 uxori

2085 1991 2416 2046 sterilitatem
2446 2007 2552 2046 non
2586 1992 2878 2061 imputabat
2911 2012 2925 2049 :
2957 1994 3050 2049 sed
3088 2008 3470 2066 congruentem
3498 2000 3672 2054 hono-

2084 2097 2199 2137 rem
2225 2097 2438 2152 semper
2461 2083 2510 2137 ei
2546 2082 2829 2138 tribuebat.
2857 2084 3028 2154 Atque
3049 2085 3185 2140 hanc
3213 2087 3282 2142 ob
3301 2102 3514 2144 eausam
3553 2091 3670 2160 ipsa

2085 2174 2140 2228 in
2179 2173 2338 2229 ofﬁcii
2367 2175 2535 2230 vicem
2558 2217 2571 2238 ,
2602 2175 2892 2246 volensque
2923 2175 3195 2233 declarare
3241 2188 3440 2250 quanto
3485 2196 3674 2238 amore

2083 2281 2206 2337 erga
2232 2268 2402 2321 virum
2427 2267 2714 2336 afﬁciatur,
2748 2283 2853 2322 non
2883 2268 3024 2339 quod
3064 2271 3144 2324 sui
3171 2271 3335 2340 ipsius
3364 2282 3479 2328 erat
3498 2313 3514 2338 ,
3539 2289 3670 2342 spe-

2084 2360 2280 2425 ctabat,
2310 2360 2402 2416 sed
2425 2361 2692 2431 quomodo
2719 2361 2794 2416 illi
2823 2362 3239 2418 consolationem
3267 2365 3546 2434 quamdam
3573 2381 3669 2420 or—

2084 2451 2264 2507 bitatis
2314 2453 2608 2507 liberorum
2659 2455 3030 2525 excogitaret,
3077 2458 3226 2526 quasi
3273 2458 3516 2514 manibus
3557 2461 3670 2514 suis

2083 2552 2354 2614 acceptam
2377 2545 2605 2614 puellam
2626 2543 2925 2616 Egyptiam
2951 2546 3003 2600 in
3030 2546 3224 2603 lectum
3245 2564 3399 2604 suum
3422 2551 3628 2608 induxit
3649 2571 3666 2611 :

2083 2633 2211 2704 quin
2238 2644 2294 2690 et
2315 2635 2494 2690 verbis
2523 2635 2652 2706 ipsis
2677 2636 2932 2702 ostendit,
2955 2652 3058 2707 qua
3079 2637 3146 2693 de
3168 2653 3325 2694 causa
3350 2640 3402 2694 id
3425 2640 3669 2708 faciat,et

2084 2727 2204 2795 quis
2245 2726 2361 2796 ejus
2404 2727 2476 2782 sit
2503 2741 2718 2797 scopus.
2763 2727 2897 2795 Quia
2929 2742 3062 2799 ego,
3092 2729 3298 2799 inquit,
3328 2731 3528 2792 inutilis
3557 2733 3670 2787 visa

2084 2833 2226 2884 sum,
2261 2827 2317 2874 et
2349 2819 2416 2874 ad
2443 2819 2806 2890 generandum
2835 2834 2939 2874 non
2976 2819 3169 2875 idonea
3200 2820 3492 2878 :Conclusit
3525 2825 3672 2880 enim

2084 2924 2165 2964 me
2203 2905 2478 2976 Dominus,
2503 2927 2566 2963 ne
2617 2925 2862 2979 parerem.
2886 2909 3016 2964 Vide
3054 2909 3365 2979 prudentem
3413 2913 3671 2980 animam,

2083 3001 2350 3070 quomodo
2401 3000 2531 3055 nihil
2578 3015 2826 3070 asperum
2872 3000 3136 3071 loquitur,
3181 3003 3511 3059 sterilitatem
3561 3021 3669 3060 non

2084 3090 2326 3162 deplorat
2355 3110 2368 3146 :
2395 3091 2487 3147 sed
2516 3091 2688 3146 solum
2727 3091 2828 3146 hoc
2857 3091 3009 3147 nobis
3051 3091 3327 3149 declarare
3351 3095 3498 3157 vult,
3526 3096 3667 3165 quod

2085 3193 2288 3238 naturae
2309 3181 2535 3237 Domino
2563 3181 2739 3252 cpiﬁei
2770 3182 2874 3237 hoc
2901 3182 3213 3239 adscribens
3233 3225 3247 3248 ,
3280 3184 3467 3241 leniter
3490 3194 3541 3238 et
3560 3200 3662 3254 ge-

2085 3288 2278 3330 nerose
2305 3271 2460 3338 ferat,
2492 3272 2693 3326 malens
2718 3271 2858 3339 quod
2889 3272 2999 3328 Deo
3023 3272 3297 3342 placebat,
3335 3289 3488 3344 quam
3521 3273 3665 3344 quod

2085 3365 2198 3435 ipsa
2223 3363 2626 3434 concupiscebat
2643 3403 2659 3426 ,
2691 3373 2744 3420 et
2772 3364 2872 3420 hoc
2897 3381 3058 3420 ttnum
3086 3375 3332 3435 spectans
3357 3409 3372 3434 ,
3403 3377 3460 3422 ut
3496 3369 3668 3422 virum

2085 3455 2366 3510 solaretur.
2427 3455 2686 3522 Quoniam
2707 3496 2723 3523 ,
2751 3455 2954 3526 inquit,
2985 3455 3234 3510 Dominus
3268 3474 3347 3511 me
3387 3459 3666 3523 conclusit,

2085 3561 2148 3600 ne
2167 3561 2411 3615 parerent.
2435 3545 2642 3612 Quanta
2679 3545 2837 3614 hujus
2875 3546 3023 3602 verbi
3062 3547 3334 3617 emphasis
3365 3549 3484 3603 est?
3509 3564 3672 3619 quam

2085 3637 2402 3694 ineffabilem
2424 3637 2656 3693 ostendit
2687 3638 2779 3694 Dei
2826 3639 3114 3708 potentiam
3159 3651 3212 3694 et
3243 3639 3674 3709 providentiam?

2084 3728 2246 3797 Quasi
2271 3728 2475 3783 diceret
2502 3746 2515 3782 :
2545 3727 2694 3784 Sicut
2722 3743 2820 3784 nos
2850 3730 3122 3800 aperimus
3149 3737 3204 3786 et
3240 3729 3537 3787 claudimus
3571 3731 3672 3788 do-

2085 3834 2252 3883 mum,
2285 3819 2354 3873 ita
2397 3828 2452 3889 et
2503 3819 2758 3874 Dominus
2800 3821 2851 3874 in
2901 3830 3088 3876 natura
3134 3831 3408 3892 operatur,
3463 3831 3518 3878 et
3567 3837 3672 3878 suo

2084 3918 2351 3981 praecepto
2379 3909 2597 3977 claudit,
2625 3919 2678 3965 et
2706 3910 2899 3966 iterum
2926 3912 3140 3982 quando
3170 3914 3281 3968 vult
3306 3915 3500 3984 aperit.
3521 3915 3670 3984 etju-

2084 4001 2174 4056 bet
2203 4009 2442 4055 naturam
2469 4000 2608 4073 quod
2648 4015 2804 4056 suum
2841 4011 2924 4058 est
2953 4004 3181 4073 operari.
3218 4004 3480 4072 Quoniam
3509 4006 3672 4076 igitur

2086 4090 2340 4146 Conclusit
2397 4109 2476 4147 me
2519 4092 2768 4147 Dominus
2789 4133 2805 4160 ,
2863 4110 2926 4147 ne
2976 4111 3239 4164 parerem,
3297 4095 3558 4167 ingredere
3600 4097 3670 4150 ad

2083 4183 2324 4236 ancillam
2349 4199 2538 4250 meam,
2570 4193 2624 4237 ut
2676 4199 2740 4237 ea:
2787 4200 2846 4238 ea
2881 4185 3073 4254 prolem
3117 4202 3363 4257 procrees.
3417 4187 3538 4242 Scio
3581 4205 3672 4243 me

2085 4273 2328 4330 orbitatis
2353 4288 2570 4330 causam
2606 4289 2757 4340 esse;
2788 4287 3066 4346 propterea
3107 4279 3231 4332 nolo
3257 4287 3308 4333 te
3336 4280 3546 4348 privare
3574 4280 3669 4335 illo

2085 4366 2297 4420 solatio.
2322 4365 2590 4420 Fortassis
2616 4375 2791 4421 autem
2821 4367 2981 4421 etiam
3009 4369 3374 4437 suspicabatur
3392 4370 3522 4426 Sara
3554 4379 3669 4426 ste-

2085 4456 2334 4511 rilitatem
2363 4457 2504 4511 illam
2532 4472 2636 4512 non
2681 4473 2712 4512 a
2749 4473 2808 4514 se
2833 4458 2945 4515 sola
2974 4474 3092 4515 esse
3118 4502 3134 4526 ,
3167 4459 3260 4515 sed
3286 4461 3445 4516 etiam
3474 4477 3539 4517 ex
3567 4478 3666 4533 pa-

2087 4548 2314 4602 triarcha
2346 4563 2361 4602 :
2390 4547 2511 4603 ideo
2535 4548 2722 4603 volens
2747 4559 2895 4604 certo
2920 4551 3285 4620 experimento
3320 4552 3371 4606 id
3399 4553 3661 4622 comperi~

2085 4652 2165 4704 re,
2197 4638 2402 4692 ancillae
2422 4638 2582 4705 cedit,
2615 4647 2669 4695 et
2697 4640 2841 4694 illam
2861 4641 2913 4694 in
2939 4641 3133 4696 lectum
3162 4643 3301 4698 illius
3325 4643 3490 4709 ducit,
3523 4653 3578 4698 ut
3607 4660 3668 4700 re

2085 4728 2196 4799 ipsa
2225 4728 2394 4784 discat
2419 4745 2485 4784 an
2513 4729 2622 4785 sola
2645 4731 2714 4785 sit
2732 4731 2784 4785 in
2810 4747 2992 4798 causa,
3019 4733 3227 4803 sibique
3251 4734 3350 4789 solt
3375 4734 3445 4789 sit
3469 4734 3670 4789 adscri-

2086 4818 2258 4874 benda
2287 4819 2559 4874 sterilitas.
2611 4820 2840 4874 Obedivit
2891 4833 3078 4894 autem,
3114 4824 3303 4892 inquit,
3329 4824 3518 4878 Abram
3559 4827 3672 4880 voci

2085 4909 2252 4964 Saraz.
2280 4909 2462 4979 Magna
2484 4910 2612 4980 justi
2641 4911 2989 4982 philosophia.
3021 4913 3075 4968 Id
3101 4914 3242 4968 enim
3263 4915 3404 4984 quod
3421 4915 3546 4980 dixi,
3567 4915 3673 4972 hoc

2083 5009 2137 5054 et
2157 5015 2298 5054 nunc
2324 5000 2444 5054 dico
2475 5016 2488 5053 :
2521 5000 2670 5055 illum
2700 5017 2806 5057 non
2837 5003 3067 5072 priorem
3097 5005 3198 5059 hoc
3219 5005 3498 5060 consilium
3522 5007 3672 5060 iniis-

2085 5104 2162 5156 se,
2195 5092 2441 5161 quamvis
2470 5092 2523 5146 in
2569 5103 2809 5149 extrema
2859 5103 3133 5150 senectute
3181 5106 3358 5162 esset,
3387 5107 3441 5152 et
3469 5113 3609 5154 nunc
3639 5113 3672 5154 a

2085 5179 2214 5236 Sara
2236 5182 2563 5238 admonitum
2591 5193 2836 5256 prompte
2880 5185 3200 5254 obedivisse,
3250 5197 3306 5243 ut
3351 5187 3568 5243 doceret
3611 5204 3673 5244 se

2085 5285 2190 5326 non
2220 5288 2286 5327 ex
2312 5274 2737 5344 concupiscentia
2768 5274 2851 5330 vel
2888 5274 3104 5331 libidine
3133 5278 3384 5348 congredi
3422 5293 3544 5332 cum
3577 5279 3666 5332 illa

2087 5365 2335 5431 Voluisse,
2357 5365 2449 5420 sed
2472 5375 2528 5421 ut
2566 5365 2786 5420 seminis
2815 5365 3141 5436 relinqueret
3164 5368 3576 5440 successionem.
3611 5370 3668 5423 5.

2087 5454 2151 5510 Et
2172 5457 2287 5510 tulit
2315 5458 2450 5513 Sara
2474 5474 2602 5512 uxor
2638 5458 2789 5512 Abra:
2824 5458 3042 5528 Agarem
3083 5460 3389 5532 .Egyptiam
3427 5463 3667 5518 ancillam

2084 5564 2227 5602 suam
2249 5591 2264 5616 ,
2298 5560 2562 5621 postquam
2587 5550 2754 5604 decem
2784 5565 2943 5604 annos
2971 5550 3241 5607 habitasset
3289 5570 3404 5608 cum
3429 5556 3535 5609 uiro
3572 5572 3667 5612 suo

2083 5639 2135 5694 in
2156 5639 2445 5696 Chanana'a
2466 5644 2545 5712 (a)
2571 5653 2616 5698 et
2639 5646 2774 5698 dedit
2793 5662 2905 5700 eam
2932 5648 3084 5703 Abrae
3108 5651 3213 5704 viro
3241 5667 3333 5706 suo
3353 5651 3404 5706 in
3433 5668 3666 5708 uxorem.

2149 5753 2224 5817 (tt)
2256 5755 2336 5804 Hic
2359 5758 2539 5806 variant
2558 5755 2860 5820 exemplaria
2881 5762 3187 5822 septuaginta
3212 5769 3554 5828 lnterpretum,
3583 5765 3665 5815 ubi
