4070 6194
386 214 483 272 551
1473 217 1542 274 IN
1581 216 1735 276 CAP.
1763 216 1886 273 XVI
1925 214 2168 273 GENES.
2210 216 2442 275 HOMIL.
2475 218 2775 278 XXXVIII-

384 328 802 402 προτιμοτέραν.
854 330 1172 402 ’Δναγκαῖον
1206 331 1263 385 δὲ
1306 334 1399 387 καὶ
1442 334 1623 389 αὐτῶν
1671 334 1902 389 ἀκοῦσαι
1945 332 2054 388 τῶν

386 416 667 488 ῥημάτων,
712 417 800 473 ἴνα
846 419 1156 491 σαφεστέρα
1200 419 1328 491 ὑμῖν
1373 419 1600 493 γένηται
1643 422 1677 491 ή
1717 418 2055 474 διδασκαλία.

384 506 543 576 Elim
567 506 656 574 δὲ,
683 508 868 579 φησὶν,
901 509 941 578 ἠ
977 508 1133 579 γυνὴ
1163 509 1402 580 Ἀϐραμ,
1443 511 1556 564 οὐκ
1588 509 1822 564 ἔτικτεν
1852 505 2014 574 αὑτῷ
2039 526 2053 540 ο

384 589 465 663 ἦν
507 594 577 648 δὲ
623 594 778 663 αὐτῇ
818 595 1108 665 παιδίσκη
1129 596 1463 667 Αἰγυπτία,
1522 592 1562 669 ᾖ
1610 596 1809 666 ὄνομα
1856 597 2055 666 Ἅγαρ.

454 680 651 734 Σκόπει
686 698 774 752 μοι
800 681 1069 750 ἐντεῦθεν,
1104 684 1380 756 άγαπητέ,
1422 683 1518 738 τοῦ
1556 682 1692 738 Θεοῦ
1720 684 1820 755 τὴν
1850 682 2057 754 ἄφατον

386 765 788 840 μακροθυμίαν,
839 770 1053 824 καὶτοῦ
1080 770 1289 826 δικαίου
1341 771 1438 843 τὴν
1480 770 1927 843 ὑπερϐάλλουσαν
1973 771 2060 825 πί-

385 867 502 903 στιν
545 852 639 905 καὶ
682 851 781 924 τὴν
827 854 1268 927 εὐγνωμοσύνην,
1298 856 1368 927 ἢν
1401 856 1531 930 περὶ
1573 856 1672 922 τὰς
1723 855 2057 926 ἐπαγγελίας

381 938 727 994 ἐπεδείκνυτο
746 942 842 1006 τὰς
868 944 949 1007 είς
972 944 1135 998 αὑτὸν
1157 944 1551 1016 γεγενημένας.
1580 944 1920 1005 Τοσαυτάκις
1946 942 2056 1014 γὰρ

382 1025 754 1099 ὑποσχομένου
803 1028 899 1082 τοῦ
933 1029 1091 1096 Θεοῦ,
1130 1032 1214 1085 ὅτι
1248 1031 1327 1102 τῷ
1364 1032 1640 1104 σπέρματι
1688 1031 1853 1087 αὑτοῦ
1895 1030 2058 1085 δώσει

380 1113 478 1185 τὴν
530 1115 655 1185 γῆν,
687 1116 781 1169 καί
807 1118 891 1171 ὅτι
922 1118 1002 1181 εἰς
1042 1118 1292 1172 τοσοῦτον
1330 1119 1536 1190 πλῆθος
1569 1120 1947 1191 ἐκταθήσεται,
1980 1119 2057 1184 ὡς

378 1202 457 1273 τῷ
490 1203 597 1257 τῶν
629 1203 844 1276 ἄστρων
873 1205 1069 1277 πλήθει
1115 1207 1528 1279 παρισωθῆναι,
1572 1207 1715 1279 ὁρῶν
1758 1207 1910 1261 οὐδὲν
1946 1207 2055 1262 τῶν

379 1290 822 1360 ἐπαγγελθέντων
853 1295 934 1357 εἰς
987 1293 1148 1366 ἔργον
1189 1293 1460 1360 ἐκϐαῖνον,
1496 1294 1608 1349 ἀλλ’
1639 1294 1718 1349 ἔτι
1766 1295 1929 1368 μέχρι
1962 1295 2054 1349 λδ·
2082 1336 2087 1339 η

378 1394 491 1446 γων
537 1378 606 1433 τά
649 1379 758 1433 τῶν
802 1380 1149 1451 ὑποσχέσεων
1197 1382 1552 1459 τυγχάνοντα,
1597 1384 1697 1437 οὐκ
1730 1383 2054 1453 ἐταράττετο

378 1464 471 1519 τὸν
515 1464 794 1538 λογισμὸν,
840 1468 940 1521 οὐκ
978 1468 1267 1522 ἐσαλεύετο
1298 1470 1397 1542 τὴν
1422 1469 1670 1541 γνώμην,
1703 1469 1817 1523 ἀλλ’
1858 1470 2051 1541 ἔμενεν

375 1551 637 1622 ἀκλινὴς,
687 1553 960 1608 πιστεύων
1007 1558 1075 1626 τῇ
1130 1555 1360 1626 δυνάμει
1418 1555 1512 1610 τοῦ
1558 1556 2048 1628 ἐπαγγειλαμένου.

375 1639 473 1693 Διά
512 1640 622 1711 γάρ
651 1640 809 1694 τοῦτο
840 1642 937 1695 καλ⁸
965 1641 1061 1695 νῦν
1088 1643 1478 1716 ἐπεσημήνατο
1510 1645 1544 1717 ή
1580 1643 1698 1698 Θεία
1736 1644 1925 1716 Γραφὴ
1965 1643 2057 1697 λέ-

371 1741 545 1794 γουσα
570 1742 584 1757 ο
620 1727 783 1796 Σάρα
811 1726 900 1792 δὲ,
925 1727 963 1795 ἠ
997 1729 1151 1798 γυνὴ
1188 1731 1428 1800 Ἅϐραμ,
1463 1732 1575 1785 οὐκ
1601 1729 1835 1784 ἔτικτεν
1867 1728 2049 1796 αὐτῷ·

376 1813 660 1885 μονονουχὶ
705 1813 863 1868 τοῦτο
914 1817 1047 1887 ήμῖν
1105 1808 1478 1887 ἐμφαίνουσα,
1533 1817 1616 1870 ὅτι
1683 1816 1823 1888 μετὰ
1880 1817 2054 1873 ταῦτα

373 1901 620 1965 ἅπαντα,
650 1900 786 1971 μετά
816 1901 916 1965 τάς
946 1902 1218 1975 συνθήκας
1262 1905 1362 1968 τὰς
1391 1903 1529 1975 πρὸς
1554 1903 1716 1958 αὐτὸν
1748 1904 2053 1977 γεγενημέ-

374 2004 471 2050 νας
490 2026 505 2050 ,
546 1987 685 2055 μετά
714 1989 777 2042 τὸ
817 1990 1150 2060 ὑποσχέσθαι
1196 1991 1564 2062 ἀναρίθμητον
1597 1992 1655 2058 ἐξ
1688 1992 1854 2046 αὑτοῦ
1885 1993 2050 2065 γενήο

374 2073 561 2127 σεσθαι
587 2072 813 2145 πλῆθος,
841 2076 941 2129 οὑκ
994 2075 1282 2147 ήσχαλλεν,
1310 2078 1410 2130 οὐκ
1433 2076 1755 2143 ἐνεδοίαζεν,
1782 2078 1926 2149 ὀρῶν
1955 2080 2048 2133 οὑ·-

369 2160 459 2214 δὲν
498 2160 607 2215 τῶν
643 2163 953 2235 εἰρημένων
985 2166 1066 2227 εἰς
1118 2163 1280 2236 ἔργον
1311 2164 1581 2229 ἐκϐαῖνον,
1609 2165 1744 2221 ἀλλὰ
1771 2167 1949 2220 πάντα
1982 2168 2052 2221 τά

373 2247 613 2303 ἐναντία.
641 2249 739 2303 Διά
773 2249 929 2304 τοῦτό
958 2268 1092 2323 φησι
1129 2252 1247 2323 μετ’
1279 2253 1464 2306 ἐκεῖνα
1492 2251 1731 2307 ἅπαντα·
1770 2251 1931 2323 Σάρα
1958 2252 2049 2319 δὲ,

373 2339 413 2404 ἡ
439 2337 591 2407 γυνὴ
621 2337 811 2393 αὑτοῦ
829 2380 844 2405 ,
872 2340 984 2393 οὐκ
1024 2339 1261 2395 ἔτικτεν
1286 2339 1449 2407 αὐτῷ
1468 2356 1482 2370 ·
1529 2342 1617 2395 ἵνα
1649 2341 1826 2415 μάθῃς
1852 2344 1934 2397 ὅτι
1967 2344 2052 2398 οὐ·

368 2424 457 2479 δέν
488 2425 638 2498 αὐτῷ
671 2425 833 2481 πλέον
863 2427 1052 2497 γέγονε
1084 2427 1222 2500 μετά
1266 2428 1367 2494 τάς
1392 2428 1660 2493 τοσαύτας
1693 2431 2046 2502 ὑποσχέσεις,

370 2514 548 2566 καίτοι
575 2514 702 2567 καὶ·
732 2516 767 2585 ή
795 2515 1081 2586 στείρωσις
1110 2516 1211 2587 τῆς
1256 2516 1435 2589 Σάρας
1456 2558 1471 2583 ,
1507 2517 1605 2571 καὶ
1632 2520 1733 2590 τῆς
1767 2520 1979 2591 μήτρας
2011 2523 2046 2593 ή

369 2600 637 2672 νέκρωσις
676 2601 879 2674 πολλὴν
924 2602 1025 2675 τὴν
1076 2603 1313 2676 ἀπορίαν
1345 2606 1642 2677 ἐμποιῆσαι
1674 2601 1743 2677 ἦν
1779 2607 1937 2678 ἱκανὴ
1971 2607 2050 2680 τῷ

368 2688 580 2761 δικαίῳ.
621 2689 760 2743 Ἀλλ’
792 2693 822 2745 b
850 2691 1198 2764 πατριάρχης
1221 2693 1283 2745 οὐ
1312 2692 1447 2763 πρὸς
1471 2692 1539 2747 τά
1569 2694 1678 2748 άπὸ
1705 2694 1807 2765 τῆς
1834 2695 2050 2764 φύσεως

369 2776 669 2847 κωλύματα
704 2777 852 2849 ἐώρα
884 2778 1106 2846 λοιπὸν,
1152 2778 1269 2833 ἀλλ’
1308 2779 1466 2845 εἰδὼς
1498 2780 1560 2833 τὸ
1604 2782 1912 2853 εὐμήχανον
1952 2783 2047 2837 τοῦ

368 2862 672 2928 Δεσπότου,
704 2864 796 2918 καὶ
829 2866 911 2920 ὅτι
946 2866 1279 2939 δημιουργὸς
1312 2866 1389 2922 ὢν
1422 2868 1522 2939 τῆς
1568 2868 1804 2938 φύσεως,
1851 2872 1945 2925 καὶ
1988 2872 2049 2938 ἐξ

367 2950 589 3023 ἀπόρων
627 2950 828 3025 πόρους
864 2954 1047 3027 εὑρεῖν
1074 2953 1331 3020 δύναται,
1360 2954 1611 3030 καθάπερ
1640 2957 1939 3029 εὐγνώμων
1967 2960 2045 3013 οί-

367 3038 552 3108 κέτης,
608 3039 670 3091 οὐ
716 3040 1133 3113 περιειργάζετο
1187 3041 1280 3095 τὸν
1328 3041 1530 3113 τρόπον
1574 3043 1683 3098 τῶν
1724 3045 2045 3117 γινομένων,

365 3125 500 3179 ἀλλά
554 3130 876 3200 παραχωρεῖ
907 3130 973 3200 τῇ
1009 3129 1379 3202 ἀκαταλήπτῳ
1425 3130 1592 3184 αὐτοῦ
1639 3133 1896 3205 προνοίᾳ,
1952 3135 2047 3188 καὶ

364 3214 651 3269 ἐπίστευσε
693 3217 802 3280 τοῖς
849 3217 1182 3289 εἰρημένοις.
1226 3219 1324 3272 Διά
1358 3217 1517 3273 τοῦτό
1563 3237 1726 3291 φησι,
1759 3219 1921 3289 Σάρα
1954 3220 2043 3287 δὲ,

367 3302 506 3372 μετά
532 3302 632 3366 τάς
663 3301 932 3367 τοσαύτας
959 3304 1302 3377 ὑποσχέσεις,
1330 3308 1441 3361 οὐκ
1470 3306 1706 3361 ἔτικτεν
1735 3307 1915 3373 αὐτῷ.
1932 3304 2045 3362 Ἦν

363 3387 433 3440 δὲ
484 3387 636 3456 αὺτῇ
686 3388 976 3457 παιδίσκη
1015 3392 1331 3461 Αἰγυπτία,
1382 3386 1423 3461 ᾖ
1472 3392 1659 3462 ὄνομα
1689 3393 1886 3461 Ἅγαρ.
1928 3395 2042 3465 Οὐχ

364 3474 553 3537 ἁπλῶς
608 3476 739 3545 ήμῖν
775 3476 895 3529 οὐδὲ
936 3475 1170 3531 ἐνταῦθα
1213 3477 1312 3547 τῆς
1348 3477 1641 3547 παιδίσκης
1682 3479 1780 3550 τὴν
1821 3481 2042 3551 μνήμην

366 3560 659 3633 ἐποιήσατο
685 3561 718 3631 ή
746 3561 864 3616 θεία
889 3561 1102 3634 Γραφὴ,
1132 3562 1247 3617 ἀλλ’
1271 3563 1356 3616 ῐνα
1385 3563 1649 3636 μάθωμεν
1680 3564 1843 3620 πόθεν
1870 3567 2042 3637 αὐτὴν

365 3648 513 3719 ἔσχε.
540 3648 639 3702 Διά
660 3651 769 3721 γὰρ
794 3649 954 3704 τοῦτο
981 3650 1343 3722 προσέθηκεν,
1372 3652 1454 3705 ὅτι
1479 3652 1793 3722 Αἰγυπτία,
1827 3655 1912 3708 ἵνα
1950 3656 2042 3709 ἐπὶ

365 3736 467 3805 τὴν
514 3735 756 3807 ἱστορίαν
799 3736 1199 3808 ἀναδράμωμεν
1253 3737 1503 3808 ἐκείνην·
1567 3738 1661 3791 καὶ⁸
1712 3739 1793 3793 ὅτι
1821 3741 1884 3794 ἐκ
1933 3741 2041 3797 τῶν

366 3817 517 3885 ποιρά
542 3817 635 3870 τοῦ
668 3817 867 3889 Φαραὼ
899 3820 1351 3892 παρασχεθὼτων
1379 3820 1517 3894 αὕτη
1541 3817 1631 3894 ἦν,
1655 3822 1817 3893 ήνίκα
1840 3825 2039 3879 τοσαύ-

364 3916 462 3967 της
494 3900 812 3967 άπήλαυσεν
842 3901 1085 3967 ἐκδικίας
1117 3903 1271 3977 παρὰ
1299 3905 1393 3958 τοῦ
1442 3906 1551 3959 τῶν
1584 3907 1720 3961 ὅλων
1753 3907 1911 3974 Θεοῦ,
1946 3912 2040 3965 καὶ

364 3982 570 4053 ταύτην
596 3982 840 4038 λαϐοῦσα
868 3985 1193 4058 ἐπανῆλθεν,
1224 3989 1477 4060 ἐπίτηδες
1506 3991 1638 4061 ήμίν
1662 3992 1833 4063 αὐτῆς
1859 3994 1954 4048 καὶ
1977 3996 2040 4049 τὸ

362 4064 534 4152 δνομα
578 4068 671 4152 καλ⁵
704 4069 767 4152 τδ
795 4069 945 4133 ἔθνος
974 4069 1270 4142 ἐγνώρισεν
1296 4074 1329 4143 ή
1362 4073 1482 4127 θεία
1517 4076 1729 4147 Γραφή.
1771 4077 1912 4131 Ἀλλ’
1936 4080 2039 4152 ὅρα

365 4147 548 4235 λοιπὸν
577 4151 811 4205 ἐνταῦθα
834 4153 934 4235 ⁸τῆς
968 4154 1147 4235 Σάρας
1172 4154 1590 4235 τὴνῇφιλόσοφον
1622 4147 2035 4235 γνώμην.1584]

364 4218 457 4302 καὶ
487 4219 586 4302 τῆς
614 4218 967 4293 σωφροσύνης
992 4218 1091 4293 τὴν
1120 4218 1448 4297 ὑπερϐολὴν,
1467 4218 1558 4279 καὶ
1579 4218 1674 4280 τόῦ
1697 4218 2037 4302 πατριάρχού

360 4298 460 4369 τὴν
490 4300 698 4371 ἄφατον
738 4303 910 4358 πειθὼ
955 4304 1049 4358 καὶ
1102 4305 1200 4376 τὴν
1248 4307 1517 4380 ὑπακοήν.
1559 4304 1708 4363 Εῖπε
1742 4298 1819 4364 δὲ-
1852 4298 2035 4382 Σᾶῥα,

360 4382 527 4452 φησί,
556 4384 706 4451 πρὸς
736 4386 953 4455 Ἀϐραμ
978 4386 1047 4440 ὲν
1068 4386 1144 4457 γῇ
1167 4387 1439 4443 Χαναὰν·
1485 4390 1641 4446 Ἰδοὺ
1675 4394 2038 4449 συνέκλεισε

354 4480 431 4533 με
472 4462 687 4534 Κύριος
735 4467 841 4523 τοῦ
876 4468 964 4539 μὴ
1016 4470 1210 4524 τεκεῖν
1233 4487 1247 4503 ⁶
1281 4474 1522 4530 εἴσελθε
1570 4470 1686 4531 οὖν
1735 4477 1885 4546 πρὸς
1925 4477 2039 4547 τὴν

359 4546 691 4617 παιδίσκην
712 4568 863 4620 μου,
894 4552 997 4605 ἵνα
1033 4556 1480 4626 τεκνοποιήσῃς
1503 4558 1573 4624 ἐξ
1591 4558 1804 4627 αὐτῆς.
1834 4561 2035 4615 Σκόπει

359 4631 456 4701 τὴν
484 4633 906 4707 εὐγνωμοσύνην
932 4637 1212 4705 γυναικός.
1256 4639 1422 4694 Οὐδὲν
1452 4640 1691 4695 τοιοῦτον
1715 4637 1891 4709 εἶπεν,
1924 4638 2035 4698 οἷον

364 4712 502 4796 μετά
536 4715 710 4769 ταῦτα
747 4719 782 4789 ἡ
820 4718 1025 4790 Ῥαχήλ
1072 4735 1204 4789 φησι
1242 4722 1378 4792 πρὸς
1405 4724 1497 4777 τὸν
1537 4722 1762 4777 Ἰακώϐ·
1799 4728 1912 4791 Δός
1930 4744 2035 4796 μοι

315 4787 572 4850 ’τέκναο
620 4803 673 4854 εἰ
715 4787 786 4856 δὲ
819 4802 902 4872 μὴ
979 4787 1349 4872 αποθνήσκω
1383 4804 1515 4875 ἐγώ.
1557 4806 1716 4860 Ἀλλὰ
1748 4808 1802 4861 τί
1832 4787 2030 4878 φησινς

373 4878 531 4965 Ἰδοὺ
566 4882 925 4965 συνέκλεισέ
946 4902 1025 4955 με
1043 4887 1263 4955 Κύριος
1286 4886 1393 4941 τοῦ
1419 4886 1506 4957 μὴ
1537 4888 1752 4943 τεκεῖν.
1791 4890 2031 4965 Ἐπειδὴ,

360 4961 547 5031 φησὶν,
580 4963 773 5028 ἄγονόν
804 4985 870 5038 με
901 4969 1237 5039 κατέστησεν
1262 4970 1291 5021 ό
1312 4970 1410 5039 τῆς
1436 4969 1650 5038 φύσεως
1676 4961 2031 5043 δημιουργὸς,

358 5044 453 5095 καὶ
490 5045 828 5121 ἀπεστέρησε
856 5050 956 5121 τῆς
988 5051 1097 5106 τῶν
1127 5051 1338 5105 παίδων
1364 5051 1547 5122 γονῆς,
1584 5053 1672 5106 ίνα
1708 5054 1788 5125 μὴ
1824 5051 1916 5109 οῦν
1943 5056 2031 5111 διὰ

357 5127 457 5196 τὴν
481 5126 621 5200 ἐμὴν
651 5132 937 5204 στείρωσιν
962 5134 1124 5196 αὐτὸς
1151 5136 1232 5197 είς
1259 5132 1395 5205 βαθὺ
1418 5134 1593 5206 γῆρας
1622 5136 1821 5202 ἐλάσας
1847 5138 2030 5194 λοιπὸν

357 5208 526 5291 ἄπαις
548 5211 851 5286 διαμείνῃς,
884 5217 1139 5273 Είσελθε
1180 5216 1331 5286 πρὸς
1360 5218 1475 5285 τὴν
1504 5218 1837 5290 παιδίσκην
1884 5239 2027 5291 μου,

358 5290 922 5378 ἴναᾼτεκνοποιήσῃς
945 5302 1013 5366 ἐξ
1036 5301 1245 5370 αὐτῆς.
1275 5302 1448 5373 Πολλὴ
1480 5303 1574 5357 καὶ
1604 5304 1858 5378 ἄφατοςή
1882 5290 2031 5375 φιλο-

360 5372 521 5461 σοφία
558 5377 673 5461 τῆς
693 5382 969 5448 γυναικός.
1016 5384 1112 5448 Τίς
1146 5385 1255 5456 γάρ
1289 5385 1356 5439 ἂν
1414 5372 1587 5441 ἕλοιτο
1628 5372 1858 5441 σπιιῢποτε⁷
1891 5372 2030 5461 γυνή

358 5457 513 5542 τιιῦξο
564 5460 827 5530 ποιῆσαι,
857 5462 890 5533 ἢ
929 5466 1330 5536 συμϐουλεῦσαι
1364 5465 1442 5539 τῷ
1477 5467 1631 5540 ἀνδρὶ
1662 5467 1854 5537 τοῦτο,
1890 5468 1923 5540 ἢ
1959 5457 2028 5542 τῇ

356 5539 617 5619 παιδίσκῃ
640 5549 740 5619 τῆς
764 5550 967 5623 εὑνῆςδ
999 5556 1426 5626 παραχωρῆσαιῖ

422 5720 440 5785 ,'
469 5712 668 5785 “iV-.8!
689 5733 777 5767 sex
800 5733 915 5769 mss.
942 5724 1242 5785 ὑποσχέσεις.
1264 5726 1367 5774 ἀλλ’
1392 5727 1458 5777 ἔτι
1488 5727 1585 5779 καί.
1634 5728 1660 5769 b
1688 5730 1768 5780 Sic
1793 5727 1947 5780 Sam.
1973 5738 2019 5780 et

357 5768 477 5823 Mor.
504 5775 606 5840 Sed
624 5792 746 5831 mss.
791 5768 1276 5847 septem'iav'idvﬁ'v;

3730 229 3866 283 351'

2239 333 2304 405 β’.
2323 331 2477 401 Εἶδες
2500 336 2618 402 πῶς
2659 336 2862 400 παντὸς
2889 334 3094 401 πάθους
3122 335 3275 401 ἐκτὸς
3311 332 3485 410 ἦσανς
3523 340 3631 395 Καὶ
3652 337 3732 407 εἷς
3764 339 3836 418 ἦν

2163 425 2347 490 αὐτοῖς
2376 425 2536 497 μόνον
2564 426 2800 491 σκοπὸς,
2826 424 2921 479 τοῦ
2962 426 3038 499 μὴ
3065 425 3300 491 ἄπαιδας
3324 426 3651 500 τελευτῆσαι
3672 446 3686 461 ο
3717 430 3832 484 ἀλλ’
3855 442 3861 446 ·

2161 512 2433 567 ἐσκόπουν
2477 514 2628 579 ὅπως
2659 515 2755 568 καὶ
2782 514 2883 586 τὴν
2917 512 3169 567 ἐντεῦθεν
3212 515 3564 587 παραμυθίαν
3601 519 3837 590 κτήσων-

2160 616 2272 668 ται,
2304 600 2397 655 καὶ
2422 601 2525 672 τῆς
2547 601 2774 673 εἰρήνης
2799 600 2892 654 τὸν
2928 600 3222 671 σύνδεσμον
3249 602 3471 675 ἀρραγῆ
3494 602 3839 678 διατηρήσω-

2162 704 2266 743 σιν.
2315 687 2516 741 Ἐννόει
2548 688 2657 760 γάρ
2697 705 2787 758 μοι
2814 686 3282 759 τοῦιπατριάρχου
3308 688 3540 743 ἐνταῦθα
3577 690 3674 761 τὴν
3706 692 3838 746 πολ-

2160 773 2260 844 λὴν
2308 775 2663 847 σωφροσύνην
2715 775 2809 829 καὶ
2857 774 2957 847 τὴν
3014 775 3460 846 ὑπερϐάλλουσαν
3509 778 3833 835 ἐπιείκειαν.

2161 856 2298 911 Οὐτε
2327 858 2728 930 γάρ,καθάπερ
2756 858 2899 922 τινὲς
2919 856 3029 912 τῶν
3052 856 3315 930 ἀνοήτων,
3344 859 3673 932 ἐδυσχέρανε
3694 861 3834 934 πρὸς

2158 944 2258 1014 τὴν
2306 946 2554 1018 γαμετὴν
2592 945 2682 1001 διὰ
2725 946 2824 1019 τὴν
2869 945 3149 1011 ἀπαιδίαν,
3186 944 3312 1000 οὑτε
3356 948 3448 1001 τὸν
3487 949 3616 1021 περὶ
3663 950 3848 1023 αὐτὴν,

2161 1030 2325 1086 πόθον
2347 1031 2686 1103 ἠλάττωσεν.
2721 1032 2865 1086 Τστε
2888 1030 3021 1104 γάρ,
3049 1033 3165 1086 ίστε
3187 1031 3304 1097 πῶς
3334 1035 3445 1097 τοῖς
3475 1034 3684 1089 πλείοσι
3724 1036 3836 1090 τῶν

2159 1118 2463 1189 ἀνθρώπων
2490 1118 2648 1173 τοῦτο
2692 1119 2931 1190 μάλιστα
2963 1120 3136 1173 αίτιον
3174 1120 3383 1188 γίνεται
3416 1121 3519 1192 τῆς
3558 1122 3699 1177 κατά
3724 1122 3855 1177 τῶν-

2158 1201 2434 1271 γυναικῶν
2480 1201 2816 1274 ὑπεροψίαςο
2872 1202 3064 1275 ὥσπερ
3113 1198 3180 1257 αὖ
3239 1203 3401 1257 πάλιν
3462 1205 3555 1259 καὶ
3605 1206 3854 1276 φίλτρουκ

2160 1289 2406 1354 πλείονος
2429 1289 2684 1343 ὑπόθεσιν
2703 1289 2765 1342 τὸ
2784 1289 3026 1343 ἐναντίον
3049 1289 3351 1357 ποιοῦνται,
3378 1292 3582 1363 σφόδρα
3611 1291 3847 1363 κούφως

2157 1378 2252 1431 καὶ
2285 1378 2528 1449 ἀνοήτως
2553 1379 2676 1442 ταῖς
2703 1377 2920 1445 γυναιξὶ
2947 1378 3289 1450 λογιζόμενοι
3322 1381 3416 1434 καί⁵
3447 1380 3547 1452 τὴν
3576 1380 3831 1436 ἀπαιδίαν

2157 1464 2252 1518 καὶ
2273 1464 2373 1536 τὴν
2402 1463 2705 1530 εὐπαιδίαν,
2735 1465 2836 1519 οὑκ
2868 1464 3070 1530 εἰδότες
3094 1467 3176 1519 ὄτι
3208 1465 3304 1521 τοῦ
3336 1467 3435 1539 τῆς
3467 1468 3683 1537 φύσεώς
3714 1470 3831 1525 ἐστι

2155 1550 2490 1623 δημιουργοῦ
2527 1551 2590 1605 τὸ
2640 1552 2772 1618 πᾶν,
2813 1554 2908 1606 καὶ
2939 1551 3064 1606 οὐτε
3108 1555 3141 1624 ή
3174 1554 3453 1617 συνουσία,
3485 1554 3610 1609 οὔτε
3643 1555 3878 1628 ἔτερόν..

2154 1639 2207 1692 τί
2251 1640 2369 1693 ἐστι
2412 1638 2474 1692 τὸ
2504 1637 2800 1711 δυνάμενον
2834 1639 3146 1693 συντελέσαι
3186 1640 3324 1711 πρὸς
3349 1640 3450 1713 τὴν
3484 1642 3594 1696 τῶν
3625 1643 3832 1699 παίδων
3869 1670 3875 1675 -

2153 1726 2427 1799 διαδοχὴν,
2469 1726 2545 1799 μὴ
2588 1728 2690 1798 τῆς
2718 1727 2926 1783 ἄνωθεν
2961 1729 3143 1801 χειρὸς
3182 1732 3700 1806 συνεφαπτομένης,
3736 1735 3832 1790 καὶ

2151 1813 2250 1885 τὴν
2272 1812 2435 1884 φύσιν
2465 1814 2841 1886 διεγειρούσης
2882 1814 3021 1887 πρὸς
3053 1814 3145 1869 τὸν
3169 1815 3349 1874 τόκον.
3374 1816 3557 1890 ’Δπερ
3586 1818 3832 1892 ἀκριϐῶς

2150 1902 2180 1955 ό
2207 1900 2417 1966 δίκαιος
2448 1895 2605 1966 οὗτος
2635 1903 3019 1973 ἐπιστάμενος,
3054 1901 3180 1957 οὐτε
3214 1906 3280 1975 τῇ
3309 1904 3531 1973 γυναικὶ⁸
3554 1905 3830 1975 ἐλογίζετο

2150 1988 2251 2059 τὴν
2275 1988 2667 2051 ἀπαιδίαν,καὶ
2691 1989 2792 2059 τὴν
2822 1990 3205 2061 προσήκουσαν
3226 1991 3363 2062 αὐτῇ
3392 1992 3559 2065 τιμὴν
3584 1993 3671 2047 διά
3694 1994 3831 2049 πάνυ

2151 2092 2260 2128 των
2301 2074 2587 2145 ἀπένειμε.
2624 2074 2724 2129 Διά
2760 2092 2845 2128 τοι
2873 2073 3030 2128 τοῦτο
3074 2075 3169 2129 καὶ
3199 2076 3338 2147 αὐτὴ
3372 2076 3847 2152 φιλοτιμουμένη.-

2152 2161 2247 2215 καὶ⁵
2272 2159 2569 2232 βουλομένη
2602 2160 2775 2226 δεῖξαι
2801 2161 2934 2232 ὅσην
2960 2164 3194 2216 ποιεῖται
3221 2162 3349 2234 περὶ
3386 2164 3479 2217 τὸν
3505 2163 3714 2220 δίκαιον
3747 2184 3850 2237 φισ-

2150 2248 2574 2321 λοστοργίαν,οὐ
2594 2248 2656 2302 τὸ
2684 2248 2884 2319 ἑαυτῆς
2906 2249 3207 2314 σκοποῦσα,
3235 2249 3350 2304 ἀλλ’
3371 2252 3519 2317 ὅπως
3543 2252 3610 2308 ἀν
3633 2255 3829 2327 ἐκείνῳ

2151 2336 2507 2409 παραμυθίαν
2554 2338 2676 2392 τινά
2725 2337 2827 2407 τῆς
2858 2337 3116 2401 ἀπαιδίας
3158 2339 3496 2410 ἐπινοήσειε,
3542 2345 3849 2415 μονονουχὶΔ

2148 2427 2269 2489 ταῖς
2300 2425 2531 2490 οἰκείαις
2575 2424 2733 2497 χερσί
2768 2424 3012 2479 λαϐοῦσα
3052 2426 3151 2497 τὴν
3182 2426 3473 2498 παιδίσκην
3516 2429 3615 2501 τὴν
3657 2432 3827 2500 Δίγυ-

2150 2512 2313 2567 πτίαν
2338 2512 2431 2567 ἐπὶ
2459 2512 2558 2585 τὴν
2595 2512 2731 2566 ἰδίαν
2757 2512 2920 2585 εὐνὴν
2956 2513 3235 2583 ἀνήγαγεν
3252 2529 3265 2543 ·
3293 2514 3435 2570 ἀλλά
3469 2517 3573 2571 καὶ·
3598 2518 3686 2573 διὰ
3719 2520 3829 2574 τῶν
3848 2552 3865 2559 η

2151 2601 2414 2674 ῥημάτων
2455 2600 2779 2656 δεικνύουσα
2824 2600 2917 2655 τὸν
2947 2601 3168 2663 σκοπὸν,
3198 2602 3267 2655 δι’
3308 2601 3368 2657 ὃν
3402 2604 3562 2659 τοῦτο
3600 2607 3827 2677 ποιῆσαι

2148 2688 2494 2755 κατεδέξατο,
2545 2688 2728 2759 φησίν’
2791 2688 3011 2759 Ἐπειδὴ
3039 2687 3151 2757 ἐγὼ
3195 2688 3467 2761 ἄχρηστος
3516 2692 3704 2765 ὤφθην
3732 2697 3828 2750 καὶ

2147 2775 2520 2848 ἀνεπιτήδειος
2547 2776 2683 2847 πρὸς
2710 2775 2873 2845 γονήν
2892 2789 2905 2803 °
2930 2773 3295 2831 Συνέκλεισε
3318 2775 3430 2849 γάρ
3448 2782 3582 2847 μεό
3611 2781 3827 2849 Κύριος

2148 2864 2257 2919 τοῦ
2278 2863 2366 2933 μὴ
2397 2862 2609 2918 τεκεῖν.
2644 2863 2787 2934 Ὅρα
2824 2861 3002 2934 ψυχῆς
3035 2862 3477 2934 εὐγνωμοσύνην,
3510 2865 3629 2931 πῶς
3670 2867 3828 2922 οὐδὲν

2145 2952 2403 3025 δυσχερὲς
2454 2950 2786 3022 φθέγγεται,
2828 2950 2949 3005 οὐδὲ
2994 2951 3325 3024 άποδύρεται
3375 2952 3463 3008 διά
3522 2955 3621 3028 τὴν
3672 2957 3821 3010 στεί-

2150 3057 2333 3112 ρωσιν,
2379 3038 2514 3094 ἀλλά
2568 3038 2730 3109 μόνον
2771 3036 2932 3092 τοῦτο
2968 3039 3103 3110 ἡμῖν
3150 3038 3390 3112 ἐμφῆναι
3434 3040 3707 3112 βούλεται,
3742 3043 3826 3098 ὃτι

2142 3125 2220 3197 τῷ
2276 3124 2595 3198 δημιουργῷ
2635 3124 2738 3194 τῆς
2786 3124 2999 3195 φύσεως
3047 3124 3206 3179 τοῦτο
3252 3125 3583 3200 λογιζομένη
3631 3129 3825 3202 πράως

2145 3214 2238 3269 καὶ
2271 3214 2535 3285 γενναίως
2568 3211 2753 3285 ἔφερε,
2787 3212 3113 3284 προτιμῶσα
3140 3213 3201 3267 τὸ
3238 3212 3315 3285 τῷ
3345 3213 3464 3286 Θεῷ
3505 3214 3696 3270 δοκοῦν
3724 3217 3827 3287 τῆς

2143 3301 2351 3364 οἰκείας
2396 3299 2692 3369 ἐπιθυμίας
2712 3340 2736 3365 ,,
2754 3299 2849 3352 καὶ
2888 3299 3112 3352 ἐσκόπει
3153 3299 3301 3362 ὅπως
3328 3302 3420 3353 τδν
3448 3302 3616 3374 ἄνδρα
3647 3320 3826 3376 παρα-

2147 3388 2477 3459 μυθήσηται.
2513 3386 2733 3457 Ἐπειδὴ
2775 3381 2891 3449 οὑν,
2941 3386 3123 3457 φησιν,
3155 3386 3293 3455 Ἐμὲ
3348 3388 3755 3447 συνέκλεισεν
3789 3397 3825 3448 ό

2144 3472 2362 3540 Κύριος
2391 3471 2497 3525 τοῦ
2521 3471 2610 3540 μὴ
2640 3471 2856 3526 τεκεῖν.
2885 3471 3034 3541 Πόση
3065 3473 3159 3525 καὶ
3191 3472 3357 3527 αὑτοῦ
3389 3473 3481 3527 τοῦ
3513 3476 3755 3547 ῥήματος
3788 3482 3836 3551 ήά

2145 3558 2415 3629 ἔμφασιςί
2453 3556 2575 3622 πῶς
2599 3557 2838 3611 δείκνυσι
2858 3555 3012 3629 [585]
3038 3556 3130 3611 τοῦ
3154 3557 3289 3612 Θεοῦ
3318 3559 3417 3631 τὴν
3444 3560 3703 3632 πρόνοιαν
3729 3565 3825 3619 καὶ

2142 3645 2241 3717 τὴν
2277 3647 2481 3715 ἄφατον
2519 3645 2785 3717 δύναμινί
2822 3643 3093 3717 Καθάπερ
3133 3645 3241 3717 γάρ
3276 3648 3458 3717 ἡμεῖς.
3514 3648 3699 3720 φησὶν,
3729 3651 3823 3705 ἐπὶ

2141 3733 2243 3803 τῆς
2274 3734 2452 3797 οἰκίας
2475 3732 2726 3804 κλείομεν
2755 3732 2849 3787 καὶ
2869 3732 3179 3805 ἀνοίγομεν,
3205 3731 3348 3788 οὕτω
3378 3736 3472 3790 καὶ
3489 3736 3525 3788 δ’
3541 3737 3851 3811 Asan-6mg.-

2142 3821 2236 3874 ἐπὶ
2264 3820 2365 3892 τῆς
2397 3820 2612 3890 φύσεως
2647 3818 2961 3892 ἐργάζεται,
2993 3820 3189 3892 καὶτῷ
3220 3822 3407 3894 οἰκείῳ
3437 3823 3819 3896 προστάγματι
3840 3877 3853 3884 -

2140 3908 2236 3963 καὶ
2261 3887 2360 3973 τάς
2390 3887 2538 3972 κλεῖς
2570 3887 2787 3976 ἐπάγει,
2813 3906 2907 3961 καὶ
2934 3906 3097 3961 πάλιν
3126 3887 3288 3979 ήνίκα
3312 3887 3390 3962 ἂν
3407 3887 3819 3983 μύληῆἰάνοί-

2139 4013 2247 4067 γει,
2279 3997 2373 4050 καὶ
2402 3994 2613 4049 κελεύει
2644 3995 2742 4067 τὴν
2774 3994 2936 4064 φύσιν
2972 3995 3035 4049 τὸ
3059 3995 3258 4067 ἑαυτῆς
3286 3996 3631 4068 ἐργάζεσθαι.
3664 4000 3818 4055 Ἐπεὶ

2137 4078 2229 4137 οὖν
2260 4082 2625 4138 Συνέκλεισέ
2654 4100 2751 4153 με,
2792 4083 2978 4153 φησὶν,
3016 4083 3049 4137 ὸ
3080 4084 3298 4152 Κύριος
3328 4083 3436 4138 τοῦ
3470 4084 3558 4155 μὴ
3597 4086 3825 4157 τεκεῖνι

2136 4172 2375 4226 εἴσελθε
2405 4169 2555 4240 πρὸς
2578 4169 2694 4238 τὴν
2724 4168 3056 4237 παιδίσκην
3072 4187 3214 4240 μου,
3244 4171 3344 4225 ινα
3377 4174 3817 4245 τεκνοποιήσῃς

2135 4258 2205 4323 ἐξ
2235 4257 2445 4322 αὐτῆς.
2473 4254 2602 4311 Οἶδα
2630 4258 2712 4311 ὅτι
2742 4255 2855 4325 ἐγώ
2883 4258 2996 4327 εἰμι
3021 4259 3055 4329 ή
3091 4257 3238 4311 αίτία
3268 4259 3368 4330 τῆς
3397 4259 3654 4326 ἀπαιδίας
3676 4278 3689 4291 ·
3725 4262 3814 4317 διά

2136 4342 2293 4395 τοῦτο
2320 4341 2382 4395 οὐ
2411 4339 2673 4411 βούλομαί
2704 4356 2763 4392 σε
2799 4340 3173 4411 ἀποστερῆσαι
3212 4341 3314 4413 τῆς
3342 4342 3593 4398 ἐντεῦθεν
3636 4363 3821 4419 παρα-

2139 4423 2354 4496 μυθίας.
2373 4424 2534 4487 Ἴσως
2566 4422 2624 4476 δὲ
2654 4422 2748 4476 καὶ
2783 4421 3105 4476 ὑπώπτευεν
3132 4423 3164 4494 ή
3197 4423 3346 4494 Σάρα
3373 4424 3450 4495 μὴ
3486 4427 3615 4499 παρ’
3642 4427 3814 4500 αὐτὴν

2138 4506 2307 4578 μόνην
2322 4501 2459 4559 εἶναι
2481 4504 2550 4558 τά
2565 4504 2665 4574 τῆς
2688 4504 2963 4569 ἀπαιδίας,
2986 4504 3122 4559 ἀλλά
3137 4506 3230 4559 καὶ
3253 4506 3405 4577 παρά
3426 4508 3516 4561 τὸν
3545 4511 3813 4583 πατριάρ-

2134 4609 2237 4661 χην
2259 4607 2271 4620 ·
2306 4589 2393 4643 διὰ
2419 4588 2577 4641 τοῦτο
2614 4587 2910 4659 βουλομένη
2948 4587 3014 4640 δι’
3046 4588 3225 4641 αὐτῶν
3261 4589 3371 4643 τῶν
3404 4588 3582 4661 ἔργων
3610 4585 3813 4666 πληρο-

2134 4673 2458 4745 φορηθῆναι,
2488 4673 2810 4742 παραχωρεῖ
2839 4674 2907 4741 τῇ
2955 4669 3236 4741 παιδίσκη,
3280 4671 3375 4724 καὶ
3410 4673 3492 4734 εἰς
3526 4672 3625 4743 τὴν
3649 4674 3813 4747 εὐνὴν

2134 4756 2305 4826 αὐτὴν
2349 4755 2493 4823 ἄγει,
2538 4753 2628 4806 ίνα
2679 4752 2827 4823 μάθῃ
2864 4751 2933 4804 δι’
2972 4750 3151 4805 αὐτῶν
3184 4750 3293 4805 τῶν
3339 4755 3703 4823 πραγμάτων,
3734 4758 3811 4821 ὼς

2132 4840 2300 4910 ἑαυτῇ
2328 4838 2389 4891 τὸ
2412 4839 2520 4892 πᾶν
2543 4834 2745 4905 ὀφείλει
2772 4833 3102 4903 λογίζεσθαι.
3133 4832 3481 4901 ’Υπήκουσε
3507 4836 3596 4902 σε,
3621 4839 3808 4909 φησὶν,

2136 4923 2351 4990 Ἀὔραμ
2379 4918 2487 4987 τῆς
2514 4916 2722 4989 φωνῆς
2756 4920 2968 4986 Σάρας.
3005 4915 3181 4987 Πολλὴ
3220 4915 3316 4969 τοῦ
3345 4916 3556 4973 δικαίου
3594 4921 3637 4990 ιτ
3662 4919 3811 4989 φιλο-

2132 5001 2313 5069 σοφία.
2333 5001 2512 5073 ὀπερ
2544 4998 2655 5071 γὰρ
2694 4998 2865 5068 ἔφθην
2890 4996 3082 5061 εἰπὼν,
3106 4997 3266 5051 τοῦτο
3297 4998 3394 5052 καὶ
3417 4998 3515 5052 νῦν
3553 4999 3662 5072 ἐρῶ
3684 5017 3697 5031 ·
3723 5001 3807 5055 ὅτι

2130 5085 2254 5138 οὐτε
2304 5083 2569 5157 πρότερον
2617 5082 2776 5136 τοῦτο
2826 5079 3184 5135 ἐϐουλεύσατο
3204 5120 3219 5145 ,
3272 5080 3450 5137 καίτοι
3501 5083 3560 5137 ἐν
3591 5084 3807 5157 ἐσχάτῳ

2132 5168 2278 5239 γήρᾳ
2297 5166 2482 5221 λοιπὸν
2508 5165 2605 5232 ὢν,
2636 5166 2731 5219 καὶ
2755 5164 2852 5219 νῦν
2870 5163 2969 5237 τὴν
2990 5165 3481 5236 προτροπὴιιπαρά
3498 5169 3595 5239 τῆς
3626 5167 3807 5239 Σάρας

2129 5250 2421 5322 δεξάμενος
2450 5251 2681 5323 ἐτοίμως
2713 5252 3014 5321 ὑπήκουσε,
3037 5251 3253 5315 δεικνὺς
3278 5252 3360 5306 ὅτι
3387 5252 3488 5306 οὐκ
3512 5253 3807 5326 ἐπιθυμίας

2130 5334 2317 5389 ἐνεκεν
2358 5336 2567 5399 άπλῶς,
2599 5334 2720 5389 οὐδὲ
2756 5334 2916 5388 πάθει
2950 5334 3363 5389 κατακολουθῶν
3388 5339 3490 5408 τῆς
3519 5340 3813 5407 συνουσίας

2130 5421 2389 5492 ἠνέσχετο
2407 5462 2421 5485 ,
2467 5421 2581 5476 ἀλλ’
2622 5419 2765 5473 ὥστε
2813 5420 3128 5491 σπέρματος
3166 5419 3416 5492 διαδοχὴν
3463 5422 3801 5480 καταλιπιῐνς

2130 5503 2238 5558 Kal
2268 5503 2543 5559 λαϐοῦσα
2576 5502 2737 5572 Σάρα
2761 5504 2799 5571 ή
2832 5501 2988 5572 γυνὴ
3015 5504 3231 5572 Ἀϐραμ
3267 5503 3446 5574 Ἅγαρ
3480 5504 3596 5573 τήν
3627 5508 3801 5575 Αἰγυ-

2133 5588 2315 5642 πτίαν
2334 5585 2449 5656 τὴν
2466 5584 2687 5655 ἑαυτῆς
2705 5583 3052 5653 παιδίσκην,
3065 5584 3216 5654 μετὰ
3233 5583 3379 5639 δέκα
3400 5586 3503 5654 ἔτη
3524 5586 3629 5641 τοῦ
3654 5602 3807 5642 συν-

2136 5673 2378 5741 οικῆσαι
2416 5661 2639 5739 Ἀἴραμ
2672 5667 2752 5733 τῷ
2783 5666 2955 5737 ἀνδρὶ
3009 5665 3195 5737 αὐτῆς
3235 5669 3305 5723 ἐν
3351 5668 3427 5739 τῇ
3474 5670 3811 5737 Χαναναίαι

2130 5762 2350 5818 ἔδωκεν
2368 5759 2584 5828 Ἂόραιι
2602 5751 2679 5820 τῷ
2698 5751 2866 5824 ἀνδρί
2889 5751 3075 5826 αὐτῆς
3096 5751 3289 5824 αὐτὴν
3309 5751 3579 5826 γυναῖκα.
3600 5752 3804 5808 Σκόπει
