4084 6214
507 185 608 215 ’ξιξ

506 204 612 242 Οὓο

507 303 767 366 Attende,
823 302 1080 367 obsecro,
1127 299 1412 368 Scriptura:
1443 297 1766 368 diligentiam
1798 313 1810 350 :
1849 304 1905 349 ut
1946 295 2086 348 enim

502 396 770 451 discamus
798 395 943 449 illum
962 407 1066 448 non
1099 408 1218 446 mox
1248 400 1368 460 post
1397 391 1508 443 haec
1535 389 1693 443 verba
1722 402 1838 457 quae
1866 386 1932 441 ad
1966 401 2087 440 eum

503 486 637 540 dixit
685 485 839 549 Sara,
865 485 916 538 in
962 498 1096 553 opus
1145 480 1476 552 prosiluisse,
1507 480 1627 534 ideo
1679 477 1808 534 dicit
1837 496 1851 532 :
1883 476 1949 531 Et
1975 478 2088 530 tulit

503 579 637 632 Sara
684 593 814 631 stator
842 576 992 630 Abra:
1017 575 1232 646 Agarem
1268 572 1569 642 {Egyptiam
1612 571 1848 624 ancillam
1894 586 2037 624 suam
2069 585 2088 624 .'

498 667 651 736 queis
670 667 969 722 subindicat
997 665 1149 720 nobis
1177 665 1448 734 Scriptum
1489 663 1672 718 divina
1697 677 1818 716 eum
1852 677 2074 716 uxorem

498 774 651 813 suam
677 759 1092 820 consolaturum,
1115 765 1168 810 et
1193 756 1241 811 ci
1267 756 1484 826 obsequi
1508 755 1791 816 volentem,
1818 753 1953 807 hanc
1971 767 2083 807 rem

497 846 714 904 fecisse.
748 847 881 903 Nam
911 857 966 902 ut
992 847 1268 902 evidenter
1296 847 1432 900 scias
1464 843 1774 915 patriarcha:
1800 843 2082 898 continen-

499 944 625 992 tiam
647 947 700 994 et
727 938 973 994 eximiam
1005 937 1411 1007 temperantiam
1438 978 1452 1002 ,
1483 936 1609 989 dicit
1644 951 1656 988 :
1693 933 1964 1003 Postquam
1991 934 2079 987 de-

497 1047 605 1086 cem
633 1031 778 1084 armis
814 1031 1082 1084 habitasset
1134 1044 1248 1082 cum
1300 1028 1518 1081 Abramo
1568 1028 1674 1079 viro
1713 1043 1804 1080 suo
1849 1026 1901 1079 in
1949 1035 2080 1078 terra

493 1119 758 1178 Chanaan.
787 1121 902 1176 Non
932 1122 1133 1190 absque
1161 1134 1319 1174 c..usa
1346 1128 1552 1188 tempus
1577 1118 1884 1186 assignavit,
1904 1115 1998 1171 sed
2023 1125 2080 1170 ut

496 1214 632 1267 scire
660 1213 922 1282 possimus
948 1220 1078 1281 qttot
1103 1211 1257 1265 anuis
1283 1210 1457 1279 justus
1486 1208 1694 1264 fortiter
1719 1207 2076 1263 infecundita-

491 1315 600 1359 tem
631 1305 828 1369 tulerit,
858 1314 913 1358 et
939 1303 1214 1358 alfectibus
1245 1301 1492 1370 superior
1514 1315 1757 1370 magnam
1777 1299 2078 1354 exhibuerit

487 1397 870 1452 continentiam
903 1413 918 1450 :
953 1413 1122 1468 neque
1153 1396 1253 1451 hic
1273 1395 1469 1457 solum,
1493 1394 1585 1449 sed
1615 1403 1667 1448 ut
1690 1403 1741 1447 et
1763 1392 1901 1447 aliud
1926 1391 2076 1462 quid-

489 1487 610 1541 dam
658 1485 779 1542 inde
827 1487 1112 1542 discamus.
1165 1486 1290 1542 ideo
1335 1488 1479 1541 enlm
1533 1483 1764 1554 adjecit:
1798 1482 2073 1552 Postquam

487 1581 654 1632 decem
675 1580 822 1632 armis
847 1579 1118 1632 habitasset
1139 1595 1254 1632 eum
1276 1577 1382 1630 viro
1410 1593 1502 1631 suo
1532 1575 1582 1629 in
1613 1584 1744 1628 terra
1784 1560 2026 1628 Chanaan
2055 1589 2073 1627 :

485 1684 591 1722 non
620 1669 760 1722 en’m
793 1683 952 1724 omne
974 1676 1182 1739 tempus
1206 1665 1614 1724 cohabitatiunis
1654 1664 1806 1719 nobis
1830 1662 2068 1718 declara-

481 1761 577 1826 vit,
601 1761 693 1817 sed
715 1761 844 1816 illud
866 1762 1038 1816 solum
1081 1760 1220 1832 quod
1262 1759 1314 1814 in
1360 1758 1657 1815 Chananaua
1700 1763 2069 1826 consumptum

477 1862 580 1907 est.
609 1852 784 1922 Quare
811 1854 914 1908 hoc
939 1894 955 1920 ,
985 1863 1039 1908 et
1067 1867 1225 1922 quam
1257 1852 1326 1907 ob
1350 1850 1616 1905 causam?
1646 1851 1775 1915 Quia
1807 1848 1986 1901 statim
2014 1858 2070 1899 ut

481 1945 623 1997 venit
645 1947 697 1998 in
714 1943 1090 2008 Chananream,
1111 1943 1370 2013 benignus
1391 1941 1644 1995 Dominus
1662 1937 2067 2008 promissionem

482 2035 604 2090 fecit
633 2035 714 2088 his
743 2037 920 2091 verbis
950 2051 964 2088 :
997 2035 1196 2088 Semini
1223 2043 1308 2086 tuo
1332 2032 1461 2086 dabo
1488 2042 1672 2085 terram
1695 2031 1825 2082 hanc
1845 2045 1862 2083 :
1883 2035 2069 2097 etpost

474 2124 596 2179 tunc
625 2141 834 2195 quoque
862 2124 1030 2180 semel
1047 2133 1205 2194 atque
1226 2124 1416 2178 iterum
1441 2120 1818 2192 promissiones
1832 2119 2063 2189 repetiit,

479 2224 538 2268 ut
564 2215 735 2280 scias,
767 2216 998 2283 dilecte,
1026 2215 1268 2284 quamvis
1322 2222 1470 2268 tanto
1518 2222 1756 2281 tempore
1814 2209 2066 2265 Dominus

471 2307 759 2372 distulerit,
792 2317 847 2364 et
889 2308 1152 2378 promissa
1202 2324 1306 2362 non
1351 2307 1671 2376 impleverit,
1709 2304 2062 2374 patriarcham

470 2408 652 2453 tamen
697 2416 800 2454 non
833 2399 998 2455 fuisse
1045 2400 1230 2454 animo
1280 2399 1572 2463 turbatum,
1628 2398 1721 2453 sed
1767 2397 2064 2452 ratiociniis

467 2491 587 2545 suis
631 2491 808 2546 divina
837 2491 977 2546 dicta
1021 2493 1336 2562 przntulisse.
1399 2490 1685 2560 Propterea
1730 2490 1878 2555 dicit,
1920 2487 2064 2542 Post-

474 2597 625 2648 quam
651 2583 820 2636 decem
844 2599 1006 2636 annos
1031 2583 1183 2636 simul
1212 2582 1519 2636 habitassent
1548 2581 1602 2634 in
1629 2590 1762 2634 terra
1791 2578 2058 2635 Chanaan.

476 2671 662 2727 \‘idisti
709 2673 911 2728 virilem
962 2672 1238 2728 animum?
1280 2672 1457 2726 vidisti
1510 2671 1862 2742 phil050phia:
1907 2669 2063 2740 hujus

473 2764 947 2820 exercitationem?
987 2763 1256 2835 quomodo
1297 2763 1552 2818 Dominus
1608 2772 1666 2818 ut
1708 2777 1824 2816 eam
1876 2761 2062 2814 reddat

473 2855 833 2918 illustriorem,
860 2866 1033 2912 cesset
1063 2872 1126 2910 ac
1164 2854 1412 2910 differat?
1450 2854 1580 2909 Nam
1612 2854 1733 2925 quia
1773 2853 2057 2923 plurimum

469 2950 518 3003 ei
546 2966 687 3003 cura:
722 2961 841 3004 smn
875 2948 1057 3004 famuli
1085 2949 1206 3014 sui,
1239 2965 1345 3003 non
1393 2948 1462 3002 ita
1512 2948 1825 3017 simpliciter
1876 2947 1927 3000 in
1965 2961 2058 3000 eos

468 3038 713 3095 conferre
738 3039 1014 3107 beneﬁcia,
1044 3038 1138 3095 sed
1171 3039 1328 3094 simul
1348 3039 1508 3094 etiam
1528 3038 1842 3108 conspicuos
1863 3035 2056 3092 redde-

467 3145 548 3191 re,
579 3129 845 3200 ﬁdemque
890 3130 1125 3201 ipsorum
1153 3131 1402 3186 omnibus
1427 3129 1703 3185 declarare
1753 3129 1960 3200 satagit.
1999 3126 2058 3184 Si

464 3221 606 3274 enim
626 3222 805 3276 statim
828 3231 884 3276 ut
905 3224 1148 3292 promisit
1168 3238 1226 3279 sc
1251 3223 1499 3279 daturum
1523 3223 1843 3292 seminiejus
1856 3232 2052 3277 terram

464 3311 624 3375 hanc,
665 3312 959 3380 aperuisset
1011 3313 1157 3368 Sane
1207 3314 1440 3376 vulvam,
1485 3323 1538 3367 et
1588 3313 1786 3366 liberos
1821 3311 2057 3366 dedisset

458 3415 827 3466 successores,
857 3417 1028 3470 neque
1055 3412 1157 3454 tam
1181 3418 1427 3469 magnum
1467 3401 1798 3455 exhibuisset
1822 3401 2050 3454 miracu-

461 3491 598 3553 lum,
630 3507 802 3560 neque
829 3502 933 3546 tam
957 3492 1098 3547 clara
1125 3492 1262 3561 apud
1286 3506 1475 3547 omnes
1502 3493 1688 3546 fuisset
1713 3492 1838 3560 justi
1864 3494 2051 3544 virtus.

467 3580 647 3634 Virtus
675 3582 816 3635 enirn
863 3581 952 3636 Dei
980 3591 1034 3636 et
1064 3591 1186 3636 tunc
1233 3582 1512 3636 manifesta
1565 3581 1779 3650 quidem
1833 3582 2051 3635 fuisset:

460 3687 590 3724 nam
621 3681 917 3727 emortuam
946 3683 1150 3728 natura:
1175 3673 1464 3737 ofﬁcinam,
1492 3683 1546 3727 et
1577 3673 1814 3726 inutilem
1833 3674 1898 3726 ad
1927 3688 2053 3741 pro-

459 3763 725 3818 creandos
751 3763 891 3818 ﬁlios
923 3763 1133 3830 factam,
1169 3780 1266 3818 suo
1293 3775 1559 3832 prtecepto
1603 3763 1792 3817 iterum
1815 3774 2053 3834 vegetam

463 3857 680 3910 fecisset
709 3871 725 3910 τ
757 3865 810 3909 at
833 3872 937 3910 non
965 3858 1034 3910 ita
1067 3870 1280 3909 suarum
1303 3854 1515 3908 laudum
1547 3870 1745 3909 corona
1771 3855 2053 3911 redimitus

468 3946 651 4000 fuisset
682 3946 1001 4016 patriarcha,
1037 3957 1089 3999 ιιι
1120 3960 1260 3999 nunc
1285 3961 1406 3999 cum
1430 3954 1577 3999 tanto
1615 3956 1854 4014 tempore
1889 3946 2054 4016 ipsius

465 4037 686 4108 probata
712 4047 792 4094 est
821 4038 1006 4101 virtus,
1037 4047 1090 4092 et
1116 4037 1352 4107 quotidie
1379 4037 1514 4092 facta
1542 4045 1625 4092 est
1651 4037 1871 4092 clarior.

534 4132 588 4188 3.
641 4132 704 4185 Et
732 4141 788 4184 ut
817 4131 953 4185 scias
999 4131 1162 4184 Deum
1194 4146 1298 4184 non
1331 4130 1504 4184 solum
1534 4131 1788 4185 beneﬁcia
1816 4141 1870 4185 et
1913 4131 2051 4184 dona

464 4242 559 4278 sua
606 4225 851 4279 conferre
881 4223 1036 4286 velle,
1070 4223 1161 4278 sed
1191 4223 1402 4277 solitum
1453 4238 1573 4276 esse
1621 4222 1871 4277 beneﬁcia
1903 4239 2052 4277 acce-

469 4329 650 4386 ptnros
679 4316 902 4372 reddere
923 4318 1200 4382 clariores,
1233 4315 1350 4370 vide
1380 4315 1525 4369 illum
1558 4315 1659 4369 hoc
1687 4326 1735 4369 et
1769 4314 1819 4369 in
1848 4313 2052 4369 Chana-

465 4423 576 4465 t-zra
609 4409 695 4463 illa
729 4411 922 4475 facere,
955 4417 1008 4462 et
1055 4409 1252 4463 idcirco
1277 4423 1488 4462 cessare
1515 4422 1575 4460 ac
1605 4406 1834 4469 dillerre,
1864 4416 1919 4461 ut
1947 4422 2050 4461 nou

463 4499 632 4553 solum
666 4499 972 4570 petitionem
1015 4499 1154 4552 illius
1202 4497 1448 4552 exaudiat
1479 4495 1689 4566 (Matth.
1742 4494 1848 4567 15),
1881 4495 1973 4550 sed
2000 4506 2053 4550 et

463 4600 519 4645 nt
547 4591 689 4646 illam
721 4591 887 4662 ipsam
920 4591 971 4644 in
1002 4600 1112 4644 toto
1131 4590 1259 4644 orbe
1281 4589 1542 4644 celebrem
1572 4587 1775 4642 reddat.
1804 4585 2054 4653 Quando-

461 4684 675 4752 quidem
709 4698 836 4737 cutn
882 4681 1201 4752 supplicaret
1249 4697 1310 4734 ac
1351 4680 1548 4734 diceret
1580 4697 1594 4733 :
1630 4679 1869 4733 Miserere
1913 4679 2008 4734 mei
2033 4721 2048 4744 ,

466 4773 699 4840 Domine,
723 4776 838 4843 quia
869 4773 976 4842 ﬁlia
1001 4789 1109 4825 mea
1133 4771 1262 4825 male
1279 4789 1310 4823 a
1331 4771 1580 4824 dtemonio
1603 4779 1857 4838 torquetur
1886 4767 2046 4831 (Ibid.

465 4879 510 4916 ιν.
543 4861 638 4933 22)
683 4879 694 4914 :
728 4879 898 4932 neque
937 4877 1196 4932 reSponso
1230 4876 1350 4916 eam
1396 4861 1638 4929 dignatur
1667 4861 1969 4914 misericors
1995 4869 2052 4914 et

462 4952 911 5008 clementissimus
949 4953 1203 5007 Dominus
1243 4953 1354 5022 (a),
1383 4953 1575 5020 alioqui
1627 4967 1812 5021 preces
1842 4960 2050 5007 nostras

461 5059 679 5113 semper
707 5044 1058 5113 prmvcniens.
1092 5044 1157 5097 Et
1205 5042 1446 5110 discipuli
1492 5042 1705 5111 quidem
1751 5041 2051 5095 nescientes

463 5133 591 5205 quid
636 5132 868 5188 futurum
899 5143 1062 5202 esset,
1109 5143 1308 5189 etcum
1355 5148 1534 5186 curam
1581 5148 1737 5202 agere
1766 5133 2043 5196 mulieris,

469 5299 653 5370 legitur
673 5301 800 5369 una
817 5301 931 5349 δέκα
953 5302 1032 5370 ἔμτη
1052 5299 1138 5370 rei}
1181 5301 1400 5370 οἰκῆσαι-
1422 5298 1616 5370 ξΑόροιλιἶ
1643 5301 1690 5348 ἐν
1721 5306 1787 5369 ,τῇ
1831 5302 2038 5370 Χαναάγ.

467 5361 804 5420 t'ltrysostomi
832 5375 947 5410 vero
968 5363 1234 5412 lectionem
1259 5377 1352 5410 non
1379 5360 1531 5410 fuisse
1569 5360 1874 5412 librariorum
1908 5363 2042 5412 ausi-

469 5423 560 5486 bus
585 5429 894 5486 temeratam,
922 5425 1033 5472 hinc
1060 5425 1295 5486 liquidum
1322 5431 1417 5482 est,
1440 5424 1569 5486 quod
1600 5425 1771 5472 eadem
1805 5423 1906 5486 ipsa
1932 5423 2039 5474 sine

467 5485 752 5533 discrimlne
780 5485 855 5546 lth
877 5484 1168 5546 repetantur
1194 5484 1332 5534 infra.

530 5546 602 5604 (ιι)
632 5547 752 5609 Qua-
778 5544 855 5594 hic
880 5544 948 5594 de
969 5549 1236 5609 tihanauaja
1257 5547 1506 5607 dicuntur,
1531 5545 1702 5593 eadem
1731 5544 1830 5608 ipsa
1867 5557 2039 5609 perse-

468 5613 639 5666 quitur
662 5608 781 5670 Chrj
796 5617 1040 5660 sostotnus
1063 5608 1241 5658 "t'lllil.
1273 5609 1332 5656 55
1359 5610 1404 5657 ιιι
1439 5609 1732 5658 Maltha‘nm.

1435 181 1501 237 IN
1538 180 1690 238 CAP.
1732 176 1870 234 XVI.
1916 174 2161 233 GENES.
2206 176 2430 233 llOIlllL.
2474 175 2757 234 XXXVI".

3681 193 3790 246 3:1".

2201 291 2450 361 nulloque
2477 293 2782 348 thesaurum
2827 293 2942 363 ejus
2971 295 3157 363 latere,
3187 307 3345 368 atque
3390 299 3509 356 ideo
3556 319 3659 358 non
3695 322 3780 360 re-

2196 381 2484 452 sponderc,
2513 384 2660 453 quasi
2692 384 2893 454 majore
2921 387 3384 444 commiseratione
3413 390 3577 459 ducti,
3607 410 3783 451 acces—

2193 482 2378 527 serunt
2420 483 2476 529 et
2515 474 2866 530 obsecrabant
2913 493 3034 532 cum
3077 478 3317 536 dicentes
3349 499 3361 536 :
3396 481 3600 540 Dimitte
3625 503 3735 542 eam
3764 532 3784 556 ,

2192 569 2308 635 quia
2323 566 2630 638 clamat,post
2657 585 2746 622 nos
2764 567 2972 638 (Matth.
2997 571 3079 626 15.
3101 571 3195 641 25)
3218 575 3396 641 :quasi
3424 586 3784 635 monstrarent

2192 673 2248 711 se
2268 656 2376 726 jam
2406 674 2511 713 non
2552 658 2691 714 ferre
2718 660 2856 715 illius
2886 663 3205 718 molestiam.
3235 664 3443 721 Dimitte
3464 669 3605 724 enim
3630 687 3740 726 eam
3763 715 3788 738 ,_

2191 749 2456 819 inquiunt,
2488 768 2592 806 non
2634 753 2753 822 quia
2783 761 2887 806 tam
2916 769 3217 809 :erumnosa
3245 766 3346 823 est,
3378 774 3482 813 non
3513 760 3634 830 quia
3661 776 3756 831 pre

2185 855 2280 895 ccs
2307 841 2422 911 ejus
2452 844 2795 900 rationabiles
2823 855 2965 908 sunt,
2995 847 3086 900 sed
3119 847 3250 915 Quia
3290 850 3474 904 clamat
3525 864 3636 923 post
3665 873 3776 910 nos.

2189 931 2325 998 Quid
2373 933 2530 1002 igitur
2559 933 2854 989 Dominus?
2887 936 3082 993 Volens
3109 947 3164 993 et
3193 940 3444 1008 paulatim
3479 943 3620 997 illius
3666 945 3782 1000 the-

2187 1039 2402 1079 Sam-um
2455 1025 2734 1097 detegere,
2785 1037 2840 1083 et
2885 1029 3079 1086 decere
3125 1041 3378 1101 quantum
3425 1035 3667 1106 discipuli
3711 1039 3786 1092 ab

2187 1115 2516 1172 humanitate
2562 1133 2655 1172 sua
2699 1120 2967 1187 abessent,
3017 1138 3328 1192 responsum
3377 1125 3487 1192 dat,
3538 1117 3690 1198 quod
3725 1140 3778 1186 et

2185 1209 2423 1264 mulieris
2453 1225 2722 1266 occaecare
2750 1223 3005 1278 mentem,
3031 1214 3132 1268 nisi
3155 1224 3298 1270 tanto
3319 1216 3498 1272 fuisset
3520 1234 3784 1275 succensa

2187 1301 2452 1358 desiderio
2503 1303 2880 1374 alacritateque
2939 1306 3225 1376 viguisset,
3273 1316 3328 1363 et
3373 1307 3662 1380 discipulos
3708 1312 3776 1368 ab

2186 1392 2610 1464 interpellatione
2660 1395 2933 1452 deterrere
2982 1399 3258 1467 potuisset.
3306 1398 3427 1453 Non
3469 1417 3583 1454 sunt
3629 1402 3778 1457 enim

2181 1486 2380 1552 missus,
2416 1487 2617 1558 inquit,
2647 1489 2744 1541 nisi
2771 1490 2840 1542 ad
2871 1505 2984 1544 oves
3019 1491 3198 1545 domus
3227 1490 3413 1559 Israel,
3454 1509 3568 1562 qua:
3604 1496 3773 1564 perie-

2179 1587 2295 1632 runt
2323 1576 2482 1648 (Ibid.
2518 1595 2563 1634 υ.
2593 1578 2707 1650 24).
2738 1579 2801 1634 Et
2828 1581 2926 1636 hoc
2951 1581 3163 1651 quidem
3199 1582 3398 1636 dictant
3421 1583 3538 1638 illos
3564 1584 3774 1638 abster-

2177 1671 2304 1736 ruit,
2340 1686 2405 1725 ne
2432 1686 2532 1740 pro
2557 1671 2784 1727 muliere
2811 1671 3241 1737 intercederent;
3273 1672 3366 1726 sed
3398 1674 3536 1727 illam
3563 1678 3773 1744 segnio—

2177 1777 2289 1815 rem
2329 1777 2432 1815 non
2459 1760 2603 1826 fecit,
2636 1763 2744 1816 imo
2768 1762 2822 1816 in
2846 1777 3003 1817 causa
3030 1763 3125 1818 fuit
3157 1772 3212 1818 ut
3237 1765 3408 1834 magis
3437 1774 3668 1835 urgeret.
3696 1765 3774 1820 Ita

2175 1854 2315 1908 cnim
2341 1869 2400 1908 se
2426 1853 2582 1910 habet
2611 1855 2786 1909 anima
2815 1854 3023 1920 dolens,
3053 1864 3108 1911 et
3134 1853 3360 1911 ferventi
3383 1857 3574 1912 affectu
3615 1872 3770 1913 acce-

2173 1944 2305 1999 dens
2331 1962 2342 1997 :
2375 1945 2503 1999 nihil
2529 1945 2754 2000 attendit
2788 1961 2974 2001 eorum
3017 1961 3135 2016 qua:
3161 1946 3446 2012 dicuntur;
3477 1947 3569 2002 sed
3599 1963 3763 2003 unum

2175 2034 2347 2089 s-ilnm
2379 2044 2605 2103 Spectat,
2631 2034 2898 2105 quomodo
2929 2051 2990 2090 ea
3017 2051 3135 2106 qum
3179 2037 3278 2091 sibi
3305 2052 3447 2092 cura:
3476 2046 3601 2091 sunt
3623 2051 3770 2093 asse-

2173 2135 2364 2194 qnatur
2395 2143 2407 2179 :
2441 2125 2490 2178 id
2517 2125 2656 2195 quod
2685 2134 2738 2179 et
2756 2126 2855 2179 ista
2885 2125 3026 2180 fecit.
3053 2125 3258 2180 Auditis
3271 2126 3419 2181 enim
3441 2125 3546 2192 his,
3576 2126 3772 2181 iterum

2176 2217 2362 2286 inquit,
2396 2216 2636 2269 Adoravit
2683 2232 2815 2282 eum,
2837 2217 3034 2282 ,dicens
3065 2232 3085 2270 :
3116 2216 3357 2271 Miserere
3403 2219 3520 2282 mei,
3555 2216 3770 2272 Domine

2173 2305 2332 2376 (Ibid.
2366 2321 2411 2360 υ.
2438 2305 2555 2377 25).
2593 2305 2802 2363 Sciebat
2827 2306 3038 2361 Domini
3083 2307 3522 2371 miscricordiam,
3555 2315 3610 2361 et
3640 2323 3766 2378 pro-

2171 2396 2294 2452 inde
2319 2412 2509 2467 magua
2541 2395 2855 2452 assiduitate
2883 2396 3147 2452 utebatur.
3175 2395 3279 2452 Sed
3323 2396 3445 2452 vide
3473 2398 3772 2468 sapientem

2171 2491 2318 2546 illum
2349 2501 2404 2547 et
2441 2491 2716 2556 solertem,
2763 2488 3032 2562 quomodo
3073 2504 3251 2560 neque
3289 2489 3368 2544 sic
3407 2498 3624 2554 annuat,
3669 2488 3764 2546 sed

2171 2583 2414 2654 asperius
2441 2591 2494 2638 et
2523 2581 2894 2639 vehementius
2923 2581 3064 2636 illam
3104 2581 3416 2635 concutiens
3446 2593 3767 2651 responsum

2166 2675 2273 2730 det.
2307 2673 2518 2730 Sciebat
2561 2674 2703 2730 enim
2756 2671 3118 2727 fortitudinem
3163 2670 3423 2736 mulieris,
3471 2679 3526 2724 et
3552 2669 3767 2725 volebat

2166 2781 2283 2819 eam
2315 2781 2418 2819 non
2448 2763 2658 2819 occulte
2686 2763 2930 2832 accipere
2958 2760 3311 2826 beneﬁcium;
3343 2761 3411 2814 ita
3435 2770 3492 2815 ut
3517 2757 3764 2830 discipuli

2165 2857 2433 2912 discerent
2469 2872 2533 2910 ex
2576 2855 2716 2910 facto
2765 2853 3033 2908 dilationis
3075 2866 3311 2917 causam,
3343 2861 3397 2906 et
3443 2851 3530 2905 alii
3576 2866 3770 2906 omnes

2164 2949 2509 3013 docerentur,
2536 2953 2733 3016 quanta
2784 2943 2853 2999 sit
2901 2941 3230 2998 assiduitatis
3253 2949 3308 2996 et
3354 2941 3766 3012 perseverantia:

2169 3041 2422 3112 potentia,
2453 3048 2505 3094 et
2534 3037 2774 3096 mulieris
2803 3037 2992 3092 virtus.
3022 3035 3153 3090 Nam
3201 3035 3330 3090 dicit
3361 3052 3374 3087 :
3411 3033 3531 3088 Non
3571 3042 3641 3088 est
3678 3031 3766 3087 bo-

2165 3149 2285 3186 num
2317 3147 2512 3185 sumere
2550 3145 2730 3200 pauent
2767 3127 3012 3197 ﬁliorum,
3044 3136 3090 3180 et
3113 3127 3334 3193 objicere
3361 3125 3569 3178 canibus
3597 3121 3758 3196 (Ibid.

2162 3241 2206 3279 υ.
2235 3224 2352 3294 26).
2399 3224 2517 3288 llic,
2551 3222 2796 3286 obsecro,
2829 3217 3191 3274 animadverte
3240 3216 3478 3270 mulieris
3507 3224 3760 3270 constan-

2163 3317 2310 3381 tiam,
2359 3322 2555 3383 quanta
2604 3312 2876 3365 alacritate
2925 3323 3183 3363 succensa
3238 3307 3414 3372 fuerit,
3467 3315 3662 3375 quanta
3708 3305 3765 3360 in

2163 3405 2219 3456 [lt
2239 3419 2326 3457 um
2355 3403 2456 3456 lide
2479 3401 2690 3454 incitata
2721 3399 2891 3457 fuerit,
2924 3412 3043 3451 cum
3067 3396 3276 3450 interim
3305 3395 3506 3450 viscera
3538 3396 3672 3464 ipsa,
3703 3405 3762 3450 ut

2162 3497 2229 3549 ita
2260 3494 2456 3558 dicam,
2505 3509 2612 3561 prie
2641 3490 2827 3545 dolore
2871 3489 3282 3550 dissecarentur,
3327 3495 3384 3542 et
3427 3487 3587 3540 inulta
3635 3487 3761 3542 ﬁlia:

2159 3586 2624 3644 commiseratione
2656 3592 2926 3640 teneretur
2959 3599 2973 3635 :
3007 3596 3111 3636 non
3137 3590 3445 3646 aversatur,
3479 3595 3576 3636 nec
3615 3589 3762 3635 retro

2159 3680 2301 3736 cedit
2328 3679 2397 3734 ob
2418 3677 2562 3734 verbi
2583 3675 2959 3732 contumeliam
2983 3688 2999 3738 ;
3029 3671 3121 3727 sed
3145 3672 3325 3726 audito
3345 3673 3492 3726 canis
3518 3671 3756 3734 nomine,

2160 3773 2283 3829 boui
2333 3770 2580 3835 consulit,
2630 3780 2685 3825 et
2710 3768 2904 3823 fatetur
2931 3781 2991 3822 se
3020 3764 3294 3828 catellum,
3329 3773 3387 3819 ut
3414 3779 3443 3817 a
3475 3779 3665 3818 canum
3697 3764 3758 3817 li-

2160 3865 2375 3920 beretur
2423 3862 2656 3925 feritate,
2690 3868 2744 3914 et
2776 3860 2827 3913 in
2857 3859 3088 3912 ﬁliorum
3127 3856 3305 3910 statim
3332 3855 3590 3926 allegatur
3615 3853 3764 3910 ordi-

2160 3973 2304 4013 nem.
2339 3955 2472 4011 Audi
2508 3954 2721 4008 tandem
2769 3950 2895 4021 quid
2943 3949 3009 4003 ad
3056 3948 3170 4003 lucc
3218 3947 3412 4001 mulier
3456 3945 3673 4011 dixerit,
3702 3954 3759 3999 ut

2158 4049 2334 4102 discas
2361 4056 2617 4116 quantum
2647 4060 2710 4097 ex
2745 4042 3218 4111 procrastinatione
3266 4038 3358 4092 Dei
3390 4038 3594 4091 lucrum
3623 4052 3756 4092 con-

2157 4133 2394 4188 cedatur.
2428 4130 2541 4184 Non
2573 4129 2744 4183 solum
2772 4129 2913 4180 enim
2937 4142 3042 4180 non
3072 4123 3253 4192 abegit
3279 4122 3556 4176 mulierem
3584 4121 3756 4174 dicto-

2158 4241 2277 4279 rum
2305 4225 2585 4293 asperitas,
2615 4220 2708 4276 sed
2739 4220 2789 4274 in
2814 4219 3072 4287 majorem
3099 4214 3426 4269 alacritatem
3459 4211 3708 4266 excitavit
3737 4228 3752 4264 :

2159 4331 2349 4383 nempe
2377 4323 2656 4385 postquam
2707 4309 2909 4365 audivit
2939 4307 3053 4362 lucc
3083 4305 3264 4370 verba,
3295 4304 3461 4373 inquit
3498 4320 3509 4356 :
3545 4300 3712 4354 Etiam
3735 4342 3753 4367 ,

2163 4407 2410 4468 Domine;
2440 4419 2557 4457 nam
2601 4412 2648 4456 et
2687 4400 2856 4455 catelli
2883 4402 3035 4452 edunt
3086 4398 3149 4450 de
3175 4396 3318 4449 micis
3359 4409 3473 4464 qua:
3509 4393 3696 4446 cadunt
3725 4409 3757 4445 a

2159 4513 2329 4551 nunsa
2359 4496 2683 4549 dominorum
2713 4509 2919 4547 suorum
2949 4489 3106 4562 (Ibid.
3133 4504 3179 4542 tt.
3211 4486 3324 4557 27).

2235 4588 2540 4644 Chanaan-te
2574 4585 2700 4654 ﬁdes
2727 4580 3252 4637 laudatum—Vidisti
3282 4592 3447 4648 quare
3477 4576 3751 4644 hucusque

2156 4677 2463 4736 distulerit?
2495 4675 2562 4732 Ut
2585 4691 2679 4746 per
2704 4675 2862 4729 verba
2887 4671 3124 4726 mulieris
3148 4668 3304 4723 ﬁdem
3336 4668 3474 4721 illius
3501 4666 3751 4722 eximiam

2155 4774 2442 4828 discamus.
2499 4768 2626 4823 Vide
2669 4767 2811 4821 enim
2855 4761 3122 4834 quomodo
3165 4760 3342 4815 statim
3373 4775 3492 4815 eam
3523 4757 3754 4813 laudavit

2155 4878 2205 4920 ct
2234 4862 2509 4920 coronavit
2554 4860 2809 4914 Dominus
2831 4898 2844 4919 ,
2875 4857 3060 4912 dicens
3089 4871 3104 4908 :
3135 4853 3180 4907 0
3229 4853 3428 4919 mulier,
3462 4865 3643 4922 magna
3682 4860 3754 4905 est

2155 4961 2281 5027 ﬁdes
2311 4966 2396 5009 tua
2420 4952 2578 5026 (Ibid.
2607 4968 2654 5005 υ.
2673 4950 2788 5019 28).
2816 4948 2985 5015 Quam
3015 4943 3271 5017 principio
3293 4958 3465 5013 neque
3496 4955 3753 5011 responso

2154 5047 2492 5116 dignabatur,
2537 5059 2661 5100 cum
2716 5032 3066 5095 admiratione
3112 5045 3166 5092 et
3222 5033 3465 5089 laudibus
3512 5032 3748 5087 dimittit.

2159 5138 2370 5208 Magna,
2400 5135 2588 5204 inquit,
2617 5143 2691 5188 est
2713 5132 2838 5201 ﬁdes
2865 5141 2971 5183 tua.
3001 5127 3128 5182 Erat
3151 5126 3295 5181 enim
3322 5139 3508 5180 revera
3535 5136 3746 5192 magna,

2155 5229 2296 5300 quod
2324 5243 2447 5282 cum
2475 5227 2679 5282 videret
2703 5224 2870 5280 semel
2893 5233 3051 5290 atque
3081 5225 3273 5274 iterum
3304 5227 3357 5274 et
3380 5217 3574 5286 saepius
3599 5228 3749 5268 aver-

2154 5333 2359 5376 santem
2384 5334 2592 5390 preces,
2623 5333 2728 5370 non
2759 5317 2967 5384 segnior
2997 5311 3131 5367 facta
3165 5310 3340 5374 fuerit,
3373 5321 3546 5377 neque
3573 5314 3747 5361 retro-

2151 5414 2397 5477 cesserit,
2445 5409 2539 5465 sed
2585 5405 2996 5479 perseverantia:
3035 5402 3345 5456 assiduitate
3385 5393 3752 5469 provocaver'rt

2155 5503 2461 5565 hominum,
2493 5501 2562 5554 ita
2604 5507 2658 5553 ut
2700 5497 2806 5552 voti
2836 5509 3056 5565 compos
3103 5493 3270 5547 fieret.
3305 5488 3423 5544 Fiat
3451 5488 3593 5542 cnim
3623 5483 3745 5547 tibi,

2151 5597 2480 5668 inquit,sicut
2510 5596 2598 5650 ris.
2629 5592 2812 5646 Vidisti
2844 5587 3109 5661 quomodo
3130 5587 3216 5653 qui
3237 5585 3386 5651 prius
3409 5581 3548 5638 illam
3573 5591 3748 5649 neque
