4084 6214
349 224 454 279 555

349 347 607 408 responso
635 331 880 403 dignatus
929 329 1117 394 luerat,
1147 343 1287 382 nunc
1331 323 1697 396 largitionibus
1721 319 1932 378 certat?

349 428 465 484 Non
497 425 638 482 enim
666 422 980 493 simpliciter
1007 419 1193 474 annuit
1221 418 1464 489 precibus
1490 415 1650 482 illius,
1682 414 1774 469 sed
1808 428 1941 482 prte-

349 519 545 574 dicavit
571 526 626 573 et
671 515 959 573 celebravit
986 513 1149 567 illam.
1196 511 1324 566 Nam
1356 508 1604 574 dicendo,
1636 504 1681 560 0
1720 503 1938 570 mulier,

273 589 275 592 l
351 604 690 674 monstravit,
718 605 985 678 quomodo
1009 603 1164 659 ﬁdem
1185 602 1302 674 ejus
1326 601 1664 671 Obstupescat
1682 613 1695 652 :
1715 593 1941 651 dicendo

355 707 550 765 autem,
585 695 776 768 Magna
818 705 890 751 est
919 695 1046 766 ﬁdes
1089 705 1194 757 tua,
1225 691 1440 747 divitias
1467 704 1675 760 quoque
1705 686 1942 741 mulieris

354 789 601 846 oatendit.
633 786 834 843 Deinde
880 785 1050 856 inquit
1082 801 1094 837 ε
1129 783 1249 837 Fiat
1290 782 1377 836 tibi
1401 781 1528 835 sicut
1557 779 1648 833 vis.
1676 776 1941 844 Quantum

349 887 452 953 vis,
484 891 738 956 quantum
762 882 944 938 animo
967 880 1226 949 concipis,
1260 886 1462 931 tantum
1511 870 1746 944 prmbco.
1775 868 1940 923 Tanta

351 977 494 1031 enim
532 985 616 1031 tua
645 971 1046 1046 perseverantia
1087 969 1302 1040 dignam
1331 976 1383 1022 te
1410 963 1699 1020 declaravit
1739 969 1825 1014 tua
1855 973 1947 1028 pe-

355 1067 566 1122 titione.
593 1065 812 1120 Vidistis
838 1061 1076 1117 mulieris
1102 1055 1456 1115 constantiam
1475 1054 1502 1107 ?
1523 1051 1728 1107 vidistis
1752 1047 1945 1102 divinae

357 1158 626 1213 dilationis
675 1169 921 1220 causam,
966 1151 1216 1206 videlicet
1261 1156 1317 1202 ut
1358 1145 1632 1200 mulierem
1663 1139 1944 1195 clariorem

361 1245 644 1301 redderet?
673 1243 974 1299 Redeamus
1002 1249 1202 1306 autem,
1229 1238 1274 1292 si
1305 1235 1496 1306 placet,
1525 1231 1593 1287 ad
1621 1229 1946 1303 propositam

358 1337 653 1403 historiam,
682 1345 734 1390 et
762 1331 1031 1389 discamus
1064 1337 1282 1402 propter
1319 1326 1448 1382 nihil
1471 1323 1611 1378 aliud
1642 1321 1951 1393 promissio—

358 1445 454 1485 nes
495 1425 816 1500 patriarchae
847 1424 1014 1480 factas
1059 1431 1138 1477 tot
1185 1419 1338 1475 annis
1368 1417 1590 1490 implere
1633 1413 1904 1470 distulisse
1930 1452 1946 1478 ,

361 1535 519 1592 quam
551 1527 610 1575 ut
634 1518 797 1574 multa
827 1531 947 1573 cum
995 1514 1162 1582 gloria
1188 1527 1282 1568 eas
1312 1511 1386 1566 illi
1413 1507 1750 1573 concederet,
1779 1502 1952 1560 omni-

359 1613 564 1683 busque
593 1606 1052 1676 monstraretjnsti
1082 1604 1264 1660 (idem.
1286 1602 1489 1658 Idcirco
1511 1600 1656 1665 dicit,
1678 1598 1951 1668 Postquam

359 1705 531 1759 decem
575 1717 734 1756 annos
782 1700 934 1754 simul
981 1699 1250 1753 habitasset
1291 1697 1345 1750 in
1393 1705 1525 1749 terra
1580 1693 1823 1748 Chanaan
1852 1706 1870 1744 :
1896 1697 1954 1744 ut

363 1795 539 1850 discas
562 1799 819 1864 quantum
851 1789 1196 1861 prmteriisset
1224 1785 1480 1857 temporis
1503 1799 1568 1839 ex
1597 1799 1702 1854 quo
1729 1781 1956 1853 promis-

360 1886 542 1942 siones
561 1885 872 1954 accepisset.
895 1881 1084 1938 Statim
1101 1879 1242 1934 enim
1268 1887 1325 1932 ut
1343 1877 1490 1932 venit
1506 1876 1558 1930 in
1575 1873 1950 1935 Chananaaam,

359 1977 562 2032 audivit
593 1993 608 2030 :
638 1974 833 2030 Semini
853 1983 939 2028 tua
969 1972 1098 2026 dabo
1125 1983 1309 2025 terram
1335 1971 1465 2024 hanc
1491 1985 1510 2024 :
1541 1977 1595 2024 et
1617 1975 1762 2021 tanto
1789 1967 1954 2019 inter-

366 2070 509 2124 vallo
537 2067 794 2139 temporis
822 2065 1025 2136 absque
1053 2063 1234 2118 liberis
1281 2068 1571 2128 manserat,
1601 2057 1957 2126 sterilitasque

363 2161 512 2215 Sara:
541 2159 755 2213 interim
794 2156 1104 2228 angebatur.
1133 2150 1200 2206 Et
1225 2151 1383 2221 dedit,
1424 2149 1614 2221 inquit,
1648 2148 1785 2220 Agar
1810 2146 1959 2200 Abra:

365 2251 472 2304 viro
499 2264 592 2303 suo
621 2248 672 2301 in
698 2260 928 2300 uxorem.

437 2342 495 2396 4.
528 2339 661 2395 Vide
686 2347 881 2411 quanta
904 2322 1064 2393 etiam
1085 2335 1212 2391 olim
1233 2330 1563 2405 philosophia
1593 2327 1730 2401 apud
1751 2335 1958 2383 veteres

367 2432 752 2498 exercebatur;
792 2427 1061 2500 quomodo
1111 2436 1166 2484 et
1207 2426 1310 2481 viri
1355 2430 1713 2494 temperantes
1763 2427 1955 2485 erant,

369 2539 722 2595 magnamque
766 2520 1110 2577 continentia:
1141 2518 1405 2574 habebant
1448 2517 1730 2581 rationem,
1759 2530 1821 2570 ac
1845 2529 1962 2569 mu.

370 2618 528 2673 lieres
557 2612 832 2687 zelotypim
859 2613 1112 2670 carebant
1131 2611 1278 2666 vitio.
1310 2608 1489 2664 Dedita
1512 2609 1654 2664 enim
1677 2619 1839 2677 Opera
1861 2620 1958 2660 sat-

369 2711 489 2781 pius
517 2708 648 2765 dicit
666 2709 934 2777 Scriptura
961 2724 974 2760 :
1000 2704 1068 2760 Et
1091 2713 1144 2759 ut
1165 2705 1281 2758 tulit
1309 2703 1444 2758 Sara
1459 2701 1676 2773 Aqarem
1695 2699 1960 2752 ancillam:

366 2808 423 2854 et
450 2800 639 2854 iterum
670 2816 683 2852 :
717 2795 875 2852 Dedit
901 2813 1011 2851 eam
1032 2797 1087 2850 in
1129 2811 1339 2850 uxorem
1369 2809 1388 2847 :
1416 2801 1473 2846 nt
1501 2791 1673 2846 discas
1696 2787 1962 2859 quomodo

367 2891 569 2959 absque
591 2888 754 2943 animi
779 2885 1095 2956 aegritudine
1121 2884 1392 2954 negotium
1415 2883 1603 2951 egerit,
1629 2890 1685 2935 et
1708 2889 1962 2950 quantum

369 2981 511 3051 apud
541 2995 637 3036 eos
665 2989 808 3035 esset
839 2979 1047 3034 virtutis
1091 2976 1346 3032 studium.
1373 2975 1427 3029 4.
1457 2973 1525 3027 Ει
1555 2975 1809 3044 ingressus
1853 2980 1959 3037 est,

370 3070 560 3141 inquit,
591 3070 659 3123 ad
700 3069 858 3140 Agar,
909 3078 958 3123 et
1005 3067 1250 3135 concepit.
1307 3065 1442 3120 Vide
1491 3063 1760 3135 quomodo
1807 3063 1966 3117 discit

370 3165 526 3231 Sara,
555 3178 662 3218 non
688 3160 891 3232 justum
919 3160 971 3215 in
997 3174 1156 3215 causa
1189 3157 1371 3224 luisse,
1398 3157 1540 3228 quod
1559 3163 1803 3211 carerent
1823 3155 1963 3220 ﬁliis,

371 3254 467 3310 sed
516 3268 612 3309 sua
659 3252 841 3323 potius
887 3251 1140 3306 sterilitas
1172 3267 1186 3307 :
1213 3249 1391 3304 statim
1434 3249 1578 3303 enim
1621 3261 1968 3317 congressum

374 3361 500 3402 cum
526 3343 720 3400 ancilla
768 3341 1091 3412 subsequnta
1120 3349 1202 3396 est
1231 3341 1528 3410 conceptio.
1557 3340 1819 3395 Caeterum
1847 3337 1969 3393 vide

371 3449 429 3497 et
455 3438 661 3494 ancillae
694 3436 958 3508 ingratum
993 3434 1232 3489 animum
1254 3475 1267 3496 .
1297 3442 1350 3489 et
1379 3433 1651 3488 muliebris
1693 3447 1852 3488 sexus
1882 3431 1968 3486 in-

373 3532 680 3587 ﬁmitatem
713 3547 726 3585 :
754 3539 813 3584 ut
838 3528 1017 3588 discas
1054 3527 1219 3585 etiam
1247 3528 1348 3582 hoc
1376 3527 1493 3581 loco
1521 3526 1834 3597 patriarcha:
1864 3524 1968 3579 mi-

373 3639 490 3679 ram
514 3623 810 3679 lenitatem.
845 3621 911 3675 Et
950 3621 1095 3686 vidit,
1126 3620 1317 3688 inquit,
1350 3621 1484 3691 quod
1511 3630 1707 3674 nternm
1739 3628 1966 3690 gereret,

376 3722 424 3767 et
449 3723 734 3784 contempta
775 3721 849 3766 est
894 3709 1099 3766 domina
1144 3726 1317 3764 coram
1354 3727 1432 3763 ea.
1484 3710 1575 3765 Ille
1621 3710 1762 3765 enim
1805 3710 1970 3765 ferme

376 3819 652 3858 servorum
683 3818 802 3859 mos
852 3811 955 3870 est,
1007 3811 1066 3858 ut
1103 3817 1224 3857 cum
1272 3815 1458 3872 parum
1504 3801 1866 3871 prosperitatis
1894 3801 1971 3855 eis

378 3897 687 3963 accesserit,
720 3905 988 3966 nequeant
1015 3894 1153 3950 intra
1197 3909 1323 3950 suos
1353 3893 1550 3949 limites
1593 3909 1845 3960 manere;
1878 3892 1970 3948 sed

380 3989 561 4043 statim
590 3987 672 4042 sui
700 3987 905 4043 ordinis
934 3987 1335 4054 obliviscantur,
1370 3996 1425 4042 et
1455 3987 1643 4058 ingrati
1670 3987 1821 4042 facile
1846 4001 1970 4041 eva-

381 4077 511 4134 dant
541 4095 555 4134 :
585 4077 637 4134 id
669 4078 808 4149 quod
842 4088 896 4134 et
944 4079 1068 4134 huic
1108 4079 1314 4135 ancillae
1357 4079 1568 4135 accidit.
1598 4078 1727 4134 Nam
1759 4088 1815 4134 ut
1845 4079 1974 4134 vidit

382 4171 518 4227 uteri
550 4172 834 4238 sarcinam,
869 4187 1042 4241 neque
1072 4171 1305 4225 dominze
1335 4171 1703 4226 admirabilem
1732 4171 1972 4241 philoso-

385 4263 586 4333 phiam,
615 4277 792 4332 neque
821 4277 932 4316 sua:
955 4261 1277 4315 conditionis
1301 4261 1558 4315 vilitatem
1584 4261 1859 4330 cogitavit:
1881 4261 1972 4316 sed

384 4352 562 4408 inﬂata
593 4361 649 4408 et
677 4352 990 4424 superbiens
1018 4351 1339 4422 contempsit
1371 4351 1660 4418 dominam,
1689 4367 1806 4422 qua:
1833 4352 1974 4407 illam

385 4455 494 4499 tam
518 4443 943 4499 commendatam
972 4442 1232 4510 habebat,
1263 4453 1320 4500 ut
1363 4454 1418 4500 et
1464 4445 1515 4499 in
1543 4445 1640 4499 viri
1686 4445 1974 4502 thalamum

385 4533 710 4589 admitteret.
756 4532 894 4598 Quid
943 4533 1104 4605 igitur
1146 4534 1318 4590 Sara?
1353 4536 1406 4590 5.
1451 4534 1627 4602 Dixit,
1676 4537 1866 4606 inquit,
1909 4537 1978 4591 ad

386 4628 575 4682 Abram
599 4642 618 4682 :
649 4625 853 4694 Iniuria
881 4644 913 4680 a
933 4637 978 4682 te
1007 4628 1216 4699 afﬁcior.
1253 4628 1384 4683 Ecce
1411 4629 1525 4684 dedi
1551 4628 1790 4682 ancillam
1817 4645 1978 4683 meam

386 4723 437 4776 in
461 4720 630 4777 sinum
659 4729 800 4774 tuum
830 4735 849 4774 :
878 4735 990 4792 qua:
1012 4719 1132 4790 quia
1162 4719 1283 4773 vidit
1306 4720 1440 4790 quod
1460 4730 1653 4773 uterum
1676 4721 1825 4791 gerit,
1853 4735 1978 4774 eon-

387 4810 597 4884 temptui
615 4825 788 4864 coram
804 4826 862 4863 ea
879 4809 1048 4864 habita
1067 4825 1198 4863 sum.
1221 4808 1423 4863 Judicet
1441 4806 1574 4866 Deus
1593 4809 1722 4863 inter
1739 4827 1819 4864 me
1843 4820 1890 4864 et
1911 4819 1979 4866 te.

391 4900 505 4967 llic,
535 4913 741 4971 quaeso,
767 4900 1134 4959 animadverte
1162 4900 1528 4956 incredibilem
1568 4900 1899 4957 tolerantiam
1927 4912 1980 4957 et

390 4993 745 5048 reverentiam
771 4992 921 5061 justi,
953 5007 1111 5063 quam
1157 5007 1277 5063 erga
1309 4992 1496 5047 Saram
1536 4992 1845 5058 declaravit,
1886 5008 1978 5046 vc-

390 5085 532 5139 niam
576 5083 644 5138 ab
689 5098 752 5139 ea
795 5092 985 5153 petens
1023 5093 1128 5138 tam
1175 5085 1440 5139 immerito
1485 5085 1676 5153 objecti
1719 5085 1976 5139 criminis.

386 5175 516 5245 Quae
555 5173 696 5230 enim
727 5174 973 5228 manibus
1003 5173 1248 5228 ancillam
1271 5175 1383 5227 viro
1413 5174 1721 5242 tradiderat,
1749 5183 1803 5230 et
1828 5174 1978 5229 dixe-

389 5275 473 5321 rat
507 5284 520 5320 :
550 5264 828 5336 Ingredere
855 5266 923 5320 ad
950 5267 1190 5320 ancillam
1233 5282 1393 5319 meam
1417 5281 1437 5329 ;
1484 5282 1602 5334 quae
1627 5282 1656 5319 a
1696 5266 1980 5334 semetipsa

391 5368 446 5411 ct
471 5373 564 5412 sua
593 5367 783 5427 sponte
804 5356 868 5412 ad
899 5373 1242 5428 congressum
1266 5357 1474 5412 hortata
1503 5356 1690 5425 fuerat,
1715 5358 1811 5412 ista
1840 5373 1982 5413 nunc

392 5456 592 5500 mutato
621 5447 802 5500 animo
835 5449 1024 5518 inquit,
1058 5447 1260 5519 Injnria
1297 5465 1329 5502 a
1353 5457 1400 5502 te
1437 5449 1644 5520 aﬂicior.
1676 5448 1720 5505 0
1746 5448 1935 5504 mulier
1959 5487 1977 5515 ,

391 5536 644 5605 numquid
671 5537 783 5606 ipse
809 5538 872 5592 ad
896 5540 1100 5594 ancilla:
1121 5554 1467 5610 congressum
1491 5539 1801 5597 festinavit?
1827 5555 1982 5596 num-

392 5619 517 5692 quid
567 5625 970 5695 intemperantia
1021 5629 1354 5702 impellente,
1406 5633 1470 5689 ad
1515 5649 1624 5689 rem
1678 5631 1976 5689 habendam

1081 215 1136 271 S.
1177 209 1456 270 JOA’NNIS
1492 203 1965 267 CllBYSOSTOMl
2010 203 2322 261 ARClllEP.
2365 202 2892 260 CONSTANTISOI’.

3515 205 3623 260 350

2052 333 2173 374 cum
2201 318 2392 374 ancilla
2418 318 2774 374 acceleravit?
2803 320 2843 374 Α
2875 328 2924 374 te
2954 333 3238 390 persuasus
3266 331 3318 375 et
3349 329 3438 375 tuo
3467 338 3623 376 nian-

2046 414 2170 468 dato
2215 412 2609 482 obtemperans,
2641 412 2747 466 hoc
2785 411 2996 466 tandem
3047 412 3186 468 fecit.
3228 413 3339 477 Qua
3374 424 3422 467 te
3466 414 3626 484 igitur

2047 505 2235 575 injuria
2281 504 2501 559 maritus
2541 503 2755 558 allecit?
2798 502 2930 556 Ecce
2955 503 3073 557 dedi
3116 503 3353 557 ancillam
3383 521 3544 558 nteum
3571 509 3629 559 in

2046 597 2212 650 sinum
2241 605 2400 648 tuum.
2429 593 2482 650 Si
2518 594 2677 664 igitur
2704 593 2882 649 fateris
2909 603 2960 649 te
2985 596 3217 661 dedisse,
3250 611 3346 650 nec
3375 596 3484 665 ipse
3505 611 3626 652 eam

2047 701 2140 740 sua
2167 695 2356 756 sponte
2393 687 2676 756 acceperit,
2717 702 2880 756 quare
2921 687 3225 758 iujustitiam
3257 688 3624 760 improperas‘!

2048 778 2240 843 Etiam,
2275 777 2442 847 inquit
2465 794 2480 844 ;
2519 793 2639 832 nam
2667 780 2906 847 quamvis
2934 794 3031 848 ego
3053 779 3308 842 dederim.
3332 782 3421 834 sed
3441 782 3631 837 videns

2049 869 2164 938 ejus
2189 870 2559 936 temeritatem,
2590 868 2821 923 debebas
2858 869 3111 924 cohibere
3151 880 3378 924 mentem
3406 881 3508 926 tam
3538 889 3632 943 pe-

2051 960 2329 1014 tulantem.
2371 957 2510 1013 Nam
2555 970 2609 1012 ut
2647 959 2769 1013 vidit
2797 976 2849 1012 se
2886 970 3081 1012 uterum
3120 977 3307 1031 gerere,
3335 966 3632 1032 contempsit

2050 1065 2147 1103 me.
2175 1049 2378 1103 Iudicat
2426 1049 2560 1102 Dens
2588 1050 2720 1102 inter
2769 1066 2848 1103 me
2892 1059 2937 1104 et
2965 1059 3029 1103 te.
3063 1050 3196 1105 Vere
3236 1051 3350 1106 [nec
3394 1053 3632 1108 mulieris

2051 1140 2211 1196 verba
2239 1151 2380 1204 sunt.
2420 1150 2470 1196 et
2516 1142 2706 1196 infirmi
2749 1141 2888 1196 illius
2913 1157 3068 1196 sexus
3095 1160 3109 1207 ;
3141 1142 3222 1196 his
3251 1144 3390 1198 enim
3429 1144 3539 1200 fere
3571 1148 3634 1200 ilo

2053 1231 2162 1287 lum
2185 1232 2502 1302 alloquitur:
2528 1233 2639 1304 Ego
2673 1234 2882 1304 quidem
2910 1236 3148 1290 volebam
3177 1246 3321 1291 tuum
3349 1254 3633 1294 mmrorem

2053 1323 2233 1390 solari,
2263 1339 2419 1395 quem
2447 1323 2612 1379 habes
2638 1340 2700 1380 ex
2731 1325 2890 1394 prolis
2929 1326 3142 1396 inopia;
3193 1338 3297 1382 tam
3340 1329 3634 1385 ofﬁciosam

2054 1429 2114 1470 ea
2145 1415 2196 1469 in
2227 1430 2285 1471 re
2313 1431 2398 1470 me
2427 1416 2652 1485 prrebni.
2698 1425 2756 1471 ut
2781 1426 2836 1471 et
2871 1418 3116 1473 ancillam
3154 1435 3325 1474 meam
3353 1422 3483 1474 meis
3523 1438 3638 1475 ma-

2055 1507 2210 1562 nibus
2255 1507 2556 1571 traderem,
2603 1516 2657 1563 et
2703 1508 2770 1563 ad
2810 1524 3152 1580 congressum
3200 1513 3551 1570 cohortarer:
3582 1527 3636 1570 tu

2055 1607 2232 1654 autem
2265 1599 2451 1655 videns
2493 1599 2630 1656 hanc
2673 1600 2796 1655 inde
2834 1600 2947 1656 ﬁeri
2993 1603 3393 1672 petulantiorem
3423 1617 3641 1676 propter

2057 1689 2192 1744 uteri
2219 1691 2503 1756 sarcinam,
2535 1701 2590 1746 et
2610 1706 2801 1762 magno
2839 1692 2975 1746 fastu
2997 1692 3188 1757 inﬂari,
3215 1711 3334 1748 cum
3365 1696 3640 1752 debuisses

2057 1780 2348 1849 reprimere
2376 1789 2429 1835 et
2469 1781 2650 1837 ulcisci
2699 1783 2815 1851 ejus
2851 1783 2900 1837 in
2930 1799 3014 1839 me
3057 1784 3292 1852 injurias,
3321 1786 3373 1840 id
3414 1803 3516 1842 non
3564 1789 3640 1844 le-

2057 1872 2178 1927 ClSli
2204 1890 2217 1938 ;
2249 1871 2341 1928 sed
2364 1873 2511 1943 quasi
2543 1875 2776 1928 omnium
2803 1875 3036 1944 priorum
3062 1875 3277 1943 oblitus,
3302 1893 3387 1933 me
3411 1879 3643 1950 despicis

2059 1963 2218 2017 ctiam
2261 1972 2336 2032 tu,
2382 1979 2468 2018 me
2494 1979 2611 2033 quae
2656 1973 2828 2020 tecum
2874 1975 2949 2020 tot
2986 1967 3137 2021 annis
3182 1966 3431 2035 habitavi,
3477 1981 3530 2025 et
3572 1973 3642 2025 ab

2059 2053 2308 2125 Egyptia
2359 2055 2550 2109 ancilla
2593 2071 2708 2110 mea
2740 2066 3068 2112 contemnor.
3101 2057 3304 2113 Judiret
3349 2059 3478 2115 Deus
3514 2063 3644 2116 inter

2061 2161 2140 2198 me
2165 2153 2212 2199 et
2236 2155 2302 2200 te.
2335 2144 2571 2201 Delcntis
2599 2148 2787 2202 animte
2817 2148 2997 2203 verba.
3027 2148 3091 2204 Et
3119 2150 3219 2206 nisi
3251 2152 3409 2207 tantis
3439 2154 3645 2208 virtuti-

2062 2236 2161 2292 bus
2190 2236 2443 2308 praeditus
2468 2236 2652 2293 fuisset
2678 2238 2992 2308 patriarcha,
3023 2248 3076 2296 et
3102 2242 3152 2295 in
3179 2251 3318 2297 tanta
3348 2248 3644 2301 reverentia

2063 2327 2248 2383 Saram
2280 2327 2570 2393 habuisset,
2598 2343 2738 2398 aegre
2766 2328 2974 2384 tulisset
3015 2329 3128 2385 hare
3156 2333 3337 2399 verba,
3379 2345 3433 2389 et
3466 2351 3532 2389 ex
3558 2335 3643 2389 di-

2063 2428 2270 2476 ciorum
2301 2421 2585 2491 asperitate
2622 2421 2862 2476 dolorem
2891 2425 3238 2494 concepisset.
3286 2427 3478 2482 Verum
3528 2431 3645 2484 exi-

2063 2513 2200 2567 mius
2230 2511 2320 2568 ille
2360 2512 2426 2568 ad
2468 2527 2627 2568 sexus
2666 2514 2999 2585 fragilitatem
3045 2525 3310 2588 spectans,
3355 2537 3563 2577 omnem
3595 2524 3648 2578 ei

2063 2603 2272 2658 veniam
2321 2603 2486 2660 dedit.
2535 2603 2741 2659 Judicet
2787 2605 2926 2661 Deus
2970 2609 3100 2664 inter
3149 2627 3226 2665 me
3261 2622 3307 2665 et
3352 2623 3415 2666 te.
3463 2612 3649 2684 Cogita

2063 2706 2315 2767 quantam
2350 2713 2463 2752 rem
2493 2700 2712 2770 egerim,
2746 2708 2802 2754 ut
2831 2708 2880 2756 te
2904 2702 3231 2770 consolarer,
3261 2705 3445 2760 volens
3474 2715 3526 2762 te
3565 2709 3650 2763 vel

2065 2787 2119 2843 in
2150 2797 2424 2844 senectute
2449 2800 2652 2860 patrem
2681 2795 2879 2856 vocari,
2908 2793 3154 2848 ancillam
3193 2810 3365 2850 meam
3394 2795 3446 2850 in
3482 2797 3652 2868 digni-

2069 2888 2230 2935 tatem
2260 2895 2435 2936 meam
2463 2881 2608 2936 erexi
2639 2900 2652 2936 :
2683 2891 2734 2937 tu
2765 2893 2938 2938 autem
2963 2885 3148 2941 videns
3175 2886 3316 2941 illam
3347 2896 3450 2943 tam
3478 2889 3656 2960 ingra-

2072 2981 2199 3041 tam,
2235 2988 2341 3029 non
2369 2975 2512 3028 ultus
2542 2989 2621 3040 es,
2655 2989 2759 3029 non
2789 2976 3080 3046 rependisti
3106 2979 3235 3034 mihi
3265 2979 3407 3036 vices
3432 2983 3647 3037 benevo-

2069 3066 2246 3121 lentia:
2270 3081 2427 3138 quam
2456 3068 2506 3121 in
2539 3076 2588 3123 te
2623 3067 2906 3124 declaravi.
2934 3070 3139 3124 Judicet
3180 3071 3318 3128 Deus
3341 3074 3465 3128 inter
3497 3092 3573 3129 me
3596 3087 3649 3130 et

2071 3167 2136 3212 te.
2171 3157 2284 3224 llle,
2317 3158 2507 3228 inquit,
2554 3160 2644 3230 qui
2688 3161 2995 3217 abscondita
3024 3165 3260 3219 omnium
3287 3168 3516 3222 cordium
3547 3185 3646 3222 no-

2072 3248 2169 3313 vit,
2197 3247 2310 3317 ipse
2339 3248 2440 3304 erit
2465 3249 2624 3318 iudex
2669 3252 2810 3308 inter
2839 3268 2936 3308 nos
2969 3272 2982 3308 :
3013 3264 3064 3310 et
3103 3257 3369 3326 quomodo
3396 3273 3493 3328 ego
3531 3260 3653 3328 qui-

2071 3339 2191 3394 dem
2221 3339 2375 3395 victis
2399 3343 2645 3398 omnibus
2685 3343 3048 3400 aﬂcctionibus
3075 3354 3214 3402 luam
3238 3350 3657 3405 consolationem

2073 3445 2206 3484 mete
2245 3431 2478 3500 praetuli,
2516 3443 2569 3486 et
2596 3434 2646 3487 in
2685 3434 2875 3489 lectum
2906 3451 3081 3491 meum
3108 3438 3353 3494 ancillam
3380 3455 3549 3494 meam
3577 3441 3660 3495 in-

2073 3522 2201 3577 duxi
2236 3540 2249 3578 :
2282 3523 2394 3593 ipse
2414 3535 2591 3580 autem
2611 3525 2744 3580 nihil
2773 3540 2956 3581 eorum
2981 3544 3097 3598 qua:
3120 3543 3147 3582 a
3175 3544 3262 3585 me
3283 3528 3415 3584 facta
3437 3541 3578 3595 sunt,
3604 3533 3658 3585 in

2074 3624 2310 3670 mentem
2361 3618 2665 3687 accipiens,
2713 3621 2975 3688 permittis
3017 3621 3090 3675 illi
3151 3631 3208 3678 ut
3251 3636 3437 3678 contra
3484 3640 3659 3678 meam

2078 3709 2317 3780 insurgat
2362 3709 2672 3765 lenitatem:
2705 3728 2805 3767 nec
2848 3712 3119 3770 audaciam
3168 3717 3430 3784 reprimis,
3486 3732 3662 3786 neque

2077 3801 2334 3871 ingratam
2366 3803 2610 3873 castigas.
2643 3804 2777 3873 Quid
2803 3805 2962 3875 igitur
3002 3807 3219 3862 adamas
3251 3809 3356 3873 ille,
3390 3809 3542 3865 lor-tis
3571 3809 3663 3866 ille

2077 3895 2172 3950 Dei
2197 3895 2418 3962 athleta,
2448 3897 2537 3967 qui
2561 3898 2793 3968 undique
2816 3913 3042 3954 coronas
3067 3900 3168 3956 sibi
3201 3902 3497 3971 plectebat?
3523 3903 3663 3956 Mon-

2076 3997 2253 4044 strans
2281 3989 2440 4045 etiam
2473 3991 2524 4044 in
2570 3991 2670 4045 hoc
2712 4005 2862 4046 suam
2890 3992 3158 4059 virtutem,
3201 3993 3320 4048 vide
3359 3995 3482 4063 quid
3519 3994 3664 4048 dicat

2076 4081 2124 4137 ci
2161 4100 2173 4135 :
2203 4081 2257 4136 6.
2293 4080 2425 4136 Ecce
2476 4083 2662 4136 ancilla
2706 4093 2793 4137 tua
2837 4084 2890 4137 in
2935 4086 3165 4140 manibus
3193 4087 3290 4139 tuis
3313 4101 3331 4139 :
3357 4096 3494 4140 ntere
3519 4104 3578 4140 ea
3604 4099 3662 4140 ut

2078 4174 2166 4228 tibi
2190 4173 2384 4228 libitum
2411 4175 2579 4244 fuerit.
2615 4173 2803 4242 Ingens
2835 4176 2979 4245 justo
3004 4177 3210 4232 virtutis
3247 4176 3498 4241 studium,
3525 4177 3661 4232 mira

2080 4265 2374 4320 tolerantiae
2391 4264 2845 4320 excellentia.Non
2863 4267 3028 4321 solum
3045 4271 3305 4327 enimnon
3318 4266 3656 4338 aegretulitea

2078 4372 2197 4427 qua:
2223 4355 2351 4412 Sara
2374 4357 2601 4422 dixerat,
2631 4355 2722 4411 sed
2748 4367 2801 4412 et
2827 4357 3110 4411 admodum
3139 4367 3412 4412 mansuete
3439 4372 3662 4426 respon-

2081 4449 2158 4504 dit
2194 4457 2252 4504 et
2279 4450 2448 4518 inquit
2472 4468 2484 4503 :
2513 4447 2811 4518 Suspicaris
2837 4463 2921 4504 me
2941 4458 3210 4503 auctorem
3241 4463 3360 4504 esse
3383 4457 3656 4504 contume-

2081 4541 2267 4596 liarum
2329 4541 2518 4612 quibus
2545 4541 2730 4596 atl'ecta
2759 4556 2839 4608 es,
2871 4550 2920 4595 et
2952 4549 3106 4611 putas
3127 4554 3213 4594 me
3237 4539 3490 4595 oblectari
3521 4539 3574 4593 in
3595 4537 3661 4595 iis

2080 4648 2200 4702 qure
2241 4632 2429 4686 ancilla
2475 4631 2754 4686 adversum
2805 4639 2856 4686 te
2897 4645 3025 4686 ausa
3072 4629 3190 4698 fuit,
3222 4631 3468 4701 quoniam
3495 4629 3661 4686 semel

2081 4721 2494 4778 communicavit
2517 4721 2645 4776 mihi
2689 4723 2739 4775 in
2787 4723 2924 4777 lecto
2955 4721 3138 4776 :disce
3178 4736 3264 4776 me
3295 4731 3349 4776 et
3393 4717 3618 4792 primum
3642 4760 3663 4786 ,

2081 4813 2183 4869 nisi
2226 4812 2327 4868 hoc
2367 4813 2719 4883 suscepissem
2760 4821 2818 4867 ut
2860 4813 2952 4868 tibi
2989 4813 3336 4883 gratilicarer,
3378 4825 3664 4881 numquam

2023 4925 2063 4938 -κ
2082 4904 2438 4958 admissurum
2468 4903 2629 4959 fuisse
2655 4903 2896 4958 ancillam
2926 4905 2975 4957 in
3006 4905 3197 4959 lectum
3231 4912 3375 4956 tuum
3409 4919 3422 4955 :
3455 4915 3668 4956 verum-

2085 5002 2259 5047 tamen
2308 5003 2446 5048 utre
2477 4993 2590 5064 ipsa
2629 4995 2826 5048 certior
2874 4995 2988 5061 tias,
3032 5009 3156 5048 ecce
3201 4994 3252 5048 in
3293 4992 3532 5048 manibus
3563 4991 3669 5046 tuis

2084 5093 2165 5136 est
2189 5098 2203 5146 ;
2232 5091 2379 5137 utere
2423 5099 2485 5138 ea
2518 5093 2574 5137 ut
2602 5084 2691 5137 tibi
2736 5083 3012 5153 placuerit.
3041 5082 3172 5136 Num
3203 5084 3322 5152 quis
3347 5091 3668 5152 potestatem

2087 5183 2227 5228 tuum
2275 5176 2504 5229 tuinnit?
2535 5192 2658 5229 num
2702 5174 2994 5230 dominium
3039 5173 3092 5226 in
3123 5187 3241 5228 eam
3267 5188 3297 5226 a
3343 5183 3395 5228 te
3431 5173 3669 5227 ablatum

2084 5267 2210 5321 est?
2237 5266 2366 5321 Nam
2409 5268 2532 5322 licet
2571 5283 2691 5321 cum
2739 5281 2798 5322 ea
2826 5279 3143 5336 congressus
3174 5263 3388 5329 luerim,
3418 5264 3562 5317 salva
3589 5272 3671 5316 ta-

2085 5371 2206 5411 men
2234 5357 2406 5411 adhuc
2432 5367 2511 5412 est
2542 5357 2594 5411 in
2616 5372 2732 5410 eam
2765 5365 2994 5426 potestas
3022 5367 3130 5421 tua,
3159 5355 3271 5426 ipsa
3299 5355 3398 5409 sub
3423 5354 3671 5408 manibus

2086 5448 2190 5503 tuis
2233 5459 2312 5503 est
2338 5465 2353 5515 ;
2378 5449 2528 5518 puni,
2575 5450 2793 5519 castiga,
2839 5449 3050 5518 increpa
3081 5465 3094 5501 :
3128 5456 3188 5502 ttt
3233 5447 3464 5502 volueris
3491 5455 3547 5501 et
3575 5445 3672 5500 tibi

2087 5541 2367 5611 placuerit,
2404 5543 2480 5596 sic
2511 5542 2668 5596 t‘acito
2696 5555 2816 5595 cum
2840 5555 2900 5596 ea
2927 5557 2942 5604 ;
2985 5549 3188 5596 tantum
3215 5556 3282 5595 ne
3311 5550 3627 5594 succenseas
3651 5575 3670 5600 .

2087 5639 2289 5690 tantum
2322 5648 2387 5691 nc
2417 5633 2546 5689 mihi
2571 5634 2813 5704 imputes,
2836 5649 2952 5704 quia
2983 5632 3066 5690 illa
3097 5634 3390 5706 petulanter
3418 5631 3540 5702 egit.
3562 5626 3668 5683 Ne-
