4070 6194
280 240 388 299 355

279 355 470 420 ἁπλῶς
494 355 631 428 αὐτῇ
672 356 913 437 παρέσχε
952 356 1050 429 τὴν
1082 355 1320 427 αἴτησιν,
1354 355 1491 409 ἀλλά
1519 351 1820 423 ἀνεκήρυξε
1858 349 1951 403 καὶ

282 444 626 513 ἐστεφάνωσε
648 460 660 472 ⁸
688 444 783 498 καὶ
805 444 884 516 τῷ
919 447 1114 510 είπεῖν,
1134 439 1203 498 Ὦ
1232 443 1429 515 γύναι,
1452 440 1653 508 ἔδειξεν
1681 439 1827 502 ὅπως
1855 438 1951 489 αὺ-

278 533 383 602 τῆς
411 532 509 602 τήν
538 531 719 586 πίστιν
750 532 1023 604 ἐξεπλάγη
1045 551 1060 563 ·
1098 533 1192 587 καὶ
1221 531 1299 603 τῷ
1329 533 1524 591 εἰπεῖν,
1563 526 1807 599 Μεγάλη
1836 541 1952 579 σου

280 613 321 679 ἡ
366 612 602 679 πίστις,
634 614 937 686 κατάδηλον
987 618 1120 687 ἡμῖν
1168 614 1390 685 ἐποίησε
1422 612 1523 683 τῆς
1569 608 1824 679 γυναικὸς
1860 606 1953 661 τὸν
1993 650 2007 663 .

280 697 531 753 πλοῦτον.
577 696 711 753 Εἶτά
755 718 908 772 φησι,
934 701 1252 768 Γενηθήτω
1284 715 1383 754 σοι
1416 700 1497 765 ὡς
1537 696 1752 761 θέλεις.
1788 695 1950 747 Ὅσον

281 784 490 855 βούλει,
516 787 640 841 ὅσον
668 787 861 852 θέλεις,
897 789 1149 843 τοσοῦτον
1179 788 1424 859 παρέχω.
1466 786 1532 839 Ἡ
1568 783 1676 856 γὰρ
1712 780 1949 851 τοσαύτη

279 873 580 945 προσεδρία
599 875 755 942 ἀξίαν
784 893 843 929 σε
881 877 1166 945 ἀποφαίνει
1200 875 1300 947 τῆς
1324 877 1611 945 αίτήσεως.
1642 872 1821 925 Είδετε
1851 868 1951 940 τῆς

278 960 535 1027 γυναικὸς
561 960 660 1032 τὴν
687 963 950 1026 εὐτονίαν,
974 964 1141 1017 εἴδετε
1168 964 1264 1033 τῆς
1288 962 1383 1015 τοῦ
1411 960 1547 1015 Θεοῦ
1571 956 1948 1031 μακροθυμίας

275 1046 376 1118 τὴν
408 1049 606 1113 αἰτίαν,
641 1050 736 1103 καὶ
776 1053 857 1104 ὃτι
898 1051 1366 1123 περιφανεστέραν
1399 1051 1569 1120 αὐτὴν
1615 1044 1947 1119 ἐργάσασθαι

280 1132 623 1206 βουλόμενος,
653 1136 739 1191 διὰ
771 1137 928 1192 τοῦτο
955 1138 1315 1203 ἀνεϐάλλετο;
1354 1134 1768 1204 Ἐπανέλθωμεν
1787 1132 1866 1194 δέ,
1896 1132 1946 1184 εί

275 1222 443 1286 δοκεῖ,
474 1224 567 1277 ἐπὶ
597 1224 695 1297 τὴν
730 1225 1099 1297 προκειμένην
1144 1226 1406 1297 ἱστορίαν,
1439 1225 1525 1278 ἴνα
1566 1221 1823 1295 μάθωμεν
1863 1220 1945 1285 ὅτι

276 1307 345 1362 δι’
369 1309 520 1363 οὐδὲν
555 1311 742 1384 ἕτερον
769 1314 827 1366 ἐν
867 1313 1140 1377 τοσούτοις
1173 1312 1316 1367 ἔτεσι
1354 1313 1455 1376 τάς
1492 1308 1821 1378 ἐπαγγελίας
1847 1307 1946 1370 τὰς

278 1396 420 1450 κατά
454 1397 544 1450 τὸν
573 1398 923 1470 πατριάρχην
955 1400 1328 1470 γεγενημένας
1361 1400 1442 1462 εἰς
1472 1397 1631 1469 ἔργον
1661 1396 1761 1448 οὐκ
1791 1391 1942 1465 [588]

277 1482 504 1552 ἤγαγεν,
533 1483 649 1538 ἀλλ’
689 1484 778 1538 ἵνα
812 1485 948 1556 μετά
975 1486 1176 1556 πολλῆς
1215 1486 1314 1556 τῆς
1348 1483 1702 1553 περιφανείας
1743 1479 1945 1543 ταύτας

275 1568 425 1640 αὐτῷ
454 1572 732 1643 παράσχῃ.
774 1574 869 1626 καὶ
907 1574 1040 1627 πᾶσι
1066 1572 1162 1626 τοῦ
1197 1571 1407 1625 δικαίου
1437 1571 1537 1642 τὴν
1568 1569 1750 1623 πίστιν
1771 1567 1942 1621 κατά-

273 1655 431 1725 δηλον
455 1658 776 1729 ἐργάσηται.
812 1661 909 1714 Διά
949 1660 1107 1714 τοῦτό
1139 1677 1293 1732 φησι,
1340 1658 1499 1714 Μετὰ
1525 1657 1670 1711 δέκα
1697 1656 1799 1721 ἔτη
1835 1654 1941 1709 τοῦ

273 1739 637 1808 συνοικῆσαι
683 1744 907 1810 αὐτοὺς
950 1745 1022 1798 ἐν
1053 1743 1131 1814 τῇ
1160 1745 1432 1808 Χαναὰν,
1476 1743 1562 1796 ἵνα
1600 1741 1777 1813 μάθῃς
1819 1741 1943 1803 ὅσος

274 1825 517 1897 παρῆλθε
546 1827 733 1898 χρόνος
764 1829 822 1894 ἐξ
848 1823 909 1883 οὗ
939 1829 1007 1884 τὰ
1026 1831 1127 1901 τῆς
1156 1830 1484 1899 ἐπαγγελίας
1503 1827 1738 1893 ἐδέξατο.
1763 1825 1940 1890 Εὐθὺς

272 1910 383 1981 γάρ
420 1913 649 1978 ἐπιστάς
679 1918 745 1986 τῇ
790 1917 1092 1988 Χαναναία,
1125 1918 1380 1988 ήκουσεν,
1412 1919 1493 1970 ὅτι
1536 1915 1621 1981 Τῷ
1646 1913 1943 1983 σπέρματί

226 2010 390 2066 ,σου
416 1996 587 2051 δώσω
614 1999 727 2067 τὴν
755 1999 871 2070 τῆν
890 2003 1136 2070 ταύτην,
1154 2005 1248 2057 καὶ
1277 2006 1335 2055 ἐν
1358 2003 1597 2072 τοσούτῳ
1624 2001 1787 2071 μήκει
1816 1999 1940 2072 χρό-

270 2099 365 2137 νου
397 2084 491 2137 καὶ
517 2085 677 2149 αὐτὸς
713 2085 881 2151 ἄπαις
910 2087 1169 2157 διέμεινε,
1200 2090 1293 2142 καὶ
1318 2089 1415 2160 τῆς
1435 2090 1625 2159 ’Σάρας
1657 2091 1691 2158 ὴ
1724 2088 1942 2158 στείρω⁶

273 2186 357 2235 σις
389 2172 714 2227 ἐπετείνετο.
760 2176 871 2229 Καὶ
900 2175 1082 2230 ἔδωκε
1115 2176 1230 2245 τὴν
1266 2177 1474 2247 Ἅγαρ,
1508 2176 1693 2247 φησὶν,
1715 2175 1939 2243 Ἀϐραμ

273 2254 352 2321 τῷ
377 2257 549 2326 ἀνδρί
590 2259 780 2329 αὐτῆς
808 2264 896 2328 είς
927 2262 1201 2331 γυναῖκα.

340 2344 405 2397 δ’.
427 2346 563 2417 Ὅρα
588 2348 728 2419 πόση
746 2350 806 2402 τὸ
833 2349 1061 2403 παλαιὸν
1090 2348 1430 2404 ἐπολιτεύετο
1454 2350 1581 2418 παρ’
1595 2349 1779 2411 αὐτοῖς
1799 2349 1830 2418 ή
1851 2365 1939 2417 φι-

268 2429 523 2501 λοσοφία·
555 2433 670 2499 πῶς
704 2436 808 2501 καὶ,
837 2437 886 2490 οἱ
919 2436 1111 2508 ἄνδρες
1156 2433 1296 2509 ἦσαν
1338 2438 1646 2509 ἐγκρατεῖς,
1701 2436 1794 2490 καὶ
1838 2436 1939 2506 τῆς

272 2520 626 2591 σωφροσύνης
667 2522 833 2576 πολὺν
880 2524 1193 2595 ποιούμενοι
1231 2525 1408 2592 λόγον,
1461 2526 1553 2578 καὶ
1585 2527 1640 2578 αἰ
1684 2526 1939 2593 γυναῖκες

270 2606 598 2678 ζηλοτυπίας
643 2610 799 2674 ἐκτὸς
843 2612 1157 2683 ἐτύγχανον.
1192 2613 1469 2685 Ἐπίτηδες
1518 2614 1625 2685 γὰρ
1666 2615 1700 2684 ή
1746 2612 1937 2684 Γραφὴ

271 2696 511 2766 συνεχῶς
547 2696 713 2766 λέγει,
739 2699 848 2752 Καὶ
884 2700 1161 2754 λαϐοῦσα
1192 2700 1354 2770 Σάρα
1369 2701 1554 2770 ’Ἅγαρ
1593 2700 1710 2768 τὴν
1746 2698 1939 2753 παιδί-

267 2796 464 2851 σκηνο
514 2785 609 2837 καὶ
661 2786 843 2852 πάλιν,
884 2787 1142 2843 Ἔδωκεν
1176 2788 1374 2856 αὐτὴν
1406 2793 1494 2854 εἰς
1522 2789 1810 2859 γυναῖκα·
1850 2789 1937 2842 ἵνα

269 2870 451 2944 μάθῃς
473 2873 619 2938 ὅπως
649 2874 875 2939 ἀπαθῶς
902 2875 964 2928 τὸ
995 2877 1227 2948 πρᾶγμα
1274 2874 1633 2948 μετεχείριζε,
1666 2877 1761 2929 καὶ
1794 2876 1936 2948 πόση

267 2961 401 3032 παρ’
440 2962 625 3025 αὐτοῖς
656 2958 725 3034 ἦν
758 2964 792 3036 ή
829 2964 1135 3033 φιλοσοφία.
1163 2964 1273 3021 Καὶ
1310 2965 1577 3036 εἰσῆλθε,
1603 2969 1756 3037 φησὶ,
1786 2967 1938 3035 πρὸς

269 3048 466 3119 Ἅγαρ,
488 3049 587 3104 καὶ
619 3052 977 3106 συνέλαϐεν.
994 3052 1139 3124 Ὅρα
1163 3054 1283 3118 πῶς
1308 3054 1568 3124 μανθάνει
1593 3056 1627 3127 ή
1659 3056 1829 3127 Σάρα,
1853 3056 1935 3109 ὅτι

263 3135 326 3190 οὐ
360 3137 510 3207 παρά
555 3138 648 3192 τὸν
687 3139 894 3192 δίκαιον
927 3141 985 3195 ἐν
1015 3141 1238 3214 ἀπαιδίᾳ
1268 3142 1581 3213 ἐτύγχανεν,
1613 3142 1750 3196 ἀλλά
1784 3144 1936 3210 παρά

263 3222 362 3295 τὴν
392 3225 678 3296 στείρωσιν
717 3225 814 3298 τήν
848 3227 1047 3298 ἐαυτῆς
1070 3242 1084 3256 ⁸
1127 3230 1328 3294 εὐθέως
1351 3231 1460 3303 γὰρ
1486 3232 1519 3302 ή
1551 3232 1803 3285 συνουσία
1837 3231 1935 3304 τὴν

267 3311 528 3383 σύλληψιν
557 3314 872 3385 εἰργάσατο.
901 3316 1040 3368 Ἀλλ’
1072 3317 1174 3388 ὅρα
1203 3319 1363 3371 πάλιν
1390 3319 1490 3388 τῆς
1516 3320 1808 3390 παιδίσκης
1836 3323 1935 3392 τὴν

265 3398 678 3469 ἀγνωμοσύνην,
703 3401 798 3453 καὶ
826 3405 925 3472 τῆς
944 3404 1260 3469 γυναικείας
1281 3404 1495 3472 φύσεως
1513 3404 1610 3474 τὴν
1628 3405 1931 3471 ἀσθένειαν,

265 3485 356 3539 ἴνα
404 3486 579 3556 μάθῃς
630 3488 725 3540 καὶ
768 3488 1019 3542 ἐντεῦθεν
1067 3488 1161 3541 τοῦ
1209 3490 1548 3561 πατριάρχου
1599 3491 1697 3561 τὴν
1736 3490 1935 3561 πολλὴν

266 3571 585 3626 ἐπιείκειαν.
622 3573 735 3627 Καὶ
771 3570 912 3637 εἶδε,
944 3576 1124 3644 φησὶν,
1167 3574 1255 3628 ὅτι
1294 3576 1365 3628 ἐν
1400 3576 1609 3646 γαστρί
1650 3576 1796 3646 ἔχει,
1837 3578 1936 3632 καὶ

265 3659 564 3728 ἠτιμάσθη
603 3662 642 3729 ἡ
667 3662 844 3729 ampla
868 3661 1148 3716 ἐναντίον
1180 3661 1391 3730 αὐτῆς.
1421 3664 1672 3718 Τοιοῦτον
1698 3664 1809 3736 γάρ
1828 3665 1936 3721 τῶν

266 3746 493 3804 οἰκετῶν
526 3748 588 3800 τὸ
625 3744 787 3819 ἦθοςο
824 3748 890 3803 ἂν
945 3751 1146 3821 μικρᾶς
1202 3750 1508 3822 εὐπραγίας
1547 3751 1931 3819 ἐπιλάϐωνται,

266 3832 367 3887 οὐκ
386 3833 667 3904 ἀνέχονται
697 3835 875 3906 μένειν
895 3837 1026 3889 είσω
1044 3835 1152 3889 τῶν
1172 3836 1388 3890 οἰκείων
1406 3839 1568 3909 ὅρων,
1594 3838 1707 3892 ἀλλ’
1732 3838 1936 3899 εὐθέως

267 3919 710 3975 ἐπιλανθάνονται
739 3922 839 3994 τῆς
866 3923 1073 3987 οἰκείας
1114 3923 1341 3990 τάξεως,
1380 3925 1476 3978 καὶ
1515 3925 1649 3997 πρὸς
1681 3926 1934 3997 ἀγνωμο-

269 4005 435 4077 σύνην
467 4008 776 4078 ἐπείγονται
797 4026 812 4041 ·
855 4010 991 4080 ὅπερ
1017 4009 1110 4063 καὶ
1132 4010 1271 4081 αὑτὴ
1299 4012 1332 4082 ἡ
1361 4010 1619 4081 παιδίσκη
1642 4012 1931 4067 πέπονθεν.

279 4093 496 4165 Ἐπειδὴ
529 4094 637 4166 γάρ
661 4091 767 4148 εἶδε
794 4095 895 4166 τῆς
934 4096 1170 4168 γαστρὸς
1213 4097 1305 4151 τὸν
1335 4097 1517 4165 ὄγκον,
1547 4099 1647 4151 οὐκ
1676 4098 1932 4153 ἐννοοῦσα

265 4180 326 4233 οὐ
350 4180 451 4250 τῆς
470 4180 757 4251 δεσποίνης
782 4180 880 4253 τὴν
908 4182 1111 4251 ἄφατον
1144 4182 1480 4254 φιλοσοφίαν,
1508 4186 1567 4237 οὐ
1596 4186 1692 4254 τῆς
1725 4185 1930 4252 οἰκείας

264 4266 417 4333 ἀξίας
440 4268 539 4340 τὴν
558 4267 852 4334 εὐτέλειαν,
879 4269 992 4323 ἀλλ’
1017 4270 1315 4341 ἐπαρθεῖσα
1336 4272 1427 4324 καὶ
1452 4271 1593 4342 μέγα
1617 4273 1930 4344 φρονήσασα

264 4355 508 4425 ὑπερορᾷ
556 4355 655 4424 τῆς
693 4355 976 4427 δεσποίνης
1011 4356 1110 4427 τῆς
1143 4356 1411 4428 τοσαύτην
1440 4358 1569 4429 περί⁸
1611 4360 1781 4432 αὐτὴν
1812 4361 1930 4415 ἐπι-

263 4441 581 4512 δειξαμένης
604 4441 702 4513 τὴν
727 4442 1071 4514 κηδεμονίαν,
1101 4443 1177 4508 ὼς
1207 4445 1301 4498 καί⁹
1331 4446 1423 4498 ἐπὶ
1450 4446 1551 4517 τὴν
1577 4446 1736 4519 εὐνὴν
1761 4448 1929 4520 αὐτὴν

262 4528 485 4613 ἀγαγεῖν
518 4528 611 4582 τοῦ
646 4528 857 4600 ἀνδρός.
888 4529 953 4581 Τί
981 4524 1072 4583 οὖν
1102 4531 1134 4602 ή
1165 4530 1350 4602 Σάρα;
1386 4526 1553 4613 Εξῖπε,
1590 4536 1744 4604 φησὶ,
1780 4535 1929 4605 πρὸς

265 4612 478 4684 Ἀδραμ
495 4632 511 4648 ο
552 4613 883 4686 Ἅδικοῦμαι
918 4616 986 4669 ἐκ
1014 4615 1153 4672 σοῦ.
1184 4616 1330 4672 Ἰδοὺ
1357 4612 1586 4675 δέδωκα
1613 4630 1633 4651 ⁸
1650 4620 1766 4689 τὴν
1793 4636 1928 4677 παι-

262 4699 483 4767 δι’σκην
512 4719 632 4771 μου
659 4705 746 4768 εἰς
780 4704 889 4757 τὸν
926 4705 1160 4758 κόλπον
1186 4721 1303 4760 σου
1323 4722 1336 4734 ⁸
1380 4705 1595 4761 ἰδοῦσα
1630 4706 1699 4761 δὲ
1728 4708 1819 4764 ὅτι
1857 4710 1928 4764 ἐν

261 4786 473 4855 γαστρί
509 4787 657 4856 ἔχει,
703 4789 1044 4859 ήτιμάσθην
1077 4792 1356 4847 ἐναντίον
1389 4793 1600 4863 αὐτῆς.
1645 4797 1855 4864 Κρίναι
1894 4801 1927 4852 ὀ

263 4873 405 4941 Θεὸς
438 4873 556 4929 ἀνὰ
579 4875 776 4945 μέσον
805 4878 950 4947 ἐμοῦ
983 4878 1082 4932 καί
1119 4879 1256 4933 σοῦ.
1294 4880 1556 4935 Ἐνταῦθά
1606 4899 1696 4953 μοι
1735 4883 1926 4938 σκόπει

259 4960 352 5015 τοῦ
379 4961 588 5016 δικαίου
616 4963 716 5034 τὴν
748 4964 950 5033 ἄφατον
1003 4967 1402 5039 μακροθυμίαν,
1448 4968 1539 5022 καὶ
1569 4970 1667 5041 τὴν
1699 4969 1832 5024 αίδὼ
1860 4972 1926 5043 ἢν

262 5048 390 5120 περί
413 5050 511 5119 τήν
552 5050 733 5120 Σάραν
767 5052 1155 5117 ἐπιδείκνυται,
1189 5052 1520 5125 συγγνώμην
1563 5056 1731 5127 αὐτὴν
1758 5058 1926 5111 αἰτῶν

259 5136 355 5207 τῆς
379 5136 574 5205 ἀλόγου
602 5137 803 5209 ταύτης
828 5141 1026 5205 αἰτίας.
1055 5140 1119 5193 Ἦ
1146 5139 1255 5210 γὰρ
1277 5144 1396 5206 ταῖς
1424 5142 1580 5213 χερσὶ
1609 5144 1924 5214 παραδοῦσα

257 5224 354 5295 τήν
380 5224 673 5296 παιδίσκην
695 5224 773 5296 τῷ
806 5226 982 5298 ἀνδρὶ,
1013 5229 1047 5299 ή
1080 5226 1331 5291 εἰποῦσα,
1357 5228 1615 5284 Εῑσελθε
1634 5231 1785 5299 πρὸς
1811 5232 1924 5301 τὴν

258 5310 586 5381 παιδίσκην
615 5330 766 5381 μου·
803 5316 837 5384 ή
884 5314 1096 5369 οίκοθεν
1139 5315 1235 5369 καὶ
1280 5314 1372 5385 ἀφ’
1409 5317 1608 5387 ἑαυτῆς
1650 5319 1786 5389 πρὸς
1826 5321 1924 5392 τὴν

259 5400 539 5455 συνουσίαν
554 5401 716 5455 αὐτὸν
738 5402 1180 5476 προτρεψαμένη,
1204 5402 1344 5474 αῦτη
1365 5403 1460 5459 νῦν
1482 5405 1923 5480 μεταδαλλομένη

258 5488 441 5558 φησιν,
476 5487 809 5558 Ἀδικοῦμαι
848 5489 918 5542 ἐκ
956 5490 1094 5545 σοῦ.
1124 5491 1217 5564 Μή
1246 5491 1354 5564 γὰρ
1396 5491 1562 5557 αὐτὸς
1591 5493 1920 5567 ἐπέδραμεν,

254 5567 300 5628 ῶ
324 5575 507 5644 γύναι,
535 5576 603 5647 τῇ
631 5575 731 5646 τῆς
774 5576 1065 5647 παιδίσκης
1102 5580 1386 5652 συνουσίας
1424 5580 1499 5651 μὴ
1528 5580 1637 5652 γὰρ
1663 5581 1722 5648 ἐξ
1762 5583 1922 5637 ἀσελ-

256 5664 405 5735 γείας
439 5662 699 5736 ὁρμηθεὶς
730 5664 809 5736 τῷ
836 5664 1121 5737 πράγματι
1163 5667 1499 5741 ἐπεπήδησε;
1537 5672 1625 5725 Σοί
1668 5673 1919 5747 πειθόμε-

317 5826 344 5858 ⁸
372 5829 424 5879 In
465 5831 633 5882 I‘lbliis
672 5833 856 5897 legitur
883 5834 976 5898 ἐγὼ
1003 5836 1209 5889 δέδωκα.

1372 239 1438 296 IN
1476 237 1630 296 CAP.
1669 233 1786 290 XVI
1825 232 2068 291 GENES.
2110 230 2340 289 ΙΙΟΜΠ..
2382 233 2663 293 XXXVIII.

3611 232 3723 290 556

2056 364 2146 410 νος
2175 348 2269 402 καὶ
2296 348 2373 420 τῷ
2403 350 2481 421 σῷ
2510 350 2843 422 ἐπιτάγματι
2881 348 3038 403 τοῦτο
3070 347 3452 421 πεποίηκε.”Τί
3480 342 3571 402 οὖν
3601 350 3719 419 ἡδί-

2052 447 2216 501 κησαι
2256 434 2406 504 παρά
2434 432 2528 486 τοῦ
2563 434 2783 506 ἀνδρό;;
2819 433 2965 488 Ἰδοὺ
2998 432 3224 487 δέδωκα
3249 434 3364 500 τὴν
3388 431 3721 500 παιδίσκην

2046 530 2166 580 μου
2192 516 2278 579 εὶς
2310 514 2418 567 τὸν
2446 517 2677 569 κόλπον
2703 531 2839 570 σου.
2877 517 2939 569 Εἰ
2970 516 3148 569 τοίνυν
3169 514 3447 586 ὁμολογεῖς
3469 514 3550 567 ὅτι
3577 514 3717 584 αὑτὴ

2049 595 2304 660 δέδωκας,
2338 597 2432 650 καὶ
2458 599 2558 652 οὐκ
2588 598 2680 667 ἀφ’
2711 599 2905 652 ἐαυτοῦ
2928 598 3086 671 1589]
3127 598 3330 669 ταύτην
3358 596 3538 661 ἐλαδε,
3572 597 3719 659 τίνος

2051 677 2235 730 ἕνεκεν
2271 679 2483 733 ἀδικίαν
2526 681 2808 750 ἐγκαλεῖς;
2839 682 2983 747 Ναὶ,
3018 681 3211 752 φησίν·
3247 683 3294 733 εἰ
3326 679 3435 750 γὰρ
3478 679 3572 733 καὶ
3607 676 3722 747 ὲγὼ

2051 753 2278 817 δέδωκα.
2307 758 2422 810 ἀλλ’
2454 759 2596 830 ὁρῶν
2635 760 2807 830 αὐτῆς
2836 762 2934 833 τὴν
2979 760 3303 832 προπέτειαν
3346 757 3570 827 ὢφειλες
3599 759 3719 810 ἐπί-

2051 841 2199 908 σχεῖν
2227 841 2396 910 αὐτῆς
2420 841 2519 913 τὴν
2544 842 2838 896 ἀκόλαστον
2861 841 3104 913 γνώμην.
3138 842 3371 896 Ἰδοῦσα
3393 840 3504 910 γὰρ
3533 839 3620 894 ὅτι
3648 840 3720 893 ἐν

2048 921 2260 989 γαστρί
2314 923 2458 991 ἔχει,
2511 923 2850 994 ἠτιμάσθην
2881 924 3159 978 ἐναντίον
3190 922 3401 990 αὐτῆς.
3443 925 3654 991 Κρίναι
3683 924 3717 976 ὁ

2049 1003 2193 1069 Θεὸς
2214 1005 2332 1059 ἀνὰ
2351 1006 2545 1075 μέσον
2569 1006 2715 1076 ἐμοῦ
2736 1007 2832 1061 καὶ
2858 1008 2994 1061 σοῦ.
3017 1006 3276 1070 Γυναικός
3299 1006 3513 1077 ἀληθῶς
3541 1004 3716 1058 ταῦτα.

2045 1084 2115 1137 τά
2131 1086 2349 1156 ῥήματα
2372 1088 2464 1140 καί
2490 1087 2592 1158 τῆς
2619 1088 2896 1152 ἀσθενείας
2920 1088 3123 1160 ταύτης
3144 1090 3243 1159 τῆς
3261 1087 3474 1157 φύσεως
3491 1103 3505 1117 ο
3539 1104 3718 1157 μονον-

2046 1169 2163 1237 ουχὶ
2200 1167 2308 1239 γάρ
2347 1169 2520 1223 ταῦτά
2565 1188 2696 1242 φησι
2733 1171 2868 1242 πρὸς
2902 1171 3093 1224 αὐτόν’
3141 1170 3281 1238 Ἐγὼ
3310 1169 3408 1240 μὲν
3431 1169 3528 1240 τὴν
3554 1169 3717 1222 ἀπαι-

2045 1247 2165 1301 δίαν
2202 1248 2498 1323 βουλομένη
2527 1253 3023 1324 παραμυθήσασθαι
3058 1252 3155 1324 τὴν
3176 1252 3295 1324 σὴν,
3324 1250 3588 1322 τοσαύτην
3620 1253 3719 1303 ἐπ·-

2046 1331 2336 1404 εδειξάμην
2367 1333 2464 1405 τήν
2508 1334 2855 1406 κηδεμονίαν,
2878 1335 2953 1399 ὡς
2987 1336 3083 1388 καὶ
3121 1334 3219 1406 τὴν
3260 1335 3399 1405 ἐμὴν
3426 1334 3716 1403 παιδίσκην

2046 1414 2139 1466 καὶ
2161 1419 2279 1480 ταῖς
2304 1418 2548 1489 ἐμαυτῆς
2586 1434 2669 1471 σοι
2712 1418 2869 1490 χερσὶ
2904 1416 3264 1489 παραδοῦναι,
3302 1417 3397 1471 καὶ
3444 1415 3581 1487 πρὸς
3617 1416 3715 1485 τὴν

2047 1500 2330 1554 συνουσίαν
2368 1500 2811 1572 προτρέψασθαι·
2843 1501 2987 1572 ὁρῶν
3010 1501 3066 1554 δέ
3095 1500 3256 1563 αὐτὸς
3277 1498 3524 1554 ἐντεῦθεν
3544 1498 3712 1567 αὐτὴν

2043 1581 2340 1653 γενομένην
2362 1583 2801 1654 προπετεστέραν
2825 1583 2913 1637 διά
2933 1582 3025 1635 τὸν
3041 1582 3138 1652 τῆς
3154 1581 3387 1652 γαστρὸς
3405 1580 3588 1650 ὄγκον,
3618 1580 3713 1632 καὶ

2043 1664 2386 1734 φρονήματος,
2427 1663 2913 1735 ἐμπεπλησμένην,
2943 1663 3061 1716 δέον
3088 1662 3397 1716 ἀναστεῖλαι
3433 1661 3529 1714 καὶ
3571 1659 3714 1712 ἐκδι-

2042 1746 2207 1816 κῆσαί
2238 1764 2296 1800 σε
2331 1748 2427 1811 τὰς
2453 1749 2641 1819 ὕϐρεις
2669 1747 2768 1811 τὰς
2798 1749 2881 1808 εἰς
2909 1747 3008 1815 ἐμὲ
3046 1744 3356 1815 γινομένας,
3389 1743 3490 1796 οὐκ
3526 1743 3716 1812 ἐποίη-

2043 1842 2140 1891 σας
2161 1845 2174 1859 ·
2214 1829 2329 1882 ἀλλ’
2357 1830 2557 1884 ὡσανεί⁹
2597 1830 2813 1884 πάντων
2844 1828 2953 1881 τῶν
2994 1828 3276 1899 προτέρων
3303 1824 3710 1894 ἐπιλαθόμενος,

2040 1912 2398 1983 περιοράσθαι
2429 1914 2529 1984 ἐμὲ
2558 1911 2853 1985 καταδέχῃ,
2889 1912 2989 1980 τὴν
3015 1912 3072 1962 ἐν
3106 1907 3383 1971 τοσούτοις
3410 1907 3555 1961 ἔτεσι
3586 1921 3713 1957 συν-

2039 1996 2358 2065 οικήσασαν,
2391 1996 2496 2048 ὑπὸ
2540 1997 2637 2066 τῆς
2665 1993 2968 2062 Αἰγυπτίας
3003 1994 3102 2063 τῆς
3123 1990 3412 2060 παιδίσκης
3439 1990 3539 2059 τῆς
3570 1987 3713 2059 ἐμῆς

2039 2076 2463 2147 ἀτιμαζομένην.
2512 2078 2718 2144 Κριναι
2765 2079 2799 2130 ό
2839 2074 2982 2140 Θεὸς
3013 2073 3130 2128 ἀνὰ
3175 2071 3370 2143 μέσον
3412 2068 3561 2139 ἐμοῦ
3609 2070 3712 2125 καί

2039 2158 2173 2212 σοῦ.
2192 2158 2562 2229 Ὀδυνωμένης
2590 2158 2765 2230 ψυχῆς
2797 2157 2860 2211 τὸ
2888 2158 3060 2228 ῥῆμα.
3101 2156 3211 2209 Καὶ
3241 2155 3289 2207 εἰ
3320 2155 3394 2226 μὴ
3419 2153 3710 2224 φιλόσοφός

2038 2258 2121 2305 τις
2149 2236 2219 2312 ἦν
2248 2242 2277 2294 ὸ
2310 2242 2674 2313 πατριάρχης,
2701 2241 2797 2295 καὶ
2824 2239 3023 2310 πολλὴν
3051 2238 3149 2311 τήν
3176 2235 3310 2291 αίδὼ
3330 2237 3458 2308 περί
3483 2236 3582 2307 τὴν
3605 2236 3710 2292 Σά-

2039 2341 2138 2396 ραν
2161 2323 2523 2390 ἐπεδείκνυτο,
2560 2325 2656 2378 καί
2689 2324 3044 2396 ἐδυσχέρανεν
3078 2322 3144 2377 ἀν
3184 2322 3321 2392 πρὸς
3347 2321 3419 2375 τά
3461 2322 3708 2393 ῥήματα,

2036 2407 2132 2460 καὶ
2161 2406 2397 2478 ἤλγησεν
2421 2407 2515 2461 ἐπὶ
2560 2410 2627 2478 τῇ
2673 2407 2935 2480 βαρύτητι
2971 2405 3080 2460 τῶν
3121 2404 3440 2476 λεχθέντων.
3497 2402 3635 2456 Ἀλλ’
3680 2404 3711 2455 6

2038 2488 2336 2559 θαυμάσιος
2362 2485 2515 2554 οὗτος
2544 2490 2680 2561 πρὸς
2706 2491 2767 2543 τὸ
2795 2489 2895 2560 τῆς
2935 2487 3151 2558 φύσεως
3199 2485 3427 2549 ἀσθενὲς
3469 2483 3708 2556 ἀφορῶν»

2038 2573 2219 2625 πᾶσαν
2251 2571 2449 2626 ἔδωκεν
2490 2573 2628 2644 αὐτῇ
2676 2571 3027 2643 συγγνώμην.
3070 2570 3277 2640 Κριναι
3326 2573 3359 2625 ό
3407 2571 3552 2634 Θεὸς
3593 2566 3711 2621 ἀνὰ

2030 2652 2228 2721 μέσον
2258 2654 2405 2724 ἐμοῦ
2442 2654 2541 2708 καί
2575 2653 2711 2708 σοῦ.
2746 2652 3054 2723 Ἐννόησον,
3086 2651 3242 2722 φησί,
3284 2650 3448 2704 πόσον
3476 2649 3711 2721 πρᾶγμα

2037 2734 2409 2807 κατεδεξάμην
2449 2736 2538 2789 διά
2585 2736 2686 2807 τὴν
2730 2735 2828 2807 σὴν
2877 2735 3250 2806 παραμυθίαν,
3300 2732 3597 2804 βουλομένη
3647 2747 3708 2784 σε

2036 2817 2139 2871 κᾶν
2170 2819 2299 2887 γοῦν
2331 2820 2389 2871 ἐν
2414 2819 2563 2891 γήρᾳ
2589 2817 2799 2890 πατέρα
2830 2816 3116 2890 κληθῆναι,
3157 2817 3252 2871 καὶ
3281 2814 3381 2886 τὴν
3415 2812 3709 2882 παιδίσκην

2037 2900 2137 2972 τὴν
2159 2900 2299 2972 ἐμήν
2329 2902 2408 2964 εἰς
2438 2903 2537 2972 τὴν
2562 2900 2718 2967 ἀξίαν
2746 2900 2775 2940 δ
2804 2900 2902 2970 τὴν
2931 2897 3176 2968 ἐμαυτῆς
3208 2898 3513 2966 ἀνήγαγον·
3548 2895 3612 2947 σὺ
3648 2892 3708 2946 δὲ

2036 2983 2177 3055 ὀρῶν
2208 2984 2539 3055 ἀγνωμόνως
2568 2983 2739 3055 αὐτὴν
2772 2981 3021 3037 ἐντεῦθεν
3043 2979 3400 3044 δια-τεθεῖσαν,
3430 2979 3532 3031 οὐκ
3561 2976 3705 3046 ήμυο

2036 3082 2155 3130 νας,
2185 3067 2285 3119 ούκ
2311 3065 2530 3137 ἠμείψω
2562 3082 2630 3137 με
2670 3066 2768 3137 τῆς
2810 3064 3056 3137 γνώμης,
3086 3064 3154 3135 ήν
3183 3062 3314 3134 περὶ
3336 3061 3396 3114 σέ
3431 3058 3709 3124 ἐπεδειξά-

2039 3164 2164 3219 μην.
2190 3148 2396 3216 Κρίναι
2428 3152 2462 3203 ό
2490 3150 2635 3215 Θεὸς
2673 3148 2791 3203 ἀνὰ
2820 3147 3017 3218 μέσον
3053 3144 3202 3217 ἐμοῦ
3233 3144 3335 3198 καὶ
3367 3142 3503 3199 σοῦ.
3537 3143 3709 3197 Ἐκεῖ-

2034 3248 2144 3296 νος,
2175 3231 2358 3301 φησὶν,
2383 3234 2411 3285 6
2429 3232 2497 3286 τά
2520 3232 2815 3304 ἀπόρρητα
2838 3232 3070 3286 ἐκάστου
3099 3230 3460 3300 ἐπιστάμενος
3480 3228 3577 3299 τῆς
3598 3226 3708 3280 δια-

2035 3313 2203 3377 νοίας,
2228 3316 2389 3378 αὐτὸς
2433 3316 2587 3368 ἐσται
2626 3315 2817 3385 κριτὴς
2854 3314 3057 3384 μεταξὺ
3090 3312 3268 3383 ήμῶν,
3303 3311 3398 3364 κει)⁸
3432 3309 3549 3373 πῶς
3594 3307 3707 3376 ἐγὼ

2039 3395 2137 3464 μὲν
2156 3398 2355 3459 παντὸς
2383 3396 2588 3459 πάθους
2607 3396 2857 3466 ἀνω-τέρα
2876 3393 3141 3465 γενομένη
3166 3392 3510 3463 προετίμησα
3542 3392 3708 3459 ἐμαυ-

2035 3477 2134 3546 τῆς
2163 3477 2262 3547 τὴν
2298 3477 2653 3547 παραμυθίαν
2685 3477 2784 3545 τὴν
2834 3478 2954 3547 σὴν,
3001 3475 3097 3528 καὶ
3136 3477 3214 3538 είς
3258 3474 3357 3544 τὴν
3404 3472 3564 3542 εύνὴν
3603 3473 3705 3543 τήν

2038 3559 2062 3609 ἐ
2070 3559 2177 3627 μὴν
2207 3559 2306 3629 τήν
2332 3558 2619 3630 παιδίσκην
2640 3560 2934 3629 ἀνήγαγον·
2975 3556 3138 3621 αὐτὸς
3180 3556 3238 3609 δέ
3265 3554 3416 3609 οὐδὲν
3435 3554 3544 3607 τῶν
3573 3555 3704 3631 παρ’

2038 3639 2172 3711 ἐμοῦ
2209 3641 2515 3712 γενομένων
2549 3645 2607 3694 ἐν
2640 3640 2853 3713 διανοίᾳ
2905 3639 3104 3704 λαϐὼν,
3148 3640 3447 3710 συγχωρεῖς
3488 3636 3703 3708 ἐκείνην

2037 3722 2523 3787 κατεξανίστασθαι
2552 3724 2650 3795 τῆς
2685 3722 2828 3794 ἐμῆς
2863 3723 3185 3786 ἐπιεικείας,
3220 3722 3321 3774 οὐκ
3356 3718 3704 3783 ἀναστέλλεις

2033 3807 2134 3874 τὴν
2164 3805 2389 3875 τόλμαν,
2438 3805 2561 3859 οὐδέ
2608 3805 2958 3877 σωφρονίζεις
2998 3804 3096 3876 τὴν
3122 3804 3432 3874 ἀγνώμονα.
3464 3800 3530 3853 Τί
3553 3799 3646 3857 οὖν
3671 3804 3702 3855 6

2036 3888 2269 3959 ἀδάμας,
2318 3890 2347 3941 6
2390 3891 2637 3957 γενναῖος
2686 3888 2924 3960 ἀθλητής
2960 3887 3054 3940 τοῦ
3109 3885 3264 3953 Θεοῦ,
3297 3888 3326 3939 6
3363 3884 3702 3954 πανταχόθεν

2036 3968 2214 4041 ἐαυτῷ
2252 3968 2469 4022 πλέκων
2501 3970 2627 4032 τοὺς
2671 3970 2997 4039 στεφάνουςς
3045 3969 3270 4030 Δεικνὺς
3302 3969 3396 4021 καὶ
3422 3966 3511 4020 διὰ
3545 3965 3702 4020 τοῦτο

2033 4049 2131 4121 τὴν
2161 4051 2365 4105 οἰκείαν
2393 4051 2613 4121 ἀρετὴν,
2644 4051 2747 4121 ὅρα
2781 4050 2832 4103 τί
2863 4068 2996 4122 φησι
3042 4051 3179 4122 πρὸς
3213 4050 3386 4119 αὑτήν
3409 4065 3423 4077 ·
3473 4047 3628 4103 Ἰδοὺ
3660 4050 3699 4116 η

2034 4132 2323 4201 παιδίσκη
2352 4147 2470 4187 σου
2497 4133 2566 4186 ἐν
2604 4134 2731 4199 ταῖς
2760 4135 2934 4203 χερσί
2967 4150 3083 4187 σου
3105 4150 3118 4164 ο
3161 4131 3283 4202 χρῶ
3313 4129 3490 4201 αὐτῇ,
3514 4132 3593 4197 ὡς
3623 4130 3702 4184 ἄν

2032 4230 2131 4271 σοι
2160 4216 2417 4285 ἀρεστὸν
2517 4216 2743 4286 Μεγάλη
2767 4214 2862 4268 τοῦ
2895 4215 3105 4271 δικαίου
3136 4219 3168 4287 ή
3194 4213 3500 4285 φιλοσοφία,
3525 4213 3697 4284 πολλή

2029 4299 2132 4370 τῆς
2163 4298 2538 4370 μακροθυμίας
2571 4301 2604 4370 ή
2643 4298 2936 4371 ὑπερϐολή.
2959 4299 3033 4352 Οὐ
3081 4299 3238 4370 μόνον
3278 4298 3387 4370 γάρ
3420 4298 3523 4351 οὐκ
3546 4296 3699 4349 ἐδυσ-

2031 4381 2224 4453 χέρανε
2282 4381 2420 4453 πρὸς
2451 4381 2521 4435 τά
2560 4380 2709 4452 παρά
2740 4382 2838 4451 τῆς
2878 4381 3060 4452 Σάρας
3109 4382 3390 4453 εἰρημένα,
3428 4378 3565 4433 ἀλλά
3602 4376 3698 4431 καὶ

2033 4466 2171 4536 μετά
2197 4464 2396 4537 πολλῆς
2453 4464 2556 4534 τῆς
2601 4463 2902 4528 ἐπιεικείας
2951 4467 3184 4518 ποιεῖται
3232 4463 3332 4534 τὴν
3377 4462 3690 4533 ἀπόκρισιν,

2028 4549 2122 4603 καί
2148 4562 2331 4619 φησιν’
2377 4545 2733 4610 Ὑποπτεύεις
2757 4562 2823 4617 με
2851 4545 3025 4599 αίτιον
3045 4545 3369 4617 γεγενῆσθαι
3394 4545 3504 4597 τῶν
3528 4544 3608 4606 είς
3633 4543 3695 4597 at

2028 4628 2258 4701 ὕϐρεων,
2292 4628 2387 4682 καὶ
2418 4627 2659 4698 νομίζεις
2705 4643 2772 4698 με
2807 4627 3032 4698 ἥδεσθαι
3063 4631 3174 4691 τοίς
3208 4627 3358 4697 παρά
3386 4627 3484 4696 τῆς
3518 4624 3693 4679 παιδί·

2029 4728 2165 4781 σκης
2196 4710 2521 4780 γινομένοις,
2546 4709 2735 4780 ἐπειδὴ
2756 4709 2901 4775 ἅπαξ
2927 4708 3252 4779 ἐκοινώνησέ
3276 4725 3365 4778 μοι
3385 4709 3486 4778 τῆς
3507 4707 3689 4774 εὐνῆς·

2030 4793 2266 4862 μάνθανε
2295 4794 2378 4846 δτι
2407 4793 2501 4845 καὶ
2534 4791 2816 4862 πρότερον,
2852 4792 2902 4845 εἰ
2938 4793 3013 4863 μή
3042 4808 3124 4844 σοι
3167 4789 3471 4844 ὑπακοῦσαι
3507 4788 3693 4859 βουλό-

2030 4893 2189 4946 μενος
2225 4876 2384 4929 τοῦτο
2424 4874 2815 4945 κατεδεξάμην,
2847 4874 2948 4928 οὐκ
2980 4873 3045 4929 ἀν
3077 4891 3208 4927 ποτε
3242 4872 3547 4944 ἠνεσχόμην
3590 4872 3692 4942 τὴν

2027 4958 2318 5029 παιδίσκην
2350 4959 2430 5020 εἰς
2460 4956 2559 5028 τήν
2586 4956 2746 5025 εὐνὴν
2775 4958 3003 5024 ἀγαγεῖν
3035 4955 3132 5027 τὴν
3166 4955 3304 5025 σήν·
3350 4956 3444 5007 καὶ
3481 4953 3576 5007 νῦν
3605 4954 3693 5007 ἵνα

2025 5041 2113 5094 διὰ
2140 5040 2248 5094 τῶν
2276 5038 2616 5110 πραγμάτων
2641 5037 3084 5111 πληροφορηθῇς,
3127 5038 3235 5092 ἰδοὺ
3280 5035 3431 5108 [59θ]
3459 5036 3563 5089 ὑπὸ
3590 5034 3691 5100 τάς

2032 5122 2220 5195 χεῖράς
2245 5122 2338 5176 σού
2370 5125 2515 5176 ἐστι’
2534 5120 2666 5191 Χρῶ
2690 5123 2864 5191 αὐτῇ,
2891 5122 2973 5188 ὡς
2998 5122 3077 5175 ἄν
3103 5134 3201 5174 σοι
3225 5121 3486 5190 ἀρεστὸν
3498 5115 3558 5192 ᾖ.
3595 5119 3691 5191 Μὴ

2026 5208 2135 5277 γὰρ
2164 5204 2464 5276 ύπετέμετό
2489 5203 2583 5259 σού
2612 5221 2694 5267 τις
2721 5204 2819 5275 τὴν
2850 5204 3129 5271 ἐξουσίαν;
3162 5204 3236 5275 μὴ
3268 5203 3375 5275 γάρ
3405 5203 3689 5276 ἀφηρέθης

2025 5289 2192 5359 αὐτῆς
2217 5288 2317 5360 τὴν
2339 5287 2686 5352 δεσποτείαν;
2714 5287 2775 5340 Εἰ
2809 5286 2918 5359 γὰρ
2945 5287 3037 5340 καὶ
3065 5286 3165 5355 τήν
3198 5288 3334 5358 πρὸς
3362 5286 3530 5357 αὐτὴν
3564 5305 3690 5341 συν-

2023 5372 2211 5425 ουσίαν
2248 5370 2644 5441 κατεδεξάμην,
2686 5369 2802 5423 ἀλλ’
2823 5370 2965 5442 ἔχεις
2985 5370 3155 5441 αὐτῆς
3176 5368 3274 5441 τὴν
3297 5368 3566 5433 ἐξουσίαν,
3594 5371 3689 5427 καὶ

2025 5455 2129 5509 ὑπὸ
2154 5451 2254 5516 τὰς
2280 5452 2471 5523 χεῖράς
2508 5451 2601 5506 σού
2632 5453 2747 5506 ἐστι
2767 5467 2782 5481 °
2821 5452 3036 5517 κόλαζε,
3066 5452 3386 5525 σωφρόνιςε,
3419 5454 3646 5524 ἐπιτίμα
3667 5470 3683 5487 ο

2022 5536 2051 5589 ὃ
2083 5535 2257 5607 βούλει
2291 5536 2386 5589 καὶ
2420 5535 2497 5599 ὼς
2541 5535 2762 5605 ἀρέσκει
2801 5552 2905 5602 σοι,
2935 5535 3078 5591 οὕτω
3115 5536 3444 5608 διαπράττου
3493 5537 3563 5591 τὰ
3602 5540 3684 5603 εἰς

2025 5616 2195 5690 αὐτήν
2217 5634 2230 5649 ο
2280 5618 2444 5686 μόνον
2479 5619 2556 5691 μὴ
2581 5619 2920 5691 δυσχέραινε,
2956 5622 3117 5693 μόνον
3144 5622 3219 5695 μὴ
3255 5624 3380 5693 ἐμοὶ
3412 5623 3687 5693 ἐπίγραφε

2026 5699 2093 5755 τά
2143 5701 2271 5773 παρ’
2318 5702 2489 5773 αὐτῆς
2537 5705 2823 5775 προπετῶς
2854 5713 3211 5780 γεγενημένα.
3264 5707 3397 5763 οὐδὲ
3441 5707 3549 5780 γάρ
3580 5704 3688 5763 ἀπὸ

2086 5854 2112 5895 b
2140 5845 2364 5910 Quinque
2390 5858 2503 5895 m‘ss.
2540 5846 2602 5901 εἰς
2637 5846 2720 5904 τήν
2739 5847 2881 5904 τάξιν.
