4070 6194
277 220 386 278 357

275 350 381 406 que
426 334 568 390 enim
618 333 752 389 meis
802 331 1169 389 all'ectionibus
1213 331 1461 386 incitatus
1501 343 1615 384 rem
1654 342 1775 383 cum
1802 341 1864 381 ea

279 425 459 490 habui,
491 437 546 479 ut
590 441 714 495 erga
745 441 860 480 eam
887 428 963 480 sic
985 422 1207 488 afliciar,
1251 434 1306 476 ut
1335 432 1519 477 contra
1561 419 1865 492 mqnitatem

277 521 328 574 ei
370 519 690 589 patrociner.
724 519 849 575 Scio
874 534 1030 588 quem
1061 518 1151 572 tibi
1179 516 1402 571 debeam
1437 515 1731 581 honorem;
1763 529 1869 568 non

279 610 465 680 ignoro
493 609 808 664 famulorum
835 615 1096 680 Ingratum
1127 610 1383 664 animum.
1406 606 1557 662 Nulla
1595 605 1725 661 mihi
1755 606 1870 676 ejus

280 701 356 756 rei
396 715 524 756 cura
557 701 637 756 vel
668 702 804 756 ratio
835 719 847 754 :
883 717 1046 756 unum
1081 708 1284 755 tantum
1310 706 1394 754 est
1429 698 1513 754 cui
1557 698 1767 762 studeo,
1814 703 1873 750 ut

281 799 333 844 tu
367 805 595 846 maerore
624 806 807 846 careas
850 799 904 847 et
935 791 1256 856 turbatione,
1283 804 1347 846 ac
1391 789 1443 844 in
1475 788 1622 844 omni
1669 788 1743 844 sis
1775 787 1874 842 ho-

282 899 431 938 bore.
1299 955 1310 965 θ

365 974 418 1029 5.
461 972 745 1046 Conjugum
791 974 970 1045 ofﬁcia.
1002 1005 1074 1015 —
1099 974 1211 1030 lloc
1238 982 1321 1029 est
1364 987 1547 1028 verum
1578 970 1868 1027 contuber-

280 1064 451 1131 nium,
484 1064 587 1120 hoc
632 1066 808 1120 mariti
837 1065 1096 1131 officium,
1120 1064 1335 1136 quando
1377 1081 1481 1120 non
1523 1079 1714 1135 magna
1753 1064 1876 1118 dili-

283 1157 462 1226 gentia
507 1155 573 1212 ad
622 1157 862 1214 mulieris
912 1168 1116 1227 spectat
1163 1158 1346 1223 verba,
1380 1155 1474 1212 sed
1521 1156 1872 1212 imbecillitati

283 1262 444 1302 sexus
474 1247 641 1303 veniae
683 1249 924 1304 nonnihil
968 1248 1232 1315 concedit,
1267 1248 1370 1304 hoc
1409 1264 1571 1303 unum
1603 1258 1871 1320 satagens,

283 1348 342 1392 ut
369 1353 401 1394 e
427 1339 604 1393 medio
648 1339 864 1396 tollatur
902 1341 1136 1408 tristitia,
1167 1349 1220 1396 et
1258 1355 1358 1412 pax
1388 1351 1549 1413 atque
1591 1342 1874 1397 concordia

283 1428 717 1499 constringantur
763 1430 983 1486 arctius.
1043 1431 1275 1487 Audiant
1323 1432 1442 1500 viri,
1493 1441 1549 1487 et
1601 1432 1876 1487 imitentur

283 1519 408 1588 justi
438 1520 732 1589 lenitatem,
775 1531 830 1578 et
871 1532 1072 1578 tantum
1119 1525 1377 1580 honorem
1422 1539 1485 1581 ac
1518 1527 1873 1582 reverentiam

286 1611 597 1669 mulieribus
649 1614 902 1680 tribuant,
946 1623 1000 1670 et
1043 1624 1310 1686 tamquam
1359 1615 1610 1672 imbecilli
1658 1618 1877 1673 vasculo

286 1711 526 1770 parcant,
571 1713 629 1759 ut
673 1705 979 1761 concordia:
1025 1707 1295 1762 vinculum
1348 1708 1554 1763 firmius
1596 1709 1872 1763 consistat.

289 1791 393 1848 Illae
422 1795 563 1850 enim
593 1811 732 1851 verte
754 1807 878 1852 sunt
904 1796 1124 1861 divitiae,
1153 1799 1258 1852 illa:
1283 1799 1532 1853 maxima:
1567 1808 1692 1853 sunt
1712 1799 1876 1854 facul—

289 1895 446 1954 tates,
470 1884 516 1940 si
545 1887 626 1941 vir
645 1901 766 1942 cum
796 1887 1020 1943 muliere
1043 1903 1147 1942 non
1177 1887 1466 1953 discordet,
1491 1889 1583 1943 sed
1603 1888 1874 1958 conjuncti

286 1977 477 2031 sintut
509 1993 702 2047 corpus
732 1994 915 2033 unum.
941 1973 1104 2033 Erunt
1131 1980 1298 2042 enim,
1330 1980 1640 2050 inquit,duo
1666 1981 1719 2034 in
1756 1997 1869 2034 car-

289 2083 400 2120 nem
430 2082 580 2120 unam
614 2066 766 2135 (Gen.
786 2067 840 2123 2.
863 2068 981 2138 24).
1014 2068 1172 2124 Tales
1199 2069 1299 2124 etsi
1331 2071 1382 2125 in
1414 2081 1724 2141 paupertate
1746 2072 1872 2136 sint,

289 2158 388 2212 etsi
419 2158 471 2213 in
502 2159 723 2225 vilitate,
761 2161 999 2215 omnium
1031 2170 1156 2215 sunt
1198 2161 1511 2230 beatissimi,
1539 2179 1720 2218 veram
1750 2180 1874 2235 per-

287 2250 490 2320 cipiunt
515 2251 863 2321 voluptatem,
886 2261 941 2307 et
975 2250 1028 2306 in
1065 2253 1314 2308 continua
1344 2253 1546 2324 degunt
1580 2257 1877 2326 tranquilli-

290 2350 431 2398 tate:
460 2341 598 2399 sicut
616 2353 800 2398 contra
827 2343 916 2414 qui
947 2345 1046 2400 hac
1073 2359 1178 2400 non
1211 2345 1479 2413 fruuntur,
1499 2346 1595 2402 sed
1616 2348 1877 2420 zelotypia

290 2434 552 2500 laborant,
583 2443 638 2490 et
683 2436 880 2490 bonum
926 2435 1072 2508 pacis
1117 2437 1386 2504 amittunt,
1413 2439 1622 2494 etiamsi
1673 2443 1880 2512 magnis

289 2524 510 2581 affluant
537 2524 753 2593 divitiis,
777 2528 984 2584 etiamsi
1015 2539 1356 2600 sumptuosas
1382 2529 1612 2586 habeant
1640 2547 1876 2602 mensas,

290 2616 501 2673 etiamsi
547 2617 673 2674 clari
708 2617 904 2674 fuerint
935 2635 998 2676 ac
1047 2621 1273 2689 nobiles,
1306 2623 1592 2679 miserrimi
1636 2625 1876 2681 omnium

290 2717 416 2764 sunt
449 2726 462 2762 :
495 2709 675 2766 turbas
705 2721 758 2766 et
788 2710 980 2768 fluctus
1005 2712 1107 2768 sibi
1141 2714 1376 2784 quotidie
1403 2715 1728 2787 excogitant,
1756 2731 1879 2774 sese

291 2799 518 2855 invicem
573 2810 850 2871 suspectos
897 2799 1132 2870 habent,
1193 2803 1500 2874 nullamque
1550 2806 1875 2876 voluptatem

293 2891 494 2948 habere
537 2905 780 2965 possunt,
811 2898 1020 2953 interno
1077 2898 1218 2954 bello
1263 2900 1442 2954 omnia
1473 2901 1876 2977 ,confiindente,

291 2981 619 3056 multamque
667 2986 745 3042 eis
785 2988 1192 3046 amaritudinem
1238 2989 1542 3048 invehente.
1570 2993 1764 3050 Verum
1791 2994 1880 3051 hic

291 3073 423 3129 nihil
457 3070 592 3144 tale;
623 3076 716 3133 sed
751 3080 1049 3148 patriarcha
1072 3081 1488 3153 indignationem
1510 3085 1880 3142 matris-fami-

290 3167 389 3222 lias
415 3183 509 3224 sua
541 3169 767 3238 placavit
795 3172 1042 3241 lenitate,
1083 3184 1138 3229 et
1173 3174 1294 3230 data
1323 3176 1371 3231 ei
1402 3185 1587 3232 contra
1625 3179 1874 3235 ancillam

291 3267 573 3328 potestate,
593 3260 809 3316 domum
833 3275 962 3334 pace
987 3265 1227 3335 replevit.
1246 3265 1316 3320 Et
1336 3267 1512 3339 afflixit
1533 3285 1664 3338 eam,
1685 3270 1875 3341 inquit,

289 3349 445 3418 Sara,
470 3353 734 3423 etaufugit
775 3371 807 3409 a
843 3358 972 3427 faeie
998 3359 1128 3428 ejus.
1167 3359 1451 3430 Postquam
1483 3361 1698 3418 domina
1737 3364 1879 3421 illius

291 3444 494 3511 punivit
521 3441 881 3514 insolentiam,
913 3448 1086 3516 fugam
1119 3448 1237 3502 iniit
1265 3450 1476 3504 ancilla.
1509 3451 1653 3507 Talis
1675 3455 1877 3510 scilicet

290 3547 566 3587 servorum
597 3550 714 3590 mos
746 3545 826 3590 est
858 3553 870 3588 :
902 3537 1116 3606 quando
1138 3553 1242 3592 non
1273 3540 1598 3608 permittitur
1625 3543 1703 3598 eis
1730 3560 1878 3600 more

288 3638 386 3680 suo
419 3640 598 3695 agere,
641 3627 734 3682 sed
780 3627 1142 3698 impediuntur
1182 3645 1371 3686 eorum
1412 3643 1652 3700 conatus,
1699 3637 1875 3691 statim

290 3717 630 3773 dominorum
661 3719 834 3790 ruptis
855 3720 1039 3788 frenis,
1070 3721 1243 3792 fugam
1273 3732 1577 3793 capessunt.
1611 3725 1874 3781 Cmterum

290 3808 393 3862 hoc
421 3807 580 3863 etiam
612 3809 750 3874 vide,
775 3809 1041 3879 quomodo
1070 3811 1278 3867 ancillte
1304 3828 1592 3882 supernum
1620 3816 1872 3870 auxilium

291 3913 394 3953 non
421 3898 580 3960 desit.
600 3900 815 3970 objnsti
849 3899 1100 3955 videlicet
1129 3900 1407 3958 honorem.
1439 3903 1570 3958 Nam
1601 3907 1722 3976 quia
1745 3906 1872 3975 justi

289 4003 471 4045 semen
503 3989 638 4044 intra
679 4006 737 4046 se
769 3991 1009 4061 gerebat,
1044 3991 1163 4047 ideo
1188 4003 1240 4047 et
1272 3993 1445 4064 angeli
1478 4007 1750 4065 aspectum
1793 3998 1872 4053 vi-

288 4079 416 4134 dere
442 4082 652 4135 meruit.
676 4081 728 4135 7.
755 4078 953 4136 Invenit
981 4083 1122 4138 enim
1153 4101 1284 4149 eam,
1317 4085 1504 4155 inquit,
1531 4090 1740 4158 angelus
1769 4088 1872 4144 Do-

289 4170 413 4224 mini
453 4188 610 4242 prope
645 4176 832 4244 fontem
875 4190 1022 4244 aqua:
1071 4175 1125 4228 in
1171 4177 1461 4242 solitudine,
1507 4178 1560 4231 in
1611 4179 1691 4231 via
1743 4180 1870 4236 Sur.

287 4261 579 4318 Considera
627 4264 1006 4335 benignitatem
1057 4265 1304 4332 Domini,
1349 4267 1617 4336 quomodo
1669 4269 1870 4324 nullum

287 4352 563 4422 deSpiciat,
582 4353 675 4408 sed
703 4355 910 4410 etiamsi
934 4370 1120 4409 servus
1140 4356 1207 4410 sit
1233 4356 1312 4411 vel
1334 4357 1546 4426 ancilla,
1568 4372 1719 4413 suam
1747 4375 1868 4431 erga

287 4457 408 4498 eum
436 4444 671 4500 declaret
701 4445 1106 4514 providentiam,
1129 4462 1232 4501 non
1262 4447 1328 4502 ad
1355 4448 1670 4518 dignitatum
1701 4453 1870 4522 respi-

285 4538 432 4593 ciens
461 4537 842 4606 differentiam,
886 4539 980 4594 sed
1023 4538 1090 4594 ad
1135 4539 1327 4595 anima:
1370 4540 1726 4598 affectionem.
1773 4543 1871 4599 llic

286 4638 462 4685 autem
492 4647 596 4685 non
629 4643 848 4701 pr0pler
870 4631 1082 4686 ancilla:
1115 4633 1363 4688 meritum
1400 4635 1619 4705 angelus
1644 4635 1864 4703 assistit,

284 4718 380 4777 sed
407 4719 476 4775 ob
495 4720 754 4778 honorem
780 4721 931 4792 justi.
960 4721 1091 4777 Nam
1114 4723 1248 4778 sicut
1275 4724 1402 4790 dixi,
1431 4725 1586 4796 digna
1612 4735 1728 4782 erat
1746 4743 1866 4798 qua:

284 4825 390 4865 non
441 4812 814 4882 negligeretur,
847 4829 912 4869 eo
939 4813 1080 4884 quod
1112 4813 1267 4884 digna
1313 4814 1500 4871 fuisset
1531 4832 1650 4886 qua:
1680 4833 1863 4874 semen

278 4902 408 4972 justi
437 4903 749 4971 susciperet.
780 4903 831 4959 8.
869 4903 932 4958 Et
959 4913 1012 4958 ut
1037 4921 1146 4959 eam
1167 4905 1352 4960 invenit
1375 4906 1605 4977 angelus,
1633 4908 1761 4963 dixit
1785 4909 1864 4963 ei:

285 4993 421 5063 Agar
441 4992 630 5048 ancilla
656 4993 820 5056 Saraz,
841 4993 973 5049 unde
995 4997 1146 5059 venis,
1171 5007 1217 5050 et
1245 5012 1342 5064 quo
1364 4998 1503 5051 vadis
1520 4996 1546 5050 ?
1578 4996 1707 5052 Vide
1732 5011 1866 5067 quo.

283 5086 442 5140 modo
471 5096 526 5141 ct.
565 5087 738 5156 angeli
768 5086 904 5142 dicta
936 5103 1054 5142 eam
1087 5088 1138 5142 in
1180 5089 1492 5143 memoriam
1535 5103 1645 5144 sua:
1674 5089 1864 5144 condi-

284 5177 444 5233 tionis
490 5177 765 5233 inducant.
811 5179 944 5234 Nam
993 5192 1050 5234 ut
1096 5180 1435 5235 attentiorem
1486 5195 1602 5236 eam
1652 5181 1863 5244 reddat.

281 5269 460 5320 statim
489 5268 900 5338 appellationem
930 5271 1162 5326 nominis
1191 5271 1306 5340 ejus
1335 5271 1389 5325 in
1425 5271 1656 5326 medium
1687 5273 1860 5338 affert,

281 5365 334 5412 et
363 5358 490 5412 dicit
515 5376 528 5411 :
569 5359 726 5429 Agar.
754 5359 999 5415 Solemus
1022 5362 1164 5416 enim
1195 5360 1501 5432 diligentius
1534 5364 1859 5432 auscultare,

280 5447 493 5515 quando
539 5448 841 5504 nominibus
890 5453 1086 5507 nostris
1145 5469 1410 5508 vocamur.
1465 5453 1664 5510 Deinde
1710 5454 1858 5522 dicit,

283 5532 481 5592 Ancilla
502 5538 650 5595 Sara:
669 5557 688 5595 :
714 5555 821 5612 quo
855 5543 1122 5598 recordari
1152 5561 1268 5600 eam
1288 5545 1438 5615 jubet
1463 5547 1694 5601 dominre
1725 5563 1858 5614 sum,

280 5632 338 5679 ut
376 5627 513 5683 sciat
551 5644 630 5701 se,
660 5631 780 5689 licet
825 5634 1090 5704 particeps
1134 5635 1286 5692 fuerit
1329 5637 1508 5694 herilis
1553 5638 1694 5707 lecti,
1727 5649 1862 5694 atta-

1269 212 1334 268 IN
1374 213 1524 270 CAP.
1567 211 1702 270 XVI.
1749 204 1994 266 GENES.
2040 203 2264 260 IIOMIL.
2310 201 2592 260 XXXVIII.

3453 199 3560 257 3338

1979 334 2101 375 men
2132 318 2402 374 dominam
2444 331 2736 389 agnoscere
2775 316 2972 374 debere
3010 317 3218 375 Saram.
3246 315 3376 372 Vide
3403 318 3562 390 igitur

1975 409 2224 481 angelum
2253 410 2694 480 interrogantem,
2728 417 2783 464 ut
2823 424 2940 464 eam
2968 407 3035 463 ad
3065 407 3420 478 respondendi
3465 425 3560 464 ue-

1976 502 2279 556 cessitatem
2307 509 2543 571 cogeret.
2578 499 2744 563 Unde,
2768 500 2958 571 inquit,
2979 514 3121 555 nunc
3145 497 3195 554 in
3222 498 3561 554 solitudinem

1980 593 2121 649 hanc
2169 594 2455 663 advenisti,
2486 607 2540 650 et
2569 609 2674 664 quo
2699 593 3018 650 contendis?
3071 595 3244 664 Atque
3269 594 3338 648 ob
3368 593 3470 649 hoc
3511 596 3564 648 iu

1978 683 2078 738 hac
2103 685 2392 740 solitudine
2419 695 2698 756 comparet
2723 687 2962 754 angelus,
2983 694 3040 740 nt
3068 700 3132 741 ne
3160 695 3306 755 putet
3335 686 3564 755 aliquem

1979 791 2044 832 ex
2092 776 2396 846 vulgaribus
2442 778 2737 832 viatoribus
2780 792 2901 832 eum
2945 791 3065 832 esse
3107 777 3196 847 qui
3243 777 3568 848 interrogat:

1979 867 2212 922 solitudo
2237 869 2376 922 enim
2407 879 2542 936 erat,
2571 875 2626 923 et
2655 867 2833 923 nullus
2875 868 3012 923 alius
3055 868 3239 923 aderat
3269 886 3282 922 :
3317 879 3372 922 ut
3412 871 3570 941 igitur

1979 957 2117 1012 seire
2144 960 2311 1028 possit
2338 975 2442 1012 non
2473 975 2594 1014 esse
2625 959 2901 1030 vulgarem
2933 959 3187 1030 aliquem,
3210 960 3297 1030 qui
3329 961 3426 1014 sibi
3457 963 3570 1016 col-

1980 1046 2234 1118 loquitnr,
2263 1060 2548 1120 eaprOpter
2592 1049 2642 1103 in
2668 1064 2851 1104 eremo
2881 1051 3145 1120 apparuit,
3176 1059 3229 1104 ct
3271 1051 3570 1106 SCISCIlIllllS

1981 1137 2125 1191 illam
2157 1148 2240 1193 est
2271 1156 2284 1192 :
2333 1138 2394 1192 Et
2421 1139 2582 1207 inquit
2612 1139 2697 1193 illa
2732 1157 2744 1192 :
2781 1141 2819 1192 A
2852 1141 2983 1212 facie
3010 1139 3157 1194 Sorae
3193 1140 3409 1194 dominre
3447 1157 3572 1195 mea!

1981 1245 2071 1300 ego
2099 1231 2262 1300 fugio.
2289 1229 2453 1286 Vides
2480 1229 2750 1300 quomodo
2788 1245 2891 1285 non
2921 1239 3077 1301 negat
3099 1230 3446 1296 dominatum,
3475 1232 3567 1285 sed

1979 1320 2265 1375 confitetur
2291 1335 2416 1376 vere
2439 1321 2655 1395 omnia?
2682 1320 2797 1374 Non
2824 1330 2926 1386 est,
2959 1321 3149 1390 inquit,
3177 1321 3336 1376 homo
3366 1322 3453 1390 qui
3486 1323 3568 1375 in-

1983 1419 2236 1481 terrogat,
2286 1421 2341 1466 ut
2382 1413 2583 1482 possim
2613 1411 2882 1482 decipere.
2919 1411 3153 1466 Primum
3199 1411 3332 1466 dixit
3377 1428 3569 1468 nomen

1982 1517 2181 1570 meum,
2209 1513 2263 1558 et
2291 1501 2521 1556 dominm
2544 1519 2677 1557 mea:
2707 1501 2951 1556 meminit
2979 1519 2992 1554 :
3025 1517 3119 1571 par
3140 1511 3222 1557 est
3247 1503 3406 1574 igEtur
3430 1512 3485 1556 ut
3517 1514 3573 1558 et

1982 1606 2080 1661 ego
2109 1593 2286 1646 omnia
2315 1609 2442 1648 vere
2478 1592 2671 1647 dicam.
2695 1591 2737 1646 Α
2766 1593 2916 1664 facie,
2945 1592 3134 1662 inquit,
3170 1591 3319 1646 Sara:
3357 1596 3573 1648 doman

1981 1699 2105 1737 mea
2133 1700 2222 1754 ego
2261 1686 2422 1756 fugio.
2466 1684 2598 1740 Vide
2626 1684 2894 1755 quomodo
2938 1684 3070 1738 citra
3102 1684 3284 1738 odium
3332 1686 3573 1742 meminit

1981 1775 2233 1832 dominae.
2261 1778 2374 1834 Non
2413 1779 2566 1846 dixit,
2597 1779 2679 1835 Me
2707 1779 2896 1834 afﬂixit
2929 1799 2940 1834 :
2976 1796 3081 1834 non
3126 1779 3280 1843 dixit,
3313 1781 3394 1838 Me
3435 1783 3574 1837 male

1983 1870 2283 1938 mulctavit,
2314 1887 2419 1926 non
2453 1887 2667 1942 possum
2693 1872 2832 1928 ferre
2874 1873 3172 1929 molestiam
3195 1875 3332 1944 cjus,
3365 1885 3419 1931 et
3455 1876 3573 1932 idco

1981 1961 2160 2032 fugam
2190 1963 2280 2018 inii
2308 1982 2323 2018 :
2357 1965 2486 2020 nihil
2514 1981 2762 2036 asperum
2794 1966 3009 2036 loqunta
3035 1976 3137 2034 est,
3166 1968 3259 2023 sed
3291 1968 3463 2023 solum
3491 1984 3574 2024 se-

1982 2052 2151 2122 ipsam
2180 2064 2236 2108 ut
2260 2055 2530 2124 fugitivam
2561 2056 3054 2112 accusavit.Vidisti
3075 2059 3190 2126 ejus
3219 2059 3574 2128 probitatem?

1985 2142 2119 2200 Vide
2146 2145 2270 2214 quid
2305 2145 2497 2200 iterum
2536 2146 2756 2216 angelus
2781 2148 2832 2202 ei
2872 2147 3026 2202 dixit.
3069 2148 3122 2202 9.
3157 2147 3299 2203 Dixit
3334 2160 3500 2204 autem
3531 2154 3575 2206 ei

1983 2235 2193 2306 angelus
2240 2235 2484 2291 Domini:
2523 2236 2788 2294 Revertere
2813 2239 2882 2293 ad
2923 2239 3182 2294 dominam
3219 2251 3378 2308 tuam,
3408 2251 3454 2298 et
3481 2244 3576 2297 liu-

1985 2327 2183 2381 miliare
2211 2328 2303 2382 sub
2331 2329 2563 2384 manibus
2591 2330 2718 2401 ejus.
2747 2329 2827 2384 Ad
2858 2331 2959 2386 hoc
2987 2331 3225 2402 quidem,
3245 2334 3385 2403 qttod
3407 2335 3572 2389 dixit:

1983 2418 2028 2472 Α
2055 2419 2189 2490 facie
2212 2420 2432 2476 dominre
2461 2437 2586 2476 mea:
2610 2423 2772 2494 fugio,
2802 2423 2992 2493 inquit,
3019 2423 3304 2492 Revertere,
3328 2435 3381 2480 ct
3410 2443 3476 2481 ne
3500 2430 3575 2482 sis

1986 2508 2190 2580 ingrata
2234 2525 2359 2580 erga
2406 2511 2676 2568 dominam
2729 2523 3038 2584 tuam,qu:e
3075 2515 3144 2570 de
3192 2525 3242 2571 te
3289 2530 3393 2572 tam
3442 2519 3577 2575 bene

1984 2603 2174 2658 merita
2205 2613 2309 2660 est.
2343 2603 2563 2672 Deinde,
2591 2607 2714 2678 quia
2758 2623 2825 2662 ex
2853 2608 2987 2662 fastu
3019 2618 3072 2664 et
3099 2611 3345 2680 superbia
3383 2614 3577 2668 mentis

1983 2693 2256 2750 dominam
2284 2711 2434 2750 suam
2465 2698 2515 2751 in
2562 2699 2693 2752 iram
2718 2697 3066 2766 excitaverat,
3098 2700 3287 2771 inquit,
3317 2699 3382 2754 Et
3410 2703 3578 2757 humi-

1983 2787 2112 2842 liare
2153 2789 2246 2842 sub
2284 2789 2514 2844 manibus
2555 2793 2685 2861 ejus,
2712 2791 2951 2862 subjecta
2995 2802 3110 2848 esto
3146 2794 3194 2850 ei
3228 2813 3241 2850 :
3293 2795 3394 2851 hoc
3432 2797 3573 2851 enim

1985 2879 2079 2935 tibi
2103 2879 2362 2951 proderit.
2392 2885 2637 2954 Agnosco
2680 2887 3018 2952 servitutem,
3049 2902 3115 2941 ne
3153 2888 3365 2958 ignores
3406 2889 3578 2945 domi-

1986 2971 2156 3039 nium,
2182 2971 2312 3026 nihil
2340 2974 2569 3030 sublime
2597 2977 2792 3046 sapito,
2819 2993 2884 3032 ne
2911 2977 3030 3046 plus
3059 2977 3126 3034 de
3155 2987 3206 3034 te
3229 2995 3386 3050 quam
3417 2996 3578 3052 opor-

1987 3075 2062 3120 tet
2115 3067 2365 3124 sentias:
2417 3067 2709 3124 Humiliare
2748 3070 2838 3123 sub
2884 3070 3114 3126 manibus
3155 3073 3285 3142 ejus,
3332 3088 3577 3144 magnam

1984 3173 2095 3230 pra:
2131 3169 2182 3216 te
2209 3161 2285 3216 fer
2315 3160 2696 3217 obedientiam.
2726 3161 2869 3217 Satis
2895 3163 3013 3231 ejus
3043 3163 3275 3218 animam
3303 3163 3577 3222 demnlse-

1988 3259 2111 3306 rant
2138 3253 2310 3324 angeli
2333 3253 2495 3322 dicta,
2524 3262 2683 3324 atque
2704 3254 2820 3324 ejus
2851 3254 3094 3324 spiritum
3123 3267 3577 3326 compresserant,

1985 3344 2117 3398 satis
2153 3345 2494 3398 frenaverant
2519 3345 2634 3413 ejus
2672 3343 3023 3411 iracundiam,
3051 3345 3270 3400 multam
3300 3347 3353 3401 in
3379 3347 3579 3420 cogita-

1985 3434 2219 3489 tionibus
2247 3434 2590 3488 serenitatem
2617 3433 2869 3488 fecerant.

2057 3527 2109 3581 6.
2154 3526 2354 3581 Deinde
2381 3543 2448 3580 ne
2475 3537 2622 3596 putet
2650 3537 2853 3583 temere
2883 3537 2937 3584 et
2962 3529 3166 3601 absque
3193 3545 3351 3587 causa
3383 3548 3442 3589 se
3477 3534 3578 3590 hu-

1979 3616 2213 3687 jusmodi
2265 3617 2598 3688 providentia
2645 3619 2914 3690 dignatam
2963 3636 3116 3688 esse,
3165 3623 3261 3679 sed
3305 3623 3474 3680 discat
3517 3643 3577 3682 se

1987 3719 2202 3779 propter
2228 3725 2414 3765 semen
2447 3712 2578 3781 justi
2623 3719 2823 3767 tantam
2852 3712 3278 3768 benevolentiam
3321 3730 3578 3786 assequu-

1987 3810 2092 3856 tam
2131 3817 2272 3868 esse,
2306 3803 2427 3858 vide
2450 3803 2719 3874 quomodo
2751 3820 2870 3859 eam
2903 3805 3231 3873 consolatur,
3259 3817 3315 3862 et
3341 3817 3574 3865 mentem

1984 3894 2101 3963 ejus
2123 3895 2306 3965 erigit,
2337 3904 2391 3948 et
2419 3895 2843 3950 consolationem
2872 3895 2984 3963 dat,
3011 3912 3130 3967 quae
3170 3898 3384 3955 abunde
3424 3902 3576 3956 suffi-

1983 3985 2109 4051 ciat,
2128 4000 2247 4040 cum
2273 3986 2343 4040 ita
2370 3986 2670 4056 subjuugit:
2693 3987 2779 4042 lO.
2807 3987 2872 4040 Et
2891 3988 3018 4042 dixit
3039 3991 3084 4042 ei
3104 3991 3312 4060 angelus
3334 3990 3574 4049 Domini:

1987 4075 2042 4130 Μ
2050 4077 2342 4147 ultiplican-s
2368 4077 2715 4146 multiplicabo
2744 4095 2912 4133 semen
2943 4089 3104 4144 tuum,
3139 4090 3186 4134 et
3210 4097 3316 4150 pra:
3348 4085 3576 4138 multitu-

1986 4171 2105 4224 dine
2127 4187 2226 4224 non
2254 4170 2619 4225 numerabitur.
2649 4171 2711 4226 Et
2743 4172 2859 4238 tibi,
2888 4171 3079 4242 inquit,
3109 4173 3340 4242 praedico
3363 4183 3572 4230 tantum

1991 4260 2105 4315 fore
2149 4277 2333 4316 semen
2383 4272 2550 4328 tuum,
2584 4271 2638 4316 ut
2683 4278 2855 4332 neque
2887 4278 3112 4318 numero
3154 4264 3444 4334 subjaceat.
3495 4267 3576 4322 Ne

1991 4351 2150 4421 igitur
2188 4362 2378 4407 mmsta
2425 4353 2519 4418 sis,
2553 4368 2726 4423 neque
2753 4353 3099 4421 succumbas,
3133 4370 3306 4425 neque
3343 4357 3574 4414 turheris

1988 4445 2190 4510 animo,
2223 4444 2316 4499 sed
2345 4460 2452 4514 prce
2483 4452 2534 4498 te
2563 4444 2643 4499 fer
2667 4461 2880 4500 omnem
2920 4445 3300 4502 obedientiam.
3325 4448 3408 4502 ll.
3441 4447 3578 4504 Ecce

1990 4540 2122 4591 enim
2151 4547 2349 4591 uterum
2389 4538 2540 4608 geris,
2570 4546 2614 4591 et
2641 4540 2807 4607 paries
2847 4538 3032 4608 ﬁlium,
3064 4548 3110 4592 et
3149 4539 3348 4594 vocabis
3389 4557 3572 4596 nomen

1974 4632 2088 4701 ejus
2131 4627 2342 4686 Ismael.
2375 4629 2520 4694 Ideo,
2548 4629 2738 4699 inquit,
2768 4638 2823 4683 et.
2855 4637 3063 4698 partum
3098 4629 3192 4684 tibi
3226 4630 3482 4698 praedico,
3515 4643 3568 4685 et

1974 4738 2170 4780 nomen
2191 4723 2302 4792 jam
2339 4721 2559 4790 impono
2588 4735 2753 4789 puero
2778 4720 2866 4789 qui
2899 4730 3168 4783 nascetur,
3189 4730 3247 4774 ut
3280 4733 3340 4775 re
3365 4721 3566 4775 certius

1973 4823 2269 4883 comperta,
2290 4810 2368 4866 sic
2390 4809 2731 4880 regrediaris,
2750 4818 2804 4862 et
2823 4808 3075 4863 emendes
3097 4808 3238 4877 quod
3261 4808 3564 4880 deliquisti:

1977 4903 2108 4972 Quia
2149 4902 2339 4955 audivit
2374 4899 2616 4954 Dominus
2641 4899 2973 4952 humilitatem
3001 4908 3162 4954 tuam.

2048 4997 2307 5061 Quantum
2349 5008 2690 5048 aerumnarum
2734 4991 2951 5045 lucrum.
2977 5021 3049 5031 —
3092 4991 3228 5047 IIiuc
3268 4992 3560 5049 discamus.

1972 5097 2229 5159 quantum
2260 5087 2326 5140 sit
2360 5085 2411 5139 in
2443 5082 2823 5138 afflictionibus
2861 5083 3090 5148 lucrum,
3124 5093 3318 5154 quanta
3350 5084 3568 5139 calami-

1975 5183 2100 5238 tatis
2130 5179 2352 5234 utilitas.
2393 5177 2678 5246 Postquam
2709 5177 2850 5231 enim
2891 5177 3136 5241 seceSs-it,
3175 5186 3228 5231 et
3266 5177 3420 5233 dolor
3460 5191 3556 5231 au—

1975 5281 2095 5328 ctus
2117 5269 2526 5339 est,multisqne
2552 5267 2878 5324 circumdata
2903 5279 2984 5324 est
3012 5268 3356 5324 afflictionum
3387 5269 3556 5325 molev

1977 5366 2118 5432 stiis,
2149 5367 2200 5418 in
2244 5362 2550 5427 solitudine,
2581 5363 2633 5416 in
2662 5361 2877 5418 deserto
2920 5372 2974 5418 et
3016 5362 3275 5433 angustiis
3316 5378 3568 5431 versans,

1975 5464 2098 5526 post
2147 5463 2346 5509 tantam
2394 5453 2836 5523 prosperitatcm,
2865 5463 2918 5509 et
2964 5463 3242 5524 postquam
3290 5454 3341 5508 in
3381 5471 3568 5524 parem

1976 5562 2097 5601 cum
2145 5544 2359 5600 domina
2417 5559 2513 5598 sua
2566 5543 2880 5612 dignitatem
2931 5555 3116 5600 evecta
3171 5543 3394 5611 fuisset;
3442 5544 3568 5605 ideo

1977 5639 2331 5696 acccleratum
2385 5646 2536 5692 nacta
2590 5645 2672 5692 est
2731 5636 3043 5694 subsidium.
3106 5639 3228 5695 llwe
3281 5638 3422 5696 enim
3462 5637 3573 5693 tibi
