4070 6194
526 228 632 285 559

528 350 709 409 erunt,
728 338 919 410 inquit,
937 351 1056 410 qua:
1077 334 1321 408 promisi,
1340 342 1391 388 et
1423 332 1601 403 paries
1627 329 1812 394 ﬂlinm,
1843 337 1897 382 et
1924 341 2108 383 semen

534 447 679 492 tuum
705 430 1093 491 innumerabilc
1130 429 1254 494 erit,
1291 426 1423 495 Quia
1464 423 1718 479 exaudivit
1749 421 1991 476 Dominus
2016 418 2113 473 Itu-

527 528 791 583 mifitatem
817 535 975 580 tuam.
1002 520 1081 578 Ne
1105 521 1264 592 igitur
1286 517 1546 590 gravatim
1586 514 1838 579 feramus,
1870 512 1914 566 si
1946 510 2113 566 mole-

524 620 641 674 stiis
674 617 1038 688 prementibus
1066 612 1429 669 humiliemur.
1456 609 1599 665 Nihil
1631 608 1774 663 enim
1822 608 1892 661 ita
1916 616 2115 659 nostra:

529 721 735 766 natura:
778 705 1050 773 conducit,
1080 713 1139 760 ut
1181 719 1301 760 sese
1345 702 1687 766 submittere,
1733 708 1788 755 et
1836 697 2116 753 humiliore

527 800 820 873 superbum
863 798 1133 870 spiritum,
1160 803 1216 851 et
1257 794 1491 850 inﬂatam
1532 801 1763 847 mentem
1791 787 2113 860 deprimere.

525 895 677 951 'l‘nnc
716 894 859 949 enim
906 907 1005 946 nos
1036 890 1203 960 magis
1245 886 1396 942 audit
1427 885 1707 949 Dominus,
1752 881 1967 953 quando
1994 894 2115 935 cum

528 985 714 1039 dolore
761 982 956 1037 animae
985 989 1041 1035 et
1081 976 1244 1035 corde
1282 975 1516 1032 contrito
1562 974 1735 1044 ipsum
1786 972 2115 1035 invocamus,

531 1074 789 1145 majorem
834 1074 885 1127 in
930 1070 1178 1142 precibus
1202 1065 1569 1124 assiduitatem
1597 1064 1952 1118 adhibentes:
1987 1058 2120 1126 Quia

529 1164 720 1219 «mdioit
765 1162 1018 1218 Dominus
1061 1159 1397 1214 humilitatem
1437 1167 1596 1210 tuam.
1647 1155 1836 1210 Postea
1882 1150 2122 1223 prmdicit

530 1255 681 1330 pueri
708 1255 797 1327 qui
831 1254 1134 1309 nasciturus
1150 1260 1265 1306 erat
1293 1248 1548 1305 studium.
1570 1247 1657 1301 12.
1682 1245 1907 1312 ιιῑυρτὶι,
1928 1242 2116 1313 inquit,

530 1346 740 1418 agrestis
783 1344 933 1399 homo
976 1358 996 1398 :
1043 1357 1224 1395 manus
1264 1340 1374 1411 ejus
1417 1347 1594 1392 contra
1641 1351 1834 1400 ontnes,
1863 1344 1907 1388 et
1941 1348 2122 1386 manus

534 1439 760 1494 omnium
787 1446 965 1491 contra
994 1449 1145 1489 eum:
1175 1442 1220 1487 et
1249 1440 1423 1485 contra
1455 1429 1634 1502 faciem
1662 1427 1884 1481 omnium
1903 1426 2121 1497 fratruo:

531 1546 740 1586 suorum
771 1526 1034 1582 habitabit.
1064 1522 1311 1580 l‘rtrdicit
1335 1523 1405 1588 ei,
1427 1521 1574 1576 illutn
1603 1517 1808 1573 virilem
1836 1525 1891 1573 et
1931 1515 2121 1570 fortem

534 1624 769 1679 futurum
798 1635 942 1686 esse,
982 1617 1323 1679 bellatorem,
1355 1630 1418 1670 ac
1449 1623 1604 1668 terra:
1633 1609 1873 1666 colendze
1911 1615 2124 1662 vacatu-

537 1712 885 1769 rum.Vidisti
908 1727 971 1767 ex
998 1711 1062 1765 iis
1094 1726 1212 1779 qua:
1234 1709 1286 1763 in
1318 1707 1565 1762 ancillam
1594 1717 1741 1775 gesta
1768 1708 2123 1771 sunt,quanto

536 1808 590 1858 in
623 1802 829 1858 honore
854 1811 1000 1857 esset
1042 1797 1384 1869 patriarcha?
1415 1793 1680 1864 Quidquid
1723 1793 1864 1848 enim
1908 1791 1980 1845 illi
2020 1790 2122 1844 im-

535 1908 762 1964 pensum
791 1899 896 1959 est,
929 1881 1140 1945 Domini
1173 1888 1229 1942 in
1260 1887 1464 1956 justum
1492 1882 1919 1940 benevolentiam
1943 1890 2127 1936 osten-

534 1986 631 2039 dit.
666 1983 794 2038 litec
837 1981 924 2037 ubi
952 1980 1174 2051 angelus
1199 1976 1466 2033 consuluit
1489 1984 1543 2031 et
1575 1974 1743 2031 felicia
1792 1970 2127 2028 annuntiavit

537 2075 719 2146 Agari,
749 2076 998 2129 recessit.
1022 2071 1287 2126 thtcrum
1316 2068 1438 2123 vide
1478 2067 1669 2123 iterum
1701 2064 1907 2121 ancillae
1945 2063 2126 2135 probi-

536 2176 724 2223 tatem.
775 2165 863 2221 l3.
896 2163 961 2217 Et
995 2161 1214 2227 vocarit,
1271 2159 1472 2231 inquit,
1527 2173 1707 2212 nomen
1758 2154 1988 2222 Domini,
2041 2154 2127 2225 qui

537 2255 831 2329 loquebatur
856 2254 951 2310 sibi
971 2270 990 2308 :
1010 2251 1090 2308 Tu
1117 2269 1170 2307 es
1190 2251 1350 2317 Deus,
1372 2250 1459 2321 qui
1484 2249 1649 2304 uidisti
1680 2265 1758 2302 me
1786 2262 1804 2301 :
1826 2247 1944 2317 quia
1964 2246 2127 2300 dixit:

537 2348 744 2405 Etenim
773 2363 945 2403 coram
973 2346 1077 2400 uidi
1100 2362 1214 2400 eum
1238 2344 1325 2415 qui
1353 2342 1589 2414 apparuit
1617 2340 1759 2395 mihi.
1790 2340 1873 2395 M.
1907 2338 2129 2409 Propter

543 2446 632 2496 l'oc
662 2441 852 2495 uocauit
873 2448 1100 2511 puteum,
1124 2436 1339 2491 Puteum
1363 2435 1445 2489 ubi
1466 2451 1638 2489 coram
1665 2433 1786 2497 vidi,
1807 2433 1937 2486 inter
1962 2429 2127 2487 Cades

536 2545 583 2588 et
609 2535 738 2590 inter
758 2532 980 2587 Barach.
997 2530 1137 2588 Vide
1157 2529 1427 2601 quomodo
1452 2536 1506 2584 et
1534 2528 1647 2581 lucc
1667 2526 1795 2582 velit
1817 2534 2127 2598 perpetuam

539 2626 851 2682 memoriam
899 2622 1088 2679 indere
1134 2623 1252 2678 loco
1309 2636 1402 2691 per
1426 2618 1671 2675 vocabuli
1709 2618 2124 2689 impositionem.

544 2717 769 2773 \'ocavit
795 2716 937 2771 enim
983 2715 1182 2783 locum,
1218 2713 1439 2767 Puteum
1464 2710 1549 2767 ubi
1592 2727 1761 2766 coram
1788 2710 1909 2765 uidi.
1935 2708 2130 2765 Vidisti

539 2821 590 2866 et
622 2809 874 2865 ancillam
917 2808 1172 2879 paulatim
1210 2820 1276 2863 ex
1307 2804 1689 2861 afﬂictionibus
1727 2803 2005 2874 aliquanto
2034 2816 2129 2856 ca-

549 2900 910 2971 stigatioribus
949 2897 1190 2953 moribus
1220 2895 1356 2963 fieri,
1379 2904 1434 2951 et
1456 2904 1663 2965 gratum
1694 2894 1930 2947 animum
1975 2905 2128 2946 suum

539 2990 812 3044 declarare
836 3003 962 3058 erga
1002 2985 1262 3042 beneﬁcia
1305 2984 1504 3054 quibus
1545 2983 1812 3038 ctnnulata
1861 2980 2052 3047 fuerat,
2077 2987 2133 3035 et

540 3082 765 3152 gratiam
800 3080 995 3150 quibus
1022 3078 1216 3148 potuit,
1258 3075 1462 3130 referre
1493 3074 1844 3144 providentur
1872 3087 1990 3143 qua:
2017 3080 2135 3125 tan-

544 3183 654 3226 tam
702 3169 869 3241 ipsius
896 3175 1138 3240 gesserat
1179 3166 1401 3221 curam?
1450 3165 1539 3220 15.
1570 3162 1637 3217 Et
1684 3163 1896 3235 peperit,
1941 3161 2132 3232 inquit,

548 3265 687 3337 Agar
709 3261 859 3319 Abrtc
885 3261 1079 3332 ﬁlium,
1111 3270 1159 3315 et
1183 3257 1374 3313 uocauit
1404 3256 1592 3311 Abram
1617 3272 1796 3310 nomen
1827 3255 1957 3327 ejus,
1986 3269 2131 3325 quem

553 3356 746 3429 peperit
773 3353 869 3411 sibi
896 3354 1054 3425 Agar,
1086 3350 1295 3406 Ismael.

613 3452 671 3507 7.
731 3430 1033 3504 Exhortatio
1094 3445 1163 3500 ad
1220 3443 1549 3515 patientiam.
1610 3438 2044 3495 mansuetudinem
2088 3448 2136 3492 et

541 3542 883 3600 concordiam.
919 3537 1064 3595 Ua‘or
1084 3536 1314 3608 adjulria:
1335 3535 1430 3590 uiri
1453 3534 1721 3602 quomodo.
1736 3532 1953 3586 —llinc
1973 3529 2104 3584 disci
2117 3558 2134 3570 -

547 3649 666 3688 mus
694 3640 950 3704 quantum
982 3630 1179 3685 bonum
1215 3628 1283 3682 sit
1311 3624 1682 3690 mansuetudo,
1714 3633 1967 3694 quantum
2007 3621 2137 3676 lucri

549 3724 782 3790 habent,
831 3732 886 3777 et
928 3720 1111 3791 quanti
1160 3718 1363 3773 fructus
1409 3731 1474 3772 ex
1522 3714 1898 3770 afflictionibus
1943 3728 2138 3783 prove-

538 3816 714 3871 niant.
745 3813 877 3869 Nam
903 3810 1313 3866 mansuetudine
1355 3807 1654 3878 patriarcha
1695 3805 1919 3876 placavit
1948 3804 2134 3861 Sat-am

543 3903 1038 3977 indignabundam,
1086 3912 1142 3958 et
1198 3900 1405 3955 famula:
1469 3906 1785 3969 potestatem
1845 3895 1895 3951 ei
1957 3893 2136 3961 dedit,

557 3997 882 4067 domumque
925 4010 1055 4066 pace
1101 3994 1358 4064 replevit,
1390 3991 1691 4047 aﬂlictionis
1720 3999 1894 4045 autem
1938 3987 2139 4043 fructus

553 4091 610 4144 iu
637 4090 827 4146 ancilla
858 4087 1037 4144 videre
1080 4088 1221 4143 licet.
1252 4087 1387 4153 Quia
1432 4095 1708 4157 postquam
1752 4083 1819 4139 ab
1851 4085 1976 4138 hera
2005 4080 2142 4136 afﬂi-

548 4190 634 4236 cta
663 4180 822 4252 fugit,
848 4188 902 4235 ct
941 4180 1164 4233 multum
1202 4190 1500 4233 arttmnosa
1550 4174 1679 4240 fuit,
1715 4188 1779 4229 ac
1821 4188 1941 4228 cum
1977 4173 2137 4227 animi

548 4271 736 4326 dolore
784 4270 1064 4325 Dominum
1115 4267 1414 4331 invocavit,
1482 4265 1658 4319 statim
1698 4279 1980 4334 supernam
2008 4264 2139 4317 visi-

552 4364 804 4418 tationem
835 4368 1118 4429 assequuta
1143 4365 1244 4413 est.
1271 4355 1339 4411 Ut
1365 4357 1509 4410 enim
1551 4355 1720 4409 discat
1744 4369 1803 4409 se
1839 4369 1933 4423 per
1959 4352 2137 4408 humi-

554 4456 757 4510 litatem
800 4460 855 4507 et
886 4449 1227 4506 aﬂlictionem
1286 4456 1428 4502 tanta
1485 4444 1817 4516 providentia
1868 4445 2137 4517 dignatam

552 4559 674 4601 esse
692 4584 707 4608 ,
735 4543 864 4600 dicit
883 4541 1104 4613 angelus
1129 4541 1177 4597 ei
1202 4558 1218 4596 :
1254 4538 1461 4596 Uterum
1481 4538 1615 4610 geris
1633 4579 1648 4601 ,
1678 4546 1726 4592 et
1749 4537 1916 4608 paries
1940 4538 2134 4607 ﬁlium,

552 4645 599 4693 et
624 4635 820 4691 vocabis
846 4650 1026 4689 nomen
1052 4634 1161 4705 ejus
1203 4632 1394 4687 lsmael
1412 4673 1426 4698 ,
1457 4631 1694 4702 quoniam
1732 4631 1924 4685 audiuit
1960 4630 2139 4685 Domi-

556 4743 652 4782 nus
691 4724 1022 4780 humilitatem
1053 4734 1211 4778 tuam.
1246 4723 1424 4792 Itaque
1447 4762 1463 4789 ,
1493 4720 1710 4786 dilecti,
1756 4736 1878 4777 cum
1908 4721 2139 4777 sciamus

556 4834 654 4874 nos
677 4861 692 4885 ,
726 4818 770 4873 si
818 4814 1212 4888 vigilaverimns
1231 4856 1247 4882 ,
1275 4829 1341 4870 ex
1369 4813 1625 4869 aerumnis
1652 4814 1822 4885 magis
1847 4813 1913 4869 ad
1954 4814 2138 4868 Domi-

555 4926 682 4965 num
713 4921 1023 4964 accessuros
1042 4949 1058 4975 ,
1098 4914 1153 4963 et
1190 4905 1304 4977 ejus
1328 4907 1550 4976 gratiam
1571 4905 1728 4960 nobis
1753 4914 1861 4960 tum
1892 4904 2141 4961 concilia-

554 5011 731 5065 tnros,
776 5012 897 5055 cum
947 4998 1162 5053 dolente
1211 4999 1387 5053 anima
1431 5006 1482 5054 cl
1531 4997 1748 5054 fervidis
1790 4999 2039 5070 lacrymis
2073 4998 2139 5053 ad

555 5096 726 5164 ipsum
757 5091 1141 5148 accesserimus
1170 5108 1184 5144 :
1214 5106 1281 5146 ne
1318 5090 1599 5146 doleamus
1626 5091 1677 5145 in
1725 5090 2103 5147 afﬂictionibus
2122 5134 2138 5159 ,

556 5183 651 5240 sed
673 5184 880 5240 lucrum
901 5180 1044 5254 quod
1066 5196 1131 5237 ex
1153 5180 1528 5236 afﬂictionibus
1550 5182 1795 5252 provenit
1818 5183 2140 5254 cogitantes,

554 5276 731 5334 omnia
777 5290 897 5346 qua:
929 5272 1086 5329 nobis
1129 5274 1381 5329 eveniunt
1409 5272 1614 5343 placido
1660 5272 1895 5331 feramus
1941 5276 2141 5342 animo,

561 5376 619 5422 et
652 5365 922 5421 discamus
961 5363 1176 5420 humani
1205 5379 1325 5422 esse
1372 5374 1426 5420 et
1477 5367 1741 5422 mansueti
1792 5381 1917 5438 erga
1958 5382 2146 5425 omnes

556 5456 815 5526 quidem,
856 5457 1089 5513 maxime
1131 5464 1309 5512 autem
1351 5470 1475 5527 erga
1522 5471 1718 5513 uxores
1770 5471 1978 5514 nostras
2016 5474 2035 5511 :
2084 5472 2148 5514 ac

557 5561 898 5618 smnmopere
925 5562 1176 5603 curemus
1196 5588 1211 5615 ,
1244 5555 1302 5602 ut
1322 5548 1439 5604 sive
1459 5548 1605 5619 justc
1625 5589 1641 5615 ,
1670 5550 1785 5605 sive
1824 5550 2020 5620 injuste
2046 5565 2147 5606 nos

557 5646 807 5708 arguant,
862 5652 930 5694 ne
959 5639 1030 5694 ita
1087 5647 1339 5695 accurate
1383 5643 1719 5699 excutiamus
1770 5654 2001 5697 causas:
2049 5639 2144 5697 sed

1300 218 1359 276 S.
1399 212 1674 274 iO.\t\".\’lS
1712 205 2181 271 CllRYSOSTUMl
2220 206 2535 264 ARClllEP.
2577 208 3105 268 CONSTANTINOP.

3737 205 3858 262 360

2220 325 2374 380 unius
2400 325 2478 379 rei
2510 323 2664 380 nobis
2706 338 2833 379 cura
2877 324 2966 391 sit,
2999 332 3057 379 ut
3086 322 3312 379 tristitia:
3356 338 3516 379 causa
3563 338 3599 378 e
3649 321 3860 377 medio

2219 417 2468 482 tollatur,
2495 424 2807 487 crescatque
2849 429 2912 470 ac
2938 416 3221 471 roboretur
3245 428 3345 484 pax
3390 412 3714 469 domestica
3745 430 3761 464 :
3797 422 3860 468 nt

2218 520 2271 565 ct
2300 508 2385 563 illa
2417 507 2484 563 ad
2530 508 2701 563 virum
2741 521 2898 562 suum
2945 506 3142 561 habeat
3168 506 3585 561 conversionem
3613 547 3627 567 ,
3667 514 3738 559 et
3770 505 3861 558 vir

2219 600 2288 654 ab
2333 599 2570 655 externis
2617 614 2680 656 ac
2706 596 3008 654 forensibus
3050 598 3279 668 negotiis
3319 606 3374 651 et
3419 594 3861 651 turbationibus

2220 692 2286 748 ad
2333 708 2450 749 eam
2481 692 2631 762 quasi
2675 691 2741 746 ad
2769 701 2980 762 portum
3023 688 3343 761 confugere,
3373 698 3430 745 et
3474 689 3859 759 amnigenam

2224 786 2462 842 invenire
2509 786 2677 857 possit
2723 786 3166 841 consolationem.
3209 785 3266 839 In
3296 783 3631 855 adjutoriunt
3686 782 3858 838 cnim

2223 877 2345 933 data
2392 887 2476 934 est
2506 894 2676 945 uxor,
2709 887 2771 934 ut
2815 887 3098 934 contentus
3135 879 3252 948 ejus
3298 876 3685 932 conSolatione
3708 918 3730 943 ,
3771 877 3863 930 vir

2223 969 2478 1025 adversus
2517 969 2808 1041 ingruentia
2853 969 2990 1024 mola
3043 984 3100 1024 re
3131 969 3295 1024 istere
3340 968 3535 1023 valeat.
3595 966 3755 1022 Nam
3810 968 3860 1021 si

2226 1060 2379 1114 fuerit
2406 1069 2592 1115 ornata
2640 1060 2925 1114 virtutibus
2955 1069 3009 1114 et
3033 1068 3344 1122 mansueta,
3375 1073 3481 1112 non
3506 1058 3699 1113 solum
3728 1058 3859 1111 viro

2226 1166 2322 1205 suo
2351 1151 2623 1207 societatis
2652 1150 3075 1205 etins-ilationcm
3096 1191 3112 1215 ,
3153 1149 3247 1204 sed
3264 1158 3319 1203 et
3345 1149 3399 1204 in
3424 1150 3549 1204 aliis
3575 1149 3859 1203 omnibus

2226 1242 2450 1297 multum
2481 1242 2587 1297 erit
2612 1241 2756 1296 utilis
2783 1258 2797 1294 :
2826 1240 3006 1296 omnia
3035 1239 3112 1294 illi
3138 1240 3275 1295 levia
3298 1248 3353 1296 et
3387 1239 3564 1294 facilia
3599 1238 3853 1304 reddet,

2226 1343 2281 1390 et
2304 1334 2575 1404 percipere
2598 1350 2703 1388 non
2731 1333 2870 1388 sinet
2892 1332 3042 1387 illum
3073 1341 3163 1386 aut
3205 1340 3455 1387 externas
3476 1341 3572 1386 aut
3592 1346 3695 1386 eas
3719 1347 3853 1401 qua:

2226 1426 2463 1498 quotidie
2507 1424 2655 1480 domi
2711 1432 3003 1480 nascuntur
3050 1422 3438 1478 difﬁcultates:
3488 1421 3632 1488 sed,
3680 1424 3851 1492 quasi

2225 1520 2550 1590 gubernator
2589 1518 2823 1588 optimus
2845 1557 2861 1583 ,
2891 1530 3105 1571 omnem
3133 1514 3296 1570 animi
3343 1522 3739 1584 tempestatem
3795 1515 3849 1568 in

2228 1613 2574 1667 serenitatem
2633 1625 2727 1666 sua
2774 1609 3035 1681 sapientia
3080 1616 3384 1671 convertet,
3430 1607 3851 1678 prudentiaque

2227 1720 2322 1760 sua
2355 1719 2598 1775 magnam
2645 1702 2888 1757 conferet
2923 1701 3367 1757 consolationem.
3399 1699 3703 1754 Enimvero
3746 1701 3851 1770 qui

2227 1798 2307 1853 sic
2368 1795 2639 1866 conjuncti
2700 1793 2936 1860 fuerint,
2981 1809 3011 1848 a
3078 1792 3223 1848 nulla
3278 1807 3460 1847 rerum
3509 1791 3846 1847 difficultate

2229 1887 2369 1944 male
2407 1886 2699 1942 habebunt.
2726 1885 2951 1955 Quando
2992 1885 3135 1941 enim
3180 1882 3492 1951 concordia,
3525 1892 3583 1938 et
3609 1898 3717 1955 pax
3741 1926 3758 1949 ,
3788 1894 3848 1940 et

2234 1981 2505 2036 vinculum
2557 1979 2861 2035 dilectionis
2920 1992 3045 2033 cum
3087 1977 3312 2032 muliere
3351 1984 3407 2031 et
3442 1976 3564 2031 viro
3630 1975 3844 2039 fuerit,

2228 2075 2407 2130 omnia
2448 2073 2608 2129 simul
2634 2071 2854 2128 afﬂuent
2880 2071 3055 2137 bona,
3081 2080 3134 2125 et
3165 2070 3328 2124 nullis
3358 2068 3569 2123 insidiis
3596 2069 3844 2138 expositi

2228 2177 2385 2224 erunt
2404 2209 2418 2230 ,
2450 2181 2640 2238 magno
2664 2175 2718 2221 et
2742 2163 3138 2236 inexpugnabili
3163 2162 3395 2233 quodam
3421 2177 3582 2217 muro
3610 2162 3846 2217 circum-

2230 2261 2359 2326 dati,
2394 2260 2497 2315 hoc
2521 2269 2623 2326 est,
2656 2275 2722 2314 ex
2763 2273 2825 2313 ca
2875 2273 2992 2329 quae
3038 2255 3332 2311 secundum
3380 2255 3548 2309 Deum
3589 2265 3676 2309 est
3704 2269 3845 2308 eon-

2229 2351 2430 2407 cordia.
2467 2350 2579 2405 lloc
2605 2349 2887 2405 adamante
2915 2348 3175 2403 firmiores
3195 2389 3211 2413 ,
3256 2345 3361 2401 hoc
3404 2344 3549 2400 ferro
3580 2344 3843 2399 fortioris

2230 2459 2325 2499 eos
2352 2442 2541 2497 reddet
2561 2484 2576 2507 ,
2608 2441 2710 2496 hoc
2730 2441 2980 2495 omnibus
3002 2438 3198 2494 divitiis
3222 2449 3275 2494 et
3299 2437 3633 2494 abundantia
3665 2439 3845 2509 magis

2234 2531 2572 2602 locupletabit
2593 2574 2607 2597 ,
2633 2530 2739 2586 hoc
2758 2530 2823 2586 ad
2857 2546 3139 2601 supernam
3163 2529 3386 2600 gloriam
3416 2529 3539 2585 illos
3562 2528 3841 2596 deducet,

2233 2624 2334 2679 hoc
2374 2633 2429 2679 et
2487 2622 2576 2679 Dei
2621 2622 3049 2678 benevolentiam
3100 2621 3178 2677 cis
3221 2621 3449 2676 ubertim
3497 2621 3843 2677 conciliabit.

2234 2715 2463 2772 l‘roinde
2489 2729 2584 2770 oro
2603 2756 2618 2779 ,
2650 2730 2719 2769 ne
2743 2713 2867 2784 quid
2891 2712 2965 2767 illi
2994 2712 3384 2784 praeferendum
3410 2715 3843 2771 existimemus:

2234 2809 2327 2864 sed
2376 2809 2553 2862 omnia
2598 2806 2849 2860 faciamus
2891 2814 2947 2860 et
2989 2821 3248 2876 agamus,
3297 2814 3355 2861 ut
3400 2807 3772 2876 tranquillitas
3792 2817 3848 2863 ct

2236 2916 2337 2971 pax
2383 2900 2452 2955 sit
2502 2898 2648 2953 inter
2692 2896 3084 2952 cohabitantes.
3128 2895 3277 2951 Tunc
3326 2896 3467 2951 enim
3519 2908 3572 2952 et
3627 2898 3727 2952 filii
3755 2900 3846 2968 qui

2236 3001 2528 3050 nascuntur
2555 2999 2836 3063 parentum
2886 2988 3137 3043 virtutem
3182 2998 3518 3059 sequentur;
3549 3006 3695 3060 quos
3722 2991 3847 3045 imi-

2242 3086 2495 3138 tabuntnr
2525 3090 2580 3137 et
2603 3080 2767 3147 serti,
2797 3089 2844 3135 et
2876 3079 3111 3149 undique
3138 3078 3330 3133 domus
3360 3080 3554 3135 virtute
3583 3079 3842 3145 ﬂorebit.

2236 3176 2446 3246 eritque
2493 3172 2768 3243 multiplex
2814 3187 2994 3227 rerum
3040 3172 3388 3244 prosperitas.
3434 3172 3663 3241 Quando
3686 3173 3839 3228 enim

2239 3267 2418 3322 divina
2443 3265 2653 3321 caeteris
2682 3262 3013 3334 prmferimus
3032 3304 3046 3327 ,
3072 3262 3224 3318 facile
3250 3263 3352 3318 alia
3374 3263 3555 3319 omnia
3577 3280 3845 3335 prospere

2240 3359 2397 3414 nobis
2436 3357 2761 3423 succedent,
2814 3365 2868 3411 et
2905 3356 3102 3410 nullam
3158 3356 3451 3411 sentiemus
3494 3357 3841 3427 molestiam,

2238 3451 2611 3522 suppeditante
2659 3451 2813 3505 nobis
2862 3450 3038 3503 omnia
3089 3449 3307 3520 largiter
3349 3450 3527 3504 divina
3571 3452 3839 3508 bonitate.

2239 3545 2312 3602 Ut
2338 3546 2495 3616 igitur
2519 3544 2678 3599 etiam
2707 3542 2806 3612 ipsi
2832 3541 3033 3612 absque
3061 3542 3270 3596 tristitia
3309 3552 3363 3599 et
3395 3544 3658 3612 temporis
3686 3545 3843 3601 ξςιεηε

2240 3638 2401 3692 vitam
2435 3637 2785 3707 transigamus
2808 3676 2822 3699 ,
2854 3644 2907 3690 et
2936 3634 3195 3704 majorem
3246 3635 3453 3690 Domini
3501 3637 3842 3695 benevolen-

2243 3732 2368 3786 tiam
2415 3730 2583 3800 magis
2624 3744 2686 3784 ac
2732 3728 2900 3797 magis
2948 3727 3101 3781 nobis
3146 3726 3535 3794 conciliemus,
3581 3730 3838 3786 virtutem

2242 3832 2541 3885 sectemur,
2584 3820 2922 3876 concordiam
2962 3828 3016 3874 et
3044 3834 3225 3889 pacem
3266 3820 3318 3874 in
3341 3819 3561 3876 domum
3590 3833 3840 3879 nostram

2243 3913 2578 3967 introducere
2604 3926 2895 3976 conemur;
2927 3926 3070 3964 cura:
3100 3909 3254 3964 nobis
3287 3911 3393 3964 sint
3422 3910 3676 3967 educatio
3701 3915 3840 3970 libe-

2242 4017 2423 4058 rerum
2451 4016 2593 4055 more
2601 4016 2731 4070 sque
2754 4000 3088 4065 famulorum,
3109 4009 3167 4053 ut
3180 4015 3278 4069 pro
3290 4000 3540 4055 omnibus
3567 4002 3737 4075 largis
3751 4020 3843 4060 ac-

2241 4094 2408 4163 ceptis
2425 4092 2961 4158 remunerationilms,
2982 4106 3286 4147 mereamur
3300 4101 3356 4147 et
3380 4096 3647 4161 promissa
3677 4097 3841 4164 bona,

2239 4186 2408 4255 gratia
2437 4195 2490 4240 et
2525 4183 2850 4255 benignitate
2879 4184 3086 4238 Domini
3115 4185 3280 4239 nostri
3309 4183 3434 4239 Jcsn
3479 4183 3723 4256 Christi,
3752 4192 3841 4245 cui

2241 4290 2361 4330 cmn
2391 4275 2546 4329 Patre
2575 4283 2627 4329 et
2652 4281 2837 4328 sancto
2859 4272 3080 4344 Spiritu,
3108 4274 3178 4328 sit
3203 4273 3369 4344 gloria
3389 4316 3405 4339 ,
3438 4274 3729 4345 imperium
3748 4320 3766 4345 ,
3789 4289 3849 4335 et

2243 4369 2432 4434 honor,
2453 4382 2591 4422 nunc
2609 4376 2660 4423 et
2677 4381 2911 4437 semper,
2933 4375 2988 4421 et
3014 4371 3065 4421 in
3078 4368 3268 4423 stecula
3289 4367 3844 4427 sa'culorum..\meu.

2745 4507 3027 4563 llOlilLlA
3067 4506 3313 4562 XXXIX.

2245 4660 2463 4730 Quando
2486 4671 2653 4715 autem
2676 4662 2841 4734 [actus
2868 4670 2941 4715 est
2961 4660 3145 4714 Abram
3171 4661 3448 4732 nonaginta
3481 4677 3660 4716 norem
3680 4680 3860 4720 anu.)-

2489 4769 2622 4819 runt,
2648 4753 2887 4825 apparuit
2905 4753 2950 4807 ei
2980 4751 3115 4807 Deus
3146 4752 3314 4823 (Gen.
3356 4754 3437 4808 17.
3467 4754 3555 4826 1).

2316 4907 2367 4961 1.
2411 4905 2648 4971 Vidistis.
2671 4904 3023 4973 dilectissimi,
3043 4905 3307 4977 quomodo
3336 4905 3467 4961 nihil
3487 4907 3559 4962 sit
3577 4908 3765 4965 otiose
3807 4912 3863 4964 in

2244 4998 2423 5055 divina
2466 4998 2737 5069 Scriptura
2760 4998 3039 5070 positum?
3065 4997 3273 5054 vidistis
3295 5008 3552 5070 quantum
3595 4994 3866 5058 utilitatis

2248 5090 2360 5146 heri
2389 5090 2744 5161 percepimus,
2774 5105 2893 5145 cum
2940 5090 3007 5145 de
3027 5089 3168 5161 Agar
3197 5090 3392 5146 ancilla
3421 5090 3640 5161 fugitiva
3670 5092 3866 5148 disse-

2249 5181 2536 5239 reremus?
2569 5180 2857 5236 Didicimus
2880 5181 3024 5236 enim
3056 5181 3373 5251 patriarcha:
3398 5182 3702 5248 lenitatem,
3735 5184 3866 5239 cxi-

2249 5288 2409 5328 mtam
2446 5272 2848 5338 continentiam,
2880 5273 3236 5328 reverentiam
3264 5288 3424 5344 quam
3471 5288 3598 5344 erga
3654 5273 3865 5330 Saram

2248 5365 2510 5432 exhibuit,
2537 5372 2590 5420 et
2606 5363 2874 5435 quomodo
2891 5364 3232 5420 concordiam
3256 5364 3413 5421 bonis
3436 5364 3690 5420 euntibus
3711 5380 3866 5436 pra:-

2251 5458 2524 5516 ferendam
2550 5457 2783 5513 duxerit.
2814 5456 3062 5515 Vidimus
3104 5458 3203 5514 Dei
3239 5456 3561 5513 ineffabilem
3597 5456 3862 5530 benigni-

2254 5557 2441 5617 tatem,
2471 5546 2744 5620 quomodo
2769 5549 2900 5603 etin
2927 5547 3187 5605 honorem
3212 5548 3341 5620 justi
3362 5565 3467 5605 non
3496 5548 3671 5605 solum
3689 5550 3861 5609 redu-

2253 5641 2332 5697 xit
2363 5640 2502 5712 Agar
2522 5674 2540 5705 ,
2561 5654 2675 5711 qua:
2711 5639 2762 5697 in
2791 5640 3077 5699 solitudine
3107 5641 3351 5711 errabat,
3383 5648 3438 5697 et
3475 5640 3540 5697 ob
3587 5640 3858 5698 timorem
