4070 6194
448 431 550 505 τὴν
589 432 767 502 ’Ἅγαρ
809 429 950 484 κατὰ
982 430 1083 502 τὴν
1124 429 1328 503 ἔρημον
1372 430 1760 502 πλανωμένην,
1790 429 1883 485 καὶ
1915 428 2003 483 διὰ
2028 428 2118 482 τὸν

447 521 547 592 τῆς
575 519 862 590 δεσποίνης
891 519 1053 589 φόϐον
1073 518 1479 590 ἀποδράσασαν,
1509 516 1645 571 ἀλλὰ
1665 517 1871 571 καὶτοῦ
1899 515 2121 588 Ἰσμαὴλ

445 607 543 661 τδν
577 605 737 661 τόκον
780 605 1105 677 ἐχαρίσατο,
1137 605 1340 674 πολλὴν
1379 603 1627 657 ἐντεῦθεν
1667 603 1746 673 τῷ
1785 603 1976 674 δικαίῳ
2022 602 2125 668 τὴν

452 693 807 766 παραμυθίαν
838 691 1069 747 ἐπινοῶν
1088 734 1102 755 ,
1128 693 1223 745 καὶ
1253 692 1355 761 τῆς
1386 689 1654 761 τοσαύτης
1683 688 1959 760 ὑπομονῆς
1984 690 2122 742 ἀπο-

449 782 633 845 ·διδοὺς
663 780 811 852 αὐτῷ
837 780 934 845 τὰς
960 780 1214 852 ἀμοιϐάς.
1244 778 1358 833 Kal
1387 776 1575 848 ἐπειδὴ
1603 775 1795 847 ἐτέχθη
1815 776 1845 828 δ
1876 773 2119 847 Ἰσμαὴλ,

451 868 747 941 βουλομένη
764 869 973 933 διδάξαι
986 872 1017 939 ή
1028 865 1350 941 μᾶςίδθδίή
1367 865 1486 919 θεία
1502 864 1692 936 Γραφὴ
1708 865 1801 917 τὸν
1822 863 2014 936 χρόνον
2026 863 2120 917 τοῦ

450 957 811 1028 πατριάρχου,
827 956 1039 1010 καὶτῶν
1060 954 1196 1008 ἐτῶν
1210 954 1300 1007 τὸν
1316 952 1547 1024 ἀριθμὸν
1575 953 1710 1023 ἡμῖν
1734 952 2122 1022 ἐπεσημήνατο

451 1043 697 1107 εἰποῦσα,
728 1045 809 1097 ὅτι
848 1043 1057 1099 Ἡνίκα
1104 1042 1315 1110 ἐτέχθη
1364 1043 1397 1093 ὀ
1452 1038 1739 1109 Ἰσμαὴλ,
1772 1038 1924 1093 ἐτῶν
1949 1037 2119 1108 ὀγδο-

450 1130 748 1197 ηκονταὲξ
776 1127 855 1201 ἦν
881 1133 913 1184 ό
933 1131 1176 1198 Ἀϐραμ.
1200 1128 1425 1197 Ἴδωμεν
1451 1127 1508 1179 δέ
1536 1126 1725 1181 λοιπὸν
1756 1125 1825 1179 τά
1848 1124 2117 1192 ἐντεῦθεν,

452 1218 539 1271 ἵνα
568 1217 662 1270 καὶ
689 1217 753 1269 ἐκ
779 1217 888 1269 τῶν
920 1216 1045 1286 ἑξῆς
1077 1214 1339 1286 μάθωμεν
1368 1213 1530 1268 πάλιν
1549 1212 1644 1267 καὶ
1666 1213 1761 1266 τοῦ
1785 1213 1992 1267 δικαίου
2023 1212 2120 1285 τὴν

452 1304 651 1375 πολλὴν
684 1303 958 1375 ὑπομονὴν
979 1344 992 1367 ,
1039 1303 1131 1355 xal
1173 1301 1266 1354 τοῦ
1315 1300 1585 1354 Δεσπέτου
1630 1299 1725 1371 τὴν
1770 1299 1975 1369 ἀφατον
2025 1301 2121 1355 καὶ

455 1390 895 1460 ὑπερϐάλλουσαν
918 1388 1342 1459 φιλανθρωπίαν.
1375 1386 1646 1456 Εἰσόμεθα
1685 1386 1740 1439 δὲ
1786 1385 1921 1456 μετά
1959 1387 2121 1457 ἀκρι-

458 1476 627 1542 ϐείας,
675 1477 769 1529 ἐὰν
811 1475 972 1528 πάλιν
1007 1474 1133 1538 τοὺς
1180 1475 1405 1546 χρόνους
1451 1472 1550 1543 τῆς
1595 1473 1738 1543 ζωῆς
1785 1471 1877 1525 τοῦ
1909 1473 2118 1526 δικαίου

456 1561 793 1633 καταμαθεῖν
814 1560 1155 1631 δυνηθῶμεν,
1185 1561 1276 1613 καὶ
1303 1562 1451 1623 ὅπως
1471 1561 1499 1613 ό
1518 1558 1717 1628 ἀγαθὸς
1751 1556 1882 1622 Θεδς
1903 1558 1970 1611 τά
1999 1560 2119 1613 κατ’

457 1647 619 1700 αὐτὸν
651 1646 918 1716 ᾠκονόμει
941 1687 956 1711 ,
992 1645 1112 1698 καθ’
1138 1645 1366 1698 ἕκαστον
1399 1644 1589 1716 καιρὸν
1615 1643 1840 1715 δοκιμὴν
1867 1643 1959 1697 τοῦ
1990 1645 2118 1698 ἰδίου

451 1733 781 1804 θεράποντος
836 1731 1166 1803 λαμϐάνων,
1228 1732 1322 1784 καὶ
1382 1731 1445 1784 τὸ
1498 1730 1739 1799 θεοφιλὲς
1796 1731 1961 1786 αὐτοῦ
2022 1733 2118 1804 τῆς

450 1819 677 1891 γνώμης
706 1819 907 1873 ἐκκαλύ
919 1837 1083 1873 πτων.
1112 1820 1284 1881 Αὐτὸς
1312 1817 1411 1888 μὲν
1436 1818 1543 1888 γὰρ
1571 1818 1793 1889 προῄδει
1823 1817 2006 1887 σαφῶς
2026 1818 2119 1871 τοῦ

454 1907 586 1960 ἰδίου
618 1906 831 1959 οἰκέτου
862 1905 960 1978 τὴν
987 1904 1439 1976 εὐγνωμοσύνην,
1481 1904 1577 1958 καὶ
1608 1904 1710 1973 τῆς
1749 1903 1925 1973 ψυχῆς
1952 1902 2115 1958 αὐτοῦ

449 1993 512 2046 τὸ
544 1991 739 2055 κάλλος
770 1992 1040 2061 ἠπίστατο
1060 2031 1075 2056 ,
1103 1991 1196 2044 καί
1226 1991 1317 2044 τὸν
1353 1989 1698 2062 μαργαρίτην
1734 1989 1973 2061 ἀκριϐῶς
2016 1989 2123 2058 ἐτί-

449 2096 658 2134 νωσκεν
681 2096 696 2111 ·
728 2079 843 2133 ἀλλ’
880 2078 1068 2150 ἐπειδὴ
1113 2079 1362 2133 ἐϐούλετο
1401 2080 1496 2133 καὶ
1527 2079 1659 2131 πᾶσι
1692 2080 1803 2142 τοῖς
1832 2079 1952 2132 τότε
1980 2093 2120 2150 πιρ-

449 2166 567 2219 οῦσι
603 2166 902 2238 κατάδηλον
949 2167 1113 2220 αὐτὸν
1156 2170 1376 2239 ποιῆσαι
1401 2206 1418 2231 ,
1469 2165 1560 2219 ἵνα
1602 2165 1696 2219 καὶ
1736 2167 1820 2228 εἰς
1851 2164 1950 2229 τὰς
1985 2166 2120 2237 μετά

452 2254 624 2307 ταῦτα
673 2255 867 2323 γενεάς
922 2255 956 2325 ή
1005 2253 1098 2307 τοῦ
1145 2254 1353 2308 δικαίου
1405 2252 1575 2323 ἀρετὴ
1633 2252 1769 2321 πρὸς
1823 2251 1982 2322 ζῆλον
2022 2252 2121 2305 καὶ

466 2340 695 2412 μίμησιν
733 2341 1026 2413 ἐφέλκηται
1072 2343 1198 2405 τούς
1243 2340 1597 2412 βουλομένους
1624 2381 1637 2403 ,
1670 2339 1759 2392 διά
1789 2339 1946 2393 τοῦτο
1979 2339 2119 2392 κατά

336 2470 341 2475 .
454 2427 649 2499 μικρὸν
679 2426 1009 2482 ἐκκαλύπτει
1031 2428 1121 2482 τὸν
1142 2427 1371 2481 πλοῦτον
1399 2428 1496 2498 τῆς
1520 2426 1612 2480 τοῦ
1634 2426 1841 2480 δικαίου
1869 2426 2117 2497 γνώμης,

451 2514 540 2569 ἵνα
567 2514 952 2585 παιδευώμεθα
980 2516 1074 2569 καὶ
1090 2517 1251 2587 ἡμεῖς
1279 2515 1547 2586 μηδέποτε
1568 2513 1867 2567 διαπιστεῖν
1884 2517 2005 2577 ταῖς
2025 2513 2118 2567 τοῦ

449 2600 585 2656 Θεοῦ
619 2602 973 2673 ἐπαγγελίαις
1001 2621 1016 2635 ο
1061 2603 1196 2674 μηδέ
1241 2603 1614 2674 δυσχεραίνειν
1656 2601 1792 2673 πρὸς
1833 2601 1933 2673 τὴν
1986 2602 2118 2654 ἀνα-

449 2690 631 2759 ϐολὴν,
681 2690 815 2744 ἀλλά
865 2690 1065 2762 μᾶλλον
1107 2690 1215 2742 τῶν
1260 2690 1551 2762 δρωμένων
1586 2690 1681 2743 καὶ
1721 2688 1830 2742 τῶν
1874 2691 1932 2742 ἐν
1963 2690 2119 2760 χερσί

447 2781 559 2844 τοῖς
583 2781 657 2850 μὴ
690 2777 1040 2850 βλεπομένοις
1070 2778 1292 2851 θαρρεῖν
1312 2818 1328 2842 ,
1360 2778 1579 2831 ἐπειδάν
1609 2779 1637 2830 ό
1674 2777 1890 2831 πάντων
1917 2777 2120 2830 Δεσπό-

445 2884 547 2938 της
582 2867 887 2939 ὑπόσχηται
915 2883 930 2898 ο
953 2868 1047 2921 καὶ
1072 2868 1269 2922 εἰδέναι
1307 2867 1383 2929 ὡς
1429 2867 1528 2937 οὐχ
1574 2860 1685 2918 οἷόν
1730 2866 1789 2919 τέ
1836 2882 1963 2919 ποτε
2000 2864 2117 2919 δια-

448 2957 636 3006 πεσεῖν
693 2955 763 3007 τά
817 2953 971 3024 παρά
1015 2952 1111 3005 τοῦ
1159 2952 1293 3005 Θεοῦ
1347 2951 1750 3020 ἐπαγγελθέντα
1776 2967 1789 2981 ο
1833 2951 1968 3006 ἀλλά
2014 2952 2117 3006 κᾶν

454 3041 649 3112 χρόνου
701 3038 896 3092 πολλοῦ
944 3038 1394 3110 παραδραμόντος
1438 3037 1656 3090 ἐναντία
1700 3039 1817 3101 ταῖς
1851 3037 1943 3091 τοῦ
1982 3038 2117 3092 Θεοῦ

451 3127 780 3198 ὑποσχέσεσι
831 3126 1076 3196 γένηται,
1134 3125 1267 3197 μηδέ
1322 3125 1464 3178 οῦτω
1517 3123 1835 3177 σαλεύεσθαι
1881 3124 1974 3178 τόν
2027 3125 2116 3178 λο-

449 3214 670 3285 γισμὸν,
715 3213 831 3267 ἀλλ’
863 3213 1061 3267 εἰδέναι
1090 3212 1184 3266 τοῦ
1214 3211 1684 3281 ἐπαγγειλαμένου
1729 3211 1789 3263 τὸ
1815 3211 2118 3282 εὐμήχανον

448 3304 545 3356 καὶ
581 3303 678 3373 τήν
724 3303 935 3373 ἄμαχον
975 3300 1203 3371 δύναμιν
1228 3339 1244 3365 ,
1293 3298 1388 3354 καὶ
1419 3300 1500 3352 ὅτι
1527 3299 1742 3352 ἐπειδὰν
1767 3299 1999 3371 βουληθῇ
2039 3301 2118 3364 είς

449 3389 610 3462 ἔργον
642 3391 871 3458 ἀγαγεῖν
920 3388 988 3442 τά
1037 3386 1358 3458 δεδογμένα,
1397 3386 1574 3440 πάντα
1620 3387 1757 3440 εῖκει
1799 3388 1892 3440 καὶ
1938 3405 2118 3459 παρα-

447 3480 632 3550 χωρεῖ.
679 3476 899 3546 Ἐπειδὴ
932 3473 1040 3546 γάρ
1075 3473 1277 3544 Κύριός
1305 3475 1422 3528 ἐστι
1482 3474 1582 3546 τῆς
1626 3473 1841 3545 φύσεως
1877 3476 1969 3529 καὶ
2019 3477 2116 3546 δη-

450 3564 740 3636 μιουργὸς,
783 3563 1008 3618 δυνατὸν
1035 3561 1182 3633 αὐτῷ
1214 3563 1308 3616 καὶ
1343 3561 1414 3616 τά
1454 3563 1593 3635 ὑπὲρ
1622 3562 1719 3633 τὴν
1749 3561 1910 3633 φύσιν
1942 3563 2118 3635 δωρή·

447 3651 667 3708 σασθαι.
695 3651 787 3724 Μὴ
816 3650 998 3706 τοίνυν
1027 3651 1163 3726 πρὸς
1193 3650 1292 3723 τὴν
1321 3649 1527 3705 οἰκείαν
1557 3651 1841 3707 ἀσθένειαν
1868 3651 2115 3724 ἀφορῶν-

447 3757 540 3804 τες
586 3739 1131 3814 πολυπραγμονῶμεν
1176 3738 1247 3792 τά
1299 3738 1449 3810 παρά
1488 3738 1583 3792 τοῦ
1628 3738 1763 3793 Θεοῦ
1813 3740 2112 3811 γινόμενα,

451 3825 587 3897 μηδὲ
617 3824 754 3896 πρὸς
785 3824 883 3897 τήν
917 3823 1150 3894 φυσικὴν
1194 3822 1513 3877 ἀκολουθίαν
1552 3823 1949 3888 ἀποϐλέποντες
1998 3826 2114 3895 σχί-

447 3908 637 3982 ζωμεν
660 3910 752 3965 τὸν
780 3911 1069 3981 λογισμὸν,
1085 3909 1223 3965 ἀλλά
1248 3909 1500 3983 καθάπερ
1522 3909 1861 3983 εὐγνώμονες
1886 3912 2112 3981 οἰκέται,

446 3998 650 4062 εἰδότες
718 3997 814 4052 τοῦ
873 3998 1144 4070 ἡμετέρου
1203 3998 1474 4053 Δεσπότου
1528 3998 1627 4072 τὴν
1675 3999 2114 4073 ὑπερϐάλλουσαν

441 4084 712 4157 δύναμιν,
761 4085 1105 4157 πιστεύωμεν
1156 4086 1321 4140 αὐτοῦ
1378 4088 1500 4153 ταῖς
1559 4087 1953 4157 ὑποσχέσεσιν,
2016 4090 2114 4143 καὶ

442 4172 703 4244 ἀνώτεροι
729 4173 1007 4245 γινώμεθα
1033 4173 1130 4245 τῆς
1160 4174 1396 4247 φυσικῆς
1418 4175 1720 4240 ἀσθενείας,
1761 4174 1845 4229 τνα
1871 4177 1966 4230 καὶ
2004 4177 2113 4229 τῶν

439 4260 886 4329 ἐπαγγελθέντων
939 4260 1382 4332 ἐπιτευξώμεθα,
1460 4265 1552 4316 καὶ
1610 4263 1709 4333 τῆς
1760 4264 1891 4333 παρ’
1949 4264 2112 4316 αὐτοῦ

442 4347 843 4419 ἀπολαύσωμεν
895 4348 1106 4412 εὐνοίας
1132 4390 1148 4414 ,
1207 4349 1301 4402 καὶ
1359 4348 1502 4403 κατά
1548 4349 1778 4420 δύναμιν
1834 4350 2113 4422 ἡμετέραν

440 4434 765 4504 τιμήσωμεν
808 4434 900 4486 τδν
952 4433 1105 4487 Θεόν.
1156 4433 1404 4506 Μεγίστη
1452 4435 1562 4508 γὰρ
1609 4434 1746 4508 αῦτη
1798 4437 1932 4509 τιμὴ
1980 4437 2112 4510 παρ⁹

439 4518 603 4593 ἡμῶν
638 4521 719 4584 είς
760 4520 957 4586 αὐτὸν,
997 4520 1058 4575 τὸ
1100 4520 1320 4594 θαρρεῖν
1370 4522 1537 4576 αὐτοῦ
1580 4525 1645 4595 τῇ
1699 4524 1959 4595 δυνάμει,
2006 4526 2111 4581 κᾶν

440 4606 662 4663 ἐναντία
749 4607 818 4661 τά
849 4611 963 4671 τοῖς
992 4608 1290 4681 ὀφθαλμοῖς
1319 4609 1419 4681 τῆς
1459 4610 1659 4683 σαρκὸς
1693 4610 1965 4683 ὁρώμενα.
2000 4615 2111 4667 Kal

436 4694 494 4749 τί
539 4695 872 4766 θαυμάζεις,
919 4699 969 4750 εί
1012 4697 1105 4750 ἐπὶ
1150 4695 1284 4750 Θεοῦ
1334 4698 1568 4769 μεγίστη
1614 4700 1731 4752 ἐστὶ
1771 4700 1903 4772 τιμὴ
1939 4701 1998 4754 τὸ
2034 4702 2110 4773 μὴ

437 4781 839 4857 ἀμφιϐάλλειν;
895 4784 1005 4836 Καὶ
1053 4783 1145 4836 ἐπί
1193 4782 1302 4837 τῶν
1348 4784 1655 4855 ὁμογενῶν,
1709 4787 1926 4841 ἐπειδὰν
1978 4790 2109 4860 ἡμῖν

436 4869 785 4941 ὑπόσχωνται
830 4888 886 4924 τι
942 4870 1053 4925 τῶν
1113 4872 1391 4943 ἐπικήρων
1447 4872 1655 4926 τούτων
1711 4874 1804 4927 καὶ
1856 4874 2111 4946 φθαρτῶν

438 4958 782 5030 πραγμάτων
809 4998 824 5023 ,
865 4956 930 5012 ἂν
957 4957 1032 5030 μή
1064 4958 1525 5031 ἀμφιϐάλλωμεν,
1567 4960 1703 5015 ἀλλὰ
1746 4961 2109 5035 θαρρήσωμεν

436 5043 520 5116 τῷ
541 5044 919 5117 ὑποσχομένῳ,
949 5048 1057 5109 πᾶς
1075 5063 1159 5109 τις
1179 5045 1358 5099 αὐτῶν
1386 5047 1650 5118 μεγίστην
1679 5049 1882 5122 ταύτην
1899 5053 2108 5122 ἡγεῖται

436 5134 761 5205 τετιμῆσθαι
790 5135 976 5207 τιμὴν,
1003 5135 1063 5188 τδ
1095 5134 1170 5206 μὴ
1200 5135 1465 5189 ἐνδοιάσαι
1496 5136 1735 5206 δηλονότι
1767 5141 1935 5211 ἡμᾶς,
1972 5144 2108 5199 ἀλλὰ

438 5219 713 5293 θαρρῆσαι
755 5222 918 5275 αὐτοῦ
965 5225 1086 5285 ταῖς
1131 5223 1506 5293 ὑποσχέσεσιν.
1558 5224 1619 5277 Εἰ
1661 5225 1839 5281 τοίνυν
1887 5230 1979 5284 καὶ
2020 5233 2105 5287 ἐπ’

436 5308 741 5382 ἀνθρώπων
763 5307 920 5363 τοῦτό
937 5312 1051 5364 ἐστι
1073 5308 1181 5364 τῶν
1203 5309 1296 5364 καὶ
1324 5309 2105 5388 μεταϐαλλομένωνπολλάκις,

435 5396 472 5468 ἡ
518 5397 589 5451 δι’
637 5397 921 5451 ἀσθένειαν
977 5399 1052 5469 μὴ
1092 5397 1405 5469 δυναμένων
1448 5400 1527 5462 εἰς
1569 5397 1726 5473 ἔργον
1759 5404 1987 5474 ἀγαγεῖν
2038 5407 2106 5462 τά

436 5480 693 5548 δόξαντα,
743 5480 921 5554 mm},
958 5482 1158 5553 μᾶλλον
1192 5482 1285 5536 ἐπὶ
1318 5482 1411 5536 τοῦ
1449 5484 1584 5538 Θεοῦ
1614 5487 1901 5560 ὀφείλομεν
1938 5493 2104 5547 αὐτοῦ

434 5568 660 5640 θαρρεῖν
686 5573 754 5641 τῇ
786 5571 1091 5644 ἐπαγγελίᾳ
1115 5614 1128 5637 ,
1160 5574 1261 5627 κάν
1292 5576 1349 5627 ἐν
1382 5574 1459 5646 τῷ
1490 5577 1640 5649 μέσῳ
1680 5578 1843 5644 πολὺς
1883 5580 2104 5652 γένηται

436 5655 644 5726 κράνος.
676 5655 865 5709 Ταῦτα
902 5657 961 5714 δέ
1016 5675 1106 5728 μοι
1156 5658 1251 5714 νῦν
1287 5661 1383 5730 οὐχ
1423 5662 1607 5728 ἀπλῶς
1666 5662 1815 5738 [596]
1867 5668 2102 5738 εἴρηται,

435 5741 553 5795 ἀλλ’
581 5737 668 5794 ἴνα
704 5741 903 5795 εἰδέναι
938 5743 1151 5814 ἔχωμεν
1170 5784 1185 5808 ,
1228 5747 1357 5800 ὅταν
1404 5748 1646 5820 ἔλθωμεν
1675 5752 1768 5805 ἐπὶ
1796 5737 1897 5824 τήν
1919 5737 2103 5825 ἀρχὴν

433 5826 542 5882 τῶν
581 5827 820 5911 σήμερον
862 5830 993 5898 ήμῖν
1025 5833 1426 5899 προτεθέντων,
1469 5837 1617 5900 ὅπως
1654 5839 1683 5889 ό
1725 5839 2103 5911 φιλάνθρωπος

433 5914 566 5978 Θιδς
591 5910 910 5984 βουλόμενος
932 5915 1132 5970 ἅπασιν
1161 5919 1429 5990 ἐπίσημον
1457 5923 1676 5992 ποιῆσαι
1712 5924 1801 5979 τὸν
1838 5910 2105 6001 πατριάρ-

1168 315 1231 373 S.
1265 313 1549 372 JOANNIS
1586 311 2068 371 CHRYSOSTOMI
2104 311 2425 369 ARCHIEP.
2463 312 3008 370 CONSTANTINOI‘.
3832 307 3919 363 33'!

2229 446 2351 500 χην,
2371 428 2468 482 ἐπὶ
2500 428 2769 483 τοσούτων
2794 428 2930 482 ἐτῶν
2953 425 3185 499 ἀριθμὸν
3211 424 3308 497 τὴν
3344 423 3564 478 οἰκείαν
3601 420 3916 475 ἐπιδείκνυ-

2225 532 2314 568 ται
2370 516 2773 588 μακροθυμίαν,
2817 516 2911 570 καὶ
2951 518 2980 569 ό
3027 514 3237 578 δίκαιος
3281 514 3341 567 οὐ
3398 510 3828 585 δυσχεραίνει,
3872 511 3918 564 ὦ

2227 605 2405 675 ναρκᾷ
2457 603 2593 674 πρὸς
2636 603 2697 656 τὸ
2755 602 2952 673 μῆκος,
3007 602 3108 655 οὐκ
3159 600 3539 671 ἀπαγορεύει,
3608 597 3777 652 ἀλλά
3822 601 3919 662 ταῖς

2227 694 2487 762 χρηστοῖς
2519 692 2699 745 ἐλπίσι
2731 691 3062 762 τρεφόμενος
3087 690 3188 760 τὴν
3219 688 3463 758 φιλόθεον
3479 687 3667 741 αὐτοῦ
3698 685 3919 758 γνώμην

2226 778 2314 831 διὰ
2348 778 2566 832 πάντων
2594 779 2980 834 ἐπιδείκνυται.
3031 776 3303 848 Εἰσόμεθα
3325 774 3670 848 δέἀκριϐῶς
3704 775 3920 834 ἃπασαν

2224 864 2320 918 τοῦ
2345 867 2683 938 πατριάρχου
2713 865 2813 936 τήν
2840 865 3060 937 ἀρετὴν,
3089 864 3184 918 ἐὰν
3214 863 3472 936 μάθωμεν
3501 863 3697 926 πόσος
3721 864 3917 933 μεταῇ

2218 950 2503 1023 διαγέγονε
2531 955 2742 1024 χρόνος.
2774 954 2956 1008 Πάντα
2977 952 3087 1023 γάρ
3106 953 3253 1023 ἡμᾶς
3282 951 3458 1005 ταῦτα
3491 951 3707 1021 σαφῶς
3725 950 3918 1014 διδάξει

2224 1040 2254 1093 δ
2313 1043 2580 1113 μακάριος
2638 1041 2880 1111 Μωῦσῆς
2922 1039 3031 1093 ὑπὸ
3088 1039 3184 1094 τοῦ
3234 1038 3556 1110 Πνεύματος
3612 1037 3724 1091 τοῦ
3772 1039 3918 1105 ἁγίου

2225 1124 2602 1199 ἐνηχοῦμενος.
2641 1127 2707 1180 Τί
2735 1123 2829 1181 οῦν
2858 1121 3014 1190 οὑτός
3043 1143 3234 1198 φησιν;
3276 1125 3472 1178 Ἥνίκα
3493 1125 3813 1196 ὑπήκουσε
3854 1124 3919 1193 τῷ
4019 1130 4021 1157 λ

2226 1215 2609 1286 προστάγματι
2636 1213 2731 1269 τοῦ
2764 1214 2901 1268 Θεοῦ
2922 1254 2937 1279 ,
2978 1215 3073 1268 καὶ
3109 1212 3352 1277 ἀναστάς
3379 1213 3488 1266 ἀπὺ
3525 1213 3643 1283 τῆς
3691 1213 3919 1283 xw

2228 1302 2321 1355 ἐπὶ
2336 1301 2433 1373 τήν
2450 1301 2764 1356 Χαναναίαν
2786 1299 3046 1372 ὥρμησεν
3059 1340 3073 1363 ,
3099 1299 3236 1353 ἐτῶν
3251 1295 3318 1370 ἦν
3332 1299 3914 1371 ἑϐδομηκονταπέντε.

2227 1388 2335 1441 Kal
2367 1387 2529 1452 εὐθὺς
2560 1386 2917 1441 καταλαϐόντι
2956 1384 3054 1457 τὴν
3100 1386 3406 1440 Χαναναίαν
3444 1385 3746 1456 ὑπέσχετο
3778 1384 3916 1455 αὐτῷ

2226 1480 2319 1533 καὶ
2349 1478 2426 1549 τῷ
2454 1479 2731 1550 σπέρματι
2765 1474 2927 1530 αὐτοῦ
2959 1474 3150 1529 δώσειν
3186 1476 3364 1528 πᾶσαν
3392 1475 3495 1547 τὴν
3530 1475 3676 1544 γῆν,
3723 1475 3829 1527 καὶ
3849 1476 3913 1537 εἰς

2224 1567 2474 1621 τοσοῦτον
2514 1566 2719 1636 πλῆθος
2772 1564 2995 1635 ποιῆσαι
3034 1562 3353 1627 ἐπιδώσειν,
3393 1562 3470 1626 ὣς
3520 1563 3909 1636 ἀναρίθμητοι

2225 1651 2385 1719 εἶναι,
2416 1652 2670 1724 καθάπερ
2696 1651 2793 1723 τήν
2816 1652 2997 1722 ἄμμον
3027 1650 3120 1703 καὶ
3147 1651 3269 1714 τοὺς
3298 1650 3557 1721 ἀστέρας.
3621 1651 3752 1703 Καὶ
3790 1652 3909 1721 μετὰ

2226 1741 2322 1812 τὴν
2350 1740 2681 1809 ἐπαγγελίαν
2708 1738 2910 1809 ταύτην
2950 1736 3118 1790 πολλά
3156 1738 3214 1791 ἐν
3254 1736 3334 1807 τῷ
3571 1737 3806 1809 συνέϐη
3845 1738 3905 1808 τῷ

2223 1831 2439 1902 δικαίῳ,
2492 1831 2526 1901 ἡ
2587 1828 2811 1893 κάθοδος
2859 1830 2895 1900 ἡ
2958 1829 3016 1881 ἐν
3065 1826 3323 1896 Αἰγύπτῳ
3371 1825 3460 1879 διά
3507 1825 3606 1878 τὸν
3642 1825 3900 1897 lt}:va

2226 1916 2449 1991 ἁρπαγὴ
2471 1917 2569 1988 τῆς
2591 1917 2792 1986 Σάρας,
2813 1915 2906 1968 xal
2931 1914 3092 1978 εὐθὺς
3115 1916 3148 1985 ἡ
3178 1914 3327 1983 παρά
3356 1912 3452 1965 τοῦ
3474 1911 3623 1965 Θεοῦ
3655 1914 3897 1984 πρόνοια

2224 2005 2334 2058 Kal
2368 2003 2528 2058 πάλιν
2569 2001 2707 2074 μετὰ
2736 2001 2834 2073 τήν
2872 2001 3080 2055 ἐκεῖθεν
3113 2001 3371 2054 ἐπάνοδον
3406 2001 3440 2071 ἡ
3475 1999 3640 2070 παρά
3676 2001 3783 2055 τοῦ
3822 2002 3901 2071 βο-

2227 2088 2419 2152 σιλέως
2444 2088 2551 2142 τῶν
2577 2086 2833 2160 Γεράρων
2861 2087 2989 2156 περὶ
3019 2084 3120 2153 τὴν
3155 2084 3334 2155 Σάραν
3366 2083 3643 2154 ἐπήρεια,
3678 2085 3788 2136 καὶ
3823 2101 3901 2136 πι-

2219 2175 2398 2248 ραχρῆ
2407 2193 2483 2246 μα
2509 2176 2542 2244 ἡ
2575 2174 2725 2245 παρὰ
2749 2172 2842 2226 τοῦ
2867 2171 3001 2226 Θεοῦ
3024 2170 3326 2241 ἀντίληψις.
3351 2171 3464 2224 Καὶ
3484 2169 3674 2224 ταῦτα
3695 2170 3898 2225 ἅπαντα

2222 2260 2364 2332 δρῶν
2405 2263 2433 2315 ό
2472 2261 2678 2324 δίκαιος
2711 2258 2847 2330 μετά
2878 2258 2975 2330 τὴν
3016 2257 3306 2328 ὑπόσχεσιν
3335 2256 3557 2326 ἐκείνην
3576 2256 3748 2326 αὐτῷ
3778 2275 3898 2327 συμ-

2224 2348 2472 2401 ϐαίνοντα
2493 2389 2508 2412 ,
2536 2348 2634 2400 οὐκ
2660 2346 2947 2401 ἐσαλεύετο
2972 2345 3065 2398 τὸν
3096 2344 3381 2413 λογισμὸν,
3414 2344 3539 2397 οὐδὲ
3574 2344 3895 2416 περιειργά·

2223 2432 2366 2499 ζετο,
2410 2436 2555 2499 τίνος
2595 2435 2780 2489 ἕνεκεν
2826 2435 2857 2487 ό
2908 2433 3162 2504 τοιαύτην
3209 2431 3544 2501 ἐπαγγελίαν
3608 2431 3896 2501 δεξάμενος

2221 2521 2496 2587 τοσούτοις
2566 2522 2661 2576 καὶ
2731 2520 2992 2585 τοιούτοις
3072 2520 3399 2590 πειρασμοῖς
3467 2518 3602 2571 καθ’
3664 2520 3896 2588 ἑκάστην

2223 2610 2563 2682 περιπίπτει,
2594 2610 2689 2664 καὶ
2715 2612 2773 2664 ἐν
2799 2609 3036 2680 τοσούτῳ
3066 2608 3242 2681 χρόνῳ
3270 2609 3329 2659 ἐν
3355 2606 3593 2676 ἀπαιδίᾳ
3616 2606 3894 2676 διαμένειο

2222 2698 2356 2752 ἀλλά
2390 2697 2634 2767 φιλόθεος
2656 2697 2735 2751 ὣν
2775 2698 2869 2751 καί
2890 2699 2998 2751 οὐκ
3024 2697 3350 2767 ἀνεχόμενος
3388 2696 3457 2765 τῇ
3489 2695 3764 2766 ἀσθενείᾳ
3800 2695 3895 2747 τῶν

2224 2786 2440 2840 οἰκείων
2460 2783 2738 2856 λογισμῶν
2755 2784 3045 2837 ὑποϐαλεῖν
3066 2784 3133 2838 τά
3155 2782 3306 2853 παρά
3331 2780 3427 2835 τοῦ
3449 2781 3597 2835 Θεοῦ
3622 2783 3892 2853 γινόμενα,

2222 2873 2318 2926 καί
2369 2872 2593 2945 ἔστεργε
2616 2911 2632 2935 ,
2686 2872 2782 2926 καὶ
2833 2871 2950 2942 μεθ’
3008 2871 3203 2942 ἡδονῆς
3252 2870 3468 2941 ἐδέχετο
3518 2869 3594 2923 τὰ
3660 2870 3744 2942 τῷ
3792 2870 3894 2940 Θεῷ

2220 2956 2499 3013 δοκοῦντα.

2288 3041 2359 3114 β’.
2383 3045 2492 3097 Kal
2521 3044 2657 3115 μετά
2681 3043 2903 3098 δέκατον
2929 3042 3174 3098 ἐνιαυτὸν
3202 3041 3471 3113 λαμϐάνει
3501 3040 3601 3095 τὸν
3643 3042 3890 3113 Ἰσμαὴλ.

2221 3126 2313 3179 τὸν
2342 3127 2449 3179 ἀπὸ
2476 3128 2574 3198 τῆς
2606 3127 2897 3199 παιδίσκης
2921 3166 2935 3189 .
2986 3127 3083 3180 καὶ
3118 3126 3199 3190 εἰς
3236 3125 3427 3180 τοῦτον
3462 3125 3723 3196 ἐνόμιζεν
3750 3125 3895 3194 αὐτῷ

2221 3208 2403 3263 λοιπον
2447 3210 2516 3263 τά
2559 3210 2660 3282 τῆς
2707 3210 3039 3280 ἐπαγγελίας
3086 3209 3506 3280 πεπληρῶσθαι.
3543 3206 3655 3262 Ἦν
3702 3208 3819 3279 γάρ
3863 3214 3895 3260 ο

2223 3292 2585 3364 πατριάρχης,
2644 3293 2844 3363 φησὶν,
2888 3294 3051 3365 ἡνίκα
3104 3291 3297 3364 ἐτέχθη
3347 3293 3380 3345 δ
3438 3291 3711 3364 Ἶσμαὴλ,
3765 3289 3894 3345 ἐτῶν

2221 3374 2551 3446 ὁγδοήκοντα
2588 3374 2669 3440 ἐξ.
2732 3374 2892 3429 Ἀλλά
2939 3375 3099 3429 πάλιν
3149 3375 3350 3445 ἐτέρων
3399 3374 3709 3445 δεκατριῶν
3766 3377 3892 3430 ἐτῶν

2221 3456 2455 3530 ἀριθμόν
2482 3458 2767 3529 γυμνάσας
2788 3460 2817 3511 ό
2842 3457 3219 3530 φιλάνθρωπος
3250 3456 3384 3520 Θεὸς
3421 3456 3521 3510 τοῦ
3548 3456 3775 3511 δικαίου
3804 3459 3892 3530 τὴν

2222 3541 2518 3613 ὑπομονὴν,
2558 3541 2679 3595 τότε
2717 3541 2815 3613 τὴν
2861 3542 3069 3595 οἰκείαν
3109 3541 3404 3611 ὑπόσχεσιν
3440 3544 3524 3605 εἰς
3551 3541 3731 3613 ἔργον
3758 3543 3888 3611 ἄγει,

2233 3624 2451 3697 Ἐπειδὴ
2475 3625 2585 3696 γάρ
2612 3622 2720 3678 εἶδε
2757 3624 2939 3688 καλῶς
2969 3636 2995 3665 α
3027 3623 3279 3695 καθάπερ
3320 3626 3380 3678 ἐν
3420 3626 3789 3697 χωνευτηρίῳ
3815 3623 3889 3677 διὰ

2220 3705 2315 3760 τοῦ
2352 3708 2561 3779 μήκους
2611 3705 2706 3760 τοῦ
2753 3706 2947 3778 χρόνον
2998 3704 3062 3759 τὸ
3109 3707 3331 3778 χρυσίον
3381 3705 3762 3779 ἐκκαθαρθὲν,
3806 3706 3888 3760 καὶ

2220 3789 2606 3861 λαμπροτέραν
2643 3789 2739 3843 καὶ
2774 3787 3132 3860 φαιδροτέραν
3168 3788 3261 3845 τοῦ
3292 3787 3507 3846 δικαίου
3544 3788 3659 3860 τήν
3703 3789 3888 3860 ἀρετὴν

2220 3871 2585 3941 ἀναφανεῖσαν
2609 3911 2625 3936 .
2678 3871 2911 3934 Ἡνίκα,
2951 3871 3114 3943 φησὶν
3132 3910 3147 3935 ,
3204 3870 3441 3940 ἐγένετο
3474 3869 3709 3940 Ἄϐραμ
3752 3868 3889 3923 ἐτῶν

2214 3954 2817 4024 ἐκνενηκονταεννέα,
2865 3955 3031 4024 ὤφθη
3075 3953 3235 4020 αὐτῷ
3269 3952 3452 4008 πάλιν
3492 3956 3528 4007 ὀ
3561 3955 3741 4020 Θεός.
3794 3952 3888 4006 Kz‘:

2218 4041 2360 4106 τίνος
2387 4042 2571 4095 ἕνεκεν
2610 4041 2862 4095 τοσοῦτον
2890 4042 3081 4114 χρόνον
3122 4040 3589 4113 ἐμακροθύμησεν
3619 4057 3637 4104 ;
3669 4040 3788 4112 Οὐχ
3815 4041 3889 4092 ἵνα

2217 4126 2310 4180 τοῦ
2335 4124 2543 4180 δικαίου
2573 4125 2732 4197 μόνον
2757 4125 2854 4196 τὴν
2883 4126 3183 4198 ὑπομονὴν,
3211 4125 3305 4178 καὶ
3338 4125 3436 4196 τήν
3460 4122 3679 4195 πολλὴν
3700 4124 3891 4198 ἀρετὴν

2217 4209 2644 4282 καταμάθωμεν,
2697 4209 2810 4264 ἀλλ’
2851 4211 2938 4263 ἴνα
2992 4208 3085 4262 καὶ
3129 4208 3228 4280 τῆς
3263 4206 3426 4261 αὐτοῦ
3455 4206 3759 4280 δυνάμεως
3795 4209 3891 4278 τήν

2217 4293 2520 4366 ὑπερϐολὴν
2555 4293 2771 4364 ἴδωμεν.
2817 4293 3009 4346 Ἦνίκα
3046 4291 3154 4364 γάρ
3187 4290 3567 4364 ἀπηγόρευσεν
3619 4292 3657 4362 ἡ
3697 4292 3889 4361 φύσις,

2217 4378 2313 4430 καὶ
2344 4377 2478 4448 πρὸς
2514 4376 2613 4447 τὴν
2651 4375 2992 4430 παιδοποιίαν
3019 4374 3205 4429 λοιπὸν
3228 4375 3499 4447 ἄχρηστος
3521 4368 3616 4446 ἧν,
3648 4393 3897 4446 καταμαο

2218 4459 2520 4531 ρανθέντων
2566 4457 2728 4512 αὑτοῦ
2775 4457 2882 4510 τῶν
2916 4457 3099 4529 μελῶν
3124 4496 3140 4520 ,
3182 4458 3276 4510 καὶ
3307 4456 3758 4525 κατεψυγμένων
3796 4456 3901 4508 ὐπδ

2214 4540 2309 4594 τοῦ
2340 4542 2545 4612 γήρως,
2571 4539 2689 4593 τότε
2708 4540 2800 4592 καί
2820 4540 2913 4592 τοῦ
2932 4540 3141 4592 δικαίου
3160 4540 3259 4609 τὴν
3276 4539 3480 4609 ἀρετὴν
3500 4535 3899 4597 ἐκκαλύπτων,

2216 4624 2311 4679 καὶ
2335 4623 2433 4696 τὴν
2455 4623 2661 4677 οἰκείαν
2690 4623 2904 4687 δεικνὺς
2929 4622 3177 4694 δύναμιν,
3213 4620 3281 4675 τά
3310 4620 3410 4690 τῆς
3439 4619 3790 4689 ἐπαγγελίας
3827 4621 3901 4681 είς

2216 4706 2375 4777 ἔργον
2405 4705 2546 4773 ἄγει.
2574 4704 2712 4758 Ἀλλ’
2730 4706 3024 4773 ἀναγκαῖον
3043 4703 3271 4757 ἀκοῦσαι
3293 4702 3389 4756 καὶ
3409 4700 3588 4756 αὐτῶν
3609 4701 3732 4754 τῶν
3748 4700 3901 4774 [39η

2214 4789 2367 4861 παρά
2389 4788 2483 4842 τοῦ
2512 4788 2647 4842 Θεοῦ
2671 4788 2807 4860 πρὸς
2832 4788 2995 4842 αὐτὸν
3018 4787 3311 4859 ῥηθέντων.
3338 4784 3682 4854 Γενομένῳ,
3709 4785 3901 4857 φησιν,

2212 4871 2375 4939 αὐτῷ
2412 4872 2564 4927 ἐτῶν
2604 4870 3204 4941 ἐννενηκονταεννέα,
3248 4869 3416 4938 ὤφθη
3454 4865 3626 4933 αὐτῷ
3651 4872 3691 4923 ό
3730 4868 3901 4934 Θαὶς,

2215 4957 2310 5011 καί
2359 4952 2529 5010 εἶπεν
2578 4955 2759 5022 αὐτῷ.
2815 4957 2984 5009 Ὅταν
3025 4954 3083 5008 δέ
3132 4952 3409 5024 ἀκούσῃς,
3443 4952 3673 5019 Ὠφθη,
3729 4951 3905 5023 μηδὲν

2213 5039 2467 5094 ταπεινὸν
2520 5040 2813 5104 ὑπόπτευε,
2868 5039 3001 5110 μηδὲ
3045 5037 3275 5108 νομίσῃς
3321 5034 3627 5104 ὀφθαλμοῖς
3691 5035 3906 5106 κριοὺς

2212 5121 2440 5192 δρᾶσθαι
2472 5121 2570 5192 τὴν
2605 5120 2755 5175 θείαν
2786 5121 3001 5189 ἐκείνην
3037 5119 3130 5172 καὶ
3159 5117 3434 5188 ἄφθαρτον
3463 5114 3751 5185 δύναμιν,
3790 5115 3907 5170 ἀλλ’

2212 5205 2449 5272 εὐσεϐῶς
2493 5207 2707 5260 ἅπαντα
2751 5203 2881 5257 νόει.
2919 5205 3107 5272 Ὠφθη
3137 5197 3256 5256 οὖν
3283 5197 3443 5264 αὐτῷ
3469 5201 3503 5252 ό
3530 5200 3691 5265 Θεζς
3723 5240 3744 5261 ,
3784 5201 3912 5255 ἀντὶ

2211 5288 2328 5355 τοῦ,
2355 5291 2453 5361 τῆς
2478 5289 2605 5359 παρ’
2639 5288 2801 5343 αὐτοῦ
2838 5287 3079 5359 δηλονότι
3104 5285 3442 5355 ἐπισκέψεως
3462 5283 3634 5337 αὐτὸν
3661 5283 3908 5355 ἠξίωσε.

2212 5373 2305 5428 καὶ
2335 5373 2482 5440 ἄξιον
2507 5374 2668 5427 αὐτὸν
2690 5373 3036 5449 ἡγησάμενος
3072 5372 3172 5442 τῆς
3199 5371 3328 5441 παρ’
3362 5369 3555 5423 ἐαυτοῦ
3597 5372 3911 5443 προνοίας.

2213 5455 2380 5525 πολλῇ
2410 5454 2745 5527 κεχρημένος
2768 5457 2834 5526 τῇ
2863 5453 3285 5522 συγκαταϐάσει,
3310 5451 3406 5506 καὶ
3426 5450 3785 5519 διαλέγεται,
3816 5452 3914 5507 καί

2211 5556 2373 5611 φησιν
2395 5557 2407 5570 ο
2443 5538 2590 5608 Ἐγώ
2626 5541 2743 5608 εἰμι
2785 5540 2818 5592 ό
2859 5540 3006 5601 Θεός
3042 5552 3160 5592 σου
3199 5552 3214 5565 ·
3250 5535 3561 5605 εὐαρέστει
3598 5534 3915 5590 έναι-των

2203 5640 2344 5692 μου,
2371 5623 2468 5676 καί
2502 5623 2672 5691 γίνου
2696 5622 3020 5691 ἄμεμπτος,
3049 5620 3145 5675 καὶ
3174 5618 3430 5689 θήσομαι
3449 5617 3566 5686 τὴν
3582 5617 3918 5689 διαθήκην

2202 5723 2322 5775 μου
2352 5706 2470 5761 ἀνὰ
2491 5706 2687 5776 μέσον
2713 5706 2860 5774 ἐμοῦ
2889 5705 2987 5759 καὶ
3017 5705 3132 5759 ἀνὰ
3160 5703 3354 5773 μέσον
3386 5716 3503 5755 σου
3524 5741 3539 5762 ,
3578 5700 3691 5753 καί
3738 5706 3916 5767 adn-

2209 5784 2368 5842 θυνῶ
2395 5802 2467 5841 σε
2488 5786 2736 5856 σφόδρα.
2775 5786 2883 5841 Καὶ
2911 5786 3132 5840 ἔπεσεν
3166 5785 3389 5854 Ἀϐραμ
3423 5782 3521 5837 ἐπὶ
3550 5786 3920 5852 πρόσωπον

2274 5941 2298 5968 ⁸
2322 5940 2493 5993 Καλῶς
2523 5939 2664 5990 deost
2690 5939 2738 5988 in
2766 5940 2959 5995 liorem
2983 5940 3071 5990 sed
3111 5939 3323 5989 habetur
3343 5935 3390 5987 in
3412 5936 3557 5986 Savil.
3587 5939 3640 5984 et
3672 5936 3736 5983 in
3790 5948 3900 5985 mss
