4084 6214
287 324 382 379 ’581

287 439 520 494 domina:
540 436 842 509 aufugerat,
871 434 963 490 sed
990 433 1114 490 etei
1139 430 1416 487 lsmaelem
1469 431 1674 502 prolem
1717 431 1882 496 dedit,

290 532 416 588 inde
444 531 590 601 justo
639 543 892 599 magnuut
944 526 1193 583 solatium
1241 524 1570 596 excogitatts,
1621 534 1886 596 tantaeque

289 625 557 696 patientia:
583 621 860 679 mercedes
885 621 932 676 ei
960 618 1282 674 retribucns.
1311 618 1373 672 Et
1400 626 1679 688 postquam
1732 626 1887 672 natus

289 725 370 772 est
408 714 619 778 lsmael,
646 714 834 768 volens
863 726 962 767 nos
986 710 1182 766 docere
1224 708 1498 779 Scriptura
1544 718 1754 778 tempus
1805 723 1888 777 pa-

291 807 558 873 triarchae,
581 805 740 862 etiam
791 817 1071 859 numerum
1100 816 1360 855 annorum
1405 800 1560 854 nobis
1589 799 1886 870 designavit

294 900 481 954 dicens
507 917 522 954 :
553 897 638 952 16.
669 895 886 964 Quando
908 904 1057 948 natus
1077 903 1150 946 est
1195 890 1406 956 Istunel,
1455 907 1704 944 annorum
1750 900 1889 944 oclo-

289 993 427 1062 giuta
454 1007 541 1044 sex
563 999 667 1043 erat
702 988 889 1042 Abram
917 984 1084 1058 (Cap.
1114 984 1176 1039 16
1207 986 1245 1053 ).
1280 983 1567 1039 Videamus
1611 989 1788 1035 autent
1832 988 1890 1035 et

291 1084 393 1139 hoc
412 1084 546 1146 loco,
571 1083 621 1136 id
643 1081 780 1152 quod
804 1090 852 1136 et
871 1096 935 1134 ex
957 1077 1301 1147 sequentibus
1322 1075 1610 1138 discemus,
1627 1073 1884 1144 insignem

293 1176 599 1246 patientiam
619 1173 768 1241 justi,
795 1183 844 1227 et
865 1169 1186 1226 ineﬁ‘ahilcm
1199 1179 1354 1237 atque
1372 1166 1619 1222 eximiam
1643 1164 1887 1236 benigni-

294 1276 455 1321 tatem
498 1265 726 1321 Dontitti.
770 1262 1013 1319 Sciemus
1035 1270 1213 1315 autem
1247 1268 1472 1328 utraque
1498 1255 1797 1321 evidenter,
1839 1257 1888 1312 si

294 1359 487 1413 iterum
529 1366 764 1426 tempora
807 1355 930 1410 vitae
978 1352 1108 1424 justi
1144 1350 1429 1406 addiscere
1469 1349 1803 1419 poterimus:
1835 1361 1887 1404 et

293 1449 567 1520 quomodo
595 1447 770 1502 bonus
805 1446 945 1501 Deus
971 1461 1088 1514 qua:
1114 1443 1180 1498 ad
1209 1457 1268 1498 se
1302 1441 1531 1497 attinent
1567 1441 1714 1496 omni
1756 1451 1886 1494 tem-

291 1557 422 1607 pore
450 1542 745 1611 dispenset,
785 1538 1016 1610 probans
1042 1552 1194 1592 suum
1222 1534 1501 1598 famulum,
1529 1544 1579 1588 et
1607 1533 1747 1605 piam
1771 1531 1889 1599 ejus

292 1641 525 1689 mentem
550 1633 826 1703 detegens.
856 1629 974 1700 Ipse
993 1629 1135 1683 enim
1163 1627 1309 1682 clare
1340 1624 1657 1696 prtesciebat
1698 1622 1882 1676 faitutli

292 1725 375 1778 sui
420 1733 626 1795 gratum
691 1723 950 1787 animum,
990 1719 1186 1774 animae
1227 1717 1342 1788 ejus
1411 1713 1886 1786 pulchritudinem,

291 1816 742 1886 margaritamqu
768 1814 907 1868 hanc
927 1811 1200 1868 evidenter
1244 1807 1571 1880 agnoscebat
1599 1823 1614 1861 :
1643 1805 1736 1861 sed
1765 1804 1889 1874 quia

290 1908 459 1964 voluit
483 1906 732 1962 omnibus
764 1915 890 1960 tunc
917 1902 1276 1973 praesentibus
1301 1914 1426 1956 eum
1453 1907 1639 1953 notum
1689 1896 1886 1962 facere,

292 2006 347 2052 ttt
371 2006 426 2053 et
451 1996 836 2067 posterioribus
861 1995 1072 2049 sacculis
1102 1995 1212 2064 ipsa
1240 1991 1370 2062 juin
1401 1991 1567 2045 virtus
1594 1987 1662 2042 ad
1712 1988 1887 2042 imita-

295 2088 492 2142 tionem
518 2101 580 2142 ac
605 2087 776 2140 zelum
799 2099 893 2140 eos
910 2084 997 2154 qui
1025 2083 1264 2139 aemulari
1295 2081 1496 2137 vellent
1524 2088 1842 2150 provocaret
1871 2095 1885 2130 :

294 2177 492 2233 idcirco
529 2177 780 2246 paulatim
809 2184 1038 2230 mentem
1080 2174 1210 2244 justi
1254 2182 1359 2228 tam
1396 2173 1705 2242 opulentam
1735 2171 1890 2226 nobis

294 2268 524 2340 detegit:
547 2276 604 2322 ut
621 2267 888 2322 discamus
904 2274 958 2321 et
983 2281 1080 2320 nos
1098 2265 1293 2320 divinis
1312 2264 1756 2337 promissionibus
1781 2278 1887 2318 non

294 2359 558 2424 difﬁdere,
591 2374 764 2429 neque
785 2358 1093 2413 dilationem
1125 2358 1383 2426 gravatim
1411 2355 1572 2423 ferre,
1600 2355 1693 2410 sed
1722 2355 1891 2424 majo-

295 2467 408 2508 rem
437 2466 586 2520 spem
614 2451 665 2504 itt
704 2449 1057 2505 invisibilibus
1085 2463 1244 2519 quam
1266 2448 1318 2505 in
1342 2448 1635 2503 visibilibus
1666 2462 1886 2517 ponere,

301 2558 422 2612 qum
453 2542 709 2597 Dominus
734 2540 970 2595 omnium
997 2542 1303 2610 promiserit
1357 2556 1371 2594 :
1404 2547 1458 2592 et
1499 2537 1730 2593 sciamus
1781 2552 1886 2590 non

295 2649 414 2690 esse
440 2633 693 2703 possibile
716 2642 771 2688 ut
793 2647 1044 2702 umquam
1065 2630 1312 2686 excidant
1340 2631 1602 2702 promissa
1631 2630 1720 2685 Dei
1748 2647 1762 2694 ;
1792 2631 1887 2684 sed

295 2737 349 2781 et
375 2729 419 2780 si
443 2728 601 2795 longo
629 2735 750 2796 post
781 2736 1020 2795 tempore
1060 2724 1308 2780 eveniant
1327 2725 1499 2793 aliqua
1529 2722 1722 2778 divinis
1767 2737 1888 2792 pro-

296 2816 474 2872 missis
493 2816 725 2883 diversa,
759 2831 827 2871 ne
856 2826 1134 2886 propterea
1160 2829 1312 2870 meus
1339 2814 1602 2879 turbetur,
1653 2814 1748 2868 sed
1796 2829 1887 2870 co-

295 2923 616 2978 gito-camus
641 2907 756 2978 ejus
782 2907 872 2978 qui
912 2906 1155 2976 promisit
1191 2905 1506 2976 sapientiam
1533 2913 1588 2960 et
1639 2905 1886 2960 invictam

297 3001 544 3074 virtutem
591 3009 693 3056 :et
743 3015 865 3054 eum
921 2998 1368 3069 quandocumque
1415 2997 1666 3060 voluerit,
1726 3012 1888 3067 opere

294 3110 413 3166 qua:
433 3095 531 3150 sibi
564 3093 752 3163 placita
784 3103 907 3148 sunt
968 3091 1239 3162 complere
1281 3106 1461 3161 posse,
1513 3091 1798 3161 omniaque
1837 3090 1887 3146 ei

293 3201 513 3241 cessura
542 3194 596 3239 et
636 3185 1074 3254 obtemperatum
1100 3197 1238 3238 esse.
1271 3181 1404 3238 Nam
1453 3181 1578 3252 quia
1633 3182 1888 3238 Dominus

294 3288 371 3332 cst
392 3288 593 3332 natura:
623 3285 671 3332 et
713 3274 925 3346 Opil'es,
954 3283 1126 3346 potest
1147 3275 1304 3329 etiam
1331 3275 1461 3330 dare
1485 3289 1548 3330 ea
1569 3290 1688 3347 qum
1724 3289 1887 3343 supra

297 3377 540 3422 naturam
570 3374 713 3421 sunt.
744 3365 821 3420 Ne
853 3367 1009 3437 igitur
1037 3366 1103 3419 ad
1159 3367 1426 3434 pmpriam
1469 3365 1885 3420 imbecillitatem

297 3459 669 3528 respicientes,
693 3458 959 3511 curiosius
997 3472 1116 3524 qua:
1141 3472 1172 3508 a
1214 3456 1327 3509 Deo
1363 3455 1495 3508 liunt
1532 3455 1888 3524 inquirantus,

300 3566 471 3619 neque
518 3549 584 3602 ad
641 3559 843 3601 naturae
912 3545 1157 3600 ordinem
1216 3544 1578 3612 intendentes,
1654 3553 1886 3600 mentem

299 3641 598 3696 dividamus
629 3638 760 3694 :sed
803 3638 942 3693 sicut
985 3639 1119 3707 grati
1178 3633 1381 3701 lamuli,
1434 3636 1748 3691 immensam
1787 3638 1890 3692 Do.

300 3735 428 3790 mini
467 3733 634 3788 nostri
691 3731 984 3802 potentiam
1075 3744 1180 3784 non
1221 3729 1546 3800 ignorantes,
1610 3729 1890 3785 credamus

299 3827 416 3896 ejus
482 3822 946 3894 promissionibus,
996 3831 1052 3877 ut
1115 3820 1362 3876 humanis
1411 3821 1613 3876 viribus
1648 3823 1892 3894 superio-

303 3933 388 3972 res
416 3916 558 3977 facti,
587 3914 847 3985 promissa
874 3929 1223 3985 assequamur
1251 3913 1493 3979 omnino,
1521 3922 1577 3969 et
1603 3914 1722 3984 ejus
1747 3914 1892 3970 frua-

304 4026 423 4064 mur
472 4008 864 4075 benevolentia,
891 4022 954 4063 ac
980 4022 1076 4078 pro
1099 4015 1284 4063 nostro
1323 4006 1461 4062 virili
1486 4008 1652 4062 Deum
1677 4024 1891 4078 quoque

306 4104 607 4158 timeamus.
665 4101 928 4157 Maximus
967 4101 1109 4156 enim
1165 4100 1252 4155 hic
1299 4109 1382 4155 est
1450 4108 1631 4156 uoster
1696 4100 1892 4166 honos,

303 4212 460 4266 quem
505 4195 700 4251 otl‘erre
741 4209 1042 4265 possumus,
1102 4201 1159 4248 ut
1200 4193 1378 4250 virtuti
1432 4193 1596 4264 ipsius
1643 4195 1886 4260 ﬁdamus,

303 4289 508 4344 etiamsi
537 4288 746 4343 carneis
773 4287 939 4342 oculis
965 4300 1083 4356 qua:
1108 4295 1231 4341 sunt
1273 4286 1540 4340 contraria
1594 4285 1889 4343 videamus.

309 4383 372 4436 Et
414 4381 540 4452 quid
586 4379 888 4443 admiraris,
921 4379 965 4434 si
1005 4377 1144 4447 apud
1197 4377 1363 4434 Deum
1410 4377 1581 4434 honor
1609 4379 1679 4434 sit
1725 4380 1894 4434 maxi-

307 4487 426 4525 mus
483 4487 589 4526 non
653 4468 940 4524 dubitare?
990 4468 1162 4524 Etiam
1237 4468 1379 4539 apud
1441 4469 1709 4537 homines,
1767 4485 1891 4526 cum

306 4561 432 4631 quid
459 4577 524 4617 ex
551 4561 632 4615 his
657 4559 812 4615 ﬂuxis
841 4571 892 4616 et
917 4560 1243 4629 corruptioni
1291 4560 1538 4614 obnoxiis
1589 4559 1748 4615 rebus
1799 4575 1896 4615 uo—

309 4653 391 4707 bis
436 4654 782 4722 promittitur,
833 4652 877 4706 si
906 4667 1004 4707 nos
1025 4652 1092 4708 de
1113 4651 1392 4722 promissis
1433 4666 1537 4706 non
1566 4651 1894 4720 dubitemus,

312 4747 406 4801 sed
439 4745 765 4816 promittenti
795 4744 953 4802 ﬁdem
1005 4744 1319 4807 habeamus,
1361 4743 1412 4798 id
1439 4744 1670 4798 maximo
1705 4743 1894 4800 honori

311 4838 543 4905 ducitur,
593 4839 734 4907 quod
761 4853 955 4908 nempe
983 4851 1090 4892 non
1120 4836 1448 4903 dubitemus,
1473 4836 1566 4891 sed
1615 4838 1896 4906 promissis

315 4930 558 4984 ﬁdamus.
590 4928 741 4997 Quod
769 4928 812 4983 si
840 4928 942 4983 hoc
987 4928 1039 4983 in
1071 4927 1397 4993 hominibus,
1422 4927 1515 4999 qui
1548 4936 1653 4981 tam
1705 4927 1898 4982 crebro

314 5022 394 5075 vel
421 5030 709 5085 mutantur,
742 5020 822 5074 vel
867 5020 937 5075 ob
967 5021 1327 5075 inﬁrmitatem
1359 5029 1611 5086 praestare
1637 5018 1766 5071 nihil
1816 5033 1900 5072 va-

314 5114 419 5168 lent
438 5130 454 5166 τ
473 5119 672 5182 quanto
689 5111 856 5181 magis
871 5109 1251 5180 omnipotentis
1274 5107 1366 5162 Dei
1385 5108 1659 5177 promissis
1677 5107 1898 5162 credere

313 5204 588 5267 debemus,
613 5202 822 5259 etiamsi
845 5202 1056 5258 interim
1072 5201 1294 5256 multum
1319 5197 1575 5267 temporis
1594 5198 1860 5253 interﬂuat
1875 5200 1902 5251 Υ

316 5294 441 5350 llaec
458 5304 633 5349 autem
662 5309 689 5348 a
719 5309 806 5350 me
830 5310 971 5350 nunc
1000 5309 1104 5349 non
1133 5292 1335 5363 absque
1360 5303 1519 5345 causa
1566 5288 1708 5345 dicta
1752 5299 1896 5356 sunt,

319 5387 413 5442 sed
438 5395 493 5440 ut
519 5387 657 5442 scire
686 5387 970 5457 possimus,
1004 5401 1124 5441 cum
1155 5383 1458 5439 venerimus
1477 5381 1542 5436 ad
1585 5381 1899 5452 principium

318 5495 503 5536 corum
533 5495 652 5549 qua:
681 5476 839 5532 ltodic
867 5477 1020 5532 nobis
1049 5484 1171 5530 sunt
1195 5473 1482 5544 proposita,
1512 5472 1782 5541 quomodo
1807 5475 1900 5544 be-

319 5573 509 5643 nignus
559 5572 698 5626 Deus
738 5569 927 5625 volens
973 5567 1112 5640 apud
1160 5580 1348 5622 omnes
1402 5563 1636 5618 nobilem
1679 5562 1905 5619 reddere

320 5662 696 5734 patriart'ham,
729 5671 806 5718 tot
831 5662 988 5717 annis
1021 5657 1450 5731 procrasﬁnavit,
1475 5663 1530 5711 et
1554 5655 1767 5712 interim
1813 5658 1902 5725 ju-

315 5769 426 5812 stus
451 5773 554 5813 non
577 5772 718 5828 aegre
740 5755 961 5821 ferebat,
988 5767 1094 5808 non
1110 5753 1181 5808 ob
1207 5751 1607 5806 diuturnitatem
1625 5757 1901 5819 torpesce-

1388 313 1450 368 ΙΝ
1490 313 1638 369 CAP.
1679 312 1834 368 XVII.
1877 312 2118 370 GENES.
2159 313 2383 372 UUMIL.
2420 316 2656 374 XXXIX.

3481 328 3584 385 361

2007 434 2116 498 bat,
2141 446 2241 488 nec
2260 432 2595 506 desperabat,
2627 435 2721 489 sed
2747 433 2887 490 bona
2919 450 3014 508 spe
3045 449 3341 512 vegetatus,
3367 446 3580 518 religio-

1989 537 2106 576 sum
2138 525 2376 579 animum
2408 526 2458 580 in
2490 526 2740 582 omnibus
2766 543 2877 600 pra:
2898 544 2958 584 sc
2982 528 3204 588 ferebat.
3228 533 3581 593 Sciemusau-

1991 622 2095 670 tem
2126 616 2323 687 liquido
2350 631 2562 673 omnem
2607 620 2923 688 patriarcha:
2945 623 3212 693 virtutem,
3233 627 3278 682 si
3329 628 3581 687 didiceri-

1991 721 2109 760 mus
2137 716 2390 778 quantum
2419 709 2621 766 interea
2653 719 2860 781 tempus
2890 713 3132 784 elapsum
3158 717 3338 776 fuerit.
3389 721 3579 779 Omnia

1991 797 2131 850 enim
2164 799 2352 854 beatus
2371 799 2544 855 Moses
2572 801 2772 871 Spiritu
2795 814 2982 860 saneto
3011 806 3222 863 afﬂatus
3244 809 3390 868 clare
3418 812 3580 868 doce-

1993 887 2086 940 bit.
2117 888 2252 956 Quid
2283 889 2442 960 igitur
2481 891 2569 947 ille
2595 894 2770 948 dicit?
2798 895 3021 962 Quando
3042 899 3275 954 obedivit
3325 905 3579 959 mandato

1995 978 2108 1043 Dei,
2141 987 2194 1032 et
2246 980 2479 1050 migrans
2507 997 2537 1036 a
2568 983 2826 1053 Charran,
2861 987 2912 1040 in
2955 987 3315 1045 Chananwam
3354 1003 3584 1049 conten-

1992 1070 2090 1136 dit,
2122 1087 2382 1127 aunorum
2410 1084 2524 1128 erat
2551 1077 2884 1146 septuaginta
2914 1079 3168 1149 quinque.
3201 1082 3265 1136 Et
3297 1085 3478 1140 statim
3524 1097 3579 1142 ut

1993 1163 2135 1216 venit
2160 1163 2210 1218 itt
2238 1163 2617 1230 Chananteam,
2646 1168 2904 1223 Dominus
2954 1173 3194 1240 promisit
3226 1177 3274 1229 ei
3307 1185 3360 1230 et
3385 1179 3577 1234 semini

1992 1255 2107 1321 ejus
2128 1255 2372 1310 daturum
2394 1272 2458 1313 se
2477 1273 2691 1314 omnem
2715 1271 2931 1329 terram,
2955 1273 3008 1317 et
3030 1275 3176 1319 tanto
3199 1284 3421 1324 nnntero
3444 1273 3577 1325 mul-

1995 1345 2369 1414 tiplicaturum,
2407 1359 2457 1403 ut
2494 1351 2878 1407 ittntltttel'ubiie
2907 1355 2996 1408 ﬁat
3025 1356 3163 1412 sicut
3184 1374 3346 1413 arena
3373 1371 3426 1415 et
3450 1364 3578 1417 stel-

1993 1437 2078 1490 he.
2113 1438 2177 1492 Et
2206 1451 2326 1508 post
2374 1443 2776 1511 promissionem
2811 1446 2945 1501 hanc
2973 1449 3136 1503 multa
3167 1450 3378 1507 interim
3433 1457 3578 1510 acci—

1994 1527 2188 1585 derunt
2205 1531 2372 1601 justo,
2399 1549 2591 1604 nempe
2613 1534 2902 1592 descensus
2929 1533 2984 1591 in
3011 1538 3299 1612 Egyptian
3355 1556 3576 1614 promer

1995 1618 2212 1690 famem,
2255 1633 2438 1693 raptus
2473 1625 2641 1697 Sara‘,
2689 1639 2743 1682 et
2778 1630 2954 1684 statim
2984 1631 3159 1686 divina
3214 1636 3574 1703 providentia.

1996 1712 2192 1768 lterum
2246 1725 2366 1787 post
2429 1717 2658 1772 reditum
2712 1721 2779 1774 ab
2837 1720 3092 1792 Egypto,
3143 1725 3245 1779 alia
3297 1728 3581 1782 occasione

1993 1801 2139 1857 Sara:
2173 1807 2482 1861 molestiaaa
2527 1823 2652 1879 rege
2691 1808 3037 1878 Cerarorum,
3085 1823 3140 1870 et
3175 1817 3352 1872 statim
3393 1834 3422 1872 a
3468 1818 3578 1874 Deo

1994 1894 2314 1950 subsidium.
2331 1899 2504 1968 Atque
2523 1898 2637 1955 haec
2664 1901 2765 1955 sibi
2783 1903 3078 1959 accidentia
3093 1907 3270 1962 omnia
3289 1909 3475 1964 videns
3494 1910 3582 1981 ju-

1993 1996 2109 2041 stus
2136 1998 2257 2056 post
2282 1991 2688 2058 promissionem
2718 1993 2883 2060 illam,
2913 2010 3020 2050 non
3048 1997 3359 2055 turbabatur
3377 2002 3576 2066 animo,

1996 2091 2170 2148 neque
2213 2078 2476 2135 curiosius
2521 2080 2849 2151 disquirebat
2899 2101 3064 2154 quare
3101 2099 3317 2159 accepta
3347 2093 3578 2159 promis-

1993 2170 2142 2225 sione
2171 2171 2283 2237 tali,
2308 2171 2359 2225 iu
2393 2180 2565 2228 tantas
2589 2173 2824 2244 talesque
2847 2177 3162 2234 tentationes
3190 2179 3426 2250 quotidie
3450 2182 3581 2236 inei-

1993 2263 2166 2332 deret,
2189 2273 2242 2320 et
2266 2273 2410 2320 tanto
2441 2273 2681 2337 tempore
2707 2278 2950 2325 maneret
2974 2270 3176 2341 absque
3199 2273 3365 2342 prole.
3396 2274 3579 2330 Noluit

1995 2354 2136 2409 enim
2165 2365 2348 2425 utpote
2373 2356 2509 2426 pius,
2534 2356 2780 2414 humanis
2820 2361 3113 2417 rationibus
3147 2379 3210 2418 ea
3251 2379 3369 2435 qua:
3395 2381 3426 2420 a
3469 2367 3582 2422 Deo

1995 2446 2194 2502 ﬁebant
2226 2447 2509 2517 subjicere,
2537 2457 2592 2504 et
2615 2450 2741 2504 boni
2767 2451 3099 2519 consulebat,
3131 2463 3381 2526 grataque
3406 2460 3579 2512 susci—

1996 2539 2171 2607 piebat
2196 2554 2544 2610 qua'cumque
2567 2541 2676 2596 Deo
2699 2539 2910 2596 fuerant
2940 2543 3069 2599 visa.

2063 2629 2115 2684 2.
2145 2628 2247 2686 Cur
2273 2629 2411 2684 Deus
2453 2632 2526 2684 sic
2569 2632 2852 2686 cunctando
2895 2633 3175 2703 probaverit
3213 2637 3426 2705 Abram;
3450 2657 3580 2712 quo-

1994 2722 2144 2776 modo
2185 2723 2291 2777 haec
2331 2739 2428 2778 eoa:
2459 2742 2478 2776 ι
2506 2727 2742 2795 apparuit
2768 2744 2786 2778 ι
2813 2727 3108 2796 accipienda
3145 2729 3230 2783 sit.
3261 2759 3333 2770 —
3357 2731 3422 2785 Et
3460 2742 3580 2803 post

1992 2814 2255 2870 decimum
2294 2832 2491 2870 aunutn
2521 2818 2754 2888 suscepit
2779 2818 3060 2876 lsmaelcm
3085 2835 3151 2876 ea
3183 2823 3397 2890 ancilla,
3433 2835 3578 2894 post-

1993 2921 2162 2978 eaque
2214 2906 2265 2960 in
2323 2907 2412 2962 illo
2456 2909 2660 2980 putavit
2703 2909 3115 2981 promissionem
3162 2911 3575 2983 adimplendam.

1994 2996 2124 3052 Erat
2164 2999 2306 3053 enim
2346 3000 2666 3069 patriarcha,
2716 3003 2930 3071 quando
2969 3012 3128 3058 natus
3171 3014 3254 3059 est
3281 3006 3332 3060 ei
3363 3005 3578 3071 lsntacl,

1991 3105 2253 3147 annorum
2280 3093 2549 3164 octoginta
2577 3108 2691 3149 sex.
2747 3092 2854 3150 Sed
2901 3096 3092 3151 iterum
3135 3097 3390 3153 tredecim
3425 3101 3585 3156 annis

1991 3193 2273 3240 exercetur
2295 3199 2326 3238 a
2351 3185 2580 3256 benigno
2609 3187 2718 3242 Deo
2754 3187 2871 3257 ejus
2918 3188 3187 3257 patientia,
3217 3190 3387 3246 donec
3415 3192 3581 3262 ipsius

1995 3275 2275 3344 promissio
2297 3276 2598 3347 impleatur.
2630 3277 2762 3332 Nam
2789 3278 2910 3347 quia
2938 3279 3101 3346 probe
3126 3289 3364 3348 noverat,
3387 3297 3578 3352 quem-

1992 3366 2278 3421 admodum
2320 3383 2508 3422 aurum
2562 3369 2613 3421 in
2671 3368 2884 3421 fornace
2914 3369 3167 3438 teutporis
3208 3369 3576 3437 diuturnitate,

1995 3455 2064 3508 ita
2087 3457 2287 3522 justum
2313 3456 2546 3526 purgari,
2577 3456 2796 3525 ejusque
2818 3456 3064 3512 virtutem
3089 3459 3369 3516 clariorem
3387 3471 3438 3516 et
3460 3464 3581 3518 illu-

1993 3545 2239 3600 striorem
2260 3544 2373 3600 ﬁeri
2395 3564 2408 3599 :
2439 3548 2456 3600 1
2479 3544 2627 3619 (Cap.
2648 3546 2756 3619 i7).
2780 3549 2994 3614 Quando
3012 3554 3179 3622 [actus
3195 3563 3265 3607 est
3282 3553 3467 3607 Abram
3489 3572 3567 3609 mt-

1995 3653 2174 3690 norum
2193 3640 2468 3709 nonaginta
2488 3655 2682 3705 novem,
2703 3641 2891 3712 inquit,
2911 3644 3148 3713 apparuit
3165 3643 3359 3700 οἱοί-ιιι
3376 3647 3574 3702 iterum.

1997 3728 2064 3782 Et
2099 3745 2389 3800 quarenam
2442 3740 2590 3787 tanto
2641 3741 2878 3804 tempore
2927 3735 3170 3791 distulit?
3213 3737 3282 3794 Ut
3329 3754 3435 3794 non
3484 3756 3575 3795 so-

1997 3819 2105 3874 lum
2147 3820 2276 3891 justi
2322 3823 2632 3893 patientiam
2677 3834 2732 3879 et
2774 3825 3020 3881 virtutem
3067 3827 3359 3895 discamus,
3402 3831 3496 3888 sed
3525 3844 3578 3887 et

1996 3909 2309 3967 immensam
2363 3913 2530 3984 ipsius
2579 3917 2867 3984 potentiam
2914 3917 3207 3974 videamus.
3255 3920 3390 3976 Cum
3437 3925 3585 3978 enim

1996 4001 2125 4056 nihil
2171 4002 2286 4072 spei
2329 4011 2383 4058 “et
2423 4005 2834 4074 exspectationis
2875 4017 3017 4062 esset
3045 4008 3096 4063 iu
3130 4021 3318 4066 natura
3366 4028 3486 4083 qua:
3512 4015 3584 4069 ad

1998 4094 2382 4164 procreaudam
2405 4096 2606 4166 prolem
2639 4097 2835 4152 inutilis
2863 4108 2980 4155 erat
3005 4109 3059 4155 et
3085 4103 3321 4158 membra
3353 4120 3462 4175 pra:
3490 4123 3578 4162 se-

1998 4193 2212 4240 nectute
2237 4186 2482 4258 languida
2507 4199 2561 4244 et
2586 4187 2772 4259 frigida
2799 4201 3000 4252 essent.
3035 4201 3159 4248 tunc
3202 4194 3413 4250 tandem
3451 4197 3585 4267 justi

1998 4275 2245 4332 virtutem
2275 4277 2499 4347 detexit,
2530 4289 2585 4335 et
2627 4295 2775 4335 suam
2822 4283 3110 4351 potentiam
3161 4284 3430 4353 indicavit,
3460 4304 3585 4358 pro~

1999 4369 2306 4425 missionem
2328 4371 2618 4442 implendo.
2647 4372 2755 4429 Sed
2783 4389 2961 4444 opera:
3003 4377 3230 4446 pretium
3271 4390 3373 4445 est,
3404 4391 3462 4437 ut
3488 4383 3585 4439 ite-

1999 4474 2115 4514 rum
2138 4459 2490 4516 audiamusea
2513 4462 2623 4533 ipsa
2649 4479 2768 4534 qua:
2791 4479 2912 4519 cum
2942 4466 3034 4521 illo
3063 4467 3203 4523 Deus
3229 4468 3475 4540 loquutus
3504 4487 3587 4530 est

2001 4552 2183 4608 verba.
2208 4553 2337 4608 Cum
2367 4558 2534 4626 factus
2558 4557 2692 4610 cuitu
2721 4568 2863 4624 esset,
2891 4559 3080 4630 inquit,
3108 4564 3385 4633 nonaginta
3410 4580 3593 4620 storem

2001 4660 2267 4710 annorum,
2314 4648 2550 4717 apparuit
2592 4655 2638 4702 et
2681 4646 2840 4717 Deus,
2891 4661 2938 4704 et
2975 4651 3104 4706 dixit
3131 4654 3197 4706 ci.
3238 4655 3369 4709 Cum
3410 4666 3593 4712 autent

2003 4737 2273 4801 audieris,
2320 4739 2590 4807 Apparuit,
2643 4738 2772 4793 nihil
2819 4740 3018 4796 humile
3059 4743 3366 4811 suspiceris,
3418 4761 3596 4817 neque

2005 4837 2158 4900 putes
2182 4829 2352 4883 oculis
2379 4829 2680 4883 carnalibus
2712 4829 2878 4885 videri
2907 4830 3138 4886 divinam
3162 4833 3306 4888 illam
3331 4845 3384 4891 et
3412 4836 3591 4891 incoro

2007 4919 2308 4990 l'tlplibilcm
2337 4919 2651 4988 potentiam,
2675 4920 2768 4974 sed
2801 4922 2885 4990 pie
2913 4923 3090 4976 omnia
3115 4921 3370 4996 intellige.
3411 4928 3594 4998 Appo-

2004 5013 2106 5063 ruit
2133 5011 2312 5080 igitur,
2336 5009 2383 5062 ei
2411 5008 2544 5063 Deus
2569 5025 2588 5064 :
2617 5009 2718 5065 hoc
2751 5020 2854 5080 est,
2881 5012 3182 5068 visitatioue
3219 5029 3312 5070 sua
3342 5017 3486 5072 illum
3515 5019 3600 5071 di-

2006 5112 2196 5174 gnattts
2215 5111 2316 5167 est,
2345 5111 2400 5156 et
2428 5101 2643 5172 dignum
2687 5102 2837 5158 duxit
2865 5119 2985 5159 eum
3007 5106 3158 5176 cujus
3176 5120 3359 5162 curam
3389 5118 3595 5180 ageret,

2011 5211 2138 5250 usus
2161 5209 2349 5264 magna
2389 5195 2652 5250 sermonis
2676 5197 3131 5266 atlcmpcratione.
3166 5195 3309 5252 Dixit
3333 5200 3488 5267 enim,
3520 5201 3599 5254 itt-

2011 5286 2143 5356 quit,
2173 5286 2241 5338 ad
2267 5301 2401 5339 euut.
2454 5283 2565 5356 Ego
2611 5303 2720 5338 sum
2755 5285 2888 5340 Deus
2936 5296 3084 5352 tuus;
3112 5288 3255 5358 piece
3295 5305 3467 5344 coram
3499 5307 3600 5352 me,

2011 5389 2059 5433 et
2082 5388 2185 5433 esto
2211 5378 2680 5446 irreprclremibilis,
2697 5379 2751 5432 2.
2771 5389 2816 5433 ct
2846 5395 3030 5446 portam
3057 5390 3406 5435 testamentum
3437 5398 3600 5435 meum

2005 5468 2138 5524 inter
2159 5487 2236 5523 me
2261 5481 2306 5523 et
2331 5470 2461 5522 inter
2488 5478 2554 5535 te,
2588 5479 2635 5525 ct
2665 5470 3011 5539 multiplicabo
3033 5481 3079 5524 te
3106 5472 3267 5526 valde.
3299 5473 3352 5528 3.
3384 5472 3452 5526 Et
3471 5489 3596 5542 pro-

2010 5562 2131 5616 cidit
2152 5562 2339 5615 Abram
2368 5577 2520 5630 super
2547 5561 2724 5631 facient
2741 5577 2907 5616 suam.
2939 5562 3124 5633 Magna
3159 5564 3290 5634 justi
3337 5564 3604 5633 probitas,

2012 5653 2290 5708 excellens
2320 5653 2446 5707 item
2476 5653 2875 5708 clementissimi
2910 5654 3002 5709 Dei
3031 5656 3082 5709 itt
3106 5657 3253 5712 illunt
3282 5656 3608 5726 benig..itas.

2016 5741 2126 5815 Ego
2158 5761 2288 5810 sunt,
2320 5745 2509 5816 inquit,
2538 5741 2676 5799 Deus
2706 5755 2820 5800 tum
2849 5763 2867 5800 :
2895 5748 3044 5818 quasi
3080 5747 3299 5817 diceret,
3329 5748 3440 5822 Ego
3487 5767 3614 5807 sum
