4084 6214
539 371 648 427 365

545 484 636 552 qui
664 493 829 549 usque
855 475 906 531 in
935 486 1170 545 praesens
1195 484 1279 525 res
1306 480 1423 523 tuas
1451 464 1612 519 variis
1651 458 1820 514 modis
1839 455 2120 522 dispenso;

545 541 646 642 ego
665 541 805 632 sum,
831 541 1000 637 qui—te
1027 578 1059 618 e
1087 563 1247 617 domo
1274 569 1358 614 tua
1385 554 1619 617 evocavi,
1644 560 1698 606 et
1726 550 1828 604 huc
1853 545 1977 601 duxi
2000 559 2016 608 ;
2042 541 2130 610 qui

549 632 694 719 oinni
741 632 982 728 tempore
1023 660 1381 725 propugnator
1423 657 1544 701 tuus
1585 658 1726 705 sum,
1770 649 1826 694 et
1864 635 1953 707 qui
1987 643 2038 688 te
2066 632 2134 687 de

549 751 777 807 ini-micis
804 749 1060 803 victorem
1090 742 1268 809 effeci,
1297 755 1398 811 ego
1430 751 1581 800 sum;
1609 743 1664 790 et
1689 746 1793 786 non
1837 727 1971 782 dixit
2009 725 2134 779 sim-

555 842 782 912 pliciter,
817 838 928 909 Ego
957 850 1077 892 sum
1127 834 1310 888 Deus:
1342 827 1460 893 sed,
1507 824 1620 896 Ego
1660 838 1771 878 sum
1819 819 1958 873 Deus
1998 825 2133 868 tuus.

558 905 692 986 Vide
719 905 905 984 miram
936 925 1244 988 bonitatem,
1279 915 1546 990 quomodo
1589 914 1690 968 hoc
1729 910 1890 966 etiam
1934 905 2138 960 addita-

558 1031 739 1080 ntento
780 1034 1015 1075 atnorem
1061 1029 1214 1071 suum
1263 1027 1385 1080 erga
1428 1008 1628 1079 justum
1670 1000 1981 1058 declaravit.
2009 996 2140 1050 Nam

558 1116 648 1188 qui
678 1116 837 1169 totius
863 1109 1042 1164 mundi
1063 1118 1145 1162 est
1175 1107 1333 1168 Deus,
1355 1110 1410 1156 et
1432 1097 1662 1153 universi
1688 1091 1900 1163 Opifex,
1922 1088 2142 1144 Creator

558 1183 674 1263 (ἐξιξΙί
703 1215 757 1260 et
785 1215 958 1266 terrae,
986 1201 1114 1254 dicit
1143 1216 1156 1252 :
1186 1194 1300 1266 Ego
1338 1209 1446 1246 sum
1473 1189 1610 1243 Deus
1636 1197 1770 1240 tuus.
1805 1183 1992 1252 Ingens
2023 1193 2142 1247 [aro-

563 1299 700 1352 fecto
747 1290 1054 1361 honor,‘qui
1097 1289 1243 1358 justo
1271 1283 1538 1340 tribuitur.
1566 1279 1656 1335 Sic
1681 1285 1734 1331 et
1763 1271 2033 1345 prophetis
2063 1267 2143 1322 lo-

562 1390 651 1460 qui
676 1401 792 1442 mos
817 1393 917 1440 est.
940 1381 1071 1438 Nam
1102 1381 1240 1436 sicut
1281 1378 1393 1447 ipse
1428 1387 1586 1438 nunc,
1615 1384 1736 1424 cum
1781 1366 1850 1421 sit
1894 1364 2146 1418 Dominus

563 1476 862 1533 communis
909 1471 1168 1536 omnium,
1199 1483 1229 1521 a
1257 1481 1412 1520 servo
1448 1472 1502 1517 ut
1541 1457 1820 1533 peculiaris
1846 1452 2024 1509 vocari
2051 1465 2146 1505 vo-

564 1571 682 1634 luit,
709 1566 1038 1623 inveniemus
1064 1562 1223 1617 etiam
1250 1573 1370 1613 cum
1402 1563 1523 1626 post
1567 1553 1682 1606 lucc
1722 1548 2008 1606 dicentem,
2041 1541 2150 1612 Ego

567 1633 676 1718 sum
709 1661 841 1714 Deus
873 1655 1146 1718 Abraham,
1186 1652 1319 1705 Deus
1349 1647 1582 1712 lsaac,et
1604 1643 1738 1696 Deus
1761 1638 1924 1694 Jacob
1956 1633 2148 1707 (Exod.

568 1755 622 1809 ὃ.
669 1752 724 1820 6)
757 1750 865 1803 :ita
895 1757 949 1802 ct
992 1743 1262 1815 propheta:
1309 1739 1488 1794 dicere
1537 1738 1962 1793 consueverunt,
2019 1724 2166 1793 Deus,

575 1843 708 1897 Deus
749 1814 1064 1894 mensuum
1111 1831 1494 1888 concludentes
1538 1825 1653 1895 ejus
1697 1820 1989 1876 dominium
2015 1856 2030 1879 ,
2061 1814 2154 1868 sed

569 1949 806 1990 amorem
838 1931 1156 1984 immensum
1205 1921 1556 1977 declarantes.
1601 1915 1716 1970 Non
1760 1911 1916 1981 igitur
1962 1907 2154 1961 mirum

573 2029 616 2081 si
651 2025 889 2079 homines
919 2020 1021 2074 hoc
1045 2017 1266 2080 faciant;
1299 2011 1392 2068 sed
1431 2008 1572 2080 quod
1605 2008 1717 2077 ipse
1745 2017 1870 2073 erga
1915 1998 2158 2055 homines

574 2119 626 2173 id
657 2117 830 2181 faciat,
855 2114 904 2168 id
934 2127 1060 2166 vero
1104 2123 1298 2164 novum
1326 2113 1478 2160 estet
1506 2099 1766 2156 mirabile.
1797 2094 2058 2151 Caeterum
2091 2105 2158 2144 ne

578 2209 852 2268 miremur.
875 2202 1076 2266 dilecti,
1095 2198 1188 2255 sed
1215 2196 1490 2251 audiamus
1511 2189 1820 2261 prophetam
1851 2184 2119 2240 dicentem
2140 2196 2158 2232 :

579 2301 763 2356 Melior
789 2307 860 2352 est
902 2313 1032 2351 unus
1077 2293 1270 2365 faciens
1312 2289 1618 2343 voluntatem
1653 2279 1878 2341 Domini,
1906 2292 2058 2347 quam
2085 2274 2162 2326 in-

577 2389 770 2445 numeri
817 2396 1101 2458 peccatores
1121 2380 1304 2455 (Eccli.
1336 2377 1420 2432 l6.
1449 2377 1504 2446 3)
1529 2392 1543 2441 ;
1567 2383 1620 2428 et
1651 2371 1840 2426 iterum
1885 2366 2163 2420 audiamus

583 2455 1102 2540 Paulum-dicentem
1131 2495 1144 2531 :
1177 2471 1630 2530 Obambulaveruut
1661 2466 1714 2518 in
1734 2461 1946 2523 melotis,
1969 2460 2022 2512 in
2051 2455 2164 2526 pel-

584 2576 714 2630 libus
743 2573 988 2645 caprinis,
1007 2579 1227 2641 egentes,
1260 2561 1548 2635 angustiati,
1569 2556 1762 2629 afﬂicti,
1787 2553 1965 2625 quibus
1983 2551 2165 2620 dignus

581 2684 680 2720 non
706 2639 815 2719 emi
843 2639 1060 2716 mundus
1082 2657 1264 2730 (Hebr.
1293 2655 1379 2710 ll.
1403 2654 1492 2708 57.
1513 2649 1626 2721 38).
1658 2647 1744 2703 sn
1774 2643 2026 2716 propheta
2052 2639 2168 2710 qui-

581 2761 703 2814 dem
734 2757 1063 2829 pronuntiat,
1092 2729 1253 2806 unum
1283 2746 1370 2817 qui
1402 2744 1526 2798 facit
1578 2739 1902 2793 voluntatem
1934 2729 2163 2796 Domini,

587 2851 765 2920 impiis
795 2845 1089 2902 innumeris
1130 2841 1426 2896 meliorem.
1451 2835 1642 2890 Beatus
1672 2845 1800 2885 vero
1828 2827 2039 2889 Paulus,
2067 2822 2167 2878 do-

585 2951 702 2996 ctor
747 2939 914 3002 orbis,
961 2947 1263 2991 memorans
1305 2931 1474 2984 bonos
1502 2937 1688 2980 omnes
1717 2921 1770 2976 in
1798 2913 2170 2972 afflictionibus

588 3031 672 3084 hic
698 3035 938 3098 agentes,
967 3023 1135 3094 inquit
1165 3043 1178 3076 :
1211 3020 1399 3087 Quibus
1420 3017 1604 3086 dignus
1641 3029 1742 3066 non
1789 3019 1894 3064 erat
1931 3007 2168 3060 mundus.

589 3122 663 3176 Ita
711 3097 832 3174 eum
880 3117 1110 3172 dixisset
1153 3122 1320 3167 totum
1367 3107 1652 3172 mundum,
1694 3102 1893 3158 tnundo
1930 3097 2174 3170 opposuit

589 3227 683 3267 cos
720 3210 806 3281 qui
837 3209 924 3263 hic
953 3214 1212 3262 vexantur
1237 3213 1290 3258 et
1317 3200 1644 3269 affliguntur,
1675 3204 1731 3249 ut
1759 3193 1935 3248 discas
1979 3199 2174 3261 quanta

591 3304 659 3358 sit
699 3301 908 3356 virtutis
952 3293 1275 3366 magnitudo.
1323 3292 1495 3360 Atque
1514 3303 1575 3344 ea
1605 3287 1677 3342 de
1719 3299 1877 3339 causa
1920 3281 2177 3338 Dominus

597 3395 738 3450 Deus
785 3391 954 3463 inquit
998 3387 1064 3444 ad
1113 3383 1464 3458 patriarcbam
1497 3398 1510 3434 :
1545 3379 1653 3451 Ego
1692 3393 1803 3431 sum
1839 3374 1979 3429 Deus
2019 3381 2133 3426 tuus
2161 3411 2178 3438 ,

596 3488 737 3556 place
774 3499 944 3539 coram
969 3497 1068 3544 nte,
1098 3487 1144 3534 et
1169 3485 1270 3532 esto
1318 3468 1783 3545 irrepreltensibilis.
1811 3465 1995 3535 Neque
2037 3463 2178 3518 enim

593 3589 934 3635 contemnam
962 3583 1065 3629 tua!
1112 3569 1322 3626 virtutis
1368 3565 1609 3628 sudores,
1639 3560 1735 3617 sed
1779 3558 1980 3614 Ponam
2027 3564 2181 3609 testa-

595 3680 818 3724 mentum
858 3681 1021 3719 meum
1065 3663 1192 3717 inter
1230 3675 1308 3713 me
1347 3666 1392 3712 et
1432 3658 1562 3710 inter
1606 3664 1673 3719 te,
1696 3661 1741 3706 et
1773 3647 2117 3719 multiplicabo
2139 3654 2186 3699 te

597 3760 763 3814 valde.
793 3756 908 3812 Non
939 3762 1140 3810 tantum
1163 3750 1348 3805 faciam
1373 3755 1424 3801 te
1445 3747 1496 3800 in
1520 3741 1910 3798 multitudinem
1940 3749 2182 3807 magnam

598 3862 862 3911 crescere,
891 3845 986 3900 sed
1037 3842 1218 3908 Valde,
1263 3840 1539 3893 declarans
1580 3834 1965 3888 incrementum
2019 3827 2184 3898 pluri-

603 3953 769 3992 mum.
819 3932 971 4001 Quod
1015 3947 1172 4002 supra
1214 3925 1562 3990 memorabat,
1609 3938 1729 3978 cum
1772 3921 1994 3985 diceret,
2039 3917 2188 3974 Sicut

600 4042 820 4083 arenam
841 4034 894 4080 et
914 4022 1092 4078 stellas
1123 4040 1135 4077 :
1161 4020 1211 4074 id
1236 4019 1320 4073 hic
1347 4032 1441 4088 per
1464 4013 1792 4077 adverbium,
1819 4010 2001 4078 Valde,
2023 4007 2188 4078 signi-

607 4121 802 4176 licavit.
833 4118 901 4172 At
943 4124 1124 4186 gratus
1148 4121 1202 4168 ct
1232 4109 1508 4181 religiosus
1555 4107 1803 4172 famulus,
1850 4104 2036 4160 videns
2074 4110 2191 4156 tan-

607 4223 716 4268 tam
749 4211 840 4265 Dei
871 4206 1252 4278 indulgentiam
1277 4211 1330 4258 et
1355 4217 1480 4272 erga
1523 4198 1777 4253 famulum
1806 4211 1957 4251 suum
1984 4208 2188 4259 curam,

606 4306 1010 4372 obstupesccns,
1052 4299 1334 4364 animojue
1382 4306 1598 4345 versans
1635 4299 1688 4345 et
1733 4297 1976 4343 naturam
2019 4301 2189 4350 suam,

609 4407 667 4449 et
709 4394 998 4447 bonitatem
1047 4388 1467 4451 immensamque
1510 4381 1756 4433 virtutem
1806 4377 1920 4444 Dei,
1970 4374 2190 4435 Cecidit.

615 4481 806 4552 inquit,
833 4483 886 4532 in
918 4478 1097 4549 [aciem
1139 4489 1282 4529 suout
1313 4478 1560 4541 :gratum
1604 4467 1838 4521 animum
1891 4468 1992 4520 hoc
2035 4463 2196 4519 modo

611 4572 913 4628 declarans.
947 4568 1060 4624 Non
1091 4565 1263 4621 solum
1290 4563 1431 4619 enim
1477 4576 1583 4615 non
1632 4567 1756 4613 tunc
1803 4557 1900 4612 fuit
1941 4572 2194 4627 arrogan-

621 4666 744 4730 tior,
786 4675 958 4732 neque
1003 4656 1342 4730 superbiebat
1381 4661 1595 4724 propter
1639 4649 1876 4705 favorem
1909 4647 2002 4703 Dei
2041 4665 2197 4718 quem

615 4753 1007 4826 eitperiebatur,
1055 4748 1149 4805 sed
1176 4756 1228 4802 et
1263 4747 1426 4801 multo
1471 4744 1638 4815 magis
1681 4739 2054 4796 humiliabatur
2085 4755 2099 4792 :
2135 4737 2201 4792 Et

608 4849 813 4912 cecidit,
856 4845 1042 4915 inquit,
1097 4842 1149 4895 in
1194 4839 1394 4912 facient.
1440 4836 1514 4890 lta
1557 4834 1700 4890 enim
1747 4843 1928 4903 gratus
1970 4831 2200 4894 animus,

613 4951 817 5015 quanto
839 4939 1024 5009 majori
1048 4936 1236 4992 fruitur
1255 4931 1463 4997 fiducia,
1483 4937 1630 4984 tanto
1647 4926 1902 4997 majorem
1925 4925 2033 4979 Deo
2050 4939 2204 4980 reve-

617 5034 846 5090 rentiam
868 5029 1085 5086 exhibet
1113 5045 1126 5082 :
1159 5023 1344 5080 Cecidit
1369 5021 1529 5087 enim,
1554 5019 1744 5090 inquit,
1768 5019 1818 5071 in
1836 5018 2014 5091 [aciem
2039 5032 2204 5070 suam.

625 5128 691 5181 fit
718 5126 838 5196 quia
878 5131 996 5193 post
1026 5129 1224 5175 tantam
1255 5116 1496 5170 fiduciam
1518 5113 1694 5182 justus
1723 5112 1957 5180 seipsum
1983 5118 2037 5165 et
2058 5117 2211 5164 natu-

624 5234 698 5273 ra:
721 5232 830 5270 sua:
852 5211 1265 5268 imbecillitatem
1285 5203 1650 5269 considerans,
1667 5216 1838 5272 neque
1856 5200 2037 5254 oculos
2057 5197 2213 5252 attol-

627 5313 738 5364 lere
765 5305 1012 5370 audebat,
1031 5301 1126 5359 sed
1148 5302 1198 5355 in
1224 5299 1410 5353 faciem
1441 5310 1638 5364 pronus
1665 5294 1882 5348 multam
1899 5290 2214 5349 declarabat

629 5399 978 5458 reverentiam
1013 5416 1027 5452 :
1057 5395 1180 5450 vide
1207 5394 1399 5448 iterum
1427 5388 1550 5443 boni
1582 5387 1674 5441 Dei
1703 5385 2024 5440 ineffabilem
2064 5383 2213 5438 beni-

627 5496 905 5566 quitatem.
954 5489 1215 5559 Loquutus
1257 5495 1329 5540 cst
1376 5482 1526 5548 enim,
1551 5479 1738 5550 inquit,
1765 5479 1810 5532 ei
1831 5477 1968 5531 Deus
2006 5475 2217 5529 dicens:

633 5587 686 5640 4.
727 5585 853 5639 Ecce
893 5599 984 5654 ego
1008 5592 1052 5636 et
1078 5586 1425 5636 testamentum
1455 5588 1618 5627 meum
1657 5581 1838 5638 tecum,
1863 5580 1908 5623 et
1933 5569 2034 5623 eris
2077 5577 2220 5637 pater

622 5676 968 5733 multitudinis
997 5676 1244 5745 gentium,
1275 5669 1328 5724 5.
1351 5677 1397 5721 et
1426 5681 1525 5720 non
1569 5664 1826 5719 vocabitur
1861 5662 1994 5716 ultra
2041 5675 2220 5713 nomen

625 5779 772 5821 tuum
805 5769 1012 5831 Abram,
1034 5765 1122 5829 sed
1146 5765 1235 5820 erit
1264 5777 1441 5816 nomen
1487 5769 1628 5813 tuum
1677 5757 1924 5810 Abraham
1953 5771 1971 5808 :
1991 5753 2106 5824 quia
2128 5769 2219 5821 pu-

1322 355 1384 412 S.
1424 345 1702 407 JOANNlS
1740 330 2212 400 CiiRYSUSTO-Ml
2252 328 2566 386 ARCHIEP.
2607 323 3136 383 CO'NSTANTINOP.

3729 320 3850 376 δδι

2241 451 2362 496 (rem
2402 444 2670 496 multarunt
2712 442 2930 511 gentium
2971 438 3206 494 constitui
3239 447 3305 503 te,
3348 436 3400 492 6.
3447 435 3744 505 faciamque
3795 446 3849 489 te

2237 551 2455 589 crescere
2495 534 2640 587 valde
2665 550 2684 587 :
2709 543 2754 586 et
2797 549 2982 601 ponam
3029 541 3076 585 te
3111 531 3164 584 in
3205 538 3422 601 gentem,
3450 539 3496 583 et
3521 545 3669 598 reges
3700 543 3772 582 es
3798 540 3850 581 te

2241 626 2575 697 egredientur.

2311 720 2366 774 5.
2385 718 2719 790 Etymologire
2757 717 3013 772 nominum
3053 715 3239 769 Abram
3297 723 3346 769 et
3393 713 3528 768 Noe.
3580 713 3848 781 [nﬁdeles

2242 814 2389 869 etiam
2443 811 2763 882 prophetarit.
2792 840 2864 850 —
2899 809 3190 865 Considera
3215 850 3230 874 ,
3282 808 3471 864 dilecte
3493 849 3508 873 ,
3555 807 3846 878 quomodo

2243 907 2419 962 omnia
2439 905 2583 974 justo
2603 902 2882 958 manifeste
2911 900 3193 970 praedicat,
3223 909 3277 954 et
3305 909 3361 954 ut
3385 897 3681 969 majoribus
3709 914 3847 954 eum

2245 995 2572 1066 argumentis
2619 1003 2822 1049 certum
2865 992 3086 1062 reddat,
3113 992 3273 1046 etiam
3305 991 3510 1044 literam
3549 991 3703 1044 addit
3733 1006 3843 1044 no-

2248 1089 2374 1143 tuini
2400 1087 2516 1157 ejus
2536 1129 2550 1148 .
2577 1095 2632 1141 et
2656 1085 2826 1154 inquit
2862 1101 2876 1137 :
2908 1081 3027 1136 Eris
3055 1092 3196 1152 pater
3223 1081 3560 1135 multitudinis
3583 1083 3842 1152 gentium.

2252 1178 2372 1232 Non
2397 1177 2652 1231 roeabitur
2679 1176 2811 1228 enim
2840 1189 3020 1228 nomen
3049 1182 3191 1225 tuum
3207 1171 3410 1234 Abram,
3437 1171 3525 1224 sed
3551 1171 3844 1238 Abraham,

2249 1271 2366 1340 quia
2392 1278 2583 1338 patrem
2612 1265 2886 1318 multarum
2921 1263 3142 1334 gentium
3171 1261 3405 1315 constitui
3442 1271 3505 1313 te.
3536 1260 3673 1314 Nam
3702 1260 3849 1314 sicut

2254 1363 2398 1432 prius
2441 1375 2634 1414 nomen
2664 1357 2779 1427 ejus
2805 1355 3081 1411 transitum
3124 1351 3388 1407 indicabat
3414 1351 3649 1423 (Abram
3695 1352 3846 1406 enim

2256 1454 2594 1508 transitoretn
2613 1458 2787 1514 sonat,
2807 1446 3098 1501 secundum
3118 1445 3461 1500 llebrteorum
3481 1444 3720 1514 linguam
3740 1445 3848 1514 (a);

2255 1554 2310 1599 et
2361 1544 2460 1598 hoc
2507 1542 2682 1598 sciunt
2708 1540 2796 1610 qui
2831 1540 3021 1609 lingu-.13
3068 1538 3208 1592 illius
3237 1544 3360 1590 sunt
3404 1535 3619 1608 periti),
3665 1537 3850 1607 itaque

2260 1644 2506 1706 parentes
2525 1633 2640 1702 ejus
2667 1645 2858 1686 nomen
2890 1631 2989 1684 hoc
3015 1628 3334 1692 indiderant,
3356 1641 3421 1681 eo
3449 1626 3589 1697 quod
3615 1643 3646 1680 a
3669 1628 3844 1697 patria

2259 1744 2354 1782 sua
2401 1728 2453 1780 in
2503 1726 2859 1781 Cbananaaam
2909 1722 3229 1777 transiturus
3270 1730 3406 1777 erat.
3453 1719 3567 1774 lam
3611 1720 3841 1774 fortasse

2259 1820 2451 1874 dixerit
2479 1817 2739 1888 quispiam
2769 1815 2939 1870 :Cnm
2981 1821 3228 1883 parentes
3268 1811 3383 1880 ejus
3437 1811 3656 1865 inﬁdeles
3705 1811 3824 1864 fue-

2262 1913 2388 1978 rint,
2421 1910 2560 1965 unde
2584 1910 2684 1962 illis
2716 1906 3046 1976 prrcscientia
3071 1905 3185 1958 haec
3209 1947 3222 1970 ,
3257 1914 3313 1957 ut
3340 1903 3481 1972 quod
3513 1902 3673 1956 multo
3697 1911 3836 1955 tem-

2265 2019 2392 2074 pore
2420 2012 2601 2070 postea
2631 2001 2862 2053 futurum
2908 2007 3021 2052 erat
3041 2039 3054 2060 ,
3088 1995 3303 2050 nomine
3337 1991 3846 2063 complecterentur?

2265 2093 2371 2150 Sed
2403 2103 2486 2150 est
2505 2093 2664 2148 etiam
2708 2090 2811 2145 hoc
2847 2088 3225 2158 omnipotentis
3256 2087 3529 2155 sapientite
3567 2086 3658 2140 Dei
3692 2099 3855 2154 argu-

2269 2197 2527 2249 mentum,
2559 2199 2675 2253 qum
2705 2196 3071 2260 saepenumero
3095 2194 3189 2248 per
3219 2177 3457 2232 infideles
3477 2175 3742 2245 ejusmodi
3771 2189 3860 2228 res

2268 2279 2539 2349 dispensat
2577 2295 2591 2330 :
2624 2283 2676 2329 et
2707 2276 2868 2328 multa
2896 2272 3086 2328 similia
3135 2272 3427 2324 invenimus
3463 2269 3622 2322 etiam
3657 2267 3713 2321 in
3742 2266 3862 2320 aliis

2272 2373 2426 2425 facta.
2449 2369 2638 2425 Statim
2665 2367 2806 2422 enim
2837 2364 3068 2420 occurrit
3099 2363 3250 2417 nobis
3272 2371 3325 2416 et
3355 2361 3465 2414 Noe
3493 2357 3821 2413 vocabulum
3845 2374 3858 2410 :

2274 2478 2446 2533 neque
2475 2462 2616 2516 enim
2643 2461 2843 2530 absque
2867 2472 3025 2513 causa
3054 2456 3180 2511 etin
3210 2468 3400 2508 vanum
3432 2453 3592 2507 etiam
3616 2451 3745 2504 huic
3766 2467 3862 2502 lm-

2274 2572 2396 2611 men
2441 2552 2745 2608 indiderunt
2787 2557 3067 2620 parentes,
3108 2545 3202 2601 sed
3245 2545 3630 2615 prtcsignarunt
3675 2543 3863 2595 subsc—

2273 2657 2559 2719 quuturum
2605 2644 2884 2700 diluvium.
2919 2641 3210 2695 Enimvero
3234 2647 3286 2692 et
3333 2645 3534 2705 patrem
3568 2633 3730 2701 hujus
3758 2647 3861 2686 nan

2277 2743 2398 2798 ideo
2422 2754 2616 2796 nomen
2650 2749 2816 2807 puero
2856 2731 3139 2795 indidisse,
3169 2729 3310 2800 quod
3338 2728 3450 2797 ipse
3475 2727 3651 2796 justus
3683 2735 3861 2789 esset,

2276 2834 2398 2890 audi
2424 2833 2752 2901 Seripturam
2778 2826 3064 2890 dicentem,
3099 2822 3209 2877 Noe
3230 2821 3401 2875 solum
3432 2822 3710 2874 inventum
3745 2833 3866 2872 esse

2273 2928 2474 2998 justum
2497 2965 2511 2988 ,
2555 2921 2848 2994 perfectum
2904 2917 2955 2972 in
2993 2914 3336 2986 generatione
3377 2927 3471 2966 sua
3513 2909 3670 2982 (Gen.
3700 2913 3754 2963 6.
3787 2910 3866 2979 9).

2279 3019 2396 3074 Non
2444 3025 2621 3071 autem
2672 3010 2985 3068 obticuisset
3029 3007 3336 3076 Scriptura,
3386 3018 3557 3073 neque
3603 3002 3864 3066 dixisset,

2281 3113 2393 3168 Noe
2423 3112 2568 3166 solus
2590 3109 2766 3178 justus
2789 3113 2934 3168 erat,
2965 3103 3008 3156 si
3037 3110 3091 3157 et
3124 3097 3348 3177 Lamech
3373 3107 3522 3168 pater
3557 3095 3678 3164 ejus
3701 3095 3869 3150 virtu-

2283 3215 2389 3259 tem
2424 3201 2552 3273 jusli
2591 3173 2786 3254 fuisset
2811 3195 3067 3251 imitatus.
3118 3173 3459 3260 [inpositurus
3498 3189 3677 3257 itaque
3710 3202 3776 3255 ιιι
3801 3201 3867 3238 ϊο

2286 3309 2501 3359 nomen,
2526 3289 2693 3361 inquit
2724 3305 2737 3341 :
2766 3285 2834 3339 Et
2862 3283 3120 3340 vocabitur
3139 3297 3316 3335 nomen
3343 3279 3453 3348 ejus
3486 3276 3602 3330 Noe
3626 3292 3646 3340 ;
3679 3277 3762 3329 hic
3794 3281 3869 3347 [a-

2285 3389 2379 3440 ciet
2423 3399 2515 3438 nos
2557 3381 2812 3453 quiescere
2856 3376 2917 3430 ab
2948 3374 3179 3446 operibus
3212 3371 3394 3424 nostris
3415 3411 3430 3435 ,
3472 3378 3518 3422 et
3557 3385 3591 3420 a
3631 3367 3870 3420 molestiis

2287 3495 2527 3534 manuum
2549 3484 2834 3530 nostrarum
2852 3512 2866 3536 ,
2892 3480 2937 3524 et
2962 3485 2995 3522 a
3036 3477 3168 3522 terra
3190 3507 3205 3532 ,
3227 3481 3374 3537 quam
3403 3462 3671 3516 maledixit
3703 3461 3874 3514 Domi.

2291 3589 2386 3626 nus
2416 3570 2550 3623 Deus
2583 3565 2733 3639 (Gen.
2767 3565 2820 3620 5.
2848 3561 2964 3632 29).
2991 3558 3140 3614 Unde
3169 3557 3276 3620 illi,
3309 3569 3520 3625 quaeso,
3561 3560 3707 3608 esset
3737 3567 3874 3621 prm-

2291 3664 2512 3719 scientia
2557 3675 2740 3716 eorum
2770 3671 2887 3728 quae
2914 3661 3033 3724 post
3073 3660 3150 3705 tot
3176 3647 3370 3705 sa‘cula
3405 3655 3556 3700 erant
3583 3643 3878 3700 eventura?

2295 3757 2430 3811 Dicit
2475 3753 2662 3809 enim:
2703 3747 3004 3808 Vocabitur,
3053 3739 3254 3811 inquit,
3307 3736 3456 3802 Noe;
3486 3736 3566 3789 hic
3608 3736 3740 3788 enim
3788 3750 3878 3786 nos

2293 3851 2541 3920 quiescere
2559 3845 2727 3915 faciet.
2759 3841 2960 3896 Nomen
2991 3844 3166 3890 autem
3190 3833 3303 3887 Noe
3333 3832 3508 3900 lingua
3535 3828 3876 3882 Hebraeorum

2294 3943 2445 4013 quies
2475 3939 2688 3994 dicitur.
2725 3935 2903 4003 Itaque
2929 3930 3050 4000 quia
3071 3968 3085 3991 ,
3115 3927 3391 3994 ingruente
3420 3920 3653 3985 diluvio,
3685 3918 3770 3972 bic
3791 3931 3876 3972 so-

2300 4036 2380 4089 lus
2429 4029 2684 4086 mundum
2719 4033 3054 4084 servaturus,
3082 4027 3135 4074 et
3171 4014 3483 4086 posterioris
3521 4008 3877 4082 generationis

2300 4127 2506 4182 futurus
2530 4131 2713 4175 auctor
2741 4125 2885 4182 erat,
2917 4113 3112 4168 idcirco
3138 4107 3310 4180 inquit
3335 4148 3348 4172 ,
3378 4105 3480 4159 Hic
3507 4104 3656 4173 faciet
3683 4118 3770 4156 nos
3795 4117 3879 4154 re-

2297 4219 2548 4290 quiescere
2573 4229 2592 4268 :
2612 4209 2848 4282 requiem
2870 4203 3123 4262 diluvium
3150 4214 3365 4255 vocans.
3393 4197 3527 4253 Nam
3553 4207 3756 4251 omnem
3777 4201 3874 4246 ter-

2302 4280 2416 4365 ram
2445 4305 2598 4378 quasi
2629 4280 2898 4372 fatigatam
2943 4305 2998 4353 et
3044 4291 3449 4350 inhabitantium
3498 4286 3685 4343 malitia
3715 4280 3863 4335 valde

2302 4402 2621 4458 deteriorem
2690 4397 2878 4451 factam
2939 4386 3324 4460 superveniens
3371 4381 3555 4437 diluvii
3624 4389 3872 4448 aquarum

2304 4492 2632 4558 inundantia,
2662 4505 2779 4560 quae
2803 4489 2960 4542 finem
3005 4481 3220 4536 malitia:
3247 4477 3504 4532 malorum
3535 4475 3750 4526 istorum
3776 4465 3883 4520 ho-

2305 4588 2507 4643 minum
2539 4555 2791 4642 faciebat,
2820 4589 2875 4634 et
2901 4586 3098 4632 terram
3134 4568 3468 4641 repurgavit,
3491 4576 3637 4633 quam
3666 4555 3886 4611 inhabi-

2307 4680 2529 4735 tantium
2557 4675 2754 4730 malitia
2778 4668 3102 4726 immundam
3131 4666 3364 4729 fecerat,
3394 4669 3446 4716 et
3462 4657 3577 4711 illos
3606 4650 3890 4722 puniendo

2309 4772 2362 4825 in
2392 4769 2622 4840 quietem
2663 4763 2888 4818 induxit.
2920 4758 3061 4813 Mors
3082 4756 3222 4811 enim
3243 4797 3258 4821 ,
3289 4747 3524 4820 utinquit
3549 4743 3665 4810 ille,
3689 4743 3891 4810 requies

2309 4835 2422 4916 viro
2441 4858 2559 4931 (Job
2590 4857 2644 4911 '5.
2670 4854 2761 4909 25.
2790 4850 2927 4924 apud
2949 4848 3094 4920 ιλιι).
3118 4846 3303 4900 Vidisti
3320 4837 3584 4912 quomodo
3604 4835 3763 4890 etiam
3795 4847 3893 4902 per

2314 4925 2612 5012 incredulos
2644 4949 2810 5004 multa
2833 4960 2974 5016 scepe
3019 4937 3414 5013 przcsignificari
3460 4929 3653 4990 curati
3692 4925 3892 4984 Eodem

2377 5110 2448 5172 fa)
2481 5104 2925 5172 Hebraice__doctus
2957 5115 3053 5151 non
3093 5101 3198 5169 erat
3234 5093 3597 5172 Chrysostﬂnus
3618 5077 3898 5172 ἰιι-ξι]

2318 5153 2657 5236 οιὲιιῖοΙοᾷἷσιιῖι
2665 5153 2883 5217 ediderit
2907 5153 2928 5213 7:
2957 5177 3052 5212 non
3076 5161 3205 5210 enim
3230 5168 3256 5204 a
3279 5153 3420 5212 voce,
3443 5157 3570 5210 τιν,
3610 5153 3798 5236 ἔκπιθι
3813 5156 3899 5190 no-

2675 5215 2782 5287 duci
2823 5240 3009 5298 potest;
3035 5227 3398 5293 cognominatus
3421 5233 3586 5274 tamen
3610 5219 3696 5268 fuit
3733 5215 3901 5263 Abram

2319 5322 2460 5383 ’τινι
2484 5334 2628 5386 quam
2652 5330 2818 5368 vocem
2841 5314 2921 5386 ειίε
2958 5301 3902 5386 WWWE:Elﬂf!’M’i€"3.Xﬁ"‘fﬂ'

2320 5359 3095 5447 erZE’eﬁﬁinghiﬁiuijans
3118 5359 3425 5447 traeiavimus
3530 5359 3781 5447 iteaiapl'ins.‘
3797 5369 3900 5447 cap;

2718 5422 3542 5503 li'5',muliivplur_imorum_sententias
3564 5422 3830 5503 attulimus,
3856 5422 3904 5464 et

2327 5487 3076 5582 ὲῖιῖίῖοῖῖἶῆἲμέζίξῖπίίξιὶξε.ἐὲλὲίέ.
3090 5487 3903 5582 (ἓίῖξὲηί¹¹ἷῖἓ¹.ε,ῗξ¹ξνῗῖἰ.ῗῒῖἰξ.ῗι¹ξῗρ⁸ῗιξὶ

2326 5541 3083 5638 wéw.’..-ggﬁi¥¢f¥erpﬁiest
3100 5541 3244 5605 tuon
3289 5541 3516 5627 perinde'
3543 5541 3793 5611 probabile

2521 5631 2564 5638 “‘
2598 5629 2623 5638 "
2791 5631 2802 5638 ‘
2852 5637 2874 5638 νί
2901 5621 3025 5638 ~"--—-
3054 5627 3147 5638 νηι-
3175 5628 3369 5638 -Α-ιι--η
3398 5619 3678 5638 ,ιν-...ηαεοιηι
3730 5617 3855 5638 gum"
3887 5624 3907 5635 ,

2901 5603 3032 5670 illam
3041 5603 3161 5668 itide,
3168 5603 3370 5666 nomine
3396 5603 3698 5698 cupressum,
3729 5603 3908 5698 siigmti.

2733 5689 2741 5698 ·
2923 5682 3093 5698 ᾼ---ι-λε
3121 5687 3227 5698 —--—-
3257 5688 3420 5698 Α-η--ιρ
3458 5672 3659 5698 ιιι-..ιηηε
3701 5679 3764 5698 η..
3788 5677 3815 5698 ,
3840 5675 3908 5698 ν.-

2328 5665 2455 5747 ἓξὲξ
2464 5665 3233 5748 Eii‘iiii’nl'iﬁ'a'ib'adnii
3255 5688 3423 5748 omnes
3442 5665 3677 5728 liontbies.
3701 5665 3816 5730 quia
3840 5665 3908 5712 vi-

2331 5738 2512 5808 delicet
2522 5738 2662 5803 mors
2685 5738 2760 5800 est
2777 5738 2918 5812 quies
2934 5744 3153 5795 hominis.
3174 5742 3244 5791 sic
3267 5738 3370 5789 ille.
