4084 6214
366 165 484 220 »363

375 282 519 353 ἀρχη
543 279 603 332 τὸ
641 278 809 347 ὄνομα
840 278 887 329 οἰ
917 278 1091 344 γονεῖς
1120 277 1388 342 ἐτίθεσαν,
1420 279 1477 344 ἐξ
1507 279 1680 350 ἀρχῆς
1701 280 1797 332 καὶ
1823 282 1886 333 ἐκ
1915 297 2046 350 προ-

373 371 568 436 οιμίων
591 364 897 434 δηλοῦντες,
932 365 1014 416 ὅτι
1055 366 1397 434 μετανάστης
1419 366 1594 430 ἔσται,
1621 368 1714 420 καὶ
1747 369 1988 438 περάσας
2018 381 2043 408 ι

374 454 464 505 τὸν
492 453 734 522 ποταμὸν
756 453 848 504 ἐπὶ
871 451 968 522 τὴν
991 451 1278 524 ἀλλοτρίαν
1299 453 1438 523 ἥξει.
1480 454 1631 506 Ἐπεὶ
1665 454 1864 521 τοίνυν,
1889 457 2044 526 φησί,

373 540 434 591 τὸ
487 539 585 610 μὲν
641 538 793 609 παρά
845 539 954 592 τῶν
999 540 1201 608 γονέων
1245 541 1493 594 ἐπιτεθέν
1533 541 1706 611 ὄνομα
1747 543 1924 596 ἐκεῖνό
1967 561 2048 597 σοι

375 627 690 698 προεμήνυε
727 626 790 679 τὸ
821 628 886 681 ἐκ
917 626 1026 680 τῶν
1055 629 1233 680 ἐκεῖσε
1262 628 1494 681 ἐνταῦθα
1516 627 1869 700 διαπεράσαι,
1893 629 2045 700 δέχου

375 715 467 766 καὶ
509 715 607 784 τὴν
642 713 737 768 τοῦ
773 715 1034 785 στοιχείου
1063 714 1402 786 προσθήκην,
1445 716 1533 769 ἵνα
1575 715 1752 788 μάθῃς
1783 718 1865 771 ὅτι
1890 717 2049 771 τοῦτό

375 817 456 852 σοι
495 801 711 870 μηνύει,
739 801 822 854 ὅτι
855 801 1064 854 πολλῶν
1108 801 1276 854 ἐθνῶν
1311 801 1408 872 ἔσῃ
1435 805 1639 875 πατήρ.
1672 804 1783 858 Καὶ
1809 805 1912 875 ὅρα
1949 806 2048 876 τήν

374 889 658 959 ἀκρίϐειαν
686 887 793 940 τῶν
823 888 1103 958 ῥημάτων.
1137 889 1252 941 Οὑκ
1286 883 1426 953 εἷπε,
1457 891 1681 945 Πάντων
1709 891 1816 945 τῶν
1851 891 2045 957 ἐθνῶν,

373 975 530 1038 ἀλλὰ,
564 975 818 1028 Πολλῶν
839 974 1048 1029 ἐθνῶν.
1092 975 1308 1045 Ἐπειδὴ
1336 977 1444 1047 7&9
1473 971 1541 1047 ἦν
1571 977 1696 1049 ἔθνη
1733 978 1827 1031 καὶ
1861 979 2042 1049 ἐτερα,

373 1066 517 1134 άπερ
551 1063 774 1133 ἔμελλεν
806 1063 1013 1116 ἐκεῖθεν
1037 1063 1317 1130 ἐξεῶσθαι,
1344 1066 1430 1118 ἵνα
1448 1065 1541 1118 τοῦ
1567 1065 1772 1120 δικαίου
1792 1067 1852 1120 τὸ
1875 1067 2044 1139 σπέρ-

376 1169 450 1220 μα
489 1151 706 1221 δέξηται
751 1151 847 1222 τὴν
893 1150 1275 1222 κληρονομίαν,
1308 1153 1396 1205 διὰ
1437 1153 1594 1206 τοῦτό
1631 1169 1784 1224 φησι·
1816 1153 2046 1222 Πατέρα

373 1238 619 1291 πολιῶν
653 1237 846 1292 ἐθνῶν
886 1238 1124 1292 τέθεικὰ
1162 1255 1257 1294 σε.
1292 1240 1462 1304 Εἰδὼς
1495 1258 1588 1293 σου
1627 1241 1725 1311 τῆς
1761 1241 1962 1313 ἀρετῆς
1987 1242 2048 1295 τὸ

376 1325 624 1394 μέγεθος,
655 1324 866 1378 πολλῶν
888 1325 1058 1378 ἐθνῶν
1081 1325 1402 1380 διδάσκαλόν
1432 1345 1491 1380 σε
1514 1329 1918 1398 ἀπεργάσομαι,
1947 1329 2045 1382 καί

371 1412 618 1476 αὐξανὼ
645 1428 721 1466 σε
762 1413 859 1466 καὶ
913 1413 1203 1482 πληθυνῶ
1249 1431 1326 1468 σε
1365 1415 1622 1484 σφόδρα,
1658 1415 1914 1484 σφόδρα·
1945 1416 2044 1470 καί

372 1499 539 1567 θήσω
572 1515 647 1553 σε
675 1502 760 1566 εὶς
785 1502 950 1568 ἔθνη,
993 1501 1091 1554 καὶ
1118 1501 1397 1568 βασιλεῖς
1440 1503 1508 1556 ἐκ
1535 1503 1654 1557 σοῦ
1689 1504 2048 1567 ἐξελεύσον-

373 1603 485 1640 ται.
518 1587 603 1660 Μὴ
628 1589 813 1652 ἁπλῶς
845 1588 1312 1660 παραδράμωμεν,
1342 1591 1634 1659 ἀγαπητοὶ,
1665 1591 1732 1643 τά
1755 1590 2042 1662 εἰρημένα.

375 1674 472 1728 Ἂν
500 1676 609 1746 7&9
651 1677 991 1747 ἐννοήσωμεν
1025 1677 1119 1729 τοῦ
1160 1679 1497 1749 πατριάρχου
1541 1680 1641 1748 τὴν
1682 1679 1916 1750 ἡλικίαν,
1951 1681 2047 1733 καὶ

371 1764 452 1816 ὅτι
479 1766 537 1816 ὲν
559 1764 772 1835 ἐσχάτῳ
797 1767 942 1836 γήρα
971 1765 1144 1819 ταῦτα
1179 1766 1433 1836 ῆκουσεν,
1462 1767 1916 1838 ἐκπλαγησόμεθα
1946 1769 2046 1838 τήν

371 1869 428 1904 τε
456 1853 549 1906 τοῦ
578 1854 788 1907 δικαίου
825 1855 1028 1920 πίστιν,
1069 1856 1162 1908 καὶ
1193 1856 1573 1926 φιλανθρώπου
1603 1855 1736 1909 Θεοῦ
1758 1855 1856 1927 τὴν
1879 1857 2046 1927 ὑπερ-

373 1939 674 1992 ϐάλλουσαν
711 1941 959 2011 δύναμιν,
995 1942 1078 1995 δτι
1111 1942 1172 2006 ἐξ
1207 1943 1496 2014 ἀνθρώπου
1529 1943 1714 1996 λοιπὸν
1741 1943 2043 2014 νεκρωθέν-

371 2042 481 2088 τος,
533 2027 609 2089 ὠς
651 2029 844 2089 εἰπεῖν,
884 2029 978 2080 καὶ
1021 2029 1090 2081 τά
1142 2029 1279 2100 μέλη
1321 2029 1732 2100 διαλελυμένον,
1782 2032 1876 2083 καὶ
1923 2029 2043 2084 καθ’

372 2113 834 2185 ἑκάστηνημέραν
854 2117 952 2186 τὴν
970 2115 1222 2186 τελευτὴν
1239 2117 1663 2188 φανταζομένου,
1688 2119 1780 2170 ἐπὶ
1793 2117 2044 2170 τοσοῦτον

371 2200 697 2266 αὐξάνεσθαι
721 2202 783 2253 τὸ
823 2204 1042 2274 σπέρμα
1070 2206 1360 2274 ἐσήμανεν,
1382 2206 1458 2268 ὼς
1491 2206 1585 2260 καὶ
1623 2207 1703 2270 εἰς
1729 2206 1856 2276 ἐθνη
1876 2205 2044 2258 πολλά

377 2287 718 2358 γενήσεσθαιο
763 2288 857 2341 καὶ
891 2289 952 2341 οὑ
1000 2289 1160 2342 τοῦτο
1193 2291 1373 2360 μόνον,
1412 2291 1548 2344 ἀλλά
1589 2293 1693 2345 Καὶ
1724 2292 2041 2356 βασιλεῖς,

371 2375 556 2444 φησὶν,
605 2376 672 2429 ἐκ
709 2375 826 2429 σοῦ
871 2376 1316 2440 ἐξελεύσονται.
1353 2375 1504 2442 Εἶδες
1533 2380 1780 2434 ἐπίτασιν
1814 2384 2044 2454 ἐπαγγε-

369 2463 487 2523 λίας
503 2468 575 2526 ;Ᾱ
587 2462 784 2528 ὐξανῶ
797 2481 888 2527 σε,
908 2465 1060 2534 φησι,
1078 2465 1334 2533 σφόδρα,
1348 2467 1602 2535 σφόδρα.
1623 2467 1733 2538 Οὐχ
1750 2469 1935 2534 ἁπλῶς
1951 2473 2042 2526 τὸν

368 2549 767 2622 διπλασιασμὸν
794 2551 1243 2624 ἐπέθηκεν.[4001
1261 2552 1375 2607 ἀλλ’
1395 2555 1479 2607 ἵνα
1513 2555 1732 2626 σημάνῃ
1759 2557 1835 2628 τῷ
1851 2557 2042 2629 δικαίῳ

367 2636 463 2690 τοῦ
501 2637 741 2708 πλήθους
778 2638 876 2710 τὴν
925 2639 1249 2711 ὑπερϐολήν.
1292 2641 1510 2712 Ἐπειδὴ
1542 2642 1651 2713 γάρ
1695 2643 1782 2697 διὰ
1818 2644 1916 2715 τῆς
1949 2647 2040 2700 τοῦ

372 2725 638 2795 στοιχείου
667 2726 1004 2798 προσθήκης,
1038 2727 1288 2800 καθάπερ
1315 2731 1371 2782 ἐν
1401 2731 1570 2802 στήλῃ
1598 2733 1732 2793 τινὶ,
1766 2732 2041 2799 ἀνεξάλει-

370 2827 504 2864 πτον
533 2813 682 2883 αὑτῷ
719 2813 817 2884 τῆς
855 2815 1198 2885 ὑποσχέσεως
1230 2816 1330 2887 τήν
1369 2817 1702 2885 ἐπαγγελίαν
1740 2820 2038 2890 ἐπέγραψε,

371 2899 535 2953 πάλιν
567 2901 720 2970 φησί·
759 2900 867 2954 Καί
893 2901 1102 2968 στήσω
1123 2902 1239 2970 τὴν
1265 2902 1560 2972 διαθήκην
1571 2923 1690 2973 μου
1712 2906 1828 2959 ἀνὰ
1848 2908 2042 2975 μέσον

367 2987 505 3051 σοῦ,
538 2988 637 3040 καί
671 2988 786 3041 ἀνὰ
807 2988 1003 3056 μέσον
1023 2988 1130 3042 τοῦ
1159 2989 1501 3058 σπέρματός
1524 3007 1641 3046 σου
1661 2994 1813 3062 μετὰ
1852 2996 1928 3048 σὲ
1955 2999 2042 3062 είς

367 3075 469 3140 τὰς
502 3075 711 3144 γενεὰς
745 3075 966 3139 αὐτῶν,
1001 3078 1089 3142 εἰς
1116 3075 1409 3144 διαθήκην
1439 3077 1700 3142 αἰώνιον,
1733 3077 1889 3137 εἷναί
1923 3101 2041 3138 σου

370 3163 535 3226 Bede.
573 3163 648 3216 Οὐ
683 3162 842 3232 μόνον
873 3164 1002 3234 περί
1034 3163 1113 3224 σέ,
1147 3164 1301 3233 φησί,
1335 3163 1535 3235 πολλὴν
1569 3167 1906 3237 ἐπιδείξομαι
1944 3170 2040 3242 τὴν

369 3251 716 3321 κηδεμονίαν,
755 3251 891 3304 ἀλλά
928 3252 1022 3306 καί.
1061 3254 1141 3316 είς
1182 3253 1243 3305 τὸ
1277 3253 1496 3324 σπέρμα
1528 3255 1589 3307 τὸ
1623 3255 1734 3319 σδν,
1780 3258 1872 3310 καὶ
1903 3261 2041 3328 μετά

367 3339 465 3409 τὴν
510 3339 608 3409 σὴν
641 3339 834 3403 ἔξοδον.
867 3340 1007 3412 Ὅρα
1057 3339 1175 3403 πῶς
1228 3341 1528 3396 ἀνακτᾶται
1568 3343 1662 3396 τοῦ
1701 3343 1908 3399 δικαίου
1943 3348 2040 3416 τὴν

366 3425 543 3495 ψυχὴν
570 3425 993 3496 ὑπισχνούμενος
1031 3427 1200 3498 αύτῷ,
1233 3429 1314 3481 ὅτι
1351 3431 1444 3482 καὶ
1466 3429 1542 3500 τῷ
1577 3432 1850 3504 σπέρματι
1875 3433 2039 3486 αὑτοῦ

368 3511 568 3582 πολλὴν
611 3512 837 3582 παρέξει
874 3511 972 3584 τὴν
1009 3513 1284 3582 πρόνοιαν.
1323 3516 1432 3568 Καὶ
1472 3515 1554 3580 τίς
1603 3519 1636 3587 ὴ
1671 3517 1900 3590 δύναμις
1939 3519 2039 3589 τῆς

366 3599 660 3670 διαθήκηςς
714 3601 898 3655 ’Ὥστε
952 3597 1108 3656 εἷναί
1160 3619 1277 3657 σου
1342 3605 1505 3670 Θεὸς,
1563 3607 1716 3675 φησὶ,
1776 3607 1873 3661 καί
1932 3610 2039 3662 τοῦ

367 3688 709 3757 σπέιψατός
739 3705 856 3743 σου
894 3689 1044 3758 μετὰ
1073 3690 1172 3744 σέ.
1202 3691 1372 3746 Τοῦτο
1407 3693 1516 3763 γάρ
1553 3711 1634 3746 σοι
1667 3694 1818 3748 ἔσται
1862 3696 1924 3750 τὸ
1950 3713 2040 3750 κε-

367 3775 596 3842 φάλαιον
620 3776 727 3829 τῶν
748 3777 988 3845 ἀγαθῶν,
1023 3778 1106 3831 σοί
1138 3796 1196 3832 τε
1229 3780 1323 3833 καὶ
1355 3781 1433 3851 τῷ
1465 3782 1742 3852 σπέρματί
1772 3801 1886 3838 σου.
1929 3786 2036 3838 Καὶ

367 3863 539 3916 δώσω
577 3864 676 3917 σοί
710 3865 807 3917 καὶ
849 3863 932 3944 τῷ
977 3865 1273 3935 σπέρματί
1317 3882 1436 3922 σου
1469 3869 1617 3938 μετὰ
1650 3871 1725 3921 σε
1759 3870 1871 3937 τὴν
1899 3870 2035 3940 γῆν,

367 3949 446 4017 ἣν
469 3951 790 4018 παροικεῖς,
825 3947 1034 4007 πᾶσαν
1058 3952 1173 4021 τὴν
1204 3953 1322 4025 γῆν
1343 3955 1610 4022 Χαναὰν,
1637 3959 1724 4023 εἰς
1751 3957 2040 4028 κατάσκεο

366 4055 471 4091 σιν
517 4039 774 4094 αἰώνιονο
822 4041 920 4095 καί
965 4041 1110 4107 Θεὸς
1158 4042 1373 4112 ἔσομαι
1411 4043 1627 4100 αὐτῶν.
1669 4045 1768 4100 Διά
1802 4048 1900 4118 τὴν
1939 4047 2036 4118 σὴν

367 4128 566 4198 ἀρετὴν
599 4129 691 4181 καὶ
727 4129 776 4180 οἱ
801 4127 1008 4197 ἔκγονοι
1031 4130 1080 4183 οἰ
1105 4130 1184 4183 σοὶ
1213 4130 1578 4184 ἀπολαύσουσι
1605 4132 1703 4202 τῆς
1735 4134 1874 4204 ἐμῆς
1901 4152 2036 4206 προ-

368 4213 534 4278 νοίας,
565 4214 658 4267 καὶ
694 4214 849 4267 δώσω
876 4217 1060 4280 αὑτοῖς
1085 4218 1166 4277 εἰς
1195 4217 1518 4288 κατάσχεσιν
1557 4217 1774 4272 αἰώνιον
1803 4219 1901 4291 τὴν
1934 4221 2036 4291 γῆν

367 4302 608 4366 Χαναὰν,
636 4304 742 4356 Kal
779 4304 989 4372 ἔσομαι
1019 4303 1218 4358 αὐτῶν
1249 4307 1392 4370 Θεός
1416 4306 1464 4358 ι).
1496 4305 1562 4358 Τί
1595 4308 1729 4368 ἐστι,
1763 4309 1867 4360 Kal
1897 4307 2036 4361 ἐσο-

361 4404 467 4457 μαι
516 4387 714 4440 αὐτῶν
746 4389 921 4453 Θεός;
961 4389 1105 4442 ’Δντὶ
1153 4389 1270 4456 τοῦ,
1307 4391 1514 4463 Πολλὴν
1556 4391 1894 4464 ἐπιδείξομαι
1938 4395 2033 4465 τὴν

368 4475 711 4546 κηδεμονίαν,
737 4475 936 4547 πολλὴν
966 4477 1065 4547 τὴν
1101 4477 1378 4548 πρόνοιαν,
1407 4479 1463 4530 ἐν
1492 4480 1694 4533 ἅπασιν
1723 4479 1906 4544 αὐτοῖς
1937 4483 2034 4552 τὴν

366 4562 497 4632 παρ’
528 4561 660 4638 ἐμοῦ
686 4564 1002 4634 συμμαχίαν
1024 4565 1346 4636 παρέξομαν
1385 4567 1546 4636 μόνον
1577 4567 1661 4620 Σὺ
1684 4567 1799 4636 τὴν
1829 4567 2034 4638 διαθή-

365 4667 480 4703 κιην
513 4667 632 4719 μου
670 4649 1057 4720 διατήρησον,
1095 4653 1176 4706 σὺ
1210 4654 1307 4707 καί
1351 4653 1416 4708 τὸ
1455 4655 1692 4725 σπέρμα
1735 4672 1852 4710 σου
1884 4658 2033 4725 μετὰ

363 4737 440 4790 σὲ
469 4740 555 4803 είς
590 4739 696 4806 τὰς
739 4740 948 4808 γενεὰς
989 4740 1206 4796 αὐτῶν.
1255 4743 1419 4796 Οὑδέν
1472 4744 1658 4815 ἓτερον
1718 4745 1845 4817 παρ’
1878 4745 2032 4816 ὑμῶν

363 4827 624 4896 ἐπιζητῶ,
667 4827 699 4897 ἢ
736 4828 835 4898 τὴν
863 4829 1108 4900 ὑπακοὴν
1153 4830 1248 4882 καὶ
1282 4831 1379 4901 τὴν
1406 4831 1842 4903 εὐγνωμοσύνην,
1878 4833 2032 4902 κάγὼ

363 4915 540 4968 πάντα
567 4916 708 4985 ἅπερ
747 4915 1062 4987 ὑπεσχόμην
1095 4918 1175 4980 εἰς
1207 4917 1367 4988 ἔργον
1401 4919 1534 4984 άξω.

430 5003 492 5058 δ’.
513 4999 643 5056 Εἶτα
668 5002 850 5056 λοιπὸν
868 5002 1188 5072 βουλόμενος
1211 5004 1432 5076 ίδιοποιή
1442 5007 1769 5071 σασθαιτοὺς
1790 5007 1848 5073 ἐξ
1867 5009 2028 5064 αὐτοῦ

360 5091 728 5160 τικτομένους,
763 5089 856 5143 καὶ
889 5091 1084 5143 οἰκεῖον
1111 5091 1302 5144 ἐαυτοῦ
1333 5093 1423 5146 τὸν
1447 5094 1570 5148 λαὸν
1591 5096 2025 5167 ἀπεργάσασθαι,

359 5180 452 5231 καὶ
509 5179 595 5231 ἵνα
650 5176 834 5230 λοιπὸν
881 5178 942 5230 τδ
986 5177 1189 5248 πλῆθος
1240 5181 1610 5252 ἐκτεινόμενον
1661 5184 1734 5256 μὴ
1800 5202 2028 5239 συνανα-

363 5265 657 5333 μιγνύηται
699 5266 812 5328 τοῖς
869 5263 1078 5318 ἔθνεσιν
1137 5266 1387 5330 ἐκείνοις,
1434 5262 1508 5322 ῶν
1537 5271 1636 5340 τὴν
1671 5273 1773 5341 γῆν
1807 5272 2028 5343 ἔμελλον

359 5351 736 5423 κληῳνομεῖν,
779 5351 952 5416 άλλως
993 5352 1049 5405 δὲ
1095 5353 1187 5406 καὶ
1219 5353 1403 5424 ἐπειδὴ
1433 5356 1569 5425 μετὰ
1599 5357 1772 5430 ταῦτα
1806 5360 2027 5430 ἔμελλον

360 5440 497 5491 κατὰ
523 5439 622 5509 τὴν
651 5437 818 5492 αὑτοῦ
862 5441 1167 5511 πρόρρησιν
1213 5443 1500 5512 ὑπομένειν
1531 5429 1644 5509 τὴν.
1671 5447 1726 5498 ἐν
1769 5429 2027 5518 Αἰγύπτῳ

359 5524 625 5591 δουλείαν,
641 5525 726 5577 ἵνα
755 5526 828 5596 μὴ
846 5528 937 5578 καὶ
964 5530 1020 5579 ἐν
1037 5529 1174 5598 αύτῇ
1191 5529 1470 5600 γενόμενοι
1489 5534 1902 5606 συναναφυρῶσι
1917 5537 2023 5600 τοῖς

421 5638 929 5715 τείνειεειμιιιειιιιοι·
972 5655 1085 5715 [ηεξ.
1113 5645 1186 5691 ὅτι
1226 5649 1630 5715 μεταναστῄσεται
1680 5651 1759 5698 καὶ
1796 5651 2016 5715 κεράσας

363 5703 392 5742 ιι
429 5704 478 5749 lu
508 5700 684 5748 Bibhis
707 5700 889 5760 légilur
931 5706 1010 5750 καὶ
1034 5707 1204 5766 ἔσομαι
1227 5700 1402 5765 ἀὐτοῖς
1441 5700 1505 5766 είς
1528 5710 1664 5758 Θεὸν.

1164 161 1222 218 S.
1265 160 1550 217 JOANNIS
1582 160 2066 234 ClIﬂYSOSTUMI
2110 160 2427 216 ARCIIIEP.
2468 158 3016 217 CONS'I‘ANTINOP.

3725 162 3837 216 εδδ

2153 277 2331 330 ἔθνεσι
2375 280 2487 339 τοῖς
2518 278 2576 328 ὲν
2612 275 2894 346 Αἰγύπτῳ,
2935 272 3167 344 σημείου
3201 272 3358 344 χάριν
3393 272 3494 344 τὴν
3529 277 3835 348 περιτομὴν

2154 365 2232 436 τῷ
2259 363 2452 434 δικαίῳ
2509 365 2875 426 διατάττεται,
2932 364 3028 416 καί
3065 376 3250 432 φησιν’
3285 363 3449 428 Αὕτη
3479 363 3520 431 ἡ
3551 362 3831 432 διαθήκη,

2155 452 2235 520 ῆν
2257 453 2641 520 διατηρήσεις
2668 453 2786 506 ἀνὰ
2806 451 3001 521 μέσον
3032 449 3180 520 ἐμοῦ
3227 450 3327 503 καί
3369 449 3561 519 ὑμῶν,
3592 450 3689 504 καί
3712 452 3834 506 ἀνὰ

2147 540 2344 610 μέσον
2380 540 2487 593 τοῦ
2526 540 2870 608 σπέρματός
2901 552 3018 591 σου
3057 536 3210 604 μετὰ
3245 536 3322 590 σὲ
3358 539 3446 603 εἰς
3472 539 3581 604 τὰς
3622 539 3834 608 γενεὰς

2151 625 2370 681 αὐτῶν.
2403 626 2912 696 Περιτμηθήσεται
2941 623 3109 695 ὑμῶν
3140 624 3263 678 πᾶν
3284 625 3630 692 ἀρσενικόν.
3659 631 3830 698 Περι-

2153 713 2536 783 τμηθήσεσθε
2561 714 2676 782 τὴν
2696 713 2892 783 σάρκα
2917 712 3026 781 τῆς
3058 712 3461 780 ἀκροϐυστίας
3489 712 3674 781 ὑμῶν.
3693 711 3830 770 Εῐτα

2154 801 2242 855 ἵνα
2280 802 2464 872 διδάξῃ
2519 801 2806 863 κάκείνους
2858 801 2952 852 καὶ
2998 800 3206 862 πάντας
3251 799 3419 869 ἡμᾶς,
3457 799 3602 864 τινος
3641 802 3832 857 ἕνεκεν

2151 889 2310 942 τοῦτο
2346 888 2594 953 ἐπέταξε,
2625 888 2720 941 καὶ
2751 889 2832 941 ὅτι
2863 886 3073 951 οὐδενὸς
3105 886 3292 958 ἐτέρου
3321 887 3482 958 χάριν
3511 887 3669 943 τοῦτο
3701 889 3830 959 βούο

2152 976 2299 1028 λεται
2325 976 2594 1044 γίνεσθαι,
2616 975 2729 1030 ἀλλ’
2760 975 2793 1045 ἢ
2828 974 2967 1027 ὥστε
2995 973 3263 1044 ἐπίσημον
3289 969 3428 1028 εἶναι
3453 974 3545 1028 τὸν
3575 975 3702 1030 λαὸν
3730 977 3827 1031 τὸν

2152 1063 2301 1134 αὑτῷ
2332 1063 2708 1134 ἀνακείμενον,
2741 1061 2891 1132 φησί,
2925 1061 3035 1115 Kal
3061 1059 3230 1113 ἔσται
3257 1060 3328 1113 ἐν
3354 1063 3584 1130 σημείῳ
3618 1062 3824 1129 διαθή-

2154 1169 2264 1217 κης
2303 1151 2420 1204 ἀνὰ
2467 1149 2662 1219 μέσον
2700 1149 2848 1218 ἐμοῦ
2889 1148 2987 1201 καί
3028 1146 3212 1215 ὑμῶν.
3247 1148 3354 1199 Καὶ
3397 1147 3582 1200 λοιπὸν
3613 1151 3703 1204 καὶ
3729 1151 3824 1205 τὸν

2154 1236 2344 1308 καιρὸν
2376 1237 2737 1298 διατάττεται,
2767 1247 2787 1274 ι’
2822 1235 2944 1288 καθ’
2973 1235 3032 1288 δν
3061 1236 3328 1305 προσήκει
3369 1235 3529 1288 τοῦτο
3556 1236 3819 1305 γίνεσθαι.

2152 1324 2402 1378 Παιδίον
2446 1324 2577 1392 γὰρ,
2624 1323 2809 1394 φησὶν,
2856 1322 3008 1376 ὀκτὼ
3051 1320 3286 1391 ἡμερῶν
3325 1323 3822 1392 περιτμηθήσεται

2151 1410 2314 1480 ὑμῖν.
2333 1412 2430 1465 καὶ
2451 1415 2483 1465 ὁ
2509 1411 2841 1480 οἰκογενὴς,
2870 1411 2965 1464 καί
2987 1413 3020 1464 ὀ
3033 1409 3469 1478 ἀργυρώνητος,
3488 1410 3586 1464 καί
3603 1411 3822 1479 πάντες

2155 1499 2548 1566 ἁπαξαπλῶς,
2574 1501 2654 1566 ὠς
2675 1499 2883 1561 εἰπεῖν,
2912 1502 2966 1552 ol
2989 1499 3277 1564 συνόντες
3310 1497 3452 1567 ὑμῖν
3473 1500 3538 1552 τὸ
3573 1501 3824 1568 σημεῖον

2155 1587 2334 1644 τοῦτο
2363 1587 2656 1652 δέξονται.
2676 1595 2724 1644 Κ
2724 1591 2781 1645 al
2799 1591 2969 1656 ὅστις
2983 1590 3056 1643 οὐ
3074 1588 3580 1658 περιτμηθήσεται
3594 1587 3669 1657 τῇ
3682 1589 3822 1658 ἠμέ-

2150 1687 2230 1738 ρᾳ
2242 1670 2312 1738 τῇ
2323 1672 2560 1727 διατετα
2569 1675 2770 1743 ηιένῃ,
2785 1675 3384 1742 ἐξολοθρευθησεται,
3400 1671 3486 1726 ὅτι
3501 1689 3532 1724 τ
3541 1673 3614 1739 ip-
3622 1672 3826 1739 διαθή-

2155 1769 2273 1820 κην
2278 1774 2397 1826 μου
2419 1759 2830 1814 διεσκέδασεν
2852 1761 2935 1813 ὅτι
2954 1759 3195 1830 παρέϐη,
3213 1758 3369 1829 φησὶ,
3382 1759 3445 1812 τδ
3465 1759 3817 1831 προσταχθέν.

2153 1863 2164 1880 ι
2222 1848 2368 1920 Ὅρα
2411 1849 2602 1916 σοφίαν
2649 1849 2955 1910 Aean/nou,
3005 1848 3124 1910 πῶς
3167 1846 3322 1908 εἰδὼς
3363 1846 3474 1899 τῶν
3523 1847 3822 1916 μελλόντων

2151 1933 2368 1988 ἔσεσθαι
2401 1934 2463 1987 τὸ
2499 1934 2686 1998 ἀτελὲς
2726 1935 2827 2004 τῆς
2867 1933 3091 2006 γνώμης
3112 1973 3126 1998 ,
3167 1933 3420 2003 καθάπερ
3458 1933 3669 2002 χαλινόν
3702 1952 3824 1990 τινα

2152 2021 2445 2086 ἐπιτιθεὶς,
2489 2021 2633 2075 οὓτω
2679 2021 2830 2093 [4011
2874 2022 2935 2076 τὸ
2971 2024 3196 2092 σημεῖον
3248 2019 3406 2074 τοῦτο
3459 2021 3560 2090 τῆς
3613 2038 3827 2093 περιτο-

2155 2108 2264 2179 μῆς
2293 2109 2483 2175 ἔδωκε,
2513 2111 2614 2180 τὴν
2643 2111 2819 2181 ὁρμὴν
2854 2110 3033 2164 αὑτῶν
3064 2110 3163 2180 τὴν
3191 2108 3493 2164 ἀκάθεκτον
3518 2109 3821 2177 ἐκκόπτων,

2153 2194 2294 2249 ὥστε
2331 2197 2406 2267 μὴ
2426 2199 2539 2260 τοῖς
2559 2196 2735 2250 ἔθνεσι
2774 2195 3296 2266 συναναμίγνυσθαι.
3334 2195 3552 2266 Ἐπειδὴ
3571 2195 3680 2267 γὰρ
3709 2196 3821 2266 ᾔδει

2150 2282 2330 2335 αὑτῶν
2352 2283 2412 2336 τὸ
2446 2283 2660 2351 λάγνον,
2689 2285 2783 2336 καὶ
2809 2284 2890 2336 ὅτι
2913 2284 3011 2336 οὑκ
3034 2282 3334 2347 ἀνέξονται,
3358 2282 3462 2336 κᾶν
3483 2276 3591 2335 ὦσι
3623 2283 3820 2353 μυριάο

2151 2385 2236 2432 κις
2262 2369 2456 2439 ἐνηχού
2465 2387 2635 2440 μενοι,
2658 2371 2989 2440 ἀποσχέσθαι
3013 2372 3111 2440 τῆς
3126 2370 3321 2438 ἀλόγου
3343 2371 3538 2441 ὁρμῆς,
3556 2370 3648 2423 διά
3665 2370 3822 2424 τοῦτο

2147 2453 2367 2525 διηνεκῆ
2410 2456 2716 2528 ὑπόμνησιν
2755 2459 2938 2522 αὑτοῖς
2979 2457 3177 2520 διδοὺς,
3208 2456 3459 2527 καθάπερ
3489 2457 3673 2527 δεσμῷ
3713 2474 3818 2510 τινι

2150 2542 2437 2613 περιέϐαλε
2467 2543 2545 2614 τῷ
2586 2544 2795 2614 σημείῳ
2823 2543 2924 2614 τῆς
2963 2544 3286 2616 περιτομῆς,
3326 2543 3485 2614 ὅρους
3513 2544 3693 2606 αὑτοῖς
3724 2544 3824 2598 καὶ·

2148 2628 2377 2693 κανόνας
2400 2629 2574 2694 διδοὺς
2605 2631 2679 2701 μὴ
2699 2631 3006 2702 περαιτέρω
3029 2630 3361 2700 προϐαίνειν,
3385 2630 3519 2682 ἀλλά
3541 2631 3703 2701 μέχρι
3721 2630 3816 2684 τοῦ

2148 2714 2347 2768 οἰκείου
2381 2715 2566 2781 ἔθνους
2594 2717 2868 2780 ἵστασθαι,
2899 2719 2994 2771 καὶ
3033 2717 3306 2788 μηδεμίαν
3337 2716 3618 2786 ἐπιμιξίαν
3647 2719 3816 2771 ποιεῖ-

2150 2799 2273 2855 σθαι
2308 2803 2444 2874 πρὸς
2488 2805 2730 2869 τούτους,
2782 2805 2917 2858 ἀλλὰ
2967 2804 3062 2857 τοῦ
3109 2803 3449 2876 πατριάρχου
3495 2804 3555 2858 τὸ
3599 2803 3817 2875 σπέρμα

2147 2887 2430 2954 διασώζειν
2465 2892 2682 2962 ἀμιγὲς,
2718 2893 2780 2945 ἶν’
2820 2891 2962 2944 οὕτω
3004 2891 3096 2944 καὶ
3131 2891 3198 2944 τά
3229 2890 3329 2960 τῆς
3370 2891 3700 2959 ἐπαγγελίας
3737 2893 3816 2954 είς

2147 2975 2343 3040 αὑτοὺς
2376 2977 2600 3047 ἐκϐῆναι
2621 2978 2841 3048 δυνηθῇ.
2882 2979 2992 3032 Καὶ
3029 2977 3281 3048 καθάπερ
3312 2994 3393 3041 τις
3419 2977 3557 3049 ἀνὴρ
3583 2976 3815 3048 σώφρων

2148 3061 2242 3114 καὶ
2281 3062 2528 3132 ἐπιεικὴς
2559 3063 2846 3134 παιδίσκην
2868 3065 3005 3135 ἔχων
3035 3064 3355 3129 ἀκόλαστον,
3381 3064 3538 3135 ὄρους
3557 3064 3692 3134 αὐτῇ
3718 3065 3815 3117 καί.

2149 3146 2378 3210 κανόνας
2406 3148 2604 3218 τίθησι,
2635 3150 2901 3219 μηδέποτε
2936 3149 3041 3214 ἔξω
3071 3151 3356 3219 φαίνεσθαι
3386 3151 3489 3204 τῶν
3521 3150 3807 3222 προθύρων

2148 3233 2245 3303 τῆς
2265 3233 2461 3298 οἰκίας,
2489 3235 2622 3305 μηδὲ
2645 3239 2756 3300 τοῖς
2781 3237 3038 3308 παριοῦσι
3068 3238 3372 3306 φαίνεσθαι,
3399 3237 3531 3291 ἀλλά
3552 3237 3810 3300 πολλάκις

2149 3320 2241 3374 καὶ
2273 3323 2385 3384 τοῖς
2417 3323 2542 3374 ποσὶ
2566 3322 2741 3392 δεσμά
2773 3324 3134 3396 περιτίθησιν,
3166 3325 3233 3378 ἵν’
3257 3325 3398 3378 οὕτω
3427 3324 3810 3394 περιγενέσθαι

2145 3405 2348 3478 δυνηθῇ
2380 3407 2480 3478 τῆς
2508 3409 2709 3480 πολλῆς
2740 3411 3054 3474 ἀκολασίας·
3085 3412 3176 3464 τὸν
3212 3411 3372 3464 αὑτὸν
3402 3411 3465 3483 δὴ
3489 3411 3688 3482 τρόπον
3716 3414 3810 3465 καὶ

2145 3496 2174 3546 ὁ
2213 3493 2591 3566 φιλάνθρωπος
2631 3499 2927 3570 Δεσπότης,
2961 3499 3212 3572 καθάπερ
3241 3500 3417 3571 δεσμά
3453 3500 3633 3563 ποσὶν,
3671 3499 3810 3553 οὕτω

2144 3579 2206 3632 τὸ
2239 3584 2465 3652 σημεῖον
2493 3582 2595 3652 τῆς
2628 3587 2930 3657 περιτομῆς
2966 3589 3032 3658 τῇ
3075 3590 3236 3658 σαρκὶ
3265 3589 3580 3652 ἐναπέθετο,
3609 3589 3694 3642 τνα
3729 3590 3808 3642 οῖ·

2146 3666 2304 3721 κοθεν
2331 3667 2545 3738 ἔχοντες
2581 3671 2906 3743 ὑπόμνησιν,
2941 3676 3138 3744 μηκέτι
3171 3675 3305 3746 μηδὲ
3322 3677 3422 3746 τῆς
3447 3678 3579 3747 παρ’
3612 3677 3809 3747 ἐτέρων

2145 3753 2370 3808 δέωνται
2391 3755 2760 3822 διδασκαλίας.
2799 3759 2938 3812 Ἀλλ’
2960 3762 3010 3813 oi
3030 3761 3344 3832 ἀγνώμονες
3378 3763 3472 3816 καὶ
3496 3762 3810 3832 ἀναίσθητοι

2158 3842 2399 3898 Ἰουδαῖοι
2436 3846 2531 3898 καὶ
2560 3847 2710 3918 παρά
2738 3848 2928 3918 καιρὸν
2949 3849 3043 3902 νῦν
3071 3851 3169 3921 τὴν
3191 3851 3493 3922 περιτομὴν
3519 3851 3808 3920 φυλάσσειν

2145 3927 2444 3997 βούλονται,
2492 3933 2585 3985 καὶ
2626 3933 2878 4006 παιδικὴν
2921 3935 3316 3988 ἐπιδείκνυνται
3363 3936 3606 4008 γνώμην.
3657 3937 3810 4001 Τίνος

2147 4015 2254 4086 7&9
2297 4017 2504 4082 ἓνεκεν,
2549 4019 2669 4072 είπέ
2723 4037 2832 4090 μοι,
2882 4021 2976 4074 νῦν
3023 4023 3445 4093 περιτέμνεσθαι
3499 4023 3806 4094 βούλονται;

2145 4102 2278 4156 Τότε
2309 4105 2408 4174 μὲν
2446 4106 2574 4176 7&9,
2622 4106 2708 4160 ἵνα
2757 4107 2832 4178 μὴ
2869 4111 2980 4170 τοῖς
3012 4109 3348 4180 παρανόμοις
3382 4111 3613 4174 ἐκείνοις
3635 4113 3808 4166 ἐθνεσι

2149 4196 2590 4266 συναναφνρῶσι,
2628 4197 2788 4250 τοῦτο
2836 4198 3204 4269 ἐπετάγησαν·
3241 4199 3436 4253 νυνὶδέ
3474 4201 3564 4255 διά
3593 4201 3686 4272 τὴν
3710 4200 3801 4254 τοῦ

2142 4280 2278 4333 Θεοῦ
2333 4283 2490 4353 χάριν
2549 4283 2768 4336 πάντων
2829 4284 2965 4354 πρὸς
3020 4284 3118 4355 τὴν
3179 4284 3432 4356 ἀλήθειαν
3491 4286 3586 4340 τοῦ
3632 4287 3800 4356 φωτὸς

2142 4369 2686 4440 χειραγωγηθέντων,
2732 4372 2882 4423 ποῖον
2931 4370 3031 4439 τῆς
3088 4372 3388 4442 περιτομῆς
3436 4372 3664 4442 δφελοςς
3710 4373 3805 4445 Μὴ

2141 4455 2250 4526 γὰρ
2281 4456 2418 4526 πρὸς
2449 4455 2544 4526 τὴν
2581 4457 2681 4526 τῆς
2722 4456 2896 4527 ψυχῆς
2939 4457 3247 4527 ἐλευθερίαν
3283 4475 3336 4511 τι
3372 4459 3728 4530 συμϐάλλεται
3764 4461 3798 4528 η

2139 4545 2238 4613 τῆς
2281 4544 2482 4613 σαρκὸς
2530 4545 2816 4608 ἀπόθεσις;
2863 4545 2976 4596 Οὐκ
3015 4545 3251 4614 ἥκουσαν
3299 4546 3484 4616 σαφῶς
3525 4545 3618 4598 τοῦ
3661 4544 3802 4598 Θεοῦ

2141 4627 2406 4696 λέγοντος,
2445 4631 2557 4684 Kal
2598 4632 2766 4685 ἔσται
2802 4632 2873 4683 ἐν
2911 4633 3137 4698 σημείῳ
3174 4632 3482 4701 διαθήκης,
3527 4634 3807 4704 μονονουχὶ

2138 4713 2465 4782 δεικνύντος,
2530 4718 2611 4770 δτι
2679 4717 2766 4770 διά
2821 4717 2916 4787 τὴν
2977 4717 3177 4789 πολλὴν
3243 4720 3421 4773 αὐτῶν
3486 4719 3804 4790 ἀγνωμοσύ-

2139 4817 2236 4861 νην
2291 4801 2387 4855 τοῦ
2433 4804 2662 4876 σημείου
2704 4803 3038 4875 ἐδεήθησαν;
3074 4805 3229 4859 Οὕτω
3281 4805 3391 4877 γάρ
3437 4807 3532 4861 καὶ
3568 4807 3659 4860 ἐπὶ
3698 4806 3808 4860 τῶν

2137 4888 2494 4959 ἀνθρωπίνων
2551 4892 2809 4956 πολλάκις
2857 4893 3065 4960 γίνεται
3136 4895 3497 4964 πραγμάτων.
3558 4893 3806 4948 Ἐπειδὰν

2141 4978 2214 5048 μὴ
2251 4977 2539 5048 θαρρῶμεν
2582 4997 2709 5042 τισι,
2747 4983 2970 5050 σημεῖον
3012 4981 3270 5051 ἐνεχύρου
3314 4983 3474 5052 χάριν
3510 4981 3802 5052 λαμϐάνειν

2139 5067 2264 5135 παρ’
2307 5067 2486 5120 αὐτῶν
2527 5069 2934 5140 σπουδάζομεν·
2967 5070 3109 5123 οὕτω
3143 5071 3239 5124 καὶ
3272 5070 3300 5122 ὁ
3342 5071 3450 5123 τῶν
3497 5071 3635 5124 ὅλων
3671 5070 3803 5134 Θεὸς

2135 5152 2292 5216 εἰδὼς
2314 5153 2491 5208 αὑτῶν
2515 5157 2612 5225 τῆς
2636 5156 2863 5228 γνώμης
2889 5155 2988 5227 τὴν
3013 5155 3286 5218 εὐκολίαν,
3311 5157 3370 5209 τὸ
3403 5161 3624 5227 σημεῖον
3642 5156 3805 5210 τοῦτο

2136 5241 2266 5308 παρ’
2318 5240 2498 5294 αὑτῶν
2539 5242 2838 5313 ἀπαιτῆσαι
2877 5243 3218 5307 κατεδέξατο,
3267 5243 3365 5312 οὐχ
3407 5244 3497 5296 ἵνα
3540 5241 3801 5312 διηνεκῶς

2138 5326 2272 5398 μένῃ
2317 5327 2380 5380 τὸ
2410 5332 2636 5398 σημεῖον
2663 5331 2842 5393 τοῦτο,
2883 5329 2999 5382 ἀλλ’
3026 5330 3113 5382 ἵνα
3135 5329 3243 5382 τῶν
3272 5331 3393 5382 τότε
3422 5328 3571 5392 τέλος
3600 5328 3802 5399 λαμϐα-

2134 5417 2332 5470 νόντων
2353 5420 2446 5472 καὶ
2469 5422 2502 5490 ἡ
2528 5419 2622 5472 τοῦ
2647 5421 2872 5491 σημείου
2903 5421 3062 5492 χρεία
3086 5420 3430 5492 περιαιρεθῇ.
3456 5421 3667 5490 Ὠσπερ
3692 5419 3801 5492 γὰρ

2133 5504 2258 5558 ὅταν
2288 5507 2512 5575 σημεῖόν
2556 5525 2698 5571 τινες
2727 5507 3026 5573 ἀπαιτῶσι,
3078 5508 3174 5561 καὶ
3215 5507 3467 5580 ἐνέχυρον
3507 5507 3800 5578 βούλωνται

2137 5653 2359 5780 lingulis?
2371 5658 2618 5768 Wululum
2638 5659 2822 5708 variant
2838 5661 2886 5710 in
2909 5657 3206 5710 editionibus
3226 5653 3320 5708 τῶν
3334 5659 3374 5706 ο
3390 5658 3415 5707 ’,
3436 5657 3634 5719 [praep
3659 5656 3796 5705 τοιηι
