4084 6214
297 316 399 372 505

298 430 458 488 modo
481 438 537 486 et
564 425 878 499 patriarcha:
912 437 1107 480 nomen
1136 429 1383 494 parentes
1412 418 1748 482 indiderant,
1773 425 1885 470 sta-

299 523 392 578 tim
417 521 485 576 ab
510 520 659 575 initio
699 517 1031 574 declarantes
1054 514 1227 585 ipsum
1267 511 1604 582 peregrinum
1645 507 1794 571 fore,
1832 514 1888 560 et

301 614 648 669 transiturum
678 610 877 666 ﬂumen
902 649 919 676 ,
961 615 1019 662 ut
1071 606 1124 661 in
1165 612 1362 660 terram
1386 602 1616 658 alienam
1655 599 1883 653 veniret.

301 704 562 774 Quoniam
593 701 783 772 igitur,
814 698 1022 768 inquit,
1056 709 1250 752 nomen
1275 709 1306 748 a
1349 691 1654 763 parentibus
1684 687 1775 743 tibi
1808 686 1888 740 in-

303 799 472 852 ditum
501 793 626 850 illud
657 789 1116 864 prazsigniflcavit,
1147 795 1201 842 te
1246 785 1370 842 inde
1397 783 1500 838 huc
1543 780 1886 837 transiturum

303 903 425 943 esse
453 905 468 942 :
497 885 680 956 accipe
701 894 756 939 et
785 882 942 938 unius
970 877 1220 936 elementi
1263 875 1587 931 additiouem
1606 913 1624 940 ,
1655 881 1713 926 ut
1748 871 1889 926 scias

310 981 410 1033 hoc
432 977 522 1032 tibi
551 974 834 1039 declarari,
864 981 917 1028 te
942 971 1227 1027 multarum
1247 968 1486 1039 gentium
1517 964 1628 1019 fore
1658 972 1888 1034 patrem.

311 1071 376 1126 Et
403 1069 526 1125 vide
568 1083 725 1138 quam
773 1073 1021 1121 accurate
1064 1063 1134 1118 sit
1169 1062 1438 1132 loquutus.
1465 1057 1580 1112 Non
1611 1057 1742 1111 dixit
1769 1069 1890 1109 om-

309 1164 453 1218 nium
500 1161 771 1233 gentium,
823 1156 919 1214 sed
971 1155 1255 1211 Multarum
1302 1151 1568 1224 gentium:
1599 1163 1718 1203 nam
1769 1146 1891 1217 quia

310 1264 464 1309 erant
488 1263 543 1308 et
579 1251 699 1307 alia:
731 1258 917 1321 gentes
944 1246 1068 1302 inde
1092 1242 1446 1315 expellenda,
1473 1250 1529 1294 ιιι
1558 1254 1739 1295 semen
1763 1237 1891 1307 justi

314 1347 660 1404 hereditatem
705 1345 1001 1413 acciperet.
1027 1339 1146 1395 ideo
1175 1337 1338 1402 dicit,
1365 1334 1573 1389 Patrem
1618 1331 1893 1386 multarunt

315 1441 534 1513 gentium
561 1437 796 1493 constitui
823 1446 891 1491 te.
916 1434 1102 1491 Sciens
1119 1474 1135 1496 ,
1169 1429 1372 1513 inquit,
1413 1437 1516 1482 tua:
1547 1425 1753 1480 virtutis
1778 1437 1895 1476 ma-

312 1511 640 1603 gnitudinem
665 1572 680 1597 ,
709 1530 992 1584 multarum
1022 1524 1256 1597 gentium
1287 1511 1561 1576 doctorem
1595 1528 1644 1572 te
1666 1515 1852 1570 faciam
1877 1553 1892 1578 ,

316 1625 383 1680 Et
412 1640 632 1679 crescere
661 1632 710 1676 te
736 1621 923 1691 faciam
953 1634 1012 1672 ac
1055 1613 1382 1684 multiplicari
1424 1610 1570 1665 valde
1587 1649 1602 1675 ,
1634 1607 1780 1662 valde
1807 1621 1826 1660 :
1851 1614 1896 1659 et

316 1731 501 1787 ponam
526 1714 639 1768 tein
667 1722 836 1783 gentes
857 1752 872 1776 ,
895 1721 942 1765 et
967 1724 1105 1779 reges
1132 1722 1196 1761 ea:
1223 1714 1269 1758 te
1301 1701 1636 1774 egredientur.
1666 1697 1743 1753 Ne
1774 1711 1898 1765 pcr-

317 1807 576 1862 functorie
607 1816 938 1860 transeamus
955 1817 1074 1872 qua:
1097 1799 1365 1862 dicuntur,
1383 1791 1738 1850 dilectissimi.
1765 1788 1898 1844 Nam

315 1900 360 1953 si
386 1896 796 1968 cogitaverimus
837 1890 1156 1964 patriarchae
1183 1897 1393 1943 artatem
1420 1926 1436 1951 ,
1465 1895 1518 1940 et
1540 1898 1661 1938 eum
1701 1881 1818 1936 haec
1845 1881 1899 1935 in

318 1999 558 2046 extrema
587 1998 800 2044 senecta
827 1985 1040 2040 audisse
1063 2024 1079 2048 ,
1120 1974 1705 2050 obstupesccmusjusti
1733 1973 1902 2028 virtu-

321 2091 451 2147 tem,
481 2089 535 2134 et
563 2078 774 2148 benigni
810 2076 902 2132 Dei
926 2073 1176 2130 eximiam
1209 2069 1498 2141 potentiam
1529 2084 1542 2120 :
1575 2065 1695 2136 quia
1717 2079 1785 2120 ex
1813 2061 1905 2118 ho-

322 2172 467 2227 mine
516 2167 900 2239 propemodum
951 2173 1189 2228 mortuo,
1247 2171 1304 2216 et
1349 2158 1604 2214 membris
1630 2155 1900 2220 invalido,

320 2261 410 2333 qui
452 2269 507 2317 et
543 2257 780 2330 quotidie
824 2265 1048 2312 mortem
1075 2269 1182 2324 prae
1223 2251 1394 2308 oculis
1421 2247 1824 2319 imaginabatur,
1851 2246 1902 2300 in

323 2361 527 2407 tantum
555 2360 766 2406 auctum
791 2347 854 2402 iri
877 2345 1189 2417 signiﬁcavit
1212 2357 1395 2398 semen
1416 2381 1430 2405 ,
1461 2347 1519 2393 ut
1546 2348 1602 2394 et
1631 2337 1681 2392 in
1713 2335 1905 2391 multas

324 2453 512 2516 gentes
537 2442 728 2508 exiret;
753 2453 925 2509 neque
948 2437 999 2492 id
1026 2436 1223 2502 solum,
1251 2432 1345 2488 sed
1374 2431 1535 2488 etiam
1563 2441 1718 2499 reges
1745 2442 1809 2482 ex
1839 2438 1906 2480 eo

325 2515 728 2605 egrederentur.
789 2528 976 2583 Vidisti
1044 2523 1415 2597 promissionis
1473 2515 1907 2576 incrementum?

329 2625 542 2680 Faciam
581 2633 628 2678 te
657 2637 874 2676 crescere
895 2661 908 2684 ,
944 2618 1149 2689 inquit,
1182 2615 1328 2670 valde
1349 2655 1364 2680 ,
1393 2613 1559 2667 valde.
1591 2607 1907 2680 Duplicatio-

329 2733 452 2772 nent
474 2715 631 2786 hujus
657 2711 894 2769 adverbii
920 2726 1026 2765 non
1054 2709 1246 2763 frustra
1275 2705 1470 2774 adjecit
1494 2745 1510 2771 ,
1537 2702 1632 2757 sed
1661 2712 1716 2756 ut
1741 2699 1907 2769 signi-

329 2808 452 2864 ticet
477 2823 542 2863 ex
567 2808 714 2875 justo
757 2804 945 2859 miram
991 2797 1379 2856 multitudinem
1407 2794 1725 2852 eseundam.
1769 2791 1911 2860 Quo-

330 2901 470 2955 niam
502 2900 660 2970 igitur
677 2912 772 2967 per
789 2893 1036 2951 elementi
1055 2889 1404 2955 additionem,
1422 2888 1571 2959 quasi
1597 2887 1648 2940 in
1664 2884 1910 2939 culumna

330 2989 557 3060 quadam
582 3030 597 3054 ,
628 2986 966 3042 indelebilem
987 2982 1392 3055 promissionem
1421 2980 1470 3034 ei
1493 2978 1778 3047 inscripsit,
1810 2977 1909 3030 ite-

331 3097 446 3136 rum
472 3081 598 3136 dicit
634 3098 647 3135 :
679 3081 732 3134 7.
765 3078 830 3132 Et
856 3087 1074 3133 statuam
1100 3081 1447 3129 testamentum
1487 3086 1652 3124 meum
1676 3071 1804 3121 inter
1830 3077 1910 3133 te,

331 3183 376 3230 et
418 3173 546 3227 inter
569 3189 736 3227 semen
762 3183 900 3225 tuum
945 3178 1055 3240 post
1084 3177 1132 3223 te
1170 3167 1225 3220 in
1261 3165 1604 3237 generationes
1633 3177 1834 3227 eorum,
1862 3163 1914 3213 in

332 3276 681 3320 testamentum
723 3264 1079 3332 sempiternunt
1099 3298 1114 3325 ,
1145 3268 1199 3312 ut
1240 3257 1335 3311 sint
1363 3255 1499 3311 Deus
1527 3264 1658 3309 tuus.
1686 3252 1798 3308 Non
1823 3266 1914 3305 so-

337 3357 444 3412 lum
471 3371 595 3426 erga
627 3364 678 3410 te
718 3369 962 3424 magnam
1000 3349 1287 3406 declarabo
1313 3347 1699 3418 providentiam
1741 3353 1796 3398 et
1818 3357 1914 3396 cu-

335 3465 472 3515 ram,
494 3447 587 3502 sed
613 3457 667 3501 et
689 3461 814 3514 erga
840 3459 1024 3499 semen
1053 3452 1198 3494 tuum
1221 3479 1236 3504 ,
1274 3448 1328 3492 et
1353 3448 1470 3507 post
1497 3447 1641 3490 tuam
1664 3443 1915 3487 mortem.

341 3537 471 3591 Vide
498 3535 768 3606 quomodo
784 3542 990 3589 recreet
1012 3530 1244 3586 animam
1261 3528 1408 3596 justi,
1442 3526 1756 3596 promittens
1779 3523 1828 3576 ei
1859 3535 1919 3576 se

339 3627 560 3684 seminis
593 3639 804 3696 quoque
850 3623 968 3693 ejus
1001 3621 1219 3677 multam
1272 3633 1452 3674 curam
1495 3615 1818 3671 habiturum.
1852 3610 1921 3666 Et

339 3737 459 3792 qua:
485 3721 651 3774 virtus
693 3716 1031 3773 testamenti?
1064 3715 1131 3771 Ut
1155 3715 1251 3768 sim
1277 3711 1416 3767 Deus
1445 3720 1560 3764 tuus
1583 3749 1600 3774 ,
1641 3707 1808 3775 inquit
1831 3747 1846 3771 ,
1874 3712 1921 3759 et

341 3813 548 3870 seniinis
595 3811 667 3864 tui
711 3819 824 3881 post
847 3817 914 3864 te.
938 3808 1049 3863 lloc
1082 3807 1225 3862 enim
1252 3804 1356 3860 erit
1382 3803 1472 3858 tibi
1501 3809 1556 3855 et
1596 3797 1785 3854 semini
1830 3805 1922 3850 tuo

342 3915 500 3976 caput
545 3905 826 3959 honorum.
871 3903 925 3958 8.
954 3900 1020 3956 Et
1050 3900 1182 3954 dabo
1210 3897 1296 3952 tibi
1321 3907 1369 3951 et
1419 3894 1596 3950 semini
1621 3903 1707 3946 tuo
1734 3899 1846 3960 post
1876 3899 1923 3942 te

345 4009 528 4052 terram
554 3996 606 4050 in
631 4012 732 4065 qua
760 3993 1050 4065 peregrinus
1077 4007 1130 4045 es
1152 4031 1168 4057 ,
1199 4005 1396 4044 omnem
1426 3998 1613 4042 terram
1638 3983 1884 4039 Chanaan
1903 4018 1920 4044 ,

345 4091 396 4144 in
424 4089 785 4161 possessionem
809 4087 1188 4157 sempiternam;
1212 4091 1260 4136 et
1288 4097 1374 4136 ero
1401 4095 1575 4134 eorum
1601 4076 1757 4131 Deus.
1795 4074 1925 4128 Pro-

347 4193 466 4252 pter
490 4191 631 4237 tuam
655 4223 670 4248 ,
703 4179 907 4250 inquit,
933 4178 1182 4232 virtutem
1214 4173 1409 4244 posteri
1435 4185 1646 4242 quoque
1684 4167 1758 4222 tui
1807 4179 1925 4221 mea

347 4273 588 4328 fruentur
630 4269 964 4341 providentia
990 4309 1005 4330 ,
1031 4277 1086 4324 et
1123 4265 1264 4321 dabo
1311 4265 1390 4320 eis
1441 4265 1491 4317 in
1532 4260 1925 4332 possessionem

347 4373 604 4419 aeternam
632 4370 830 4416 terram
855 4357 1129 4420 Chanaan,
1153 4355 1221 4409 Et
1245 4370 1332 4410 ero
1359 4369 1531 4408 eorum
1554 4350 1690 4404 Deus
1720 4351 1759 4401 ⁸.
1787 4345 1927 4414 Quid

350 4462 462 4517 est,
491 4451 556 4506 Et
580 4467 666 4505 ero
695 4466 865 4504 eorum
898 4446 1074 4503 Deus?
1103 4446 1217 4500 Hoc
1245 4453 1358 4506 est.
1381 4442 1598 4497 Multam
1629 4456 1715 4496 me
1738 4451 1926 4495 eorum

348 4556 531 4598 curam
580 4549 636 4595 et
663 4538 1048 4611 providentiam
1087 4536 1284 4590 habere.
1311 4533 1589 4589 ostendam
1609 4573 1625 4596 ,
1652 4540 1706 4586 et
1752 4545 1929 4584 meum

352 4635 402 4686 in
425 4633 670 4687 muuibus
712 4629 1006 4686 subsidium
1037 4628 1139 4683 illis
1169 4627 1452 4698 praestabo.
1482 4624 1709 4678 Tantum
1764 4622 1816 4676 9.
1855 4619 1931 4674 Tu

355 4734 701 4777 testamentmn
745 4739 910 4776 meum
945 4723 1151 4776 observa
1175 4763 1190 4786 ,
1219 4731 1267 4774 et
1297 4735 1463 4774 semen
1489 4726 1628 4771 tuum
1659 4725 1770 4785 post
1801 4725 1848 4768 te
1880 4715 1933 4768 in

355 4815 754 4885 generationibus
797 4830 991 4868 eorum.
1039 4811 1183 4866 Nihil
1225 4810 1367 4865 aliud
1415 4824 1445 4863 a
1476 4809 1626 4863 vobis
1674 4807 1930 4877 requiro,

355 4921 512 4977 quam
539 4905 890 4962 obedientiam
932 4915 1208 4977 gratumve
1233 4905 1468 4957 animum
1494 4943 1508 4964 ,
1542 4911 1598 4956 rt
1617 4915 1716 4971 ego
1754 4899 1933 4956 omnia

356 5014 704 5069 qmccumque
724 4999 986 5068 pollicitus
1009 5013 1128 5052 sum
1153 5013 1314 5066 opere
1347 4995 1646 5064 complebo.

427 5092 480 5147 4.
506 5091 724 5161 Insuper
751 5093 932 5145 volens
958 5107 1051 5146 eos
1090 5090 1176 5160 qui
1207 5104 1271 5143 es
1303 5089 1420 5157 ipso
1464 5087 1714 5143 nascitnri
1751 5095 1934 5145 crant.

358 5183 680 5253 peculiarem
719 5198 871 5238 suum
923 5182 1099 5237 facere
1138 5180 1389 5251 populum
1419 5196 1432 5232 :
1461 5189 1516 5232 ιιι
1566 5186 1746 5247 postea
1773 5218 1788 5241 ,
1814 5192 1937 5232 cum

358 5273 640 5332 multitudo
693 5283 1094 5345 prepagaretnr.
1133 5287 1239 5326 non
1271 5285 1330 5325 se
1365 5269 1607 5339 gentibus
1641 5268 1744 5322 illis
1767 5309 1781 5328 .
1808 5282 1940 5336 qua-

358 5385 476 5423 rum
508 5365 859 5420 hereditatem
885 5373 1205 5433 occupitura
1225 5373 1339 5415 erat
1363 5401 1376 5421 ,
1409 5359 1782 5414 cnnuuiseerct
1813 5373 1829 5415 ;
1854 5357 1936 5410 in-

357 5471 662 5528 superque,
709 5459 832 5526 quia
884 5454 1178 5509 secundum
1232 5451 1628 5522 praedictionem
1683 5463 1833 5502 suam
1884 5447 1938 5500 in

367 5548 595 5621 Algypto
618 5549 864 5604 servituri
891 5557 1062 5613 erant;
1091 5556 1145 5601 ιιι
1175 5562 1241 5601 ne
1265 5545 1506 5616 gentibus
1525 5542 1940 5598 couunisccrcn-

424 5701 439 5736 ι
465 5701 519 5753 ln
544 5701 927 5770 Dibliislegitur,
951 5711 994 5756 et
1009 5717 1094 5755 ero
1107 5703 1178 5754 eis
1199 5701 1248 5752 in
1277 5709 1440 5752 Deum.

1328 304 1393 360 IN
1431 303 1582 360 CAP.
1622 297 1784 357 XVII.
1814 296 2059 354 BENES.
2105 295 2331 351 llOMIL.
2377 295 2617 351 XXXIX.

3469 299 3579 358 360

1994 422 2078 467 tur
2103 414 2167 472 .in
2197 413 2464 486 .‘Egypto,
2493 416 2956 476 circumcisionem
2982 460 2998 486 ,
3024 421 3162 492 signi
3203 423 3404 493 gratia,
3430 424 3576 497 justo

1994 506 2232 576 prmeipit
2277 514 2331 561 et
2369 507 2538 578 inquit
2567 525 2580 562 :
2615 507 2702 564 10.
2732 507 2849 565 Hoc
2891 520 2967 567 est
3008 521 3364 570 testamentum
3393 517 3410 549 ¹
3441 515 3580 587 quod

1992 598 2211 653 servabis
2235 599 2364 653 inter
2382 616 2462 655 me
2493 610 2540 655 et
2567 617 2675 670 eos,
2695 612 2740 658 et
2769 603 2903 659 inter
2929 621 3096 662 semen
3125 615 3264 663 tuum
3293 619 3407 680 post
3433 620 3483 666 te
3517 615 3578 669 in

1993 691 2398 760 generationibus
2443 693 2664 750 illorum.
2717 694 3117 754 Circumcidetur
3159 701 3211 756 in
3250 702 3387 759 vobis
3425 719 3583 760 omne

1993 781 2350 836 masculinum.
2385 785 2472 839 ll.
2501 784 2879 844 Circumcidetis
2906 805 3109 845 carnem
3137 796 3371 864 prwputii
3401 797 3573 852 vestri.

1997 869 2197 928 Deinde
2237 881 2292 927 ut
2333 873 2520 930 doceat
2559 885 2615 931 et
2639 877 2760 933 illos
2805 888 2861 934 et
2902 896 3088 938 omnes
3129 863 3254 950 nos,
3283 900 3446 956 quare
3473 863 3578 946 hoc

1995 965 2327 1034 praeceperit,
2355 974 2410 1022 et
2434 982 2492 1022 se
2523 983 2630 1024 non
2661 970 2880 1028 alterius
2903 975 3198 1044 cujuspiam
3227 978 3395 1049 gratia
3424 979 3478 1036 id
3503 978 3578 1036 fa-

1995 1069 2119 1110 cere
2138 1097 2152 1121 ,
2175 1070 2334 1126 quam
2363 1066 2424 1112 ut
2460 1069 2604 1116 esset
2630 1062 2927 1133 assignatus
2953 1074 3007 1119 et
3032 1066 3131 1122 sibi
3155 1078 3463 1139 segregatus
3483 1085 3579 1140 po-

1997 1149 2174 1217 pulus,
2202 1149 2410 1220 inquit,
2446 1151 2510 1205 Et
2539 1153 2631 1207 erit
2652 1154 2704 1208 in
2727 1155 2926 1227 signum
2955 1161 3237 1213 testamenti
3260 1159 3391 1217 inter
3425 1177 3506 1216 me
3531 1171 3581 1216 et

1997 1256 2104 1296 vos.
2147 1241 2213 1295 Et
2243 1252 2423 1311 postea
2467 1245 2628 1300 etiam
2654 1245 2720 1300 de
2751 1254 2990 1318 tempore
3015 1249 3272 1320 imperat,
3303 1267 3411 1323 quo
3450 1267 3580 1308 con-

1998 1333 2178 1388 veniat
2205 1333 2306 1391 hoc
2329 1335 2462 1390 fieri.
2494 1336 2579 1392 12.
2607 1336 2819 1393 Puellus
2839 1341 2992 1406 enim,
3020 1342 3220 1412 inquit,
3247 1353 3360 1397 octo
3383 1344 3580 1399 dierum

1998 1426 2382 1481 circumcidetur
2397 1429 2550 1496 vobis,
2571 1440 2619 1484 et
2646 1433 2940 1487 vernaculus
2959 1473 2977 1499 ,
3000 1443 3048 1487 et
3069 1435 3327 1504 emptitius
3353 1449 3374 1490 :
3401 1445 3447 1490 et
3470 1452 3580 1492 orn-

2002 1536 2089 1574 nes
2113 1521 2164 1574 in
2189 1537 2410 1588 summa,
2440 1535 2495 1577 ut
2522 1525 2591 1577 ita
2617 1526 2783 1580 dicam
2807 1567 2821 1587 .
2841 1529 2928 1599 qui
2955 1529 3095 1598 apud
3120 1546 3204 1585 vos
3227 1539 3364 1595 sunt,
3391 1531 3486 1586 Itoc
3509 1533 3581 1587 si-

2001 1627 2156 1681 gnum
2199 1613 2490 1683 suscipient.
2516 1615 2602 1668 14.
2632 1614 2698 1668 Ει
2729 1616 2955 1687 quisquis
2979 1635 3080 1673 non
3121 1619 3506 1676 circumcidetur
3528 1621 3582 1676 in

2002 1701 2084 1754 die
2136 1703 2400 1758 constituto
2423 1747 2439 1770 ,
2485 1706 2722 1774 perdetur
2765 1723 2784 1762 :
2832 1708 2955 1778 quia
3012 1718 3362 1764 testamentum
3412 1727 3582 1767 meum

2005 1794 2305 1864 dissipavit;
2355 1798 2477 1868 quia
2529 1809 2888 1872 transgressus
2935 1813 3016 1858 est
3042 1845 3058 1871 ,
3111 1805 3280 1875 inquit
3310 1846 3322 1869 .
3376 1819 3580 1876 prace-

2005 1894 2175 1954 ptum.

2037 1979 2140 2035 Cur
2151 1982 2774 2043 circumcisionemludteis
2791 1983 3082 2054 imposuerit
3093 1982 3584 2042 Deus.Circumeisio

2007 2067 2137 2123 nihil
2159 2069 2344 2124 anima:
2367 2075 2561 2142 confert
2584 2072 2721 2126 bom'.
2741 2102 2814 2113 —
2843 2074 2976 2130 Vide
3006 2075 3320 2144 sapientiam
3348 2077 3583 2144 Domini,

2007 2158 2274 2227 quomodo
2289 2176 2410 2216 cum
2426 2163 2587 2219 sciret
2603 2164 2936 2234 imperfectas
2951 2177 3000 2221 et
3024 2181 3215 2237 pravas
3233 2182 3420 2223 eorum
3435 2183 3590 2226 meu-

2009 2260 2091 2307 tes
2112 2251 2332 2317 futuras,
2351 2255 2558 2325 signum
2577 2257 2996 2315 circumcisionis
3015 2261 3163 2330 quasi
3185 2259 3396 2316 frenum
3418 2263 3591 2332 quod-

2008 2342 2132 2399 dam
2162 2345 2442 2416 imposuit,
2473 2347 2538 2402 ad
2571 2348 2855 2406 indomitos
2876 2366 3061 2408 eorum
3085 2353 3313 2424 impetus
3331 2355 3588 2411 cohiben-

2009 2435 2128 2499 dos,
2156 2446 2212 2492 ut
2237 2453 2304 2494 ne
2322 2439 2564 2508 gentibus
2585 2441 3072 2498 commiscereutur.
3097 2443 3227 2499 Nam
3247 2445 3370 2515 quia
3390 2445 3590 2502 sciebat

2009 2541 2196 2584 eorum
2213 2529 2503 2593 lasciviam,
2535 2540 2589 2586 et
2608 2546 2721 2594 eos,
2749 2532 2872 2588 licet
2891 2534 3141 2590 intinities
3168 2538 3419 2604 monitos,
3443 2544 3501 2592 ut
3519 2535 3591 2590 ab

2013 2617 2197 2676 illicito
2218 2621 2415 2690 impetu
2433 2621 2756 2678 abstinerent
2775 2664 2790 2688 ,
2820 2623 3127 2679 obedituros
3158 2641 3260 2679 non
3277 2641 3397 2682 esse
3425 2643 3439 2680 :
3472 2626 3592 2682 ideo

2013 2709 2138 2764 dato
2160 2711 2239 2766 eis
2257 2721 2510 2781 perpetuo
2530 2714 2846 2778 memoriali,
2875 2714 3053 2784 injecit
3074 2716 3152 2770 eis
3171 2717 3592 2774 circumcisionis

2013 2802 2242 2872 signum,
2273 2804 2423 2873 quasi
2451 2803 2720 2858 vinculum
2748 2804 3036 2876 quoddam,
3065 2806 3317 2877 deditque
3340 2808 3421 2863 eis
3445 2807 3593 2880 leges

2014 2903 2069 2948 et
2094 2895 2320 2964 regulas,
2355 2894 2488 2950 ultra
2517 2910 2650 2967 quas
2677 2897 2903 2953 transire
2930 2901 3008 2953 eis
3038 2914 3144 2954 non
3175 2899 3378 2963 liceret,
3411 2910 3464 2954 ut
3493 2914 3591 2955 sua

2014 2995 2172 3056 gente
2195 2989 2428 3044 contenti
2455 2997 2654 3054 essent,
2683 2997 2738 3044 et
2761 2990 2910 3044 nullo
2933 2990 3093 3046 modo
3117 3005 3239 3046 cum
3266 2992 3512 3063 gentibus
3535 3006 3596 3049 se

2015 3077 2459 3144 commiscerent;
2494 3079 2587 3135 sed
2616 3080 2930 3150 patriarcha:
2965 3095 3149 3138 semen
3199 3082 3596 3153 impermixtttm

2019 3179 2259 3225 maneret
2285 3179 2342 3225 ut
2369 3170 2446 3227 sic
2473 3179 2530 3226 et
2570 3173 2830 3241 promissa
2869 3172 2923 3228 in
2948 3173 3028 3229 eis
3051 3173 3310 3245 compleri
3358 3185 3597 3246 possent.

2023 3262 2088 3316 Et
2112 3264 2560 3333 quemadmodum
2587 3265 2666 3318 vir
2689 3265 2881 3334 aliquis
2909 3275 3209 3336 temperans
3233 3276 3289 3322 et
3319 3267 3477 3334 lenis,
3503 3281 3602 3323 au-

2019 3352 2194 3407 cillam
2240 3354 2442 3410 habens
2493 3355 2818 3423 petulantem
2844 3394 2858 3416 .
2893 3356 3149 3410 terminos
3189 3366 3244 3411 et
3287 3358 3499 3426 regulas
3527 3358 3601 3413 illi

2021 3441 2146 3506 dat,
2173 3458 2238 3497 ne
2279 3457 2527 3511 umquam
2557 3451 2707 3496 extra
2730 3441 2986 3498 vestibula
3021 3444 3262 3513 prodeat,
3285 3461 3455 3517 neque
3476 3462 3599 3502 cum

2023 3535 2464 3604 prmtereuntibus
2489 3536 2787 3600 conveniat,
2817 3536 2924 3592 imo
2951 3552 3350 3607 nonnumquam
3380 3538 3604 3606 pedibus

2023 3624 2310 3694 compedes
2343 3625 2524 3691 addit,
2557 3635 2614 3680 ut
2643 3627 2722 3682 sic
2763 3627 2904 3683 illius
2945 3629 3406 3699 intemperantiam
3441 3643 3598 3685 coer—

2025 3731 2148 3772 cere
2173 3717 2346 3774 valeat
2375 3734 2390 3773 :
2418 3719 2489 3774 ita
2517 3729 2571 3775 et
2599 3719 2857 3790 benignus
2887 3721 3142 3782 Dominus
3183 3722 3606 3778 circumcisinuis

2025 3807 2233 3878 signum
2273 3809 2419 3864 carni
2441 3823 2626 3865 eorum
2671 3809 2862 3865 indidit
2881 3851 2896 3873 ,
2919 3811 3069 3881 quasi
3095 3811 3316 3881 pedibus
3335 3811 3604 3867 vinculum

2026 3898 2314 3970 quoddam,
2345 3911 2401 3955 ut
2419 3899 2769 3956 domesticum
2792 3899 3050 3956 habentes
3075 3900 3309 3972 signum,
3338 3917 3444 3958 non
3470 3902 3610 3958 ultra

2028 3991 2268 4047 doctrina
2310 3992 2533 4047 aliorum
2563 4007 2699 4062 opus
2730 3992 3005 4048 haberent.
3035 3993 3190 4062 Atqui
3220 3993 3408 4063 ingrati
3433 3994 3610 4048 insen-

2030 4083 2240 4152 satique
2283 4082 2454 4138 Judwi
2509 4083 2674 4139 etiam
2725 4098 2902 4149 nunc,
2929 4099 3048 4136 cmn
3098 4093 3310 4152 tempus
3347 4098 3451 4137 non
3493 4091 3608 4146 est,

2030 4175 2490 4231 circumcisinnem
2530 4190 2745 4230 servare
2796 4175 3008 4237 volunt,
3040 4175 3405 4244 puerilcmque
3435 4173 3616 4228 decla-

2032 4278 2153 4323 rant
2181 4279 2433 4323 mentem.
2466 4267 2630 4336 Cujus
2658 4266 2800 4321 enim
2826 4264 2902 4320 rei
2923 4266 3091 4336 gratia
3113 4307 3128 4330 ,
3155 4262 3241 4318 die
3282 4264 3408 4320 mihi
3432 4305 3446 4328 ,
3474 4278 3614 4318 nunc

2033 4359 2336 4415 circumcidi
2367 4358 2592 4413 volunt?
2615 4356 2746 4411 Nam
2799 4367 2924 4412 tunc
2951 4357 3166 4426 quidem
3192 4401 3206 4420 ,
3230 4365 3290 4411 ut
3333 4372 3401 4411 ne
3441 4355 3617 4426 impiis

2034 4452 2138 4507 illis
2161 4451 2408 4521 gentibus
2426 4466 2485 4508 se
2504 4452 2937 4516 commiscerent,
2967 4450 3068 4504 hoc
3095 4450 3145 4504 in
3174 4447 3438 4504 mandatis
3459 4462 3617 4504 accc-

2035 4554 2224 4615 pcrant
2258 4562 2269 4596 :
2298 4558 2438 4598 nunc
2460 4553 2638 4598 autem
2678 4559 2773 4611 per
2799 4543 2891 4597 Dei
2920 4542 3144 4610 gratiam
3171 4541 3419 4595 omnibus
3446 4541 3512 4594 ad
3541 4541 3622 4594 Ιιιοο

2035 4652 2151 4692 cem
2180 4637 2417 4690 veritatis
2441 4635 2684 4690 adductis
2701 4674 2717 4699 ,
2743 4649 2864 4703 qua:
2908 4632 3329 4688 circumcisiouis
3370 4631 3568 4686 utilitas
3592 4631 3618 4684 ἲ

2039 4728 2303 4798 Numquid
2343 4728 2408 4780 ad
2439 4727 2632 4781 anima!
2659 4726 2953 4780 libertatem
2991 4723 3188 4793 aliquid
3213 4723 3419 4778 confert
3444 4722 3620 4776 carnis

2037 4819 2341 4890 depositio?
2368 4817 2482 4872 Non
2504 4816 2789 4871 audierunt
2811 4816 3090 4870 manifeste
3127 4815 3286 4868 Deum
3309 4813 3574 4870 dicentem
3601 4831 3616 4866 ε

2043 4911 2108 4966 Et
2135 4913 2227 4965 erit
2282 4912 2334 4964 in
2381 4910 2581 4980 signum
2611 4906 2889 4961 testamenti
2915 4922 2934 4960 :
2969 4906 3117 4976 quasi
3165 4905 3620 4960 demunstrantem

2042 5003 2187 5070 ipsos
2211 5002 2280 5056 ob
2307 5000 2526 5054 multam
2557 4996 2855 5052 socordiam
2893 4997 2982 5050 tali
3021 4997 3172 5066 signo
3198 4994 3518 5064 indiguisse?
3546 4994 3622 5049 lta

2041 5093 2182 5146 enim
2214 5102 2269 5146 et
2309 5092 2364 5144 in
2407 5089 2652 5144 humanis
2680 5088 2840 5142 rebus
2886 5102 3282 5156 nonnumquam
3320 5086 3431 5139 lieri
3462 5085 3620 5141 solet.

2042 5184 2265 5252 Quando
2301 5197 2404 5235 non
2436 5182 2692 5236 habemus
2712 5179 2974 5249 aliquibus
2997 5179 3177 5244 tidem,
3199 5194 3447 5233 curamus
3473 5187 3531 5232 ut
3556 5179 3626 5232 ab

2047 5276 2175 5347 ipsis
2212 5275 2418 5341 sig-mm
2469 5272 2702 5342 pignoris
2741 5271 2858 5324 IuCu
2913 5272 3230 5339 recipiamus
3259 5287 3271 5323 :
3300 5270 3544 5324 situilitcr
3568 5279 3629 5324 ct

2047 5368 2282 5420 uiitnium
2335 5365 2588 5418 Dominus
2636 5363 2809 5414 sciens
2851 5361 3084 5430 ipsorum
3129 5361 3290 5414 animi
3323 5361 3629 5414 inconstan-

2050 5460 2085 5513 ti
2105 5475 2172 5512 un
2191 5499 2206 5522 ,
2241 5459 2340 5526 hoc
2368 5459 2434 5510 ab
2459 5457 2536 5508 eis
2573 5456 2781 5523 signum
2829 5464 3010 5522 putere
3040 5455 3202 5509 voluit
3227 5472 3241 5509 :
3270 5469 3374 5508 non
3405 5465 3624 5509 utscm-

2112 5629 2127 5658 ι
2165 5634 2281 5674 t'ov.
2318 5626 2669 5684 testamentum.
2706 5616 2782 5664 hic
2821 5614 3023 5684 intelligi
3056 5614 3226 5684 debet,
3247 5618 3438 5675 pactum
3456 5609 3633 5672 Iustius,

2051 5691 2187 5753 cujus
2207 5689 2397 5749 signum
2420 5691 2471 5733 et
2488 5679 2754 5745 symbolum
2779 5686 2883 5728 erat
2904 5678 3226 5726 circumcisio.
