4070 6194
522 304 630 362 367

527 433 622 489 per
650 426 862 474 maneat
883 417 1092 489 signum
1115 415 1217 472 hoc
1240 456 1257 484 ,
1275 415 1370 472 sed
1398 427 1455 471 ut
1475 425 1756 487 postquam
1782 413 1996 485 antiqua
2021 411 2111 466 illa

531 512 691 566 linem
734 509 1060 580 acceperint,
1085 517 1141 564 et
1169 508 1306 580 signi
1335 521 1466 562 usus
1489 505 1782 561 auferatur.
1811 503 1946 562 Nam
1976 503 2116 559 sicut

523 604 615 675 qui
642 605 852 674 signum
874 610 1130 674 expetunt
1148 644 1164 667 ,
1191 610 1246 658 et
1265 601 1456 673 pignus
1481 599 1727 670 accipere
1759 597 1966 664 volunt,
1992 609 2114 651 cum

525 694 796 765 negotium
843 695 1134 766 perfectum
1175 692 1371 756 fuerit,
1400 701 1524 746 tunc
1559 700 1612 746 et
1637 690 1846 760 signum
1878 688 2066 744 tollunt
2099 691 2134 741 ί

525 789 597 842 ita
616 789 778 843 etiam
807 787 897 843 hic
917 802 1040 843 cum
1063 829 1078 850 ,
1119 795 1177 842 ut
1219 784 1445 856 pupulus
1465 782 1556 839 ille
1584 790 1735 838 Ortus
1755 798 1785 837 a
1814 779 2116 852 patriarcha

522 881 844 951 conspicuus
894 880 1046 936 fleret
1071 919 1087 944 ,
1129 879 1338 950 signum
1383 875 1487 932 hoc
1532 875 1674 947 apud
1711 875 1847 930 vos‘
1878 873 2120 929 introdu-

522 980 669 1026 ctum
691 972 783 1037 sit,
811 971 1094 1042 oportebat
1111 979 1389 1041 postquam
1407 976 1594 1039 gentes
1614 965 1719 1021 ilhc
1747 973 1966 1037 propter
1985 977 2117 1034 quas

523 1064 734 1132 signum
783 1063 1065 1134 accepistis
1088 1104 1104 1130 ,
1139 1062 1331 1133 partim
1361 1059 1554 1118 deleta:
1585 1068 1709 1114 sunt
1733 1100 1748 1126 ,
1778 1056 1968 1128 partim
1997 1065 2116 1127 post

525 1155 647 1210 illos
669 1154 737 1210 ad
767 1155 1003 1211 veritatis
1025 1155 1195 1210 lucem
1212 1162 1552 1210 accesserunt
1575 1193 1591 1218 ,
1621 1167 1726 1207 non
1746 1154 1857 1222 jam
1885 1150 2115 1222 amplius

523 1246 752 1317 propria:
781 1245 1136 1317 improbitatis
1178 1244 1431 1301 indicium
1456 1244 1799 1300 circumferre
1818 1285 1833 1306 ,
1864 1242 1958 1299 sed
1986 1241 2118 1297 lihe-

523 1351 614 1392 ros
640 1351 790 1405 esse,
816 1347 872 1394 et
912 1338 979 1392 ad
1009 1338 1287 1408 pristinam
1320 1337 1650 1392 nobilitatem
1680 1335 1876 1391 redire.
1931 1333 2114 1405 Cogita

524 1429 668 1484 euitn
719 1430 973 1486 eximium
1006 1429 1154 1485 ill-um
1184 1429 1542 1501 patriarcham
1567 1470 1582 1496 ,
1615 1429 1923 1500 priusquam
1974 1427 2116 1480 acci-

524 1530 676 1592 peret
703 1521 1128 1578 circumcisionis
1169 1521 1477 1576 mandatum
1521 1519 1835 1590 (nonaginta
1882 1519 2025 1574 enim
2061 1526 2116 1572 et

522 1629 714 1669 novem
739 1627 1002 1669 annorum
1029 1622 1145 1669 erat
1170 1612 1384 1684 quando
1428 1613 1532 1668 hoc
1558 1613 1608 1669 ei
1635 1618 1958 1684 praeceptum
1987 1609 2109 1681 est).

521 1714 797 1775 acceptum
819 1703 983 1760 fuisse
1005 1704 1136 1769 Deo,
1162 1713 1220 1760 et
1242 1704 1544 1760 sexcenties
1565 1719 1595 1758 a
1627 1704 1852 1758 Domino
1877 1701 2116 1758 celebra-

524 1808 655 1852 uun.
683 1796 750 1852 Et
765 1797 884 1867 quia
909 1796 1218 1867 propediem
1238 1797 1618 1867 promissiones
1633 1806 1786 1852 erant
1807 1794 2109 1866 implenda),

523 1887 930 1959 nasciturusque
959 1887 1104 1943 Isaac
1127 1929 1143 1956 ,
1167 1897 1220 1942 et
1246 1887 1546 1958 augendum
1574 1902 1776 1957 genus,
1807 1897 1861 1942 et
1889 1887 2111 1957 patriar-

517 1977 636 2033 chte
675 1977 1044 2049 emigraudum
1092 1988 1208 2033 erat
1235 1993 1300 2032 ex
1330 1977 1429 2032 hac
1462 1978 1566 2032 vita
1588 2019 1603 2042 ,
1635 1988 1759 2032 tunc
1783 1979 1996 2032 demum
2023 1985 2115 2031 ac-

519 2070 645 2140 cipit
674 2070 982 2126 maudatum
1029 2069 1459 2126 circmncisiouis
1479 2111 1494 2136 ,
1526 2077 1580 2123 et
1605 2069 1655 2122 in
1685 2069 1772 2123 tali
1800 2078 1959 2124 :etate
2001 2070 2111 2124 cir-

519 2160 860 2228 cumciditur,
880 2169 938 2216 ut
964 2161 1192 2232 posteris
1213 2161 1460 2215 omnibus
1488 2159 1570 2215 lex
1593 2159 1835 2231 qumdam
1853 2169 1908 2216 et
1930 2161 2111 2232 regula

523 2253 713 2308 tierent
737 2268 801 2308 ea
830 2268 951 2323 quae
982 2251 1278 2322 patriarcha
1310 2253 1455 2322 prior
1478 2251 1696 2307 fecerat.

589 2343 645 2399 5.
681 2342 750 2398 Et
794 2355 852 2399 ut
897 2342 1174 2398 evidenter
1205 2343 1424 2398 discatis
1447 2385 1465 2411 ,
1494 2342 1714 2411 dilecti,
1744 2343 1845 2398 hoc
1888 2343 2018 2398 nihil
2047 2343 2112 2397 ad

518 2431 712 2489 animae
734 2435 979 2489 virtutem
995 2433 1320 2498 conducere,
1343 2447 1408 2489 ex
1428 2433 1493 2488 iis
1506 2448 1625 2504 quae
1650 2431 1790 2489 facta
1806 2444 1929 2489 sunt
1947 2434 2114 2489 Vldt'l‘i

518 2533 713 2596 potest.
741 2526 848 2581 Cur
867 2526 1008 2581 enim
1029 2525 1122 2589 ait,
1149 2525 1275 2581 Octo
1299 2527 1492 2582 dierum
1513 2527 1682 2600 infans
1708 2527 2117 2582 circumcidetur?

519 2616 754 2690 Tempus
769 2618 1048 2674 definitum
1069 2633 1188 2674 esse
1208 2634 1238 2673 a
1261 2618 1488 2690 benigno
1508 2619 1615 2674 Deo
1633 2619 1839 2674 duabus
1859 2619 1926 2675 de
1942 2621 2115 2675 causis

522 2711 716 2781 opinor
743 2728 759 2766 :
788 2725 893 2766 una
916 2751 932 2775 ,
962 2719 1020 2767 ut
1049 2712 1103 2767 in
1132 2722 1292 2768 aetate
1320 2711 1600 2768 immatura
1643 2711 1850 2767 facilius
1877 2727 2109 2770 Circum-

517 2802 738 2858 cisionis
771 2802 823 2857 iu
853 2817 1016 2860 carne
1043 2803 1343 2859 molestiam
1385 2801 1528 2860 ferre
1555 2812 1767 2874 posset;
1796 2804 1899 2859 alia
1940 2814 1997 2859 ut
2022 2819 2110 2860 re-

519 2892 622 2947 bus
649 2892 780 2964 Ipsis
813 2892 1144 2950 disceremus
1173 2893 1224 2949 id
1249 2894 1446 2949 anima:
1475 2894 1607 2950 nihil
1645 2895 1971 2962 conducere,
2017 2898 2109 2952 sed

518 2979 622 3037 hoc
651 2981 765 3037 fieri
791 2981 928 3054 signi
957 2985 1144 3054 gratia.
1177 2984 1315 3039 Puer
1337 2985 1480 3039 enim
1513 2985 1826 3042 immaturus
1847 3029 1861 3054 ,
1893 3001 2014 3043 cum
2045 3005 2108 3044 ea

518 3089 644 3143 quae
671 3072 805 3129 llunt
833 3075 1065 3144 ignorat,
1090 3090 1264 3144 neque
1288 3091 1504 3132 sensum
1530 3091 1716 3133 eorum
1741 3079 1920 3144 habet,
1953 3095 2110 3151 quam

521 3163 648 3220 inde
691 3164 743 3218 in
784 3165 960 3219 anima
1003 3179 1097 3218 sua
1135 3166 1416 3221 utilitatem
1457 3169 1699 3238 accipere
1739 3170 1979 3240 poterit?
2017 3170 2109 3226 llla

517 3254 664 3311 enim
699 3261 826 3312 sunt
852 3266 978 3311 vere
1005 3254 1142 3312 bona
1169 3270 1331 3326 Opera
1361 3255 1553 3312 animae
1570 3299 1585 3323 ,
1618 3273 1736 3328 qua:
1763 3274 1830 3314 ex
1854 3259 2112 3316 electione

519 3347 676 3403 llunt.
705 3344 912 3402 Anlmat
939 3347 1083 3404 enim
1103 3347 1301 3402 bonum
1328 3362 1463 3418 opus
1491 3357 1575 3404 est
1605 3350 1850 3405 virtutem
1877 3352 2075 3422 eligere
2093 3395 2109 3416 ,

519 3445 576 3492 et
596 3436 851 3492 malitiam
873 3435 1086 3510 fugere;
1109 3439 1302 3493 anima:
1323 3437 1520 3494 bonum
1539 3455 1673 3510 opus
1694 3451 1795 3506 est,
1821 3458 1925 3496 non
1955 3441 2113 3497 modo

519 3543 628 3583 non
661 3528 810 3598 plura
833 3543 992 3599 quam
1023 3539 1235 3600 oportet
1259 3531 1642 3601 concupiscere
1665 3574 1681 3598 ,
1714 3532 1806 3586 sed
1843 3533 2003 3587 etiam
2029 3533 2112 3588 fa-

519 3619 747 3674 cultates
785 3619 1020 3676 tribuere
1063 3619 1465 3688 indigentibus;
1515 3623 1708 3676 anima:
1747 3623 1941 3677 bonum
1979 3638 2112 3694 opus

519 3720 603 3762 est
624 3749 641 3775 ,
673 3725 781 3764 non
805 3709 1074 3766 addictum
1112 3723 1234 3766 esse
1277 3711 1437 3767 rebus
1480 3712 1832 3783 prteseutibus
1851 3754 1865 3777 ,
1897 3714 1992 3769 sed
2021 3729 2113 3769 eas

524 3801 739 3869 quidem
768 3801 1045 3871 despicere
1065 3842 1080 3868 ,
1114 3800 1320 3858 futuras
1357 3813 1535 3859 autem
1563 3805 1820 3860 continuo
1852 3805 2112 3860 inanimo

521 3891 741 3948 habere.
768 3893 822 3948 lu
851 3905 1012 3948 carne
1036 3908 1164 3949 vero
1191 3893 1401 3966 signum
1429 3897 1695 3967 accipere,
1723 3898 1882 3967 quale
1911 3898 2107 3952 bonum

521 3998 656 4052 opus
697 3981 898 4038 fuerit?
928 3983 1123 4038 Verum
1167 3985 1357 4054 ingrati
1401 3985 1474 4041 illi
1517 3994 1573 4041 et
1619 3987 1873 4042 iusensati
1898 3987 2066 4044 JUdilfi
2097 4030 2110 4053 ,

519 4075 762 4146 quamvis
782 4075 892 4145 jam
916 4075 1147 4131 illuxerit
1171 4076 1389 4145 veritas,
1417 4075 1592 4133 adhuc
1618 4078 1670 4132 in
1693 4082 1878 4134 umbra
1905 4079 2112 4150 sedent,

520 4177 575 4221 ct
605 4169 852 4237 quamvis
882 4169 961 4223 sol
979 4167 1198 4238 justitize
1221 4167 1498 4236 allulserit,
1527 4169 1616 4239 qui
1639 4168 1775 4224 lucis
1800 4182 1910 4226 sua:
1933 4170 2114 4227 radios

522 4257 755 4329 nudique
777 4258 976 4323 emisit,
998 4260 1172 4313 adhuc
1200 4259 1509 4315 lucernaria:
1533 4261 1638 4315 luci
1665 4271 1790 4317 sunt
1813 4264 2005 4319 addicti
2027 4281 2042 4330 ;
2061 4274 2118 4320 et

521 4351 763 4419 quamvis
811 4351 879 4404 sit
924 4361 1134 4418 tempus
1179 4359 1234 4404 ut
1276 4349 1448 4405 solido
1484 4361 1770 4421 pascantur
1812 4353 1968 4420 cibo,
2017 4356 2113 4425 ipsi

522 4440 699 4495 adhuc
719 4442 853 4495 lacte
882 4450 996 4495 nuti
1016 4442 1229 4507 iuutur;
1257 4456 1432 4512 neque
1451 4442 1660 4497 beatum
1686 4444 1903 4499 Paulqu
1931 4449 2116 4504 audire

523 4531 707 4587 volunt
727 4531 1040 4588 clamantem
1058 4548 1090 4589 e
1127 4533 1390 4588 dicentem
1409 4532 1477 4589 de
1495 4534 1789 4604 patriarcha
1809 4553 1824 4592 :
1841 4535 1904 4591 Et
1919 4540 2116 4610 signum

523 4623 714 4694 accepit
738 4622 1131 4678 circumcisiouis
1146 4666 1161 4689 ,
1185 4624 1502 4695 signaculum
1515 4625 1736 4696 justitiar
1757 4627 1878 4696 [idei
1901 4646 2014 4699 qua)
2042 4643 2115 4685 est

523 4714 576 4766 in
598 4714 848 4783 prwputio
877 4713 1062 4784 (Rom.
1093 4715 1146 4770 4.
1173 4715 1231 4769 ll
1260 4717 1299 4784 ).
1333 4713 1466 4770 Vide
1483 4716 1750 4787 quomodo
1776 4727 1996 4789 utraque
2017 4737 2114 4777 nos

523 4805 726 4872 docuit,
757 4815 813 4862 et
838 4807 1010 4878 ipsum
1039 4808 1312 4878 accepisse
1335 4807 1472 4880 signi
1497 4809 1614 4864 loco
1631 4811 2112 4878 circumcisionem,

523 4909 580 4954 et
608 4915 729 4955 cum
777 4903 1120 4970 praeputiatus
1165 4908 1283 4956 erat
1306 4943 1322 4967 ,
1347 4900 1604 4970 justitiam
1643 4918 1763 4974 qua:
1799 4915 1882 4960 est
1919 4920 1984 4960 ex
2013 4905 2115 4962 lide

1253 303 1311 359 S.
1351 301 1630 360 JOANNIS
1668 297 2138 358 CllRYSOSTOMI
2179 297 2500 355 ARCIIIEP.
2540 300 3071 357 CONSTANTINOP.

3731 307 3855 364 363

2220 425 2280 465 se
2305 409 2506 477 ferret,
2553 413 2752 468 audivit
2782 431 2797 469 :
2829 413 3054 469 Credidit
3083 424 3251 470 autem
3287 417 3543 473 Abraham
3585 417 3708 475 Deo
3733 461 3752 486 ,
3795 432 3857 476 es

2220 512 2509 573 reputatum
2541 515 2612 560 est
2639 507 2684 560 ei
2707 507 2760 560 in
2775 507 3031 578 justitiam
3062 506 3254 580 (Rom.
3287 509 3342 563 4.
3371 509 3466 580 5).
3497 510 3633 567 Cum
3667 513 3856 583 igitur

2222 602 2367 650 esset
2401 593 2512 665 jam
2545 596 2721 666 justus
2763 597 2833 653 oh
2871 611 3023 653 suam
3072 599 3126 653 in
3159 599 3328 655 Deum
3380 599 3540 657 ﬁdem
3567 644 3584 668 ,
3615 612 3759 660 tunc
3790 607 3854 662 in

2222 685 2431 756 signum
2461 686 2922 743 circumcisionem
2959 689 3167 760 accepit
3197 707 3212 744 :
3241 700 3297 746 et
3339 692 3568 762 primum
3607 697 3852 766 quidc

2225 777 2426 833 nomini
2455 777 2572 849 ejus
2600 779 2753 834 litera
2779 780 3015 848 additur,
3041 782 3242 838 deinde
3269 794 3449 840 autem
3479 787 3855 844 circumcisio

2224 868 2549 939 imperatur:
2582 885 2689 941 quo
2706 873 2940 926 ostendit
2968 873 3112 928 Deus
3135 889 3196 930 se
3216 875 3285 930 ob
3316 877 3534 933 multam
3567 879 3852 937 virtutem

2216 960 2418 1032 justum
2444 963 2785 1032 peculiariter
2808 963 3093 1035 adoptasse
3116 1006 3131 1030 ,
3160 975 3214 1022 et
3241 977 3462 1038 propter
3487 969 3634 1024 illum
3663 975 3851 1028 etiam

2221 1067 2316 1108 eos
2341 1055 2430 1124 qui
2459 1069 2524 1110 es
2551 1069 2618 1110 eo
2641 1055 2893 1110 nascituri
2923 1067 3097 1112 erant.
3124 1058 3193 1113 Et
3218 1061 3669 1129 quemadmodum
3708 1080 3850 1121 cum

2222 1147 2342 1216 quis
2371 1161 2591 1202 servum
2635 1149 3056 1218 comparaverit,
3102 1163 3297 1206 nomen
3328 1152 3444 1221 ejus
3483 1164 3537 1208 et
3578 1154 3844 1212 habitum

2221 1251 2365 1307 saepe
2396 1238 2663 1303 immutat,
2689 1240 2976 1311 omniaque
3005 1240 3152 1307 facit,
3182 1252 3239 1296 ut
3260 1244 3460 1298 sciatur
3491 1245 3659 1314 ipsius
3683 1264 3845 1311 esse,

2222 1343 2285 1384 ac
2310 1331 2409 1386 sub
2450 1331 2606 1400 cujus
2631 1332 2698 1386 sit
2727 1331 3000 1388 dominatu
3030 1349 3142 1404 prae
3161 1347 3224 1390 se
3254 1334 3386 1390 ferat
3419 1352 3432 1384 τ
3468 1337 3536 1390 ita
3570 1338 3845 1394 nimirum

2219 1432 2275 1478 et
2303 1424 2540 1478 omnium
2572 1425 2859 1493 Dominus,
2885 1427 3036 1497 quasi
3064 1425 3286 1498 posthac
3313 1442 3562 1497 separare
3593 1445 3695 1485 eos
3740 1447 3845 1485 vo-

2221 1517 2338 1572 lens
2378 1516 2446 1570 ab
2477 1517 2594 1572 aliis
2621 1517 2922 1573 hominibus
2943 1561 2956 1580 ,
2985 1518 3192 1590 adjecta
3220 1519 3432 1589 quidem
3467 1521 3619 1576 litera
3646 1523 3844 1579 decla-

2220 1607 2355 1662 ravit
2377 1608 2521 1662 illum
2545 1609 2827 1663 multorum
2851 1610 3163 1680 populorum
3191 1611 3309 1666 fore
3331 1624 3533 1681 patrem
3553 1630 3570 1677 ;
3593 1615 3842 1670 circum-

2219 1699 2420 1754 cisione
2448 1707 2624 1754 autem
2645 1699 2759 1769 ejus
2782 1701 3032 1770 populum
3061 1701 3372 1757 distinctum
3395 1702 3527 1767 fore,
3555 1713 3611 1759 et
3635 1719 3839 1762 sema:

2219 1805 2285 1845 ex
2311 1806 2376 1845 eo
2397 1789 2721 1845 nasciturum
2741 1790 2810 1846 ab
2827 1791 2944 1846 aliis
2963 1791 3211 1862 gentibus
3232 1803 3634 1863 sequestratum.
3657 1795 3835 1862 ρυυιι

2219 1885 2264 1937 si
2307 1890 2362 1939 et
2408 1883 2484 1938 illi
2512 1883 2582 1939 ob
2624 1885 2918 1939 cmcitatem
2965 1899 3116 1939 suam
3157 1884 3331 1940 adhuc
3368 1901 3582 1942 servare
3630 1889 3835 1944 volunt

2219 1975 2396 2028 carnis
2422 1975 2906 2041 circumcisionem,
2941 1991 3046 2030 non
3065 1974 3346 2032 audientes
3375 1978 3567 2033 iterum
3588 1977 3830 2036 Paulum

2219 2064 2482 2119 dicentem
2504 2083 2516 2119 :
2538 2066 2599 2120 Si
2609 2066 3044 2129 circumcidimiui,
3062 2065 3292 2123 Christus
3305 2069 3432 2122 nihil
3452 2068 3589 2122 nobis
3600 2071 3840 2139 proderit

2219 2156 2434 2227 (Galat.
2468 2158 2521 2214 5.
2551 2156 2625 2229 2)
2659 2158 2822 2231 (nam
2861 2167 3080 2228 propter
3119 2158 3236 2215 haec
3275 2159 3490 2214 advenit
3519 2159 3794 2216 Dominus
3819 2204 3835 2227 ,

2223 2258 2278 2301 ut
2307 2247 2485 2302 omnia
2515 2247 2602 2302 illa
2632 2248 2862 2312 tolleret,
2895 2257 3054 2319 atque
3083 2249 3203 2303 ideo
3230 2257 3396 2305 totam
3426 2249 3602 2320 legem
3637 2251 3836 2318 imple.

2221 2341 2315 2406 vit,
2352 2348 2408 2394 ut
2429 2338 2560 2408 legis
2587 2320 2892 2394 observatio
2923 2341 3080 2393 linem
3101 2338 3323 2395 haberet
3351 2339 3594 2398 :idcirco
3615 2341 3839 2398 dicebat

2221 2429 2406 2484 beatus
2428 2428 2620 2484 Paulus
2647 2445 2662 2482 :
2688 2427 3000 2499 Quicumque
3019 2429 3072 2483 in
3092 2429 3201 2501 lege
3207 2430 3585 2502 justi/ictmtini,
3611 2447 3644 2482 a
3663 2435 3837 2502 gratis

2212 2523 2477 2577 excidislis
2506 2520 2668 2596 [lbid.
2701 2537 2749 2577 ν.
2782 2519 2919 2596 t]):
2967 2536 3152 2578 verum
3195 2535 3295 2577 nos
3334 2537 3624 2594 pareamus
3672 2524 3838 2578 beato

2221 2613 2365 2677 huic,
2389 2623 2443 2668 et
2458 2629 2563 2668 non
2583 2612 2938 2668 manufactam
2953 2612 3418 2668 circumcisionem
3439 2615 3830 2684 suscipiamus.

2224 2707 2361 2763 Dicit
2383 2708 2528 2762 enim
2549 2749 2563 2772 ,
2594 2706 2662 2761 In
2686 2723 2784 2776 quo
2817 2706 3101 2760 circumcisi
3141 2707 3260 2760 estis
3292 2707 3682 2760 circumcisione
3727 2725 3836 2761 nos

2221 2801 2534 2871 manufacta,
2578 2800 2632 2854 in
2656 2798 3024 2870 despoliatione
3053 2809 3378 2870 peccatorum
3408 2801 3580 2854 carnis
3600 2841 3616 2864 ,
3649 2803 3706 2854 in
3733 2803 3838 2854 tiro

2219 2891 2522 2948 cumcisione
2545 2892 2732 2947 Christi
2756 2894 2774 2962 (
2796 2892 2989 2948 Coloss.
3021 2891 3076 2946 2.
3106 2893 3166 2947 ll
3191 2893 3230 2961 ).
3265 2891 3469 2948 Deinde
3489 2891 3703 2948 docens
3735 2909 3834 2948 no-

2221 2984 2530 3055 diligentius
2576 2983 2702 3054 quid
2734 2985 2802 3036 sit
2845 2982 3110 3052 ejusmodi
3177 2982 3550 3047 circumcisio,
3601 2985 3787 3039 subdit
3822 3007 3835 3042 :

2220 3077 2512 3150 Consepulti
2563 3079 2609 3132 ei
2634 3080 2688 3131 in
2727 3075 2974 3148 baptismo
3007 3074 3182 3149 (Ibid.
3235 3093 3285 3131 ιι.
3334 3076 3453 3147 12).
3497 3077 3647 3134 Sicut
3680 3081 3837 3134 enim

2221 3169 2338 3224 illos
2363 3167 2779 3224 circmucisionis
2809 3168 3019 3238 signum
3043 3167 3111 3220 ab
3152 3167 3273 3222 aliis
3299 3168 3540 3240 gentibus
3567 3183 3832 3239 segrega-

2218 3260 2341 3324 bat,
2366 3268 2422 3315 et
2445 3257 2845 3315 demonstrabat
2869 3272 2964 3314 eos
3012 3259 3356 3329 peculiariter
3393 3259 3459 3314 ad
3483 3260 3648 3314 Deum
3690 3275 3831 3330 per-

2161 3395 2171 3404 .
2222 3352 2390 3407 tinere
2433 3367 2447 3404 :
2479 3349 2640 3404 simili
2671 3348 2832 3404 modo
2857 3350 3019 3404 etiam
3060 3349 3199 3420 apud
3229 3364 3329 3405 nos
3365 3351 3707 3406 circumcisio
3739 3368 3838 3421 per

2220 3441 2540 3514 baptismum
2565 3440 2948 3497 evidentiorem
2965 3441 3090 3496 facit
3114 3442 3508 3510 separationem
3535 3450 3592 3496 et
3615 3440 3837 3497 discre-

2218 3533 2418 3589 tionem
2447 3531 2680 3587 iidelium
2706 3541 2760 3587 et
2788 3531 3100 3588 inﬁdelium.
3134 3531 3272 3588 Dicit
3299 3533 3442 3589 enim
3473 3552 3487 3587 :
3526 3532 3715 3604 Inque
3736 3537 3839 3589 cir-

2219 3624 2429 3678 cumcisi
2439 3625 2556 3679 estis
2570 3625 2946 3679 circumcisione
2955 3641 3054 3678 non
3069 3624 3379 3694 manufesta.
3399 3625 3450 3679 in
3463 3625 3840 3694 despoliatiane

2222 3727 2539 3788 peccatorum
2557 3717 2746 3772 carnis.
2781 3715 2914 3772 Nam
2943 3716 2995 3773 id
3021 3717 3165 3788 quad
3195 3717 3302 3773 illic
3316 3727 3574 3786 operatur
3593 3719 3836 3773 circum-

2219 3811 2353 3865 cisio
2374 3810 2426 3864 in
2444 3809 2830 3880 depositionem
2851 3809 3158 3877 carnis,hoc
3187 3810 3275 3866 hic
3311 3811 3418 3880 agit
3447 3810 3754 3881 baptismus
3781 3814 3836 3866 in

2222 3899 2610 3971 depositioncm
2653 3910 3014 3972 peccatorum.
3079 3901 3243 3973 Igitur
3281 3903 3372 3973 qui
3435 3902 3605 3958 semel
3650 3906 3840 3960 carnis

2225 4005 2438 4065 peccata
2485 3991 2762 4059 exuimus,
2805 4004 2859 4048 et
2897 4009 3086 4065 puram
3134 3994 3301 4048 induti
3342 4008 3530 4049 sumus
3577 4005 3792 4049 vestem
3818 4038 3836 4059 ,

2222 4099 2552 4150 maneamus,
2583 4083 2787 4150 dilecti,
2817 4085 2869 4138 in
2897 4085 3143 4154 puritate.
3168 4096 3222 4138 ct
3246 4084 3620 4139 all‘ectionibus
3643 4086 3839 4141 almis

2221 4175 2526 4246 superiores
2543 4175 2661 4229 facti
2678 4176 2924 4229 virtutem
2945 4175 3330 4246 amplexemur.
3352 4175 3415 4229 Et
3433 4176 3526 4245 qui
3543 4174 3644 4230 sub
3657 4176 3841 4244 gratia

2222 4281 2437 4334 sumus,
2465 4282 2589 4324 eum
2607 4268 2696 4338 qui
2717 4267 2773 4322 in
2795 4268 2938 4338 lege,
2972 4267 3081 4322 imo
3101 4277 3229 4324 ante
3254 4266 3426 4336 legem
3458 4266 3576 4333 fuit,
3603 4268 3840 4321 a'mulc-

2221 4375 2384 4415 mur:
2417 4369 2476 4415 ut
2502 4373 2625 4415 cum
2649 4359 2870 4430 vestigia
2889 4360 3008 4428 ejus
3045 4359 3320 4429 sequendo
3361 4359 3528 4414 vitam
3573 4366 3837 4414 nostram

2224 4451 2522 4506 rexerimns
2544 4493 2560 4516 ,
2610 4465 2914 4507 mereamur
2952 4451 3005 4507 in
3053 4452 3196 4506 illius
3233 4451 3383 4508 sinus
3419 4466 3727 4515 occurrere,
3779 4465 3847 4509 et

2223 4542 2564 4612 sempiternis
2606 4541 2706 4596 frui
2735 4541 2921 4608 bonis,
2959 4543 3126 4615 gratia
3164 4551 3219 4598 et
3258 4542 3573 4613 benignitate
3603 4541 3848 4601 Domini

2224 4633 2389 4687 nostri
2418 4630 2546 4687 Jesu
2570 4629 2803 4698 Christi,
2832 4647 2954 4687 cum
2985 4648 3092 4703 quo
3122 4632 3288 4699 Patri,
3312 4641 3370 4688 et
3393 4631 3605 4703 Spiritui
3628 4644 3853 4690 sancto

2224 4722 2293 4777 sit
2319 4723 2509 4792 gloria,
2534 4722 2815 4791 imperium
2837 4732 2894 4777 et
2928 4723 3098 4778 honor
3118 4763 3133 4790 ,
3173 4737 3316 4779 nunc
3339 4731 3397 4780 et
3422 4737 3654 4794 semper,
3683 4733 3750 4779 et
3784 4725 3853 4781 in

2221 4814 2412 4872 saecula
2439 4814 2775 4872 saeculorum.
2806 4817 2996 4872 Amen.

2803 4912 3082 5008 "omnia
3121 4951 3233 5008 XL.

521 4992 840 5048 ostendisse.
870 4991 998 5046 Nam
1029 5006 1094 5046 ne
1125 4990 1458 5061 impudenter
1478 4990 1692 5056 Judmus
1713 4992 1858 5048 dicat
1888 5013 1901 5048 :
1930 4994 2115 5050 Nonne

521 5083 861 5140 circumcisio
905 5083 954 5139 ei
993 5082 1253 5153 justitiam
1297 5085 1640 5139 conciliavit?
1684 5086 1883 5142 idcirco
1929 5088 2115 5144 beatus

529 5177 618 5232 ille
643 5176 709 5231 ad
735 5174 899 5245 pedes
927 5173 1236 5232 Ganialiclis
1267 5176 1508 5232 eruditus
1535 5175 1688 5250 (Act.
1721 5179 1812 5234 22.
1840 5181 1876 5236 3
1894 5181 1912 5250 )
1931 5220 1948 5246 ,
1979 5190 2030 5235 et
2063 5182 2114 5237 in

524 5268 640 5340 lege
681 5266 920 5339 apprime
967 5267 1238 5323 institutus
1260 5307 1274 5329 ,
1307 5265 1476 5337 inquit
1509 5287 1523 5323 :
1551 5267 1629 5323 Ne
1664 5271 1856 5337 putetis
1879 5311 1894 5335 ,
1940 5271 2111 5342 impus

523 5361 712 5416 dentes
735 5356 927 5425 Judaei,
955 5356 1413 5412 circumcisionem
1437 5356 1534 5426 ipsi
1556 5357 1752 5428 aliquid
1772 5359 1838 5413 ad
1855 5359 2114 5430 justitiam

523 5450 813 5506 contulisse
841 5466 855 5504 :
879 5463 1004 5504 nam
1031 5462 1152 5502 cum
1173 5446 1265 5500 illo
1291 5455 1529 5516 tempore
1555 5449 1794 5518 przeputii
1827 5451 1982 5506 Iidem
2008 5466 2115 5521 pra:

2225 5062 2291 5116 Et
2336 5062 2464 5116 dixit
2507 5061 2648 5117 Deus
2695 5063 2911 5118 Abrahae
2936 5081 2956 5119 :
2997 5063 3132 5118 Sara
3163 5081 3294 5119 uxor
3320 5074 3409 5119 tua
3436 5081 3538 5119 non
3565 5067 3859 5122 vocabitur

2319 5155 2472 5219 Sara,
2503 5157 2590 5209 sed
2620 5157 2782 5211 Sarra
2811 5158 2904 5210 erit
2934 5173 3115 5210 nomen
3147 5158 3258 5229 ejus
3283 5156 3445 5230 (Gen.
3472 5157 3557 5214 l7.
3592 5157 3662 5213 15
3684 5159 3734 5230 ).

2300 5247 2352 5302 l.
2386 5248 2498 5317 Age
2531 5247 2786 5317 reliquias
2823 5247 3087 5303 hesterna:
3129 5265 3329 5304 mensae
3355 5249 3506 5305 vobis
3550 5264 3866 5320 propona-

2226 5354 2366 5404 mus,
2398 5349 2451 5392 ct
2479 5339 2638 5394 linem
2672 5340 2831 5394 hodie
2861 5341 3198 5409 imponamus
3222 5342 3483 5405 sermoni,
3517 5342 3628 5396 imo
3654 5342 3869 5402 bene~

2224 5429 2444 5485 dictioni
2487 5441 2541 5485 ct
2572 5430 2909 5500 promissioni
2946 5448 3107 5502 quam
3155 5431 3280 5489 fecit
3308 5436 3686 5490 universorum
3736 5436 3871 5493 Do-

2227 5523 2404 5576 minus
2433 5522 2768 5592 patriarchae.
2818 5523 3014 5580 Verum
3053 5525 3277 5581 audiens
3303 5526 3556 5597 reliquias
3582 5541 3828 5588 mensa
3851 5575 3872 5597 ,

2226 5629 2294 5670 ne
2322 5614 2447 5683 quid
2475 5613 2728 5668 sensibile
2750 5616 3039 5685 suspiceris
3063 5634 3077 5670 :
3108 5632 3281 5687 neque
3305 5619 3448 5672 enim
3475 5618 3668 5689 quales
3709 5636 3876 5682 sum

2227 5704 2525 5760 eduliorum
2571 5706 2897 5762 sensibilium
2922 5751 2935 5775 ,
2984 5709 3117 5765 tales
3163 5710 3516 5783 spiritualium
3557 5712 3657 5768 reli
3688 5716 3874 5784 pix.

590 5609 606 5640 ι
641 5609 822 5678 sai-il,
845 5604 916 5657 ita
948 5605 1096 5658 etiam
1281 5616 1408 5675 cum,
1445 5609 1498 5653 ut
1532 5603 1908 5678 distingueretur
1953 5620 2114 5660 semen

521 5669 748 5722 Abl'ulttt'.
782 5675 824 5718 et
849 5681 940 5717 non
963 5680 1072 5718 cum
1093 5667 1309 5730 gentibus
1333 5667 1632 5727 nasceretur,
1659 5667 1847 5733 signum
1869 5668 1960 5720 hoc
1981 5683 2111 5736 apem

524 5744 623 5779 1'05.
