4084 6214
439 158 551 223 369

436 280 583 336 τικά.
616 280 828 337 Ἐκεῖνα
863 284 960 355 μὲν
986 282 1094 356 γάρ
1116 284 1258 339 ἐωλα
1278 286 1541 358 γινόμνα
1568 290 1630 343 ού
1648 289 1750 363 τὴν
1773 292 1944 365 αὑτὴν
1964 311 2109 365 παρ-

435 367 553 439 έχει
593 368 801 441 ἡδονὴν
821 372 935 433 τοῖς
966 370 1316 442 ἑστιωμένοις
1335 389 1350 405 ·
1380 376 1430 427 εί
1472 374 1532 428 δὲ
1565 376 1660 430 καὶ
1699 378 1829 448 μίαν
1860 381 1957 433 καὶ
1988 381 2115 435 δευ-

434 456 604 527 τέραν
630 456 845 528 ἡμέραν
876 458 1286 531 καταλειφθείη,
1325 461 1575 534 ἀχρηστα
1595 464 1781 520 λοιπὸν
1813 467 1990 540 πάντη
2020 470 2111 538 γί-

436 557 588 596 νεται
608 559 622 572 ·
650 540 823 595 ταῦτα
854 542 910 597 δέ
938 542 1007 597 τά
1029 543 1260 615 λείψανα
1288 547 1351 600 οὑ
1391 549 1522 620 μίαν
1553 552 1648 607 καὶ
1677 551 1936 627 δευτέραν
1974 556 2112 626 ήμέ-

438 645 560 700 ραν.
590 628 728 683 ἀλλά
751 628 852 683 κᾶν
874 628 1112 701 διηνεκεῖ
1133 631 1210 704 τῷ
1238 634 1395 688 αίῶνι
1418 636 1834 710 καταλείπηται,
1861 640 1962 712 τήν
1987 642 2109 712 ίσην

433 715 700 788 ὠφέλειαν
726 717 1043 791 παρέχεται,
1076 720 1172 773 καὶ
1198 720 1298 793 τὴν
1324 722 1518 795 ἡδονὴν
1538 725 1639 779 οὑκ
1663 727 1925 782 ἀπόλλυσι
1945 744 1959 760 ⁸
1989 728 2110 786 θεῖα

432 803 544 877 γάρ
575 805 693 858 ἐστι
721 806 815 859 καὶ
842 807 1209 877 πνευματικὰ,
1245 810 1339 863 καὶ
1362 810 1620 882 οὐδεμίαν
1650 812 1756 867 ὑπὸ
1782 814 1877 869 τοῦ
1911 815 2107 888 χρόνου

434 890 642 963 βλάϐην
680 890 994 962 ὑφίσταται,
1027 893 1163 949 ἀλλά
1200 894 1323 949 καθ’
1362 896 1599 970 ἑκάστην
1645 894 1859 972 ἡμέραν
1904 902 2106 973 νεαρὰν

430 978 670 1035 δείκνυσι
694 980 797 1052 τὴν
820 981 1005 1054 χάριν,
1032 981 1128 1036 καὶ
1156 981 1358 1054 ⁶τιιολλῆς
1384 984 1691 1058 ἐμπίπλησι
1714 987 1814 1060 τῆς
1838 989 2108 1062 εὐφροσύ-

431 1083 536 1138 νης
582 1068 712 1131 τοὺς
752 1065 1049 1121 ἀπολαύειν
1096 1068 1305 1124 τούτων
1373 1068 1749 1142 βουλομένους.
1807 1071 1962 1128 Ἐπεὶ
2012 1071 2107 1131 οὖν

430 1154 655 1226 τοιαύτη
692 1153 900 1208 τούτων
926 1154 1037 1209 τῶν
1065 1155 1337 1227 λειψάνων
1381 1158 1416 1229 ή
1463 1157 1718 1229 δύναμις,
1760 1160 1916 1233 φέρε.
1968 1163 2110 1234 μετά

430 1242 743 1315 προθυμίας
771 1244 864 1297 καὶ
883 1242 1043 1314 ὑμεῖς
1073 1243 1177 1315 τῆς
1200 1244 1310 1299 ἀπὸ
1332 1245 1541 1301 τούτων
1562 1247 1917 1314 ἀπολαύσεως
1938 1252 2109 1323 ἐμφο-

436 1330 659 1402 ρήθητε,
695 1330 791 1383 καὶ
812 1332 975 1401 ήμεῖς
1002 1329 1336 1403 θαρροῦντες
1362 1332 1545 1387 αὑτῶν
1562 1336 1631 1406 τῇ
1661 1335 1890 1407 δυνάμει
1922 1355 2106 1411 παρα-

432 1417 616 1490 θῶμεν
644 1416 785 1471 αὑτά
808 1420 873 1489 τῇ
895 1419 1142 1491 ὑμετέρᾳ
1161 1418 1375 1492 ἀγάπῃ.
1414 1421 1555 1475 Ἀλλ’
1580 1422 1668 1477 ίνα
1689 1423 1817 1496 δόξῃ
1841 1425 2108 1495 σαφέστε-

435 1522 530 1578 ρος
566 1506 696 1577 ὑμῖν
734 1505 982 1575 γίνεσθαι
1023 1508 1053 1560 6
1083 1505 1265 1576 λόγος,
1301 1508 1600 1577 ἀναγκαῖον
1633 1509 1730 1564 τοῦ
1774 1510 1963 1577 τέλους
1995 1514 2108 1569 τῶν

429 1593 560 1668 χθές
581 1592 888 1664 εἰρημένων
914 1593 1353 1665 ὑπομνησθῆναι,
1384 1595 1454 1648 ἵν’
1489 1595 1633 1651 οὕτω
1656 1600 1757 1670 τῆς
1781 1599 2105 1667 ἀκολουθίας

431 1679 840 1751 ἐπιλαϐόμενοι,
869 1680 968 1751 τῆς
1000 1680 1347 1747 διδασκαλίας
1379 1682 1666 1755 ἁψώμεθα.
1699 1686 1810 1758 Τὴν
1842 1688 1974 1760 περὶ
2006 1689 2107 1761 τῆς

433 1766 740 1838 περιτομῆς
765 1766 983 1837 ἐντολὴν
1015 1769 1097 1832 είς
1128 1768 1294 1839 μέσον
1334 1771 1773 1842 παραγαγόντες,
1808 1775 1906 1829 καὶ
1929 1776 2012 1829 ὅτι
2035 1771 2107 1830 εἴ·

433 1872 533 1910 πεν
565 1856 593 1909 6
614 1852 747 1918 Θεὸς
769 1853 850 1925 τῷ
882 1855 1217 1928 πατριάρχῃ.
1246 1858 1760 1928 Περιτμηθήσεται
1787 1860 1956 1932 ὑμῶν
1981 1861 2107 1919 πᾶν

427 1938 774 2010 ἀρσενικὸν,
796 1938 894 1993 καί
924 1938 1097 1994 ἔσται
1121 1941 1192 1994 ἐν
1212 1942 1440 2012 σημείῳ
1458 1942 1749 2013 διαθήκης
1773 1946 1891 2001 ἀνὰ
1908 1946 2107 2017 μέσον

428 2027 578 2099 ἐμοῦ
602 2028 701 2081 καί
724 2026 919 2097 ὑμῶν’
962 2027 1060 2081 καὶ
1105 2026 1347 2082 παιδίον
1383 2029 1539 2083 ὀκτὼ
1567 2031 1800 2101 ἡμερῶν
1824 2049 2106 2105 περιτμη-

429 2115 677 2183 θήσεται
698 2133 713 2147 ο
741 2115 840 2170 καὶ
865 2113 933 2180 ὃς
956 2116 1028 2170 οὑ
1050 2115 1571 2186 περιτμηθήσεται,
1600 2117 2104 2190 ἐξολοθρευθήσε-

427 2217 526 2257 ται
550 2203 588 2271 ἡ
612 2201 784 2272 ψυχὴ
817 2201 1043 2270 ἐκείνη,
1075 2201 1166 2256 ὅτι
1194 2202 1309 2272 τὴν
1332 2203 1629 2274 διαθήκην
1650 2223 1773 2276 μου
1797 2207 2103 2263 διεσκέδαο

428 2304 570 2343 σεν’
595 2289 828 2343 ἐνταῦθα
851 2291 931 2355 είς
963 2290 1057 2344 τδν
1079 2290 1178 2360 τῆς
1206 2291 1510 2364 περιτομῆς
1541 2291 1700 2363 λόγον
1724 2294 1824 2366 τὴν
1850 2295 2105 2351 διδασκα-

429 2374 555 2430 λίαν
593 2376 975 2448 κατελύσαμεν
994 2394 1008 2409 ·
1045 2378 1141 2431 καὶ
1173 2377 1261 2431 ἴνα
1298 2378 1373 2449 μὴ
1410 2378 1489 2450 τῷ
1512 2378 1709 2451 πλήθει
1736 2380 1845 2435 τῶν
1870 2382 2102 2456 λεγομέο

428 2479 537 2515 νων
557 2461 965 2534 καταχὼσωμεν
982 2463 1136 2533 ὑμῶν
1160 2462 1256 2535 τὴν
1276 2462 1535 2531 διάνοιαν,
1565 2467 1879 2539 περαιτέρω
1909 2470 2103 2542 προελ-

429 2548 545 2603 θεῖν
575 2551 678 2604 οὑκ
719 2550 1086 2621 ἠνεσχόμεθα.
1117 2551 1253 2604 Οὐδὲ
1286 2551 1395 2624 γάρ
1422 2552 1580 2606 τοῦτο
1609 2556 1768 2624 μόνον
1795 2556 1942 2611 ἐστὶν
1968 2559 2102 2630 ήμῖν

426 2636 491 2690 τδ
518 2636 972 2707 σπουδαζόμενον,
986 2636 1049 2690 τὸ
1063 2636 1236 2691 πολλά
1262 2639 1437 2694 εἰπεῖν
1453 2639 1551 2693 καὶ
1574 2640 1949 2713 ἀναχωρῆσαι,
1964 2645 2102 2700 ἀλλά

430 2740 542 2797 συμ
550 2726 770 2797 μετρεῖν
795 2724 1100 2796 βουλόμεθα
1123 2728 1189 2797 τῇ
1213 2725 1440 2798 δυνάμει
1463 2730 1532 2799 τῇ
1558 2729 1805 2803 ὑμετέρᾳ
1824 2731 1918 2786 τοῦ
1940 2732 2099 2803 λόγου

422 2812 529 2883 τὴν
555 2811 927 2880 διδασκαλίαν,
955 2812 1050 2867 ἵνα
1078 2814 1506 2886 καρπωσάμενοί
1531 2832 1589 2868 τι
1607 2818 1671 2870 ἐκ
1693 2817 1796 2887 τῆς
1813 2818 1924 2873 τῶν
1948 2819 2102 2889 λεγο-

431 2898 612 2971 μένων
655 2898 944 2969 ὠφελείας,
976 2900 1155 2964 οὕτως
1192 2901 1375 2955 οἴκαδε
1424 2901 1629 2966 πάντες
1683 2903 2097 2977 ἀναχωρήσητε.

425 2984 565 3057 ⁴Ιιίρε
599 2981 695 3040 οῦν
720 2986 790 3039 τά
809 2986 1106 3058 λειπόμενα
1134 2987 1464 3059 προσθῶμεν
1485 2992 1602 3053 τοῖς
1638 2990 1759 3060 είρη
1768 2991 1972 3061 μένοις,
2005 2993 2103 3047 καὶ⁵

427 3071 633 3142 ἴδωμεν
665 3073 804 3143 μετά
834 3072 934 3143 τὴν
966 3073 1067 3144 τῆς
1093 3075 1399 3144 περιτομῆς
1427 3075 1668 3147 ἐντολὴν,
1704 3076 1759 3130 τί
1786 3077 2045 3148 προσθεὶς
2071 3081 2102 3134 6

429 3156 818 3229 φιλάνθρωπος
844 3158 982 3222 Θεὸς
999 3158 1308 3227 διαλέγεται
1327 3159 1406 3230 τῷ
1436 3161 1771 3234 πατριάρχῃ.
1808 3162 1921 3216 Καὶ
1945 3160 2098 3228 εἷπε,

424 3246 616 3315 φησὶν,
645 3247 680 3300 ὁ
705 3246 852 3311 Θεὸς
872 3242 957 3310 τῷ
984 3243 1232 3314 Ἀϐραάμ
1251 3259 1267 3275 ο
1292 3245 1459 3315 Σὰρα
1476 3248 1517 3316 ἠ
1546 3248 1699 3318 γυνή
1716 3263 1834 3304 σου
1856 3251 1929 3305 οὺ
1953 3253 2101 3320 κληι-

424 3332 672 3399 Oriona:
706 3332 772 3386 τὸ
801 3333 991 3403 ὄνομα
1024 3330 1218 3401 αὐτῆς
1271 3331 1453 3401 Σύρα,
1482 3333 1646 3388 ἀλλὰ
1694 3333 1896 3405 Σὰρῤα
1928 3338 2101 3393 ἔσται

425 3420 496 3475 τὸ
523 3420 713 3490 ὄνομα
737 3418 950 3488 αὐτῆς.
994 3420 1206 3490 ’Ὠσπερ
1229 3418 1334 3485 σοὶ,
1362 3419 1518 3491 φησὶ,
1545 3420 1610 3475 τὸ
1638 3425 1898 3494 στοιχεῖον
1930 3441 2099 3497 προσ-

425 3506 539 3565 θεὶς
568 3507 838 3578 ἐμήνυσα,
865 3507 949 3561 ὅτι
979 3506 1162 3578 πατὴρ
1194 3505 1291 3580 ἔσῃ
1332 3505 1543 3560 πολλῶν
1581 3504 1773 3572 ἐθνῶν,
1817 3508 1960 3564 οὕτω
2002 3511 2099 3565 καὶ

423 3596 492 3666 τῇ
527 3595 682 3667 Σάρα
709 3593 913 3664 ὁμοίως
942 3593 1277 3665 προστίθημι
1307 3592 1369 3647 τὸ
1396 3596 1680 3665 στοιχεῖον,
1703 3596 1790 3649 ἵνα
1814 3596 1992 3671 μάθῃς
2015 3599 2097 3653 ὅτι

424 3682 523 3738 νῦν
551 3685 582 3738 6
611 3681 804 3756 καιρὸς
840 3683 967 3755 ἥκει
993 3680 1092 3736 τοῦ
1137 3683 1218 3746 εἰς
1250 3681 1413 3753 ἐργον
1440 3682 1617 3738 ἐλθεῖν
1658 3682 1728 3738 τά
1765 3682 1963 3740 πάλα(
1966 3688 2096 3760 παρ’

424 3769 560 3841 ἐμοῦ
579 3767 1009 3838 ἐπαγγελθέντα.
1038 3768 1247 3822 Ἔσται
1269 3767 1402 3839 γὰρ,
1431 3769 1587 3840 φησι,
1613 3768 1680 3823 τὸ
1704 3768 1892 3841 ὄνομα
1905 3772 2098 3842 αὐτῆς

425 3855 642 3926 Σάρῤα.
672 3854 1008 3926 Εὑλογήσω
1031 3854 1101 3908 δὲ
1121 3852 1338 3923 αὐτὴν,
1363 3855 1461 3910 καί
1487 3854 1660 3909 δώσω
1679 3870 1779 3910 σοι
1807 3857 1878 3924 ἐξ
1904 3859 2098 3930 αὐτῆς

426 3944 666 4011 τέκνον,
705 3943 807 3997 καὶ
845 3940 1163 4013 εὐλογήσω
1189 3940 1399 4009 αὑτὸν,
1433 3940 1532 3997 καὶ
1570 3943 1743 3997 ἔσται
1770 3947 1860 4010 εις
1895 3944 2093 4013 ἔθνος,

425 4031 525 4086 καὶ
533 4030 820 4098 βασιλεῖς
830 4029 1022 4085 ἐθνῶν
1038 4029 1108 4094 ἐξ
1131 4027 1318 4084 αὐτοῦ
1336 4028 1780 4094 ἐξελεύσονται.
1817 4029 1920 4085 Διά
1938 4032 2097 4087 τοῦτο

424 4116 715 4190 προλαϐὼν
731 4116 828 4171 τοῦ
853 4115 1119 4188 στοιχείου
1146 4116 1246 4187 τὴν
1268 4115 1586 4187 προσθήκην
1616 4117 1980 4189 ἐποιησάμην,
2009 4118 2096 4172 ἵνα

428 4205 608 4278 μάθῃς
632 4206 715 4259 ὅτι
758 4204 974 4268 πάντως
1007 4203 1158 4257 ἔσται
1188 4202 1255 4256 τὰ
1285 4202 1416 4273 παρ’
1449 4202 1583 4273 ἐμοῦ
1610 4202 1897 4275 λεγόμενα.
1941 4205 2096 4277 Μηδὲ

426 4293 568 4366 πρὸς
614 4295 715 4364 τὴν
756 4291 1042 4346 ἀσθένειαν
1073 4290 1174 4360 τῆς
1217 4289 1432 4357 φύσεως
1468 4290 1691 4361 ἀφορῶν
1736 4291 2090 4363 καταπέσῃςο

425 4381 560 4437 ἀλλά
604 4380 741 4451 πρὸς
774 4378 839 4432 τὸ
873 4378 1101 4449 μέγεθος
1130 4376 1231 4446 τῆς
1256 4375 1536 4446 δυνάμεως
1562 4376 1660 4447 τῆς
1682 4377 1818 4448 ἐμῆς,
1854 4378 2093 4432 ἀποϐλέ.

426 4485 566 4531 πων,
603 4466 883 4537 θάρσησον
907 4465 1019 4528 τοῖς
1051 4462 1183 4536 παρ’
1225 4461 1360 4533 ἐμοῦ
1392 4462 1725 4533 λεγομένοις.
1762 4465 2094 4535 Ευλογήσω

426 4554 533 4625 γάρ
562 4550 780 4621 αὐτὴν,
804 4550 904 4605 καί
930 4549 1103 4605 δώσω
1128 4566 1227 4605 σοι
1245 4549 1315 4616 ἐξ
1344 4547 1537 4617 αὐτῆς
1558 4549 1791 4616 τέκνον,
1823 4549 1973 4624 14051
1994 4552 2093 4607 καὶ

424 4640 741 4711 εὐλογήσω
778 4639 989 4707 αὑτὸν,
1020 4638 1120 4693 καί
1147 4638 1319 4692 ἔσται
1352 4639 1442 4703 εις
1487 4637 1655 4705 ἔθνη,
1681 4638 1778 4692 καὶ
1810 4639 2093 4708 ,Βασιλεῖς

424 4730 614 4788 ἐθνῶν
645 4728 715 4795 ἐξ
739 4727 928 4783 αὐτοῦ
949 4726 1397 4793 ἐξελεύσονται.
1437 4724 1608 4797 ’Υπὲρ
1634 4725 1793 4794 φύσιν
1814 4727 2091 4799 ἀνθρωπί-

426 4832 522 4890 νην
548 4818 621 4873 τὰ
661 4815 1090 4886 ἐπαγγελθέντα,
1123 4814 1220 4869 καὶ
1239 4814 1425 4884 ὅμοιον
1452 4807 1522 4884 ἦν
1545 4812 1621 4877 ὡς
1650 4813 1716 4868 ἂν
1740 4816 1789 4867 εἰ
1822 4815 2092 4887 ὑπέσχετο

424 4907 531 4961 ἀπὸ
556 4906 725 4960 λίθων
749 4904 1074 4976 ἀνθρώπους
1099 4903 1344 4974 ποιῆσαι.
1372 4901 1540 4956 υὺδέν
1593 4902 1702 4974 γὰρ
1754 4903 1916 4958 λίθων
1945 4900 2087 4976 ἦσαν

424 4994 824 5066 διενηνοχότες,
858 4993 986 5046 ὅσον
1019 4990 1156 5063 πρὸς
1198 4990 1261 5044 τὺ
1306 4991 1504 5055 τεκεῖν,
1544 4990 1639 5044 καὶ
1675 4992 1704 5044 6
1749 4993 2092 5064 πατριάρχης

425 5083 531 5139 ὑπὸ
558 5081 653 5135 τοῦ
680 5083 868 5152 γήρως
892 5079 1079 5133 λοιπὸν
1106 5078 1470 5150 ἀνενέργητος
1502 5077 1600 5140 ὣν,
1628 5079 1723 5132 καὶ
1748 5080 1884 5152 πρὸς
1906 5082 2092 5135 παιδο-

425 5171 608 5225 ποιίαν
633 5171 926 5241 ἄχρηστος,
966 5169 1061 5222 καὶ
1091 5168 1125 5238 ή
1179 5168 1366 5239 Σάρρα
1412 5167 1550 5237 μετά
1601 5166 1705 5238 τῆς
1753 5170 2091 5240 στειρὼσεως

426 5258 628 5329 ἔχουσα
661 5256 758 5310 καὶ⁵
775 5254 875 5325 τὴν
901 5254 1011 5309 ἀπὸ
1040 5254 1140 5324 τῆς
1165 5253 1379 5323 ἡλικίας
1399 5254 1493 5307 καὶ
1522 5252 1618 5308 τοῦ
1647 5255 1830 5324 γήρως
1861 5258 2095 5329 προσθή-

425 5327 551 5409 κην.
602 5338 739 5393 Ἀλλ’
756 5340 786 5392 6
813 5339 1021 5403 δίκαιος
1049 5337 1222 5392 ταῦτα
1251 5337 1465 5391 ἀκούων
1492 5338 1586 5392 καὶ
1606 5338 1843 5408 νομίζων
1866 5327 1964 5409 τὴν
1986 5327 2092 5394 πά·-

433 5424 524 5478 λαι
557 5425 935 5497 γεγενημένην
959 5426 1109 5497 παρὰ
1134 5423 1231 5479 τοῦ
1259 5423 1395 5477 Θεοῦ
1429 5424 1762 5494 ἐπαγγελίαν
1796 5426 2094 5497 ἐκϐεϐηκέ-

429 5529 515 5563 ναι
545 5515 622 5576 εἰς
651 5513 743 5566 τὸν
779 5513 1022 5585 ἰσμαήλ’
1046 5510 1234 5584 ἐπειδὴ
1258 5512 1369 5583 γὰρ
1389 5511 1530 5577 εἷπε,
1558 5513 1661 5566 Σοὶ
1689 5514 1787 5567 καὶ
1813 5512 1893 5579 τῷ
1910 5518 2091 5582 σπέρ-

427 5597 567 5666 ματί
589 5614 705 5652 σου
727 5599 898 5654 δώσω
922 5599 1037 5670 τὴν
1053 5598 1173 5672 τῆν
1194 5600 1442 5669 ταύτην,
1459 5600 1521 5653 οὑ
1535 5600 1768 5672 διέκρινε
1783 5601 1842 5656 δὲ
1860 5602 1940 5655 ὃτι
1959 5602 2085 5672 περὶ

1286 172 1344 226 S.
1386 171 1671 230 JOANNIS
1709 177 2100 235 CHRYSOS'H

2238 180 2558 238 AllCHll-IP.
2600 182 3150 265 CQNSTANTINOP.

3779 192 3887 252 370

2232 296 2314 350 :05
2337 298 2451 352 ἀπὸ
2480 298 2577 367 τῆς
2621 298 2835 371 Σάρρας
2879 307 3198 373 τικτομένου
3238 304 3395 374 φησὶ,
3438 303 3712 374 ἐλογίζετο
3761 307 3885 360 καθ’

2217 382 2410 437 ἑαυτὸν
2425 386 2508 438 ὅτι
2530 387 2599 437 τά
2619 387 2715 456 τῆς
2749 387 3095 458 ὑποσχέσεως
3114 389 3382 461 ἐκϐέϐηκε
3398 406 3413 420 ·
3440 393 3558 445 νυνὶ
3583 392 3640 445 δέ
3668 394 3886 447 ἀκούων

2217 469 2426 541 Κυρίου
2460 470 2555 525 τοῦ
2574 471 2712 526 Θεοῦ
2730 471 3004 542 λέγοντος,
3030 475 3112 529 ὅτι
3138 475 3472 547 Εὐλογήσω
3492 476 3606 546 τὴν
3625 477 3883 547 Σάῤῥιεν,

2218 557 2317 611 καὶ
2334 556 2506 611 δώσω
2527 574 2628 614 σοι
2646 559 2717 625 ἐξ
2731 559 2924 630 αὐτῆς
2941 561 3181 628 τέκνον,
3208 564 3308 617 καί
3335 564 3652 635 εὐλογήσω
3670 565 3884 633 αὐτὸν,

2216 645 2317 700 καὶ
2349 646 2520 701 ἔσται
2542 649 2630 714 εις
2645 646 2791 717 ἔθνη
2811 666 2824 681 ·
2848 649 2947 703 καὶ⁵
2984 650 3169 713 πάλιν,
3213 651 3310 716 Ἐξ
3341 652 3576 707 ἐκείνου
3598 653 3884 721 ,βασιλεῖς

2214 732 2408 788 ἐθνῶν
2445 735 2903 799 ἐξελεύσονταισ
2942 738 3045 791 οὑκ
3079 737 3218 808 ἔχων
3250 738 3279 790 ὃ
3305 755 3358 791 τι
3396 737 3526 811 εἴπῃ
3577 738 3718 810 (οὔτε
3768 740 3884 813 γάρ

2215 822 2467 875 άπιστεῖν
2497 821 2729 892 ἠδύνατο
2750 827 2864 888 τοῖς
2891 824 3044 897 παρά
3067 824 3164 879 τοῦ
3190 825 3324 880 Θεοῦ
3362 826 3693 898 λεγομένοις,
3729 829 3883 898 φιλό-

2218 907 2340 973 θεος
2370 908 2490 981 ὢν),
2525 912 2622 965 καὶ
2653 912 2793 983 πρὸς
2835 913 2937 983 τὴν
2976 913 3198 984 ἡλικίαν
3228 915 3373 984 δρῶν
3400 914 3502 987 τήν
3528 916 3743 984 ἐαυτοῦ,
3783 920 3884 973 καὶ

2216 997 2352 1067 πρὸς
2378 999 2478 1069 τὴν
2498 999 2599 1069 τῆς
2621 999 2840 1071 Σάρρας
2862 1001 3149 1073 στείρωσιν
3175 1000 3275 1072 τὴν
3305 1002 3501 1074 μέχρις
3525 1003 3739 1077 ἐκείνης
3763 1007 3883 1078 ηλι-

2214 1083 2340 1148 κίας
2373 1084 2771 1157 γεγενημένην,
2807 1087 2867 1140 ἐν
2898 1086 3181 1160 ἀμηχανίᾳ
3200 1088 3460 1157 γεγονὼς,
3486 1091 3580 1144 καὶ
3607 1094 3882 1148 καταπλα-

2213 1173 2332 1242 γεὶς
2357 1172 2452 1226 τοῦ
2483 1171 2618 1225 Θεοῦ
2640 1171 2738 1245 τὴν
2765 1173 3080 1245 ὑπόσχεσιν,
3105 1176 3351 1242 Ἐπεσε,
3381 1179 3565 1248 φησὶν,
3585 1180 3675 1233 ἐπὶ
3701 1183 3881 1251 3960'-

2213 1276 2399 1325 ωπον,
2424 1259 2524 1314 καὶ
2551 1259 2867 1328 ἐγέλασεν.

2287 1398 2353 1470 β’.
2380 1394 2500 1453 Εῐδε
2521 1399 2619 1472 τὴν
2647 1399 2954 1471 ὑπερϐολὴν
2974 1402 3073 1473 τῆς
3092 1401 3460 1474 ὑποσχέσεως,
3476 1406 3573 1460 καλ⁸
3591 1407 3687 1479 τῆς
3712 1410 3878 1464 δυνάο

2217 1505 2362 1559 μεως
2383 1487 2475 1541 τοῦ
2497 1487 2964 1560 ἐπαγγειλαμένου
2987 1489 3047 1544 τδ
3068 1490 3294 1562 μέγεθος
3318 1493 3596 1565 ἐννοήσας,
3618 1498 3877 1552 Ἔπεσεν

2213 1574 2314 1629 ἐπὶ
2352 1574 2699 1643 πρόσωπον,
2741 1576 2841 1631 καί
2880 1576 3199 1648 ἐγέλασεν,
3245 1579 3367 1632 ἀντὶ
3411 1578 3520 1645 τοῦ,
3577 1584 3877 1655 περιχαρὴς

2214 1657 2430 1727 ἐγένετο
2448 1672 2462 1687 ·
2488 1659 2583 1713 καὶ
2609 1658 2751 1713 κατά
2778 1661 2904 1725 τοῦς
2934 1663 3036 1731 τῆς
3065 1660 3300 1726 διανοίας
3337 1661 3626 1735 λογισμοὺς
3651 1667 3873 1733 ἐνενόει,

2214 1743 2332 1809 πῶς
2359 1743 2426 1800 ἂν
2453 1745 2594 1801 κατὰ
2615 1746 2963 1820 ἀνθρωπίνην
2984 1748 3304 1803 ἀκολουθίαν
3326 1749 3486 1804 τοῦτο
3501 1751 3696 1820 γένοιτό
3712 1772 3869 1820 ποτε,

2214 1834 2310 1888 καὶ
2326 1836 2374 1888 εί
2390 1834 2467 1905 τῷ
2486 1835 2860 1890 ἐκατονταέτει
2883 1836 3097 1890 παιδίον
3109 1839 3421 1908 γενήσεται,
3440 1840 3595 1892 καὶεί
3613 1841 3645 1910 ὴ
3662 1845 3874 1913 στεῖρα,

2215 1921 2310 1975 καὶ
2337 1921 2531 1994 μέχρις
2560 1923 2913 1995 ἐννενήκοντα
2960 1925 3097 1978 ἐτῶν
3127 1925 3319 1994 ἀγονος
3355 1926 3692 1997 διαμείνασα,
3732 1929 3875 1994 ἐξαί-

2214 2026 2352 2082 φνης
2374 2009 2663 2080 δυνήσεται
2681 2011 2816 2083 πρὸς
2829 2013 3174 2082 τεκνογονίαν
3193 2006 3553 2086 διεγερθῆναι.
3578 2017 3685 2071 Kal
3705 2017 3875 2072 ταῦτα

2214 2100 2359 2157 κατὰ
2387 2103 2486 2174 τὴν
2512 2100 2750 2157 διάνοιαν
2774 2102 3151 2175 λογισάμενος,
3182 2104 3285 2158 οὑκ
3316 2104 3582 2176 ἐτόλμησέ
3618 2124 3673 2160 τι
3704 2108 3874 2161 τοιοῦ-

2211 2207 2307 2244 τον
2335 2190 2427 2246 διὰ
2451 2191 2551 2263 τῆς
2586 2188 2832 2262 γλώττης
2869 2196 3243 2263 προενεγκεῖν,
3273 2193 3409 2248 ἁλλά
3442 2195 3658 2259 δεικνὺς
3682 2197 3870 2250 ἑαυτοῦ

2211 2281 2310 2352 τὴν
2363 2280 2816 2353 εὐγνωμοσύνην,
2873 2282 3221 2355 παράκλησιν
3270 2286 3535 2357 προσάγει
3599 2287 3727 2358 περὶ
3782 2287 3871 2340 τοῦ

2223 2368 2465 2440 Ἰσμαὴλ,
2488 2372 2767 2442 μονονουχὶ
2795 2369 2996 2440 λέγων·
3016 2370 3279 2435 Δέσποτα,
3307 2358 3621 2442 ἀρκούντως
3647 2390 3713 2441 με
3738 2392 3873 2446 παρ-

2211 2454 2494 2527 εμυθήσω,
2530 2457 2627 2511 καὶ
2674 2457 2774 2528 τὴν
2812 2457 2878 2511 ἐκ
2922 2456 3020 2526 τῆς
3058 2457 3315 2522 ἀπαιδίας
3357 2458 3600 2529 ἀθυμίαν
3634 2463 3700 2533 τῇ
3734 2461 3873 2515 δόσει

2210 2542 2303 2597 τοῦ
2337 2543 2560 2615 Ἰσμαὴλ
2579 2545 2660 2608 είς
2683 2543 3022 2616 εὐφροσύνην
3041 2544 3351 2616 μετέϐαλες.
3379 2547 3514 2601 Οὐδὲ
3530 2547 3659 2620 γάρ,
3684 2549 3872 2603 τούτου

2210 2630 2515 2702 τεχθέντος,
2541 2630 2727 2685 λοιπὸν
2751 2631 2855 2685 κᾶν
2871 2633 2928 2687 ἐν
2952 2632 3159 2703 διανοίᾳ
3173 2632 3363 2687 ἔλαϐον
3388 2635 3421 2706 ἢ
3445 2635 3705 2705 ἐνενόησά
3726 2652 3871 2698 ποτε,

2209 2718 2291 2772 δτι
2317 2718 2384 2772 ἐκ
2405 2717 2509 2788 τῆς
2533 2717 2752 2790 Σάρῤας
2774 2717 2929 2771 ἔσται
2959 2735 3050 2790 μοι
3083 2722 3233 2784 παῖς,
3259 2720 3372 2773 ἀλλ’
3397 2721 3519 2775 οὑδέ
3555 2722 3694 2794 αὑτὴ
3720 2721 3876 2776 τοῦτο

2209 2805 2579 2878 προσεδόκησε
2601 2823 2614 2836 ·
2645 2805 2727 2860 διδ
2754 2806 2849 2861 καὶ
2888 2807 2988 2878 τὴν
3013 2806 3189 2881 Ἅγαρ
3229 2825 3319 2879 μοι
3362 2810 3700 2881 παρέδωκεν,
3766 2811 3871 2864 ἀπ-

2209 2892 2560 2966 αγορεύσασα
2600 2892 2669 2947 τὰ
2703 2893 2823 2948 καθ’
2853 2894 3070 2966 ἐαυτήν.
3126 2892 3339 2966 Ἰκανην
3367 2895 3544 2949 τοίνυν
3577 2896 3875 2968 ἀμφότεροι

2207 2982 2308 3054 τὴν
2333 2980 2687 3054 παραμυθίαν
2716 2982 3028 3053 ἐσχήκαμεν
3056 2980 3337 3053 τεχθέντος
3372 2981 3466 3035 τοῦ
3506 2982 3751 3054 Ἰσμαήλ.
3778 2977 3879 3038 06-

2206 3086 2299 3133 τος
2327 3064 2422 3123 οῦν
2449 3070 2478 3122 6
2510 3067 2661 3140 παρά
2690 3068 2783 3122 σοῦ
2812 3068 2987 3132 δοθεὶς
3014 3069 3145 3139 ἡμῖν
3184 3066 3333 3140 ζήτω
3361 3068 3591 3122 ἐναντίον
3625 3086 3744 3133 σου,
3778 3069 3877 3124 καὶ

2215 3155 2495 3229 ἀρκοῦσαν
2524 3155 2720 3227 ἕξομεν
2743 3155 2841 3228 τὴν
2864 3154 3235 3228 παράκλησιν.
3259 3156 3355 3209 καὶ
3381 3155 3438 3209 τὸ
3456 3156 3622 3226 γῆρας
3642 3156 3704 3208 τὸ
3722 3157 3875 3227 ήμέο

2207 3259 2367 3315 τερον
2391 3243 2425 3314 ἡ
2452 3241 2643 3296 τούτου
2665 3242 2779 3314 ζωὴ
2800 3241 3279 3314 παραμυθήσεται.
3308 3242 3373 3294 Τί
3405 3236 3495 3295 οὖν
3514 3244 3543 3294 6
3569 3241 3879 3315 φιλάνθρωο

2207 3347 2309 3394 πος
2332 3329 2640 3401 Δεσπότης;
2682 3330 2898 3400 Ἐπειδὴ
2917 3329 3117 3393 ἱκανῶς
3140 3329 3237 3382 καὶ
3263 3328 3359 3382 τοῦ
3381 3328 3588 3382 δικαίου
3602 3328 3705 3399 τῆς
3731 3329 3877 3400 γνώο

2210 3433 2318 3489 μης
2338 3415 2399 3471 τὸ
2430 3415 2674 3486 φιλόθεον
2702 3416 2790 3470 διά
2815 3416 2913 3487 τῆς
2941 3416 3035 3470 τοῦ
3069 3416 3265 3488 χρόνου
3296 3416 3658 3487 παρατάσεως
3676 3417 3876 3473 ἐϐασά-

2205 3520 2346 3565 νισε,
2375 3505 2471 3558 καὶ
2498 3503 2599 3574 τῆς
2622 3503 2836 3575 Σάρρας
2862 3503 2961 3574 τὴν
2990 3503 3194 3569 πίστιν,
3225 3503 3320 3557 καὶ
3350 3500 3491 3558 εἶδεν
3531 3505 3873 3578 ἀμφοτέρους

2205 3590 2714 3661 ἀπαγορεύσαντας,
2741 3590 2837 3643 καὶ
2862 3590 2952 3645 τὸν
2978 3590 3078 3662 μὲν
3100 3591 3188 3646 διὰ
3215 3591 3276 3645 τὸ
3294 3591 3496 3662 γῆρας,
3525 3592 3628 3662 τὴν
3651 3592 3710 3646 δὲ
3736 3593 3872 3663 μετὰ

2203 3678 2304 3748 τῆς
2348 3676 2561 3750 ήλικίας
2589 3678 2682 3731 καὶ
2723 3676 2813 3731 διὰ
2839 3676 2938 3747 τήν
2979 3678 3281 3750 στείρωσιν,
3324 3679 3494 3749 φησί⁹
3528 3679 3646 3734 Νῦν
3686 3681 3870 3753 ἐπειδὴ

2204 3765 2385 3835 πάντη
2408 3765 2537 3836 ὑμῖν
2565 3763 2826 3820 ἀδύνατον
2835 3764 2993 3819 τοῦτο
3014 3761 3152 3819 εἶναι
3177 3765 3426 3836 φαίνεται
3442 3782 3457 3797 ο
3476 3764 3567 3820 διά
3591 3766 3702 3836 γὰρ
3717 3766 3873 3820 τοῦτο

2204 3849 2363 3922 κάγὼ
2382 3852 2483 3924 τὴν
2505 3853 2775 3923 τοσαύτην
2797 3852 3183 3925 μακροθυμίαν
3198 3853 3584 3926 ἐπεδειξάμην,
3612 3856 3700 3909 ἴνα
3717 3855 3873 3919 δείξω

2202 3942 2286 3996 δτι
2318 3943 2458 4015 ὑπὲρ
2487 3942 2650 4014 φύσιν
2671 3941 3022 4013 ἀνθρωπίνην
3049 3944 3197 3997 ἐστὶν
3231 3945 3264 4015 ἡ
3297 3942 3476 4014 δωρεὰ
3505 3945 3538 4014 ἡ
3576 3946 3706 4016 παρ’
3736 3943 3869 4015 ἐμοῦ

2202 4031 2576 4102 παρεχομένη,
2601 4031 2696 4085 καὶ
2724 4030 2811 4084 ἵνα
2826 4030 2921 4083 καὶ
2940 4030 3098 4102 ὑμεῖς
3124 4031 3218 4085 καὶ
3244 4032 3294 4084 οί
3323 4030 3473 4085 ἄλλοι
3496 4033 3697 4095 πάντες
3719 4029 3867 4103 [£06]

2201 4118 2268 4173 6:‘
2299 4118 2481 4172 αὑτῶν
2513 4116 2725 4189 μάθωσι
2754 4117 2863 4171 τῶν
2899 4117 3260 4189 πραγμάτων,
3290 4118 3371 4171 ὅτι
3403 4120 3497 4172 καὶ
3524 4119 3624 4189 τῆς
3656 4118 3871 4188 φύσεώς

2202 4208 2320 4278 εἰμι
2350 4204 2650 4277 Δεσπότης,
2678 4205 2776 4259 καὶ
2799 4203 2934 4278 πρὸς
2954 4204 2982 4258 6
3007 4203 3268 4276 βούλομαι
3302 4206 3440 4277 αὑτὴ
3468 4205 3746 4265 ὑπακούει,
3770 4207 3869 4258 καὶ

2201 4295 2339 4348 εἴκει
2374 4296 2488 4357 τοῖς
2529 4293 2684 4363 ἐμοῖς
2714 4291 3102 4362 ἐπιτάγμασιν.
3146 4293 3208 4345 Et
3242 4292 3352 4366 γὰρ
3386 4294 3451 4346 ἐκ
3485 4292 3580 4347 τοῦ
3616 4291 3689 4364 μὴ
3708 4292 3870 4356 δντος

2200 4379 2371 4452 αὑτὴν
2398 4380 2738 4452 παρήγαγον,
2774 4378 2952 4450 πολλῷ
2986 4378 3187 4449 μᾶλλον
3225 4380 3396 4453 αὑτὴν
3437 4380 3735 4450 γενομένην
3764 4379 3871 4450 τὴν

2202 4466 2367 4538 φύσιν
2392 4467 2486 4523 καὶ⁸
2510 4465 2851 4539 χωλεύουσαν
2874 4465 3164 4539 διορθῶσαι
3195 4467 3510 4539 δυνήσομαι.
3541 4468 3652 4520 Ἵνα
3678 4467 3869 4519 τοίνυν

2203 4557 2428 4629 θαρρεῖν
2454 4554 2605 4627 ἔχῃς,
2640 4555 2805 4609 ἄκουε
2829 4557 2923 4609 καὶ
2954 4554 3283 4627 διεγέρθητι,
3306 4556 3401 4610 καὶ
3424 4557 3541 4619 τοὺς
3561 4556 3617 4607 ἐν
3645 4555 3715 4624 τῇ
3746 4555 3875 4606 δια-

2200 4643 2321 4715 νοίᾳ
2345 4641 2640 4713 λογισμούς
2663 4658 2758 4696 σου
2791 4641 3110 4714 κινηθέντας
3135 4642 3549 4714 παρωσάμενος,
3570 4640 3722 4712 δέχου
3751 4643 3875 4694 ἱκα-

2199 4746 2297 4801 νην
2340 4727 2711 4801 πληροφορίαν
2748 4729 2813 4783 ἐκ
2854 4728 2964 4783 τῶν
3004 4729 3135 4800 παρ’
3175 4729 3308 4802 ἐμοῦ
3358 4727 3685 4801 λεγομένων.
3732 4727 3871 4783 Ἰδοὺ

2199 4817 2310 4887 γὰρ
2343 4815 2529 4888 Σάρρα
2557 4817 2592 4887 ὴ
2620 4815 2757 4886 γυνή
2793 4832 2908 4879 σου,
2942 4815 3009 4887 ην
3041 4816 3283 4887 νομίζεις
3306 4815 3396 4869 διά
3427 4833 3486 4869 τε
3511 4815 3609 4887 τὴν
3642 4815 3874 4887 στείρω-

2204 4921 2309 4966 σιν,
2346 4903 2437 4957 διά
2464 4919 2523 4955 τε
2556 4901 2619 4955 τὸ
2651 4901 2831 4973 γῆρας
2867 4902 3132 4956 ἀδύνατον
3166 4902 3352 4955 λοιπὸν
3379 4904 3581 4967 τεκεῖν,
3611 4903 3753 4973 αὕτη
3785 4903 3872 4956 τέ-

2199 4990 2349 5059 ξεταί
2379 5007 2463 5044 σοι
2497 4989 2633 5044 υἱόν.
2669 4989 2780 5044 Καὶ
2807 4990 2893 5043 ἵνα
2917 4991 3050 5062 μηδὲ
3078 4990 3440 5061 άμφιϐάλλειν
3470 4990 3617 5063 ἔχῃς,
3651 4991 3762 5044 ἰδού
3785 5008 3875 5044 σοι

2198 5080 2292 5135 καὶ
2311 5078 2406 5150 τὴν
2433 5078 2804 5150 προσηγορίαν
2825 5076 2920 5131 τοῦ
2945 5078 3263 5149 τικτομένου
3292 5077 3611 5149 προμηνύω.
3630 5078 3735 5131 Τδν
3760 5079 3876 5149 γάρ

2199 5166 2516 5236 τικτόμενον
2537 5165 2793 5229 καλέσεις
2831 5164 3035 5219 Ἰσαάκ.
3074 5163 3230 5233 Πρὸς
3256 5164 3365 5237 γὰρ
3394 5165 3630 5218 ἐκεῖνον
3653 5165 3879 5233 στήσω

2198 5254 2313 5323 τὴν
2346 5252 2642 5323 διαθήκην
2683 5271 2803 5323 μου
2851 5254 2939 5318 εις
2980 5250 3275 5320 διαθήκην
3326 5252 3589 5314 αἰώνιον,
3635 5253 3735 5305 καὶ
3794 5251 3881 5317 τῷ

2200 5340 2492 5411 σπέρματι
2523 5336 2709 5394 αὑτοῦ
2747 5339 2874 5409 μετ’
2910 5340 3118 5394 αὐτόν.
3160 5333 3330 5403 Οὗτος
3357 5339 3467 5411 γάρ
3511 5340 3681 5405 ἐστιν,
3720 5338 3789 5392 δν
3818 5341 3882 5405 ἐξ

2201 5429 2378 5500 ἀρχῆς
2404 5428 2498 5481 καὶ
2525 5429 2588 5480 ἐκ
2618 5425 2918 5498 προοιμίων
2955 5443 3039 5480 σοι
3064 5426 3404 5499 ὑπεσχόμην,
3435 5426 3534 5481 καὶ
3575 5427 3657 5489 είς
3682 5426 3885 5482 τοῦτον

2198 5518 2269 5569 τά
2311 5517 2407 5586 τῆς
2444 5514 2780 5583 ἐπαγγελίας
2822 5513 2921 5584 τῆς
2950 5513 3093 5585 ἐμῆς
3137 5513 3577 5586 πληρωθήσεται.
3637 5514 3731 5568 Διὸ
3783 5517 3885 5570 καὶ

2212 5606 2387 5660 πάντα
2431 5621 2513 5659 σοι
2548 5602 2818 5677 προλέγω,
2851 5603 2952 5675 οὑχ
2985 5604 3068 5659 δτι
3111 5603 3323 5672 τέξεται
3374 5603 3557 5674 μόνον,
3590 5602 3731 5657 ἀλλά
3785 5604 3890 5660 καὶ
