4084 6214
397 328 505 386 369

399 444 511 500 Illa:
565 440 710 498 enim
739 455 861 497 cum
912 435 1118 510 frigida:
1163 435 1314 492 facta:
1358 434 1553 490 fuerint
1579 475 1591 498 ,
1621 432 1759 488 haud
1810 447 1986 502 parem

395 537 722 607 voluptatem
744 529 1174 590 convivatoribus
1197 535 1484 600 praestant:
1515 543 1636 580 nam
1658 528 1702 579 si
1732 525 1796 579 ad
1827 541 1986 578 ιιιιιιιιι

396 639 489 685 aut
530 629 760 686 alterum
787 627 932 682 diem
959 623 1158 679 fuerint
1185 630 1468 676 reservata:
1487 659 1503 684 ,
1535 618 1748 672 inutiles
1769 617 1988 670 omnino

397 723 564 778 ﬁunt:
591 719 706 775 ista
726 732 855 773 vero
870 731 974 772 non
995 714 1169 770 solum
1189 711 1233 768 si
1257 711 1308 766 in
1327 725 1485 764 unum
1506 720 1560 764 et
1580 709 1803 763 alterum
1821 707 1983 770 diem,

396 813 490 869 sed
552 821 608 868 et
657 809 940 883 quantovis
987 816 1228 876 tempore
1283 802 1486 859 relict:e
1513 800 1744 862 fuerint,
1806 812 1988 868 parem

395 904 652 959 exhibent
677 901 978 963 utilitatem,
1001 895 1353 965 eamdemque
1372 892 1600 948 all'erunt
1624 890 1946 960 voluptatem
1969 904 1985 944 :

395 996 589 1051 divina:
633 993 776 1050 enim
801 998 926 1046 sunt
951 999 1005 1044 et
1047 984 1382 1058 spirituales,
1435 997 1609 1052 neque
1635 981 1804 1035 ullum
1847 980 1928 1035 eis
1957 993 1987 1033 a

397 1099 637 1158 tempore
667 1091 1048 1141 nocumentum
1086 1079 1369 1141 imminet,
1405 1075 1500 1131 sed
1525 1073 1762 1146 quotidie
1791 1087 1986 1128 novum

397 1180 633 1250 \‘igorcm
673 1176 904 1231 all'erunt
926 1216 940 1236 .
962 1183 1016 1229 et
1040 1188 1136 1229 eos
1163 1169 1257 1242 qui
1303 1168 1408 1223 illis
1449 1165 1552 1221 frui
1580 1165 1796 1230 volunt,
1823 1163 1987 1218 multa

397 1270 618 1340 implent
645 1267 844 1322 laetitia.
875 1263 1109 1321 Proinde
1129 1263 1252 1334 quia
1283 1260 1404 1316 talis
1424 1258 1612 1312 harum
1643 1255 1985 1326 reliquiarum

396 1363 476 1414 vis
500 1370 602 1423 est,
630 1375 726 1430 age
750 1357 1000 1412 alacriter
1024 1363 1082 1411 et
1109 1368 1206 1410 vos
1237 1365 1486 1421 magnam
1513 1347 1636 1404 inde
1665 1348 1984 1417 voluptatem

393 1453 616 1516 auferte,
648 1464 852 1520 nosque
878 1449 1102 1502 Iidentes
1121 1459 1306 1501 earum
1325 1441 1598 1507 efﬁcaciae,
1629 1453 1986 1511 proponamus

392 1558 488 1600 eas
519 1553 713 1598 vestra:
751 1539 980 1596 caritati.
1031 1538 1228 1593 Verum
1257 1545 1314 1590 ut
1355 1533 1507 1588 vobis
1549 1547 1725 1587 sermo
1757 1531 1846 1586 ille
1874 1546 1987 1585 ma-

393 1633 639 1689 nifestior
654 1633 912 1696 videatur,
929 1644 1107 1702 operte
1125 1629 1350 1698 pretium
1367 1623 1524 1680 fuerit
1540 1622 1846 1679 meminisse
1868 1621 1986 1676 linis

392 1725 508 1781 beri
544 1724 809 1780 dictorum
833 1765 849 1790 ,
883 1732 940 1778 ut
978 1723 1058 1777 sic
1098 1719 1345 1776 ordinem
1371 1731 1435 1772 ac
1474 1717 1668 1771 seriem
1713 1715 1983 1784 assequuti

389 1818 686 1874 doctrinam
705 1817 1045 1888 attingamus.
1073 1813 1194 1870 Heri
1217 1819 1544 1884 praeceptum
1565 1807 1986 1864 circumcisionis

390 1911 707 1965 adduximus
731 1910 784 1964 in
811 1907 1062 1973 medium,
1089 1915 1143 1961 et
1169 1904 1370 1960 dictum
1398 1901 1526 1957 illud
1556 1901 1646 1956 Dei
1663 1899 1728 1954 ad
1757 1899 1983 1970 patriar-

390 2001 545 2055 chain
579 2017 594 2054 :
626 1998 1024 2054 Circumcidetur
1064 2012 1210 2050 omne
1265 1994 1600 2049 masculinum
1643 2000 1896 2054 uestrum,
1941 1999 1986 2045 et

390 2091 483 2144 crit
510 2091 562 2143 in
594 2092 793 2160 signant
828 2086 1110 2142 testamenti
1137 2086 1268 2140 inter
1313 2101 1392 2138 me
1414 2093 1462 2138 et
1493 2099 1598 2137 vos.
1633 2081 1700 2137 Et
1731 2098 1855 2153 puer
1874 2091 1986 2136 octo

389 2182 587 2234 dierum
623 2178 1030 2234 circumcidetur.
1065 2175 1131 2231 Et
1153 2177 1241 2246 qui
1275 2191 1378 2230 non
1415 2176 1740 2229 circumcisus
1784 2174 1935 2244 fuerit
1965 2214 1981 2239 ,

395 2272 576 2342 peribit
620 2271 792 2324 anima
830 2268 948 2334 illa,
971 2269 1091 2340 quia
1120 2277 1474 2322 testamentum
1505 2283 1671 2321 meum
1699 2266 1982 2340 dissipavit.

389 2363 463 2418 Ibi
489 2376 794 2417 sermonem
827 2360 1093 2415 ﬁnivimus
1119 2358 1172 2413 in
1193 2357 1618 2414 circumcisionis
1646 2367 1980 2428 argumento;

385 2462 440 2508 ct
474 2468 540 2507 ne
561 2451 901 2508 multitudine
925 2449 1188 2505 dictorum
1209 2458 1439 2504 vestram
1461 2449 1811 2505 obrueremus
1827 2465 1980 2506 men-

387 2555 514 2612 tem,
547 2544 815 2600 noluimus
857 2543 990 2598 ultra
1017 2540 1285 2612 progredi.
1313 2540 1496 2611 Neque
1517 2541 1660 2596 enim
1684 2540 1786 2596 hoc
1807 2541 1982 2597 solum

383 2651 661 2703 curamus,
678 2644 736 2690 ut
756 2634 918 2689 multa
939 2632 1202 2699 dicamus,
1223 2640 1276 2686 et
1296 2641 1478 2701 p0stea
1499 2630 1866 2696 abscedamus,
1887 2632 1980 2686 sed

385 2727 551 2781 nostri
593 2725 858 2781 sermonis
900 2723 1197 2779 doctrinam
1244 2721 1442 2776 vestris.
1487 2721 1691 2777 viribus
1738 2722 1982 2792 cupinms

382 2835 502 2874 esse
527 2817 888 2889 adaeqttatam,
910 2826 965 2871 ut
991 2815 1164 2874 fructu
1189 2813 1438 2886 qu0piam
1461 2829 1527 2870 ex
1549 2812 1705 2869 dictis
1729 2825 1980 2885 percepto

380 2915 602 2970 domum
631 2911 861 2968 redeatis
885 2925 1095 2966 omnes.
1139 2909 1253 2979 Age
1296 2907 1456 2978 igitur
1481 2907 1549 2963 ad
1589 2922 1651 2963 ea
1677 2923 1796 2977 qua:
1837 2907 1978 2964 dicta

379 3015 540 3073 sunt,
582 3003 935 3074 adjungamus
973 3010 1027 3057 et
1054 3000 1258 3071 reliqua
1288 3016 1302 3053 :
1331 3008 1389 3054 ut
1414 2998 1686 3056 videamus
1714 3008 1832 3069 post
1869 2999 1976 3054 cir-

379 3097 726 3155 cumcisionis
750 3102 1099 3166 praeceptum,
1129 3092 1254 3163 quid
1286 3092 1545 3163 benignus
1576 3092 1717 3146 Deus
1747 3091 1975 3162 patriar-

375 3194 496 3248 cha:
519 3191 765 3261 loquatur
793 3199 846 3246 et
873 3195 1156 3260 proponat.
1180 3187 1268 3243 I5.
1301 3185 1370 3241 Et
1407 3185 1537 3242 dixit
1557 3226 1573 3250 ,
1603 3186 1798 3257 inquit,
1832 3185 1970 3242 Deus

378 3284 594 3340 Abrahae
616 3299 636 3337 :
666 3281 801 3337 Sara
823 3297 952 3335 uxor
979 3290 1066 3333 tua
1091 3295 1192 3332 non
1211 3277 1345 3332 ultra
1371 3277 1629 3332 vocabitur
1659 3279 1860 3331 nomine
1883 3293 1975 3331 suo

377 3376 512 3431 Sura
531 3415 548 3441 ,
581 3373 671 3428 sed
701 3372 864 3427 Sarra
887 3371 981 3424 erit
1009 3385 1189 3422 nomen
1212 3369 1320 3437 ejus
1350 3367 1446 3438 (a).
1490 3367 1970 3433 Quemadmodum,

377 3464 584 3534 inquit,
630 3461 902 3516 elemento
933 3458 1026 3513 tibi
1068 3456 1253 3512 addito
1301 3455 1640 3526 signiﬁcavi,
1669 3466 1721 3510 te
1764 3464 1971 3525 patrem

378 3555 613 3612 futurqu
635 3553 920 3608 multarum
942 3549 1179 3620 gentium
1208 3564 1222 3601 :
1253 3547 1322 3602 ita
1353 3554 1410 3602 et
1435 3547 1581 3601 Sara:
1609 3547 1851 3602 similiter
1878 3563 1973 3617 ap-

375 3663 518 3720 pono
538 3646 767 3708 literam,
797 3652 854 3697 ut
872 3642 1046 3698 discas
1063 3653 1206 3695 nunc
1231 3647 1438 3708 tempus
1463 3636 1672 3702 adesse,
1701 3647 1758 3691 nt
1783 3638 1911 3692 olim
1937 3655 1969 3695 a

373 3755 461 3796 nte
486 3739 743 3810 promissa
769 3735 1104 3805 impleantur.
1131 3732 1239 3786 Erit
1263 3732 1421 3800 enim,
1449 3732 1638 3802 inquit,
1660 3749 1839 3786 nomen
1859 3731 1970 3802 ejus

373 3835 556 3891 Sarra.
603 3831 692 3887 I6.
717 3826 1024 3884 Benedicam
1047 3833 1215 3879 autem
1251 3840 1362 3878 eam
1385 3864 1401 3890 ,
1441 3832 1490 3878 et
1528 3822 1658 3876 dabo
1694 3823 1783 3878 tibi
1822 3840 1884 3878 ea:
1908 3839 1969 3878 ea

373 3928 572 3995 ﬁlium,
601 3933 650 3978 et
671 3921 960 3977 benedicam
982 3917 1162 3983 illum,
1193 3926 1240 3970 et
1265 3916 1359 3970 erit
1395 3915 1700 3986 ingentem,
1747 3926 1792 3969 et
1827 3931 1967 3986 reges

369 4017 593 4090 gentium
625 4030 689 4070 ac
731 4029 790 4068 eo
817 4011 1041 4067 exibunt.
1076 4008 1280 4065 Idcirco
1318 4007 1466 4078 prius
1505 4006 1714 4062 literam
1755 4005 1922 4076 adjeci
1945 4047 1962 4074 ,

369 4119 430 4165 ut
454 4109 591 4164 scias
615 4106 837 4162 omnino
868 4106 1042 4159 futura
1073 4117 1198 4158 esse
1225 4116 1344 4172 qua:
1368 4117 1399 4156 a
1429 4115 1518 4156 me
1547 4100 1688 4157 dicta
1713 4111 1856 4156 sunt.
1887 4100 1965 4157 Ne

369 4203 526 4273 igitur
552 4199 618 4254 ad
649 4198 1011 4254 iulirmitatem
1037 4203 1241 4249 naturae
1269 4202 1521 4265 spectans
1541 4233 1557 4258 ,
1586 4191 1822 4247 animum
1863 4191 1962 4249 de-

366 4291 593 4364 sponde,
620 4292 715 4345 sed
743 4289 919 4360 potius
942 4286 1009 4340 ad
1037 4285 1246 4340 virtutis
1272 4299 1408 4339 mete
1437 4282 1856 4354 magnitudinem
1884 4300 1960 4340 re-

365 4382 619 4453 spiciens,
653 4378 812 4434 ﬁdem
840 4376 975 4432 habe
1003 4375 1066 4430 iis
1093 4389 1212 4444 quae
1239 4389 1271 4428 a
1301 4387 1388 4428 me
1405 4372 1545 4428 dicta
1567 4382 1710 4428 sunt.
1740 4372 1960 4428 Benedi-

364 4491 478 4529 cum
505 4473 648 4529 enim
674 4486 783 4526 eam
802 4509 820 4536 ,
841 4478 889 4523 et
914 4467 1044 4520 dabo
1073 4466 1162 4520 tibi
1191 4480 1254 4518 et:
1277 4480 1336 4518 ea
1370 4464 1564 4530 ﬁlium,
1605 4473 1652 4518 et
1671 4464 1960 4520 benedieam

365 4567 532 4630 illum,
561 4573 609 4618 et
645 4563 738 4618 erit
763 4561 816 4615 in
842 4568 1033 4631 gentes,
1060 4567 1106 4612 et
1133 4572 1272 4628 reges
1300 4555 1507 4610 exibunt
1529 4571 1594 4611 ea:
1612 4572 1689 4610 eo.
1716 4556 1957 4612 Excede-

369 4661 494 4714 bant
519 4658 806 4713 humanam
834 4663 1076 4709 naturam
1103 4649 1395 4722 promissa:
1424 4658 1479 4704 et
1503 4648 1724 4718 perinde
1751 4648 1866 4713 fuit,
1893 4665 1957 4706 ac

366 4754 408 4807 si
437 4752 630 4821 aliquis
659 4748 999 4820 polliceretur
1035 4760 1099 4800 ex
1126 4741 1394 4812 lapidibus
1424 4740 1671 4796 homines
1694 4757 1753 4797 se
1785 4745 1951 4796 factu-

367 4859 504 4899 rum.
534 4841 673 4897 Nihil
697 4841 840 4896 enim
865 4855 896 4892 a
925 4837 1190 4908 lapidibus
1217 4833 1567 4899 differebant,
1597 4843 1854 4904 quantum
1885 4835 1951 4890 ad

365 4936 762 5008 generationem
790 4932 983 4987 attinet
1008 4927 1088 5000 (b)
1109 4970 1124 4995 ,
1142 4936 1195 4984 et
1219 4925 1517 4998 patriarcha
1540 4939 1650 4994 prae
1675 4935 1952 4982 senectute

427 5123 502 5187 (tt)
535 5119 812 5171 Inltebme
831 5127 945 5169 ante
991 5115 1307 5167 mutationem
1347 5110 1576 5168 nominis,
1620 5113 1948 5176 madenti,

365 5194 761 5254 vocabatur-west
781 5192 1095 5242 mutationem
1109 5196 1293 5242 autem,
1317 5188 1455 5242 mw,
1481 5195 1618 5237 sura.
1636 5189 1949 5247 Septuaginta

364 5277 482 5316 vero
507 5263 827 5327 Interpretes,
861 5275 994 5327 uasa,
1022 5261 1318 5327 exllrimunt,
1345 5263 1401 5327 et
1417 5255 1660 5327 (Inplicato
1682 5285 1702 5321 ρ
1724 5261 1947 5309 mutatio~

364 5277 482 5316 vero
507 5276 827 5372 ιιιιετςιιθιεε,
861 5276 994 5327 “hic,
1022 5276 1318 5322 exllnmunt,
1345 5276 1396 5304 et
1417 5276 1660 5317 uupucaw
1682 5285 1702 5321 ρ
1724 5276 1947 5309 ωυυιιιοι

363 5340 476 5390 nem
501 5325 629 5390 illam
671 5325 862 5374 udicant
887 5338 900 5374 :
913 5339 1024 5390 _quo
1047 5326 1220 5390 factum
1243 5326 1320 5390 est
1355 5324 1410 5365 ut
1429 5321 1792 5390 (:brysostomus
1814 5328 1949 5385 puta-

361 5389 487 5439 vcrit
507 5387 720 5437 ari-litum
734 5400 762 5434 a
786 5394 887 5435 Deo
910 5382 1060 5436 niisse
1082 5382 1259 5434 nomini
1282 5386 1406 5428 Sara:
1429 5382 1747 5434 elet’nentum.
1774 5382 1829 5432 Αἰ
1852 5395 1947 5433 non

359 5451 573 5501 additum
592 5448 894 5498 elementum
925 5448 1030 5504 fuit,
1054 5447 1142 5496 sed
1168 5449 1401 5494 mutatum
1421 5446 1441 5483 ν
1465 5447 1510 5493 in
1532 5450 1587 5495 Π.

423 5521 495 5584 (b)
525 5520 742 5584 materie
763 5532 920 5579 more,
946 5519 1024 5569 vel
1049 5514 1340 5584 attentionis
1353 5519 1507 5581 lapsu,
1529 5515 1645 5584 dicit
1675 5514 1947 5584 chrysosto-

357 5575 723 5634 nuis'nbraham
743 5590 794 5631 et
816 5575 976 5631 sat-am
1001 5595 1095 5630 non
1119 5580 1275 5639 magis
1297 5575 1498 5630 idoneos
1516 5576 1573 5626 ad
1594 5575 1780 5639 prolem
1795 5579 1946 5639 susci-

358 5646 583 5709 piendam
606 5652 723 5694 tunc
744 5644 915 5709 fuisse,
938 5656 1082 5709 quam
1102 5638 1312 5709 lapides;
1334 5643 1384 5709 id
1409 5638 1606 5704 quidem
1632 5638 1698 5709 de
1718 5638 1943 5709 Sara_t_l_ici

359 5698 544 5770 intuit;
583 5719 729 5756 secus
749 5706 814 5754 de
834 5698 1116 5765 Alii-abanto,
1139 5698 1220 5768 qui
1247 5698 1412 5756 multis
1429 5698 1542 5768 post
1557 5702 1695 5752 annis
1716 5712 1806 5752 sex
1823 5698 1945 5752 ﬁlios

357 5771 569 5834 suscepit
592 5779 656 5819 ex
681 5776 870 5821 actm.

1454 319 1519 375 IN
1557 319 1711 375 CAP.
1747 317 1907 374 XVII.
1951 318 2193 373 (ll'lNI'LS.
2241 318 2468 374 IIOMIL.
2518 320 2623 374 XL.

3584 327 3697 377 ὅτι)

2094 447 2260 502 prope
2308 433 2571 502 impotens
2602 442 2716 486 erat
2743 475 2756 495 ,
2803 441 2856 487 et
2888 432 2951 487 ad
2996 432 3222 488 filiorum
3261 419 3689 504 procreationem

2094 525 2314 580 omnino
2344 526 2573 589 inutilis,
2604 537 2656 580 ct
2686 525 2845 579 Sarra
2885 525 2949 580 ad
2983 525 3082 581 hoc
3106 527 3246 598 quod
3276 539 3458 582 natura
3489 531 3688 584 sterilis

2095 625 2230 680 erat,
2261 616 2536 670 laborabat
2562 626 2616 670 et
2643 617 2816 670 a-tatis
2842 626 2895 670 et
2919 618 3214 672 senectutis
3240 619 3386 674 vitio.
3418 620 3684 675 Caeterum

2092 706 2265 776 justus
2288 706 2401 762 lucc
2424 707 2665 775 audiens,
2691 719 2990 779 putatisque
3005 711 3133 764 olim
3163 711 3252 765 Dei
3277 712 3683 780 promissionem

2095 798 2364 868 impletum
2393 800 2444 853 in
2479 799 2698 855 lsmaele
2731 817 2745 855 :
2775 801 2898 871 quia
2927 801 3072 856 enim
3094 802 3233 858 dixit
3261 821 3273 857 :
3301 803 3413 858 Tibi
3439 816 3488 859 et
3507 807 3686 860 semini

2095 899 2182 943 tuo
2201 889 2331 944 dabo
2352 892 2537 944 terram
2567 891 2718 956 lianc,
2747 907 2845 947 nec
2864 891 3108 948 distinxit
3135 908 3193 948 se
3215 894 3284 950 de
3307 895 3414 950 ﬁlio
3434 911 3500 952 ex
3525 897 3684 954 Sarra

2097 983 2368 1038 nascituro
2396 983 2576 1052 loqui,
2607 984 2698 1040 ille
2725 984 2989 1054 cogitabat
3028 1000 3208 1042 secum
3232 985 3342 1055 jam
3371 989 3682 1058 promissio-

2095 1087 2192 1128 nes
2238 1074 2486 1145 impletas
2528 1089 2649 1130 esse
2683 1095 2695 1130 :
2730 1091 2872 1133 nunc
2911 1086 3089 1132 autem
3134 1077 3378 1134 audiens
3402 1080 3684 1136 Dominqu

2097 1164 2264 1219 Deum
2285 1165 2572 1232 dicentem,
2605 1166 2906 1221 Benedicam
2936 1168 3171 1233 Sarram,
3198 1180 3248 1223 et
3276 1171 3412 1224 dabo
3427 1172 3517 1225 tibi
3535 1189 3600 1226 ea:
3622 1189 3684 1227 ea

2094 1255 2279 1324 ﬁlium,
2310 1267 2355 1312 et
2381 1257 2667 1311 benedicam
2701 1259 2870 1324 illum,
2889 1268 2936 1313 et
2958 1261 3052 1313 erit
3070 1260 3125 1314 in
3144 1269 3357 1331 gentes;
3381 1272 3437 1317 et
3458 1262 3680 1318 iterum:

2094 1343 2181 1398 Ea:
2207 1345 2296 1400 illo
2327 1363 2466 1418 reges
2506 1349 2729 1418 gentium
2766 1347 3262 1418 egredienturmum
3303 1351 3533 1407 nesciret
3555 1353 3682 1422 quid

2094 1437 2294 1493 diceret
2327 1441 2540 1510 (neque
2575 1441 2714 1495 enim
2743 1441 2832 1496 Dei
2871 1442 3048 1498 verbis
3084 1443 3306 1500 credere
3344 1460 3448 1500 non
3477 1455 3683 1516 poterat

2095 1530 2175 1584 vir
2204 1540 2309 1585 tam
2337 1532 2682 1602 religiosus),
2735 1533 2810 1588 ad-
2834 1547 2984 1588 suam
3033 1535 3328 1604 respiciens
3352 1545 3562 1592 :etatem
3588 1579 3602 1601 ,
3631 1551 3686 1593 et

2093 1622 2266 1679 Sarra:
2292 1625 2646 1690 sterilitatem,
2665 1641 2784 1696 qua:
2811 1625 2877 1680 ad
2907 1627 3046 1681 illam
3065 1641 3232 1696 usque
3255 1638 3466 1684 tetatem
3491 1629 3685 1700 perdu-

2093 1724 2346 1780 raverat,
2374 1715 2581 1770 consilii
2627 1716 2786 1785 inops
2826 1725 2879 1771 et
2919 1717 3303 1786 obstupescens
3344 1717 3415 1774 ob
3449 1719 3681 1789 promis-

2093 1807 2295 1862 sionem
2340 1809 2428 1862 Dei
2461 1825 2474 1863 :
2508 1808 2591 1862 I-7.
2620 1805 2844 1872 Cecidit,
2880 1809 3069 1879 inquit,
3097 1809 3148 1862 in
3168 1809 3376 1878 faciem,
3397 1820 3445 1864 et
3472 1811 3602 1866 risit.

2162 1899 2218 1953 2.
2247 1899 2444 1956 Videns
2475 1901 2662 1955 miram
2685 1901 3092 1970 promissionem
3111 1943 3124 1968 ,
3153 1911 3206 1958 et
3236 1905 3526 1972 potentiam
3559 1906 3680 1974 ejus

2092 1990 2180 2060 qui
2229 1992 2546 2060 promiserat
2585 1993 2844 2062 cogitans,
2886 1991 3078 2048 Cecidit
3102 1995 3153 2048 in
3191 1996 3408 2065 facient,
3455 2006 3508 2050 et
3544 1999 3676 2061 risit,

2095 2082 2198 2138 hoc
2242 2095 2343 2149 est,
2393 2085 2663 2155 voluptate
2693 2084 2942 2156 perfusus
2983 2099 3101 2153 est;
3131 2099 3186 2144 et
3226 2089 3278 2143 in
3321 2089 3504 2146 animo
3537 2093 3682 2163 cogi-

2094 2173 2259 2240 tabat,
2290 2175 2558 2245 quomodo
2585 2177 2875 2232 secundum
2907 2179 3194 2234 humanam
3241 2182 3680 2239 consuetudinem

2094 2264 2195 2320 hoc
2221 2265 2336 2321 ﬁeri
2368 2270 2567 2336 posset,
2604 2285 2728 2323 num
2757 2272 3069 2326 centenario
3093 2285 3406 2328 nasceretur
3435 2275 3592 2339 filius,
3618 2292 3680 2332 ac

2094 2373 2220 2412 num
2263 2359 2466 2414 sterilis
2512 2370 2567 2416 et
2612 2362 2968 2431 nonagenaria
3011 2371 3232 2433 repente
3270 2375 3452 2435 posset
3490 2366 3678 2422 idonea

2092 2447 2204 2503 ﬁeri
2229 2448 2293 2502 ad
2321 2458 2531 2519 partum
2564 2447 2634 2519 (υ.
2668 2451 2781 2523 I7).
2814 2452 2988 2523 Atque
3013 2467 3133 2508 cum
3173 2455 3289 2509 haec
3317 2454 3497 2510 animo
3537 2459 3680 2526 cogi-

2091 2548 2274 2604 tasset,
2307 2555 2412 2596 non
2441 2540 2672 2598 audebat
2709 2544 2814 2599 tale
2837 2543 3106 2614 'quiddam
3153 2546 3328 2616 lingua
3371 2547 3553 2614 cII'ari;
3581 2551 3682 2604 sed

2087 2645 2294 2703 gratum
2339 2634 2601 2691 exhibens
2635 2637 2872 2691 animum
2900 2638 3073 2692 oravit
3103 2653 3200 2708 pro
3238 2637 3496 2705 Ismaele,
3524 2642 3677 2711 quasi

2087 2724 2290 2780 diceret
2314 2742 2327 2778 :
2361 2724 2606 2793 Domine,
2638 2727 2768 2783 satis
2797 2743 2884 2783 me
2903 2729 3212 2784 consolatus
3239 2744 3320 2795 cs,
3353 2740 3408 2784 et
3433 2731 3676 2786 dolorem

2085 2830 2244 2886 quem
2273 2830 2341 2871 ex
2373 2816 2536 2886 prolis
2558 2817 2732 2888 inopia
2757 2819 3032 2889 gerebam,
3063 2819 3188 2874 dato
3219 2821 3511 2876 Ismaelnin
3540 2823 3674 2876 lzrti.

2088 2909 2214 2962 tiam
2239 2908 2468 2965 vertisti.
2495 2907 2630 2965 Nato
2649 2910 2792 2965 enim
2816 2909 2928 2975 illo,
2953 2926 3126 2981 neque
3151 2912 3202 2965 in
3230 2921 3463 2968 mentem
3493 2922 3678 2982 postea

2084 2999 2289 3070 accepi.
2336 3001 2418 3056 vel
2465 3001 2690 3071 cogitavi
2737 3001 3027 3072 aliquando
3067 3017 3100 3058 e
3139 3002 3300 3058 Sarra
3347 3004 3673 3058 nasciturum

2084 3093 2213 3148 mihi
2240 3093 2430 3158 ﬁlium,
2456 3093 2550 3149 sed
2578 3108 2753 3164 neque
2775 3093 2892 3164 ipsa
2923 3093 3024 3149 hoc
3043 3094 3375 3164 exspectavit
3399 3112 3414 3149 :
3449 3095 3684 3163 ideoque

2081 3188 2225 3257 Agar
2275 3185 2406 3242 mihi
2460 3185 2700 3254 tradidit,
2748 3199 2965 3241 omnem
3017 3185 3118 3241 sibi
3176 3200 3326 3256 spem
3378 3185 3687 3257 denegaus..

2081 3276 2324 3347 Magnam
2371 3275 2789 3331 consolationem
2832 3275 2995 3329 ambo
3046 3275 3352 3344 accepimus
3399 3286 3530 3330 nato
3565 3277 3674 3331 lilio

2081 3365 2322 3420 Ismaele.
2347 3365 2444 3420 llic
2469 3366 2647 3434 igitur,
2670 3365 2810 3434 quia
2838 3373 2893 3419 te
2919 3363 3076 3419 datus
3095 3374 3198 3431 est,
3219 3367 3353 3419 vivat
3379 3381 3562 3421 coram
3593 3378 3668 3428 te;

2079 3466 2137 3511 et
2160 3455 2375 3510 abunde
2421 3456 2551 3508 satis
2580 3454 2807 3509 recreati
2851 3455 3056 3509 erimus
3077 3495 3093 3518 ,
3123 3464 3178 3509 et
3205 3463 3535 3512 senectutem
3569 3473 3665 3511 no-

2077 3557 2246 3602 stram
2292 3545 2434 3601 illius
2464 3545 2570 3600 vita
2611 3543 2893 3600 solabitur.
2931 3545 3069 3614 Quid
3115 3546 3274 3616 igitur
3309 3548 3390 3601 ad.
3420 3547 3535 3604 haec
3569 3548 3666 3605 be-

2079 3639 2270 3708 nignus
2299 3637 2594 3692 Dominus?
2613 3637 2746 3705 Quia
2773 3637 2913 3708 piam
2932 3637 3062 3708 justi
3089 3649 3327 3695 mentem
3350 3651 3499 3696 tanto
3529 3651 3667 3698 tem-

2075 3721 2207 3804 pore
2233 3732 2362 3786 satis
2392 3730 2731 3802 probaverat,
2763 3740 2820 3787 et
2855 3731 3036 3788 Sarra:
3082 3731 3274 3799 ﬁdem;
3305 3735 3430 3804 quia
3459 3736 3667 3793 viderat

2075 3833 2364 3894 utrumque
2409 3822 2540 3878 nihil
2583 3823 2684 3878 sibi
2729 3824 2798 3880 de
2836 3824 2948 3880 suis
2989 3826 3386 3894 promittentem
3425 3830 3662 3892 viribus.

2074 3915 2346 3971 Abraham
2375 3914 2591 3986 quidem
2618 3925 2839 3987 propter
2857 3926 3212 3983 senectutem,
3239 3918 3455 3976 Suram
3483 3933 3661 3978 autem

2073 4019 2293 4080 propter
2321 4009 2658 4065 sterilitatem
2687 4020 2849 4081 atque
2874 4019 3085 4066 aetatem
3109 4053 3125 4077 ,
3151 4011 3319 4068 dicit:
3351 4013 3501 4068 Nunc
3539 4015 3659 4084 quia

2072 4101 2294 4155 omnino
2315 4101 2469 4156 vobis
2510 4100 2613 4156 hoc
2649 4115 2770 4156 esse
2808 4101 3018 4158 videtur
3044 4102 3375 4173 impossibile
3409 4122 3423 4159 :
3462 4105 3662 4161 idcirco

2070 4192 2214 4248 enim
2242 4203 2296 4248 et
2316 4207 2417 4263 ego
2445 4191 2644 4248 tamdiu
2688 4192 2902 4259 distuli,
2932 4203 2991 4248 ut
3023 4193 3303 4249 ostendam
3335 4195 3492 4265 longe
3520 4198 3657 4252 ultra

2069 4293 2313 4338 naturam
2352 4298 2473 4339 esse
2520 4283 2719 4338 donum
2766 4283 2910 4354 quod
2955 4285 3230 4352 concedo,
3274 4285 3417 4355 quod
3457 4296 3514 4341 ct
3564 4303 3659 4342 vos

2065 4374 2262 4442 aliique
2304 4387 2494 4430 omnes
2533 4372 2618 4429 his
2657 4373 2810 4430 factis
2849 4374 3058 4430 discant
3086 4390 3174 4432 me
3197 4386 3253 4432 et
3292 4386 3500 4433 naturae
3548 4378 3658 4433 Dos-

2065 4467 2270 4521 minum
2325 4479 2476 4531 esse,
2527 4474 2584 4520 et
2627 4465 2692 4520 ad
2735 4464 3113 4538 quodcumque
3159 4467 3372 4524 libuerit
3414 4486 3475 4524 ea
3537 4471 3654 4535 uti,

2065 4559 2339 4629 ipsamque
2359 4558 2604 4628 obsequi,
2626 4568 2678 4612 et
2695 4558 2888 4614 cedere
2905 4560 3186 4630 praceptis
3213 4563 3367 4616 meis.
3389 4561 3490 4630 Qui
3512 4563 3654 4617 enim

2062 4668 2181 4707 eam
2205 4667 2271 4706 ex
2297 4650 2463 4706 nihilo
2491 4651 2719 4720 produxi
2743 4693 2758 4716 ,
2783 4653 2954 4707 multo
2993 4653 3162 4722 magis
3189 4668 3311 4707 cum
3334 4652 3445 4723 jam
3482 4655 3574 4721 sit,
3600 4666 3656 4710 et

2061 4742 2340 4806 claudicet,
2376 4742 2582 4811 erigere
2610 4755 2846 4810 possum.
2879 4741 2948 4799 Ut
2975 4741 3136 4812 igitur
3162 4743 3362 4798 melius
3379 4743 3653 4798 conﬁdere

2061 4836 2257 4906 possis.
2304 4834 2430 4889 audi
2471 4842 2519 4889 et
2567 4834 2972 4903 expergiscere,
3003 4834 3653 4905 l't‘pttlsisqtte-(‘ogitalitt-

2060 4926 2217 4980 nibus
2245 4924 2443 4979 mentis
2478 4933 2614 4988 tum,
2646 4923 2874 4992 accipito
2917 4940 2982 4978 ex
3029 4926 3094 4979 iis
3121 4941 3240 4994 qua:
3270 4924 3361 4980 tibi
3402 4927 3652 4981 dicuntur

2059 5028 2264 5076 eertum
2309 5025 2703 5086 argumentum.
2758 5015 2894 5071 Ecce
2935 5018 3079 5072 enim
3133 5017 3294 5072 Sarra
3341 5033 3480 5074 uitur
3524 5025 3648 5082 tua,

2052 5126 2214 5182 quam
2244 5119 2398 5178 putas
2426 5115 2537 5163 tum
2569 5117 2787 5178 propter
2807 5109 3165 5173 sterilitatem,
3197 5118 3308 5164 tum
3331 5118 3651 5180 proptcrse-

2059 5208 2202 5255 nium
2229 5215 2418 5271 parere
2439 5216 2545 5256 non
2572 5215 2753 5271 posse,
2783 5201 2894 5271 ipsa
2917 5201 3090 5273 pariet
3110 5203 3203 5256 tibi
3227 5202 3396 5258 ﬁlium
3421 5206 3493 5274 (υ.
3525 5202 3647 5272 l9):

2055 5301 2109 5347 ct
2155 5303 2211 5346 ut
2247 5291 2376 5347 nihil
2433 5293 2678 5358 hmsites,
2727 5308 2853 5348 ecce
2891 5292 2987 5348 tibi
3033 5302 3101 5349 et-
3136 5308 3332 5350 nomen
3387 5294 3508 5366 ejus
3553 5295 3646 5366 qui

2056 5395 2307 5439 nascetur
2337 5386 2780 5455 praunoustrabo.
2816 5386 2949 5440 Eum
2976 5387 3117 5442 enim
3153 5390 3241 5458 qni
3274 5397 3523 5444 irascetur
3548 5405 3639 5443 vo-

2053 5478 2203 5534 cabis
2229 5477 2394 5532 Isaac.
2426 5477 2492 5532 Et
2521 5493 2708 5547 ponam
2746 5487 3094 5534 testamentum
3134 5497 3298 5535 meum
3339 5482 3408 5535 ad
3434 5498 3547 5536 eum
3592 5483 3646 5536 in

2055 5579 2404 5625 testamentum
2427 5570 2814 5639 sempiternum,
2840 5580 2884 5624 et
2904 5572 3082 5625 semini
3110 5574 3221 5643 ejus
3246 5583 3361 5644 post
3384 5590 3520 5628 eunt.
3547 5575 3642 5630 llic

2053 5660 2251 5715 ctenim
2282 5670 2368 5716 est
2395 5674 2552 5730 quem
2574 5660 2806 5731 primum
2838 5671 2891 5716 ct
2917 5664 2986 5716 ah
3011 5663 3162 5718 initio
3183 5664 3279 5720 tibi
3309 5667 3552 5736 promisi.
3581 5683 3642 5720 ac

2057 5753 2108 5808 in
2150 5751 2249 5808 hoc
2289 5752 2671 5824 promissioues
2709 5769 2842 5810 mcw
2885 5755 3268 5826 implebantur.
3321 5757 3546 5814 Proinde
3590 5769 3652 5812 rt.
