4070 6194
411 339 508 398 δτι

416 480 594 536 omnia
627 478 720 535 tibi
756 477 1018 548 przrdico,
1052 493 1156 532 non
1184 477 1358 533 solum
1391 474 1532 546 quod
1562 475 1861 532 nasciturus
1889 475 1990 540 sit,

413 573 510 631 sed
531 582 586 629 et
605 571 876 644 quomodo
901 584 1026 626 eum
1051 584 1244 624 vocare
1263 567 1482 632 debeas,
1503 574 1663 637 atque
1690 581 1776 622 me
1796 567 1844 621 ei
1865 581 1997 621 con-

407 669 718 720 stitutorum
742 670 1118 719 testamentum
1142 677 1352 715 meum:
1379 674 1551 729 neque
1567 660 1670 714 hoc
1685 660 1879 720 solum.
1904 659 1997 713 sed
2053 655 2070 657 “

413 757 479 812 Et
509 758 687 812 muni
715 758 826 828 ejus
874 765 986 827 post
1027 771 1161 810 eum.
1197 753 1395 808 Deinde
1436 752 1670 808 liberalis
1709 751 1994 816 Dominus,

411 850 501 919 qui
549 864 768 918 semper
812 845 1153 903 accumulare
1203 845 1339 900 solet
1391 842 1686 908 beneﬁcia,
1735 851 1789 897 et
1838 842 1996 912 longe

413 951 626 996 nostras
671 940 936 996 excedere
963 938 1277 1009 petitiones,
1305 937 1555 1008 qu0niam
1597 945 1831 991 mentem
1867 934 1996 1004 juSti

407 1043 676 1098 erexerat,
718 1043 774 1088 et
798 1049 893 1103 per
933 1048 993 1086 ca
1021 1047 1139 1101 qua:
1189 1029 1448 1099 promisit,
1497 1029 1607 1083 fere
1645 1027 1896 1096 juvenem
1927 1041 1992 1081 ex

408 1141 542 1182 sene
570 1126 790 1189 fecerat,
820 1137 1049 1194 eumque
1070 1122 1160 1193 qui
1185 1129 1428 1176 mortuus
1455 1128 1592 1186 erat,
1623 1127 1679 1172 ut
1705 1119 1774 1172 ita
1795 1117 1991 1181 dicam,

405 1218 585 1274 verbis
613 1217 945 1283 fecundarat,
978 1215 1254 1271 beneﬁciis
1285 1229 1408 1270 eum
1443 1211 1758 1283 largissimis
1805 1223 1991 1281 prose-

405 1327 598 1382 quens,
631 1310 802 1380 inquit
827 1325 843 1362 :
870 1309 936 1363 Et
961 1307 1076 1362 haec
1107 1305 1344 1376 quidem,
1368 1319 1487 1375 quae
1511 1303 1718 1358 scilicet
1746 1302 1990 1373 promisi,

403 1417 570 1472 opere
600 1399 888 1470 complebo
919 1417 932 1453 :
961 1407 1015 1455 et
1042 1399 1202 1453 etiam
1243 1395 1384 1467 quod
1415 1395 1482 1451 de
1510 1394 1732 1450 lsmaele
1769 1394 1989 1464 rogasti.

404 1494 696 1550 concedam
726 1493 843 1548 tibi.
880 1492 1069 1547 Audivi
1097 1490 1239 1546 enim
1269 1490 1568 1544 orationem
1598 1499 1774 1553 tuam,
1801 1487 1892 1542 20.
1925 1486 1991 1540 Et

405 1585 638 1638 benedixi
657 1601 789 1647 eum,
819 1594 866 1637 et
887 1582 1075 1655 augebo
1097 1599 1211 1636 eum
1237 1591 1283 1636 et
1307 1579 1654 1650 multiplicabo
1680 1596 1792 1635 eum
1821 1579 1987 1643 ualde,

407 1676 570 1729 valde.
597 1674 873 1728 Duodecim
898 1683 1068 1745 gentes
1092 1668 1348 1744 generabit
1367 1713 1383 1738 ,
1413 1681 1460 1726 et
1490 1671 1620 1726 dabo
1650 1687 1764 1726 eum
1790 1671 1842 1724 in
1868 1687 1991 1740 gen-

406 1779 504 1821 tem
548 1783 806 1838 magnam.
853 1764 1298 1835 Quandoquidem
1345 1765 1510 1830 enim,
1555 1763 1758 1834 inquit,
1805 1777 1988 1816 semen

409 1872 558 1914 tuum
588 1867 704 1925 est,
735 1858 813 1912 sic
841 1856 1049 1927 augebo
1073 1871 1220 1922 eum,
1249 1865 1304 1910 et
1328 1855 1694 1924 multiplicabo
1719 1854 1902 1916 valde,
1935 1863 1989 1907 nt

405 1952 687 2008 duodecim
711 1963 900 2022 gentes
926 1965 990 2005 ex
1021 1965 1088 2005 eo
1110 1949 1420 2019 procedant.
1445 1947 1536 2003 2|.
1564 1947 1811 2004 Craterum
1839 1933 1989 2001 testa-

405 2055 629 2100 mentum
667 2059 831 2096 meum
879 2051 1096 2096 statuant
1141 2056 1255 2095 cum
1291 2038 1477 2102 Isaac,
1506 2055 1652 2110 quem
1695 2038 1784 2093 tibi
1828 2038 1991 2091 Sarra

406 2136 568 2205 pariet
589 2146 812 2204 tempore
850 2137 966 2201 hoc,
988 2149 1122 2187 anno
1157 2140 1408 2202 sequente.
1435 2130 1590 2197 Vide,
1613 2131 1858 2193 obsecro,
1880 2130 1986 2195 hic,

405 2228 632 2292 dilecte,
661 2224 933 2297 quomodo
970 2225 1148 2294 justus
1190 2224 1240 2277 in
1274 2238 1380 2277 uno
1419 2221 1674 2292 temporis
1719 2230 1990 2277 momento

409 2318 686 2374 mercedes
719 2317 895 2373 omnis
937 2315 1192 2385 temporis
1234 2314 1470 2384 accepit,
1498 2321 1554 2367 et
1601 2312 1877 2382 impletum
1909 2323 1990 2366 est

406 2409 537 2466 illud
567 2408 708 2481 quod
729 2407 974 2464 Christus
1003 2407 1274 2477 discipulis
1297 2406 1410 2460 suis
1436 2406 1570 2460 dixit
1599 2423 1613 2460 :
1649 2405 1887 2475 Quisquis
1911 2422 1989 2459 re-

406 2505 608 2576 liquerit
629 2503 707 2558 vel
727 2511 944 2575 patrem,
976 2500 1053 2555 uel
1076 2508 1306 2560 matrem,
1333 2498 1410 2552 vel
1441 2497 1668 2560 domum,
1701 2495 1780 2550 vel
1808 2501 1990 2567 fratres

411 2604 618 2666 propter
643 2610 828 2650 nomen
856 2609 1046 2655 meum,
1076 2603 1124 2646 et
1149 2592 1232 2646 hic
1257 2589 1549 2660 centuplum
1575 2589 1818 2660 accipiet,
1847 2599 1892 2642 et
1913 2589 1989 2641 vi-

406 2697 513 2740 tam
554 2695 795 2742 (sternam
839 2681 1110 2754 possidebit
1155 2680 1367 2752 (Matth.
1411 2679 1501 2736 i9.
1546 2677 1662 2750 29).
1698 2678 1989 2734 Considera

403 2781 549 2836 enim
577 2779 708 2834 mihi
735 2778 936 2849 justum
970 2777 1141 2841 illum,
1169 2775 1291 2847 quia
1323 2770 1569 2846 prompte
1591 2782 1861 2845 prmcepto
1884 2773 1988 2826 Do.

407 2870 542 2926 mini
570 2869 840 2936 obedivit,
872 2877 927 2924 et
961 2868 1142 2923 relicta
1170 2867 1332 2922 domo
1359 2877 1577 2936 paterna
1606 2865 1839 2936 praetulit
1858 2866 1990 2920 a’ic-

406 2975 531 3015 nam
563 2959 724 3014 natali
751 2976 764 3013 :
787 2958 1058 3029 quomodo
1080 2958 1333 3027 paulatim
1355 2957 1576 3018 multam
1598 2972 1707 3026 pm
1726 2972 1787 3013 se
1815 2957 1992 3012 ferens

408 3050 722 3124 patientiam
744 3091 758 3114 ,
789 3050 841 3104 in
868 3049 1136 3119 fastigium
1171 3048 1376 3103 virtutis
1413 3061 1746 3118 progressus,
1779 3047 1848 3102 ita
1877 3047 1995 3101 illu-

406 3143 537 3199 stris
553 3153 609 3198 et
633 3140 938 3213 spectabilis
960 3140 1130 3196 factus
1149 3149 1252 3205 est,
1271 3145 1329 3193 ut
1353 3153 1417 3194 ex
1439 3153 1505 3194 eo
1527 3137 1637 3193 nati
1658 3138 1994 3193 multitudine

407 3236 573 3293 astris
597 3235 714 3290 caeli
757 3234 1129 3304 adsequentur.
1161 3231 1412 3288 Fortasse
1449 3232 1494 3287 si
1520 3231 1639 3302 quis
1667 3231 1834 3302 probe
1870 3232 1996 3287 velit

406 3329 728 3399 intelligere,
761 3343 867 3383 non
898 3327 1072 3383 solum
1099 3325 1408 3398 centuplum
1450 3325 1657 3395 accepit
1698 3324 1786 3380 hic
1815 3323 1996 3395 justus

407 3421 530 3485 ille,
563 3419 657 3476 sed
693 3429 946 3476 sexcenta
991 3419 1178 3474 millia.
1207 3418 1362 3486 Quod
1404 3419 1447 3473 si
1477 3416 1563 3473 hic
1600 3427 1747 3473 tanta
1795 3432 1993 3474 conse-

404 3522 606 3583 quutus
620 3523 724 3578 est,
751 3514 871 3585 quis
887 3527 1066 3568 sermo
1088 3527 1308 3568 narrare
1325 3521 1526 3580 posset,
1545 3512 1740 3582 quibus
1755 3510 1996 3582 posthac

406 3607 668 3662 fruiturus
699 3605 790 3660 ille
813 3604 920 3659 sit?
947 3603 1058 3659 lmo
1085 3604 1245 3659 etiam
1270 3605 1390 3664 hoc.
1419 3611 1679 3672 quantum
1707 3602 1860 3658 nobis
1879 3617 1996 3673 pos-

405 3700 582 3765 sibile,
612 3712 794 3755 sermo
823 3695 1109 3752 ostendere
1149 3696 1365 3766 poterit.
1397 3693 1622 3763 Quando
1658 3694 1801 3750 enim
1842 3692 1997 3748 audis

339 3785 352 3854 Ξ
409 3803 598 3845 omnes
621 3788 798 3858 justus
821 3788 889 3842 ab
920 3787 1011 3842 illo
1033 3786 1100 3841 ad
1128 3785 1231 3840 hoc
1275 3800 1442 3856 usque
1475 3793 1684 3855 tempus
1703 3827 1717 3849 .
1753 3794 1803 3840 et
1828 3800 1996 3854 usque

337 3864 343 3872 ’
409 3880 476 3936 ad
504 3879 1020 3956 consummationem
1048 3886 1348 3948 temporum
1371 3917 1384 3940 ,
1419 3876 1470 3931 id
1497 3877 1732 3930 maxime
1775 3875 1827 3930 in
1859 3877 1996 3932 votis

413 3973 632 4038 habere,
666 3980 724 4028 ut
762 3971 830 4028 ad
875 3972 1050 4027 sinum
1098 3971 1414 4041 patriarcha:
1453 3969 1792 4039 perveniant,
1836 3983 1993 4039 quem

407 4065 570 4118 alium
630 4062 734 4120 hoc
799 4063 1055 4134 majorem
1113 4060 1370 4117 honorem
1436 4059 1690 4116 exhibere
1746 4058 1998 4130 poteris?

409 4154 601 4212 Vidisti
673 4165 867 4226 quanta
922 4170 1012 4210 res
1069 4154 1142 4211 sit
1199 4152 1488 4224 patientia,
1544 4161 1741 4223 quanta
1795 4153 1994 4219 virtus,

412 4257 670 4319 quantum
715 4248 786 4303 sit
828 4262 950 4305 esse
997 4247 1342 4318 religiosum,
1399 4254 1455 4301 et
1507 4255 1716 4316 gratum
1779 4260 1889 4315 pra:
1938 4261 1998 4301 se

412 4340 554 4394 terre
593 4338 831 4392 animum
869 4352 995 4407 erga
1040 4335 1297 4392 beneﬁcia
1338 4335 1588 4390 Domini?
1638 4336 1772 4403 Quia
1829 4334 1995 4400 enim,

411 4427 628 4496 quando
650 4425 953 4496 oportebat,
979 4439 1073 4480 sua
1104 4425 1300 4492 attulit,
1329 4440 1448 4480 cum
1476 4427 1763 4496 gratiarum
1789 4424 1999 4480 actione

410 4519 590 4574 omnia
618 4516 823 4586 ferens,
847 4526 954 4572 tam
967 4515 1398 4587 jucunda,quam
1421 4513 1728 4585 injucunda,
1757 4524 2001 4585 pr0pter-

414 4629 479 4669 ea
523 4613 829 4669 misericors
850 4610 993 4667 Deus
1021 4611 1208 4666 ultimo
1235 4618 1396 4681 caput
1447 4609 1706 4664 bonorum
1736 4607 1996 4675 omnium,

409 4715 466 4761 et
491 4704 542 4761 id
575 4703 718 4776 quod
739 4701 915 4776 justus
936 4703 1170 4759 maxime
1189 4701 1620 4772 concupiscebat.
1650 4699 1870 4768 largitus
1895 4709 1994 4754 est.

411 4795 702 4853 Considera
732 4795 898 4857 enim.
925 4793 1195 4866 quomodo
1218 4793 1403 4864 viginti
1425 4801 1656 4863 quatuor
1681 4806 1851 4846 annos
1879 4807 2002 4860 pro-

416 4888 628 4945 baverit
669 4887 799 4958 justi
827 4888 1100 4942 virtutem.
1145 4885 1372 4955 Quando
1399 4884 1542 4939 enim
1568 4883 1729 4938 exivit
1773 4897 1802 4936 a
1832 4883 2003 4937 Char-

413 4994 512 5036 ran
535 5020 552 5046 ,
582 4987 642 5035 et
683 4978 918 5034 obedivit
941 4989 1211 5049 prmecpto
1234 4976 1464 5036 Domini,
1493 4975 1822 5046 septuaginta
1847 4975 2002 5043 quin-

415 5085 519 5139 que
553 5084 815 5124 annorum
857 5077 994 5134 erat,
1045 5068 1262 5136 inquit:
1316 5081 1457 5121 nunc
1497 5074 1675 5120 autem
1721 5074 1998 5135 postquam

415 5160 533 5216 ha-c
573 5159 807 5223 audivit,
856 5158 1139 5229 nonaginta
1169 5166 1225 5214 et
1254 5171 1444 5212 novem
1475 5171 1648 5210 annos
1673 5163 1997 5211 excesserat.

486 5253 540 5307 5.
583 5249 798 5306 [foratis
813 5248 1113 5305 exhortatio.
1135 5274 1210 5289 --
1231 5248 1354 5302 lla-c
1373 5247 1664 5310 audientes,
1688 5246 1890 5308 dilecti,
1915 5246 2000 5300 di-

413 5361 628 5401 scamus
652 5345 875 5400 multam
914 5343 1168 5399 exhibere
1196 5342 1528 5413 patientiam.
1551 5349 1606 5398 ct
1631 5355 1916 5411 numquam
1948 5341 2000 5395 in

414 5426 687 5493 laboribus
705 5437 962 5492 virtutum
986 5436 1067 5491 vel
1090 5435 1398 5504 desperare,
1431 5433 1512 5489 vel
1539 5441 1884 5502 torpescere;
1906 5431 2001 5486 sed

417 5529 650 5583 sciamus
687 5527 966 5583 Dominum
991 5533 1228 5581 matrum
1259 5524 1544 5596 benignum
1565 5537 1684 5579 esse
1707 5531 1761 5578 et
1784 5521 2002 5577 muniﬁ-

416 5633 562 5683 cum.
592 5634 655 5675 ac
703 5633 801 5689 pro
822 5619 998 5692 parvis
1022 5617 1292 5674 laboribus
1337 5630 1528 5688 magna
1571 5615 1725 5670 nobis
1777 5613 2003 5671 reddere

417 5711 658 5784 prtemia,
688 5727 793 5768 non
809 5713 982 5768 solum
1013 5712 1065 5766 in
1095 5711 1328 5766 futurum
1350 5707 1666 5765 immortalia
1689 5708 1826 5764 bona
1849 5723 2004 5778 repo-

422 5809 603 5860 nendo
628 5843 643 5870 ,
673 5801 769 5860 sed
792 5813 846 5860 et
877 5804 929 5858 in
957 5801 1208 5872 praesenti
1238 5803 1342 5858 vita
1385 5810 1580 5857 nostra:
1625 5800 1829 5857 natura:
1860 5799 2004 5855 inﬁr-

1111 342 1166 396 S.
1210 338 1487 398 JOA‘NNIS
1526 337 1992 398 CHRYSOSTOMI
2029 341 2344 398 ARCllllil'.
2383 344 2913 407 CONSTANTINOP.

3601 364 3718 419 δη

2115 477 2350 533 mitatcm
2382 479 2561 536 multis
2592 482 2956 554 largitionibus
2971 490 3316 547 consolando.
3349 493 3711 566 Quandoqui-

2110 569 2233 624 dem
2286 573 2588 640 patriarcha
2615 576 2714 631 iste
2752 593 2856 632 non
2903 579 3241 637 mediocriter
3278 583 3559 654 interiecto
3605 589 3714 643 illo

2109 671 2346 734 tempore
2365 665 2602 720 adversis
2631 666 2791 724 rebus
2808 673 3070 725 exercitus
3087 681 3189 738 est,
3219 673 3457 742 quamvis
3483 692 3716 750 semper

2106 753 2328 809 adversa
2366 764 2786 828 temperarentur
2814 762 3100 830 prOSperis.
3134 763 3516 823 Universorum
3545 772 3711 827 enim

2111 849 2248 902 Deus
2300 861 2496 906 nostra:
2525 852 2846 909 inﬁrmitatis
2893 870 3076 911 curam
3109 874 3294 927 agens,
3329 877 3434 916 non
3483 878 3716 934 semper

2109 939 2161 994 in
2191 939 2432 997 adversis
2452 958 2548 996 nos
2578 959 2796 999 manere
2825 946 2971 1010 sinit,
3020 958 3075 1002 ut
3102 963 3208 1002 non
3239 951 3570 1020 opprimatur
3603 971 3714 1007 no-

2103 1038 2212 1086 stra
2232 1032 2538 1090 inﬁrmitas:
2562 1034 2656 1091 sed
2677 1037 2920 1092 celeriter
2938 1050 2993 1094 et
3014 1040 3126 1110 ipse
3141 1042 3451 1111 opitulatur,
3477 1044 3714 1100 ﬁrmans

2105 1131 2340 1179 nostram
2393 1125 2746 1191 alacritatem,
2805 1138 2860 1183 et
2902 1142 3135 1184 mentem
3192 1133 3453 1189 excitans.
3504 1134 3702 1206 Neque

2103 1227 2316 1284 semper
2341 1215 2394 1270 in
2415 1218 2766 1286 prosperitate
2786 1234 2883 1274 nos
2911 1235 3027 1274 esse
3055 1221 3199 1284 sinit,
3225 1232 3371 1278 utne
3394 1224 3580 1278 fiamus
3610 1241 3711 1281 nco

2101 1304 2464 1374 gligenliores,
2509 1316 2564 1362 et
2611 1307 2663 1362 in
2719 1308 2966 1363 vitiorum
3029 1320 3204 1380 partes
3257 1311 3703 1384 transiugiamus.

2105 1397 2342 1452 lluniana
2372 1399 2515 1454 enim
2566 1409 2784 1468 natura,
2823 1401 3038 1470 quando
3077 1402 3301 1458 multum
3357 1420 3612 1476 prospere
3649 1408 3706 1462 ei

2099 1488 2358 1554 succedit,
2386 1502 2498 1544 suae
2523 1489 2859 1545 obliviscitur
2880 1489 3189 1558 nobilitatis,
3213 1509 3385 1564 neque
3410 1495 3543 1550 intra
3563 1510 3710 1551 suos

2102 1579 2293 1636 limites
2320 1579 2558 1635 subsistit
2584 1599 2597 1634 :
2627 1580 2826 1637 idcirco
2844 1583 2996 1652 quasi
3020 1584 3417 1641 amantissimus
3434 1596 3588 1656 pater
3599 1589 3708 1641 ali-

2099 1672 2315 1741 quando
2359 1673 2513 1728 nobis
2551 1673 2810 1744 indulget,
2841 1675 3124 1746 aliquando
3155 1678 3398 1750 castigat,
3431 1690 3486 1734 ut
3531 1683 3704 1736 variis

2099 1763 2198 1816 viis
2225 1771 2421 1818 nostra;
2460 1765 2651 1820 animae
2673 1765 2898 1821 salutem
2943 1779 3114 1824 curet.
3141 1770 3404 1838 Quoniam
3432 1780 3487 1828 ct
3513 1776 3699 1830 medi-

2102 1867 2218 1920 cus,
2237 1851 2451 1923 quando
2477 1855 2740 1911 inﬁrmum
2757 1866 2926 1923 curat,
2949 1873 3120 1928 neque
3141 1874 3356 1932 semper
3384 1862 3551 1932 impia
3585 1866 3701 1920 cibi

2098 1952 2330 2015 torquet,
2349 1961 2521 2016 neque
2535 1962 2746 2017 semper
2765 1949 2906 2019 larga
2925 1964 3107 2004 mensa
3127 1952 3225 2006 frui
3246 1953 3394 2018 sinit,
3411 1969 3476 2010 ne
3486 1957 3707 2010 voraci-

2099 2044 2178 2090 tas
2225 2036 2412 2092 febrim
2456 2037 2668 2106 pariens
2707 2051 2896 2109 augeat
2923 2042 3188 2107 morbum,
3216 2043 3318 2098 cibi
3350 2060 3475 2100 vero
3514 2047 3702 2117 inopia

2099 2125 2444 2182 inﬁrmiorem
2473 2143 2597 2181 cum
2639 2128 2837 2184 el‘liciat
2875 2131 3004 2184 :sed
3061 2133 3371 2203 conjectans
3413 2139 3552 2207 apud
3609 2156 3699 2202 se.

2098 2227 2310 2286 quantae
2359 2221 2466 2273 sint
2517 2220 2824 2290 mgrotantis
2888 2223 3062 2288 vires,
3112 2234 3166 2279 et
3209 2225 3491 2296 diligenter
3539 2240 3704 2285 utens

2097 2320 2214 2363 arte
2272 2309 2449 2363 omnia
2515 2324 2608 2364 sua
2667 2311 2718 2365 in
2781 2312 3014 2368 medium
3068 2313 3221 2370 affert
3275 2336 3288 2370 :
3339 2319 3588 2375 similiter
3643 2333 3702 2376 et

2098 2399 2356 2471 benignus
2407 2401 2548 2457 Deus
2605 2404 2781 2460 sciens
2823 2405 2952 2476 quid
3006 2407 3174 2463 cuivis
3237 2410 3507 2481 expediat,
3594 2415 3701 2468 ali-

2095 2491 2310 2561 quando
2386 2493 2634 2550 concedit
2715 2494 2869 2550 nohis
2946 2499 3298 2568 prosperitate
3379 2500 3502 2564 frui.
3589 2505 3700 2559 ali-

2097 2582 2310 2652 quando
2334 2594 2514 2641 autem
2537 2586 2937 2644 exercitationis
2963 2592 3127 2658 gratia
3163 2591 3546 2650 tentationilius
3599 2612 3704 2653 nos

2099 2673 2415 2729 circumdat.
2481 2675 2683 2733 Namsi
2711 2679 2912 2734 virtute
2943 2681 3153 2750 prmditi
3204 2691 3330 2738 sunt
3378 2685 3468 2756 qui
3515 2695 3702 2742 tenta-

2103 2765 2278 2819 tiones
2302 2767 2667 2836 experiuntur,
2693 2770 2948 2826 clariores
2968 2771 3220 2840 evadunt,
3251 2775 3702 2834 abundantiorem

2099 2853 2198 2909 sibi
2243 2871 2531 2927 supernam
2571 2860 2795 2930 gratiam
2823 2863 3169 2917 conciliantes
3199 2882 3212 2918 :
3245 2866 3287 2919 si
3316 2875 3492 2921 autem
3515 2878 3570 2922 ut
3598 2884 3702 2923 nos

2103 2956 2412 3015 peccatores
2452 2949 2578 3017 sint,
2603 2958 2658 3004 et
2696 2966 2817 3005 cum
2861 2953 3147 3021 gratiarum
3186 2955 3397 3011 actione
3444 2959 3698 3013 tentorio-

2100 3052 2197 3094 nes
2224 3037 2415 3106 ferant,
2437 3055 2652 3110 gravem
2704 3040 2980 3111 deponent
3022 3053 3360 3112 peccatorum
3403 3048 3689 3113 sarcinam,

2099 3129 2369 3199 multaque
2393 3130 2549 3185 venia
2569 3142 2621 3185 et
2649 3131 2751 3202 ipsi
2779 3134 3063 3202 potientur.
3095 3136 3220 3190 ldoo
3263 3138 3506 3200 obsecro.
3557 3155 3683 3193 cum

2101 3219 2333 3275 sciamus
2363 3221 2654 3292 potentiam
2701 3232 2756 3278 et
2780 3224 3094 3294 sapientiam
3149 3226 3336 3285 Medici
3391 3229 3691 3284 animarum

2103 3320 2426 3378 nostrarum,
2462 3330 2751 3385 numquam
2777 3318 2990 3373 curiose
3010 3317 3126 3388 ejus
3153 3317 3574 3388 dispensationcs
3609 3321 3695 3374 in-

2100 3403 2395 3472 quiramus.
2421 3404 2554 3460 Cum
2581 3407 2723 3462 enim
2747 3422 2840 3463 eas
2859 3423 3012 3464 mens
3031 3418 3212 3464 nostra
3237 3409 3700 3480 comprehendere

2102 3506 2357 3566 nequeat,
2412 3495 2535 3551 hinc
2578 3497 2746 3569 magis
2767 3499 3229 3570 obstupescamus,
3252 3511 3306 3556 et
3333 3501 3700 3572 gloriﬁcemus

2104 3586 2269 3642 Deum
2323 3603 2418 3657 pro
2457 3589 2725 3656 omnibus,
2777 3589 2919 3660 quod
2960 3591 3117 3647 talem
3175 3591 3462 3648 habeamus
3499 3593 3698 3648 Domi-

2102 3692 2248 3743 num,
2289 3678 2442 3748 cujus
2487 3678 2911 3750 dispensationes
2949 3697 3122 3753 neque
3165 3698 3319 3739 mens
3357 3695 3561 3748 nostra,
3593 3699 3693 3740 ne-

2103 3786 2207 3838 que
2264 3771 2511 3826 humana:
2570 3783 2772 3828 natnrzn
2823 3775 2958 3829 ratio
3011 3790 3204 3846 capere
3259 3785 3453 3846 potest.
3509 3775 3700 3846 Neque

2103 3862 2246 3917 enim
2276 3871 2382 3917 tam
2435 3863 2572 3920 bene
2600 3865 2799 3919 scimus
2829 3865 2955 3934 quid
3007 3866 3162 3920 nobis
3216 3867 3484 3938 expediat,
3531 3882 3699 3938 quam

2105 3952 2220 4023 ipse
2247 3953 2381 4018 scit;
2412 3970 2584 4025 neque
2611 3955 2689 4010 sic
2719 3965 2897 4010 nostra
2935 3973 3033 4011 nos
3061 3972 3334 4023 curamus,
3367 3968 3427 4012 ut
3453 3957 3569 4028 ipse
3607 3972 3700 4012 sa-

2104 4043 2266 4099 lutem
2295 4056 2550 4109 nostram,
2581 4055 2634 4100 et
2652 4047 2827 4100 omnia
2858 4047 2982 4102 facit
3005 4057 3060 4102 et
3087 4049 3325 4113 molitur,
3344 4058 3403 4102 ut
3427 4047 3493 4102 ad
3525 4048 3700 4110 virtu-

2107 4143 2210 4190 tem
2243 4151 2340 4190 nos
2362 4135 2592 4200 inducat,
2621 4146 2677 4192 et
2704 4152 2733 4192 a
2759 4137 2953 4193 diaboli
2977 4139 3220 4194 manibus
3239 4139 3449 4208 eripiat.
3475 4139 3544 4194 Et
3569 4155 3696 4195 cum

2106 4226 2247 4281 videt
2282 4227 2409 4282 nihil
2434 4227 2691 4298 prodesse
2737 4228 2893 4283 nobis
2946 4229 3344 4298 prosperitates,
3380 4239 3508 4285 tunc
3558 4230 3692 4285 sicut

2106 4317 2277 4372 bonus
2303 4318 2561 4382 medicos,
2588 4318 2676 4388 qui
2722 4319 3099 4374 animadvertit
3123 4320 3398 4376 obesiores
3424 4319 3538 4374 ﬁeri
3573 4334 3692 4385 eos,

2104 4423 2332 4480 quorum
2355 4425 2539 4466 curam
2564 4411 2720 4482 gerit,
2760 4419 2975 4481 propter
2995 4412 3289 4482 crapulam,
3319 4411 3385 4465 ad
3411 4412 3693 4466 sanitatem

2107 4516 2204 4570 per
2255 4501 2597 4556 sobrietatem
2642 4501 2849 4557 reducit
2879 4518 2892 4554 :
2921 4503 2992 4556 ita
3046 4512 3101 4557 et
3141 4503 3370 4558 eximius
3397 4503 3686 4558 animarum

2107 4603 2421 4650 nostrarum
2463 4590 2696 4646 Medicus
2737 4593 2996 4662 permittit
3030 4593 3300 4664 paulisper
3337 4607 3438 4648 nos
3478 4592 3695 4657 tentari,

2109 4698 2165 4742 ut
2187 4684 2479 4741 sentiamus
2503 4694 2758 4753 quantum
2785 4683 2961 4738 damni
2989 4700 3053 4740 ex
3083 4685 3436 4755 prosperitate
3468 4699 3700 4755 accepe-

2109 4782 2276 4837 rimus
2310 4793 2326 4843 ;
2367 4784 2422 4831 et
2467 4775 2681 4848 quando
2717 4777 2862 4833 videt
2887 4777 3188 4834 restitutam
3205 4777 3512 4842 sanitatem,
3569 4786 3705 4834 tunc

2109 4871 2268 4928 celeri
2291 4869 2443 4925 nobis
2469 4867 2706 4923 subsidio
2734 4868 2979 4924 concedit
3007 4875 3064 4922 ut
3087 4884 3115 4921 a
3138 4868 3520 4923 tentationibus
3566 4869 3710 4924 libo-

2109 4979 2310 5029 temur,
2350 4969 2406 5016 et
2462 4975 2573 5014 suae
2618 4960 2968 5030 providentia:
3012 4975 3196 5015 curam
3235 4960 3464 5016 ubertim
3515 4959 3708 5015 decla-

2109 5065 2210 5112 rat.
2239 5055 2421 5125 ltaque
2441 5052 2540 5108 etsi
2574 5051 2736 5123 aliqui
2782 5053 2978 5108 virtute
3021 5052 3227 5124 prmditi
3277 5055 3330 5108 in
3379 5053 3714 5111 teutationea

2109 5145 2370 5209 incidant,
2421 5159 2488 5199 ne
2535 5143 2846 5209 turbentur,
2894 5143 2988 5199 sed
3042 5144 3164 5200 hinc
3223 5144 3500 5200 meliorem
3545 5159 3711 5213 spem

2109 5236 2438 5307 concipiant,
2477 5234 2602 5305 quia
2659 5235 3009 5290 teutationum
3055 5235 3319 5299 incursus,
3375 5249 3716 5292 coronarum

2110 5338 2166 5387 et
2212 5329 2556 5400 pramiorum
2589 5326 2671 5381 eis
2713 5335 2841 5382 sunt
2888 5329 3132 5384 materia.
3187 5327 3340 5394 Quod
3389 5329 3432 5381 si
3469 5330 3520 5382 in
3570 5342 3716 5396 pec-

2109 5425 2243 5480 catis
2293 5436 2417 5477 cum
2457 5421 2580 5477 sint.
2629 5420 2680 5473 in
2727 5421 2950 5475 adversa
3019 5420 3290 5484 incidant,
3333 5436 3401 5475 ne
3459 5429 3718 5490 propter-

2108 5532 2171 5574 ea
2197 5514 2454 5588 gravatim
2501 5513 2689 5576 ferant.
2731 5515 2962 5570 scientes
3008 5515 3154 5570 omni
3200 5522 3438 5585 tempore
3485 5518 3716 5583 peccata

2109 5607 2345 5664 adversis
2366 5605 2597 5676 purgari.
2615 5603 2775 5660 modo
2788 5621 2909 5661 cum
2925 5606 3211 5678 gratiarum
3223 5606 3432 5661 actiune
3445 5604 3718 5670 suscipia—

2110 5718 2228 5758 mus
2247 5717 2308 5756 ea
2325 5714 2444 5770 qua:
2462 5697 2726 5753 eveniunt.
2745 5699 2892 5755 Grati
2914 5699 3057 5756 enim
3076 5697 3256 5756 famuli
3271 5709 3377 5766 est,
3403 5715 3504 5754 non
3526 5700 3712 5756 solum

2118 5796 2310 5869 gratias
2327 5805 2490 5863 agerc
2529 5791 3009 5864 domino,quando
3037 5791 3262 5847 ubertim
3302 5807 3400 5864 pro
3426 5787 3712 5846 sententia
