4070 6194
253 361 359 418 371

253 477 406 539 ὅπως
443 475 603 528 αύτύν
641 475 911 538 καλέσεις,
940 475 1033 528 καὶ⁸
1058 475 1140 528 ὅτι
1180 473 1320 546 πρὸς
1347 474 1513 528 αὐτὸν
1537 474 1638 545 τὴν
1660 472 1926 544 διαθήκην

259 579 366 632 μου
392 560 649 636 θήσομαι,
673 563 766 615 καὶ
779 563 840 615 οὐ
867 562 1024 616 τοῦτο
1052 563 1230 633 μόνον,
1251 562 1386 616 ἀλλά
1406 561 1513 617 Καὶ
1531 560 1611 627 τῷ
1635 559 1930 629 σπέρματι

254 648 444 704 αὐτοῦ
470 650 598 718 μετ’
637 650 842 703 αὐτόν.
875 646 1010 703 Εἶτα
1036 650 1064 702 6
1104 649 1382 720 φιλότιμος
1410 649 1496 702 ἀεὶ
1525 649 1642 711 ταῖς
1674 647 1926 718 δωρεαῖς,

258 736 354 792 καὶ
384 737 483 800 τάς
513 736 757 808 αἰτήσεις
781 737 937 808 ἡμῶν
976 738 1041 790 ἐκ
1071 737 1268 792 πολλοῦ
1306 737 1402 790 τοῦ
1444 737 1725 809 περιόντος
1758 735 1929 805 ὑπερ-

257 821 602 894 ϐαλλόμενος,
637 823 824 895 ἐπειδὴ
847 823 1162 895 διανέστησε
1189 823 1280 878 τού
1309 824 1523 877 δικαίου
1550 823 1612 876 τὸ
1652 823 1928 894 φρόνημα,

257 912 353 965 καὶ
379 911 566 982 σχεδὸν
597 913 794 975 εἰπεῖν,
825 911 893 965 δι’
921 905 996 966 ὧν
1021 913 1288 982 ὑπέσχετο
1317 913 1435 965 νέον
1463 913 1527 964 ἐκ
1555 911 1808 982 γέροντος
1836 908 1928 962 τὸν

257 997 571 1070 πρεσϐύτην
602 1000 918 1071 εἰργάσατο,
961 999 1053 1054 καὶ
1099 1000 1190 1052 τὸν
1220 999 1434 1071 νεκρόν,
1469 999 1543 1062 ὡς
1577 1001 1768 1063 εἰπεῖν,
1797 998 1924 1050 ὄντα

253 1084 346 1138 διά
375 1085 485 1138 τῶν
517 1087 775 1156 ῥημάτων
817 1086 1204 1156 ἐζωογόνησεν,
1254 1085 1762 1156 ἐπιδαψιλευόμενος
1806 1087 1927 1148 ταῖς

254 1172 596 1242 εὐεργεσίαις
627 1174 778 1244 φησί·
810 1175 918 1226 Καὶ
949 1175 1121 1228 ταῦτα
1154 1174 1300 1245 άπερ
1322 1173 1636 1243 ὑπεσχόμην
1665 1173 1744 1235 είς
1765 1171 1925 1242 ἔργον

252 1261 386 1329 ἄξω,
421 1263 514 1316 καὶ
551 1264 688 1332 μετά
713 1262 903 1316 τούτου
940 1263 1032 1316 καὶ
1072 1265 1172 1334 τὴν
1212 1264 1337 1332 περὶ
1363 1261 1452 1314 τὸν
1495 1261 1716 1332 Ἰσμαὴλ
1743 1261 1924 1332 παρά-

254 1351 448 1421 κλησιν
485 1350 774 1422 δεξάμενος
807 1364 856 1404 ο.
903 1352 1219 1422 Ἑπήκουσα
1249 1352 1358 1422 γάρ
1391 1366 1483 1402 σου
1525 1348 1623 1419 τῆς
1663 1349 1920 1418 δεήσεως,

252 1437 364 1491 Καὶ
403 1439 704 1508 εὐλόγηκα
735 1441 942 1494 αὐτόν.
975 1437 1233 1504 Αἰιξήσω
1277 1439 1465 1492 αὑτὸν
1499 1437 1597 1490 καὶ
1639 1433 1924 1504 πληθυνῶ

249 1524 439 1577 αὐτὸν
465 1524 722 1594 σφόδρα,
749 1526 1006 1594 σφόδρα.
1043 1523 1279 1579 Δώδεκα
1305 1527 1449 1590 ἔθνη
1487 1525 1787 1594 γεννήσει,
1824 1521 1923 1575 καὶ

249 1609 422 1664 δώσω
452 1613 641 1666 αὑτὸν
675 1615 764 1678 εις
791 1614 970 1678 ἔθνος
992 1613 1166 1683 μέγα.
1221 1613 1437 1683 Ἐπειδὴ
1459 1612 1589 1681 γάρ,
1630 1611 1784 1680 φησὶ,
1831 1610 1922 1663 σὸν

252 1698 473 1769 σπέρμα
502 1700 672 1758 ἐστὶν,
705 1699 878 1764 οὕτως
915 1700 1078 1754 αὐτὸν
1105 1700 1347 1771 αὐξήσω,
1379 1701 1475 1754 καὶ
1507 1699 1762 1770 πληθυνῶ
1793 1697 1924 1764 σφόο

247 1782 372 1856 δρα,
389 1785 465 1849 ὡς
488 1784 701 1840 δώδεκα
723 1787 850 1856 ἔθνη
877 1786 936 1852 ἐξ
957 1787 1121 1840 αὐτοῦ
1142 1787 1468 1857 διαδοθῆναι.
1494 1787 1570 1841 Τὰ
1584 1786 1788 1854 μέντοι
1811 1783 1921 1853 τῆς

247 1873 540 1941 διαθήκης
577 1874 683 1941 τῆς
709 1874 860 1944 ἐμῆς
898 1875 1108 1940 στήσω
1133 1874 1282 1942 πρὸς
1325 1876 1543 1936 Ἰσαὰκ,
1574 1873 1649 1928 ὃν
1689 1873 1918 1938 τέξεταί

247 1965 348 2014 σοὶ
377 1959 575 2028 Σάρρα
599 1964 686 2025 εὶς
711 1961 816 2014 τὸν
848 1965 1057 2028 καιρὸν
1084 1962 1318 2026 τοῦτον,
1347 1961 1417 2014 ἐν
1439 1959 1520 2026 τῷ
1554 1959 1808 2025 ἐνιαυτῷ
1837 1957 1918 2026 τῶ

246 2045 522 2114 δευτέρῳ.
553 2049 695 2118 Ὅρα
722 2065 812 2117 μοι
836 2048 1091 2112 ἐνταῦθα,
1123 2047 1397 2118 ἀγαπητέ,
1417 2049 1565 2111 ὅπως
1589 2049 1649 2100 ἐν
1675 2049 1773 2118 μιᾷ
1798 2065 1919 2100 και-

249 2133 344 2204 ροῦ
363 2137 502 2206 ῥοπῇ
520 2136 548 2186 6
567 2135 775 2198 δίκαιος
800 2135 1000 2198 παντὸς
1019 2133 1112 2188 τοῦ
1135 2135 1326 2206 χρόνου
1352 2134 1452 2198 τὰς
1475 2135 1707 2205 ἀμοιϐἀς
1729 2134 1918 2205 ἐκομί-

249 2238 399 2282 σατο,
431 2223 524 2276 καὶ
562 2222 866 2293 ἐπληροῦτο
895 2225 1077 2276 ἐκεῖνο
1103 2224 1164 2276 τὺ
1207 2223 1358 2294 παρὰ
1397 2223 1490 2276 τοῦ
1530 2222 1766 2296 Χριστοῦ
1805 2224 1917 2286 τοῖς

249 2309 518 2380 μαθηταῖς
545 2311 856 2382 εἰρημένον,
891 2311 973 2363 δτι
1003 2310 1214 2376 Ὅστις
1249 2310 1326 2364 ἂν
1363 2311 1662 2377 καταλίπῃ
1693 2310 1918 2379 πατέρα

245 2397 285 2464 ἢ
320 2397 569 2467 μητέρα,
616 2396 654 2466 ἢ
683 2399 880 2451 οὶκίαν
916 2399 955 2467 ἦ
983 2397 1287 2468 ἀδελφοὺς
1326 2398 1425 2452 διὰ
1458 2399 1522 2451 τὸ
1563 2396 1750 2466 ὄνομά
1772 2415 1911 2466 μου,

245 2483 345 2535 καὶ
391 2482 651 2538 ἐνταῦθα
682 2483 1282 2537 ἑκατονταπλασίονα
1322 2483 1604 2552 λήψεται,
1641 2483 1737 2536 καὶ
1763 2481 1916 2544 ζωὴν

243 2569 486 2624 αίώνιον
514 2570 979 2641 κληρονομήσει.
1028 2571 1308 2641 Ἐννόησον
1341 2572 1451 2642 γάρ
1481 2588 1568 2641 μοι
1595 2570 1684 2622 τὸν
1711 2569 1916 2623 δίκαιον

241 2656 452 2721 τοῦτον,
501 2659 689 2728 ἐπειδὴ
723 2659 955 2730 ἑτοίμως
985 2660 1260 2728 ὑπήκουσε
1290 2659 1366 2730 τῷ
1397 2659 1782 2731 προστάγματι
1819 2656 1913 2710 τοῦ

241 2745 536 2804 Δεσπότου,
574 2745 666 2798 καὶ
711 2745 1022 2800 καταλιπὼν
1081 2747 1182 2818 τὴν
1228 2745 1433 2799 οἰκείαν
1503 2745 1737 2815 πατρίδα
1777 2760 1910 2814 προ*

243 2832 476 2902 ιτίμησε
507 2833 606 2902 τὴν
640 2834 929 2906 ἀλλοτρίαν
958 2835 1058 2905 τῆς
1091 2833 1440 2905 ἐνεγκούσης,
1474 2835 1620 2896 ὅπως
1656 2833 1795 2886 κατά
1829 2851 1914 2902 μι-

241 2919 374 2991 κρὸν
401 2921 598 2993 πολλὴν
630 2923 728 2992 τὴν
761 2921 1035 2994 ὑπομονὴν
1059 2923 1487 2992 ἐπιδειξάμενος,
1517 2922 1611 2974 καὶ
1633 2923 1712 2984 εἰς
1735 2921 1910 2991 ἄκραν

240 3009 443 3080 ἀρετῆς
495 3010 737 3082 κορυφὴν
791 3010 1061 3077 ἀνελθὼν,
1105 3009 1247 3064 οὕτω
1295 3010 1654 3081 περίϐλεπτος
1719 3010 1908 3076 γέγονε

240 3097 334 3150 καὶ
385 3097 726 3169 περιφανὴς,
783 3097 858 3162 ὡς
908 3098 986 3168 τῷ
1032 3098 1226 3169 πλήθει
1261 3097 1369 3150 τῶν
1417 3097 1631 3169 ἄστρων
1666 3098 1789 3160 τοὺς
1851 3095 1910 3161 ἐξ

237 3184 402 3239 αὐτοῦ
447 3186 734 3256 τεχθέντας
798 3185 1194 3257 παρισωθῆναι.
1266 3185 1417 3254 Τάχα
1465 3184 1520 3237 εἴ
1564 3201 1650 3248 τις
1706 3185 1911 3253 εὐγνωο

239 3272 418 3342 μόνως
476 3272 764 3344 βουληθείη
833 3274 1097 3337 συνιδεῖν,
1154 3273 1215 3326 οὐ
1280 3273 1438 3342 μόνον
1491 3272 1627 3325 είσὶν
1680 3271 1906 3324 ἑκατονο

233 3358 568 3413 ταπλασίονα
593 3400 608 3421 ,
663 3360 698 3414 ἀ
747 3363 776 3414 6
823 3360 1028 3422 δίκαιος
1087 3355 1237 3421 οὗτος
1297 3358 1588 3427 ἐκομίσατο
1651 3357 1909 3420 ἐνταῦθα,

235 3445 371 3497 ἀλλά
403 3445 498 3497 καὶ
531 3445 979 3515 μυριοπλασίονα.
1011 3447 1074 3498 El
1111 3445 1167 3497 δὲ
1194 3443 1428 3497 ἐνταῦθα
1451 3443 1720 3496 τοσούτων
1745 3442 1911 3512 ἠξιώ-

237 3530 328 3600 θη,
355 3531 439 3594 τίς
475 3530 540 3584 ἀν
567 3531 718 3601 λόγος
759 3533 1109 3603 παραστῆσαι
1151 3531 1439 3600 δυνήσεται
1480 3531 1580 3600 τῆς
1607 3530 1726 3582 ἐκεῖ
1752 3528 1905 3602 [607]

235 3617 589 3681 ἀπολαύσεως
612 3618 712 3690 τὴν
729 3617 910 3688 λῆξινς
937 3617 1147 3671 Μᾶλλον
1167 3617 1246 3680 δέ,
1263 3616 1340 3680 ὡς
1356 3611 1468 3669 οἷόν
1482 3633 1562 3681 τε,
1587 3615 1858 3669 καὶτοῦτο
1877 3618 1906 3671 6

231 3704 387 3772 λόγος
417 3703 585 3770 δεῖξαι
613 3704 918 3775 δυνήσεται.
943 3705 1110 3758 Ὅταν
1141 3704 1250 3775 γὰρ
1284 3701 1544 3773 ἀκούσῃς,
1589 3703 1670 3756 ὅτι
1705 3701 1906 3765 πάντες

233 3790 284 3842 οἱ
308 3790 502 3843 δίκαιοι
528 3790 586 3856 ἐξ
611 3790 818 3844 ἐκείνου
845 3790 1006 3862 μέχρι
1028 3789 1144 3853 νῦν,
1171 3791 1268 3843 καὶ
1293 3789 1456 3860 μέχρι
1475 3789 1574 3858 τῆς
1595 3787 1905 3851 συντελείας

233 3877 424 3947 αὐτῆς,
460 3877 624 3948 εὐχῆς
654 3877 814 3949 ἔργον
845 3877 1118 3931 ποιοῦνται
1148 3880 1227 3941 είς
1257 3879 1384 3940 τοὺς
1413 3876 1646 3938 κόλπους
1674 3876 1768 3929 τοῦ
1799 3893 1902 3928 πα-

233 3964 490 4034 τριάρχου
519 3965 870 4036 καταντῆσαι,
910 3966 1067 4018 ποίαν
1101 3965 1290 4034 ἑτέραν
1333 3964 1554 4034 μείζονα
1585 3963 1790 4032 ταύτης
1816 3980 1899 4016 τι-

235 4049 341 4120 μὴν
363 4052 710 4123 παραστῆσαι
730 4051 933 4122 δυνήσῃ
953 4069 968 4116 ;
1002 4049 1150 4115 Εἶδες
1181 4048 1290 4104 οἷόν
1320 4053 1465 4104 ἐστιν
1489 4050 1755 4121 ὑπομονὴ,
1777 4051 1899 4104 ὅσον

231 4137 378 4190 ἐστὶν
414 4139 604 4210 ἀρετὴ,
634 4139 756 4192 ὅσον
785 4140 900 4192 ἐστὶ
926 4140 988 4192 τὸ
1022 4135 1160 4192 εἶναι
1189 4138 1451 4208 φιλόθεον,
1470 4139 1564 4192 καὶ
1588 4138 1785 4211 πολλὴν
1809 4139 1898 4192 εὐ-

229 4225 583 4297 γνωμοσύνην
617 4227 1018 4283 ἐπιδείκνυσθαι
1043 4230 1172 4301 περὶ
1196 4229 1294 4292 τάς
1319 4227 1415 4280 τοῦ
1446 4229 1712 4281 Δεσπότου
1742 4228 1897 4298 εὐερ-

229 4314 450 4381 γεσίας;
495 4315 712 4386 Ἐπειδὴ
751 4317 858 4388 γάρ
892 4317 1034 4370 κατά
1060 4317 1248 4387 καιρὸν
1280 4316 1350 4370 τά
1389 4316 1520 4387 παρ’
1547 4315 1741 4369 ἐαυτοῦ
1779 4317 1894 4369 είσ-

228 4399 442 4474 έφερεν,
461 4403 792 4474 εὐχαρίστως
817 4406 992 4458 πάντα
1021 4404 1327 4475 δεχόμενος,
1354 4404 1449 4458 καὶ
1477 4404 1546 4457 τά
1571 4404 1781 4476 χρηστά
1801 4405 1895 4458 καὶ

226 4488 294 4542 τά
322 4491 558 4553 ἐναντία,
593 4491 682 4544 διά
721 4491 878 4546 τοῦτο
912 4496 942 4546 6
989 4493 1370 4563 φιλάνθρωπος
1415 4493 1547 4555 Θεὸς
1587 4493 1892 4546 τελευταῖον

225 4575 479 4632 ἁπάντων
519 4579 577 4632 τὸ
614 4579 907 4648 κεφάλαιον
947 4581 1054 4634 τῶν
1092 4580 1332 4648 ἀγαθῶν,
1365 4582 1459 4634 καί⁵
1482 4581 1620 4652 ὅπερ
1659 4579 1892 4652 μάλιστα

223 4665 258 4718 6
281 4664 483 4729 δίκαιος
515 4666 798 4739 ἐπεθύμει,
834 4667 991 4722 τοῦτο
1023 4668 1170 4740 αὐτῷ
1197 4670 1506 4741 ἐχαρίσατο.
1547 4669 1747 4722 Σκόπει
1780 4667 1889 4738 γάρ

227 4750 344 4810 πῶς
369 4753 427 4806 ἐν
448 4755 914 4828 είκοσιτέσσαρσιν
944 4756 1118 4810 ἔτεσιν
1140 4755 1424 4821 ἐϐασάνιζε
1450 4754 1542 4808 τοῦ
1563 4755 1768 4809 δικαίου
1790 4754 1887 4828 τὴν

223 4839 443 4910 ἀρετήν.
480 4840 672 4895 Ἦνίκα
698 4843 807 4915 γάρ
836 4843 1060 4914 ἐξῆλθεν
1101 4844 1210 4898 ἀπὺ
1241 4844 1338 4913 τῆς
1382 4843 1607 4914 Χαρράν
1640 4841 1886 4896 ὐπακούυ

223 4941 322 4990 σας
348 4925 426 4997 τῷ
456 4926 551 4980 τοῦ
584 4929 851 4984 Δεσπότου
879 4931 1280 5001 προστάγματι,
1315 4930 1684 5000 ἐϐδομήκοντα
1724 4929 1885 4982 πέντε

217 5008 286 5085 ἧν
312 5013 470 5077 ἐτῶν,
504 5014 656 5084 φησί’
689 5015 807 5069 νυνὶ
837 5017 916 5083 δὲ,
949 5019 1036 5072 ὅτε
1085 5018 1254 5071 ταῦτα
1293 5019 1544 5088 ηκουσεν,
1591 5016 1881 5070 ἐκατοστοῦ

219 5100 404 5155 λοιπὸν
431 5097 500 5173 ἦν
525 5102 677 5166 ἔτους
700 5104 915 5168 ἐπιϐάς.

275 5189 534 5259 γ’.Ταῦτα
548 5191 857 5260 ἀκούοντες,
871 5194 1164 5265 ἀγαπητοὶ,
1178 5188 1558 5262 παιδευώμεθα
1571 5188 1770 5261 πολλὴν
1783 5190 1882 5262 τὴν

216 5278 490 5350 ὑπομονὴν
514 5279 931 5346 ἐπιδείκνυσθαι,
954 5283 1045 5336 καὶ
1070 5282 1336 5353 μηδέποτε
1361 5280 1566 5341 ἀλύειν,
1597 5280 1731 5351 μηδέ
1751 5297 1880 5351 ναρ-

214 5368 316 5438 κᾷν
351 5368 485 5438 πρὸς
519 5369 647 5433 τοὺς
672 5370 776 5440 τῆς
803 5371 1001 5442 ἀρετῆς
1030 5371 1277 5442 ἱδρῶτας,
1309 5369 1424 5423 ἀλλ’
1451 5369 1648 5423 εἰδέναι
1675 5369 1758 5422 ὃτι
1790 5386 1880 5438 φι-

211 5453 424 5526 λότιμος
438 5455 515 5509 ὢν
536 5459 630 5511 καὶ
653 5459 1026 5532 μεγαλόδωρος
1049 5463 1077 5514 6
1098 5461 1373 5530 Δεσπότης
1399 5463 1428 5514 6
1449 5460 1733 5533 ἡμέτερος,
1757 5459 1880 5513 ἀντὶ⁵

213 5549 424 5622 μικρῶν
447 5550 624 5604 πόνων
647 5549 889 5621 μεγάλας
918 5553 1048 5622 ἡμῖν
1067 5553 1357 5607 ἀποδίδωσι
1382 5551 1480 5615 τάς
1502 5549 1756 5623 ἀμοιϐάς,
1784 5551 1879 5604 καὶ

208 5640 270 5694 οὐ
301 5638 464 5709 μόνον
495 5639 554 5692 ἐν
581 5639 662 5710 τῷ
702 5639 948 5712 μέλλοντι
975 5639 1043 5693 τά
1067 5641 1304 5695 ἀθάνατα
1336 5641 1516 5710 ἀγαθά
1547 5639 1876 5710 ταμιευόμε-

206 5744 314 5792 νος,
350 5727 488 5782 ἀλλά
515 5728 610 5782 καὶ
648 5727 791 5784 κατὰ
825 5729 916 5782 τὸν
951 5729 1194 5800 παρόντα
1237 5730 1349 5800 βίον
1385 5727 1874 5801 παραμυθούμενος

206 5815 362 5888 ἡμῶν
399 5819 497 5890 τῆς
545 5820 758 5888 φύσεως
799 5822 898 5892 τὴν
931 5819 1230 5886 ἀσθένειαν,
1267 5820 1464 5884 πολλάς
1513 5819 1870 5890 φιλοτιμεῖται

203 5907 300 5969 τάς
329 5907 556 5979 δωρεάς.
593 5909 744 5962 Ἐπεὶ
779 5911 872 5964 καὶ
903 5913 932 5964 6
963 5909 1308 5980 πατριάρχης
1332 5902 1489 5972 οὗτος
1517 5909 1616 5962 οὐκ
1640 5907 1792 5978 ὀλίγα
1813 5908 1870 5960 ἐν

264 5995 292 6026 ⁸
311 5995 468 6047 -ὶίυΙιο
490 5995 655 6047 malim
681 6011 788 6047 cum
814 5997 964 6048 Coisl.
999 5999 1173 6061 legere
1199 5997 1410 6057 δέξομαι.
1455 5996 1588 6046 Ειιιτ.

1348 355 1414 412 ΙΝ
1451 357 1601 412 CAP.
1639 353 1777 410 XVII
1818 351 2061 412 GISNES.
2102 354 2333 413 IlOMIl..
2368 359 2482 415 XL.

3594 369 3707 428 δτι

2031 472 2109 541 τῷ
2143 474 2342 544 μεταξὺ
2384 475 2559 547 χρόνῳ
2600 475 2858 548 ὑπέμεινε
2895 478 2964 532 τά
2995 477 3233 548 λυπηρά,
3264 485 3315 537 ει
3343 481 3440 537 καὶ
3468 485 3547 536 ὅτι
3575 482 3698 541 61:6-

2029 575 2186 613 στοτε
2211 561 2534 632 ἀνεμίγνυτο
2561 565 2674 624 τοῖς
2699 564 2962 636 λυπηροῖς
2991 566 3084 619 καὶ
3104 566 3173 620 τά
3197 569 3427 638 χρηστά.
3458 570 3700 642 Κηδόμεο

2029 661 2120 708 νος
2147 645 2256 716 γάρ
2287 647 2443 717 ἡμῶν
2469 651 2568 720 τῆς
2591 647 2878 713 ἀσθενείας
2907 651 2938 703 6
2961 650 3069 704 τῶν
3094 651 3230 704 ὅλων
3263 653 3418 717 Θεὸς,
3449 653 3573 707 οὔτε
3613 657 3700 709 ἀεὶ

2028 735 2139 794 τοῖς
2159 731 2420 804 λυπηροῖς
2442 734 2666 806 ἀφίησιν
2692 737 2841 806 ἡμᾶς
2862 739 3235 809 ἐναπομένειν,
3265 741 3350 794 ἵνα
3381 741 3455 812 μὴ
3481 743 3699 816 ἐλέγχη-

2025 836 2116 872 ται
2145 821 2172 860 ι’
2211 821 2365 890 ἡμῶν
2398 823 2430 892 η
2459 822 2731 886 ἀσθένεια,
2760 824 2894 878 ἀλλά
2915 829 3132 896 ταχεῖαν
3158 829 3251 880 καὶ
3281 829 3441 892 αὐτὸς
3471 833 3698 901 παρέχει

2025 909 2124 980 τὴν
2152 908 2453 979 ἀντίληψιν,
2483 912 2688 982 ρωννὺς
2716 913 2873 982 ἡμῶν
2891 914 2990 984 τὴν
3015 916 3344 985 προθυμίαν,
3369 918 3461 970 καὶ
3489 919 3580 970 τὸν
3613 919 3699 972 λο-

2027 995 2224 1066 γισμὸν
2261 996 2562 1067 διεγείρων·
2597 997 2720 1050 οὔτε
2755 999 2840 1052 ἀεὶ
2874 1001 2934 1051 ὲν
2971 1001 3150 1054 ἀνέσει
3179 999 3314 1056 εἶναι
3348 1005 3698 1076 καταλιμπάυ

2025 1098 2126 1145 νει,
2148 1081 2233 1134 ἴνα
2259 1081 2330 1152 μὴ
2353 1083 2710 1155 ῥαθυμότεροι
2727 1087 3024 1156 γενόμενοι,
3045 1087 3180 1158 πρὸς
3203 1088 3298 1158 τὴν
3319 1091 3516 1143 κακίαν
3538 1092 3698 1145 αὐτο-

2023 1169 2373 1239 μολήσωμεν.
2413 1171 2475 1223 'H
2504 1171 2613 1240 γὰρ
2637 1172 2797 1240 φύσις
2826 1174 2858 1243 ὴ
2891 1174 3224 1245 ἀνθρωπεία,
3256 1176 3472 1230 ἐπειδὰν
3500 1179 3700 1250 πολλῆς

2024 1256 2260 1318 ἀνέσεως
2305 1258 2653 1328 ἐπιλάϐηται,
2686 1259 3095 1314 ἐπιλανθάνεται
3141 1265 3239 1333 τῆς
3271 1264 3572 1332 εὐγενείας,
3605 1268 3699 1322 καὶ

2023 1343 2122 1414 οὐχ
2147 1344 2360 1397 ἵσταται
2385 1345 2476 1399 ἐπὶ
2508 1345 2617 1399 τῶν
2648 1347 3043 1418 οίκείωννὸρωψ
3081 1348 3149 1402 δι’
3173 1348 3203 1401 6
3229 1350 3481 1421 καθάπερ
3512 1354 3697 1425 πατὴρ

2024 1428 2394 1500 φιλόστοργος,
2418 1432 2547 1484 ποτὲ
2585 1433 2688 1502 μὲν
2706 1435 2850 1504 ἡμᾶς
2871 1433 3075 1506 ἀνίησι,
3105 1435 3233 1488 ποτὲ
3264 1436 3320 1490 δέ
3350 1437 3695 1510 σωφρονίζει,

2026 1517 2090 1569 ἵν’
2111 1516 2282 1581 οὕτως
2309 1517 2467 1587 ἡμῶν
2495 1519 2791 1591 μεθοδεύσῃ
2821 1520 2920 1590 τῆς
2942 1520 3119 1591 ψυχῆς
3147 1522 3246 1591 τὴν
3277 1523 3507 1591 ὑγίειαν.
3545 1525 3699 1580 Ἐπεὶ

2021 1605 2116 1658 καὶ
2148 1605 2348 1675 ἰατρὸς,
2389 1607 2611 1660 ἐπειδάν
2631 1608 2916 1678 ἄρρωστον
2935 1608 3232 1683 θεραπεύῃ.
3263 1609 3387 1663 οὔτε
3417 1612 3502 1664 ἀεὶ
3530 1629 3699 1668 κατα-

2019 1691 2183 1745 τείνει
2206 1695 2270 1763 τῇ
2293 1693 2495 1765 ἀσιτίᾳ,
2518 1693 2640 1747 οὕτε
2665 1695 2750 1747 ἀεὶ
2785 1694 2954 1758 ἀδεῶς
2976 1695 3267 1750 ἀπολαύειν
3294 1697 3576 1770 ἐπιτρέπει
3599 1703 3698 1772 τῆς

2019 1779 2321 1849 τραπέζης,
2363 1780 2448 1833 ’ίνα
2481 1779 2556 1852 μὴ
2585 1783 2619 1850 ή
2648 1781 2952 1851 ἀδδηφαγία
2981 1783 3210 1852 πυρετὸν
3231 1785 3460 1840 τεκοῦσα
3480 1787 3696 1860 ἐκτείνῃ

2019 1867 2115 1938 τὴν
2143 1867 2479 1938 ἀρρωστίαν,
2511 1868 2648 1938 μηδὲ
2679 1871 2746 1939 τῇ
2776 1869 2962 1940 ἀσιτία
2995 1871 3082 1923 ἀεὶ
3111 1871 3442 1926 κατατείνων
3468 1874 3694 1928 ἀσθενέ-

2021 1968 2210 2022 στερον
2224 1953 2541 2023 ἐργάσηται·
2564 1953 2705 2006 ἀλλά
2717 1955 3254 2026 καταστοχαζόμενος
3273 1957 3371 2028 τῆς
3391 1958 3693 2030 δυνάμεως,

2020 2040 2113 2092 καὶ
2137 2040 2412 2109 ἐπιμελῶς
2447 2043 2511 2110 τῇ
2542 2041 2705 2110 τέχνῃ
2751 2043 3114 2112 κεχρημένος,
3137 2043 3278 2096 οὕτω
3309 2045 3377 2096 τὰ
3407 2049 3537 2116 παρ’
3567 2049 3696 2102 ἐαυ-

2017 2124 2111 2178 τοῦ
2134 2128 2556 2196 παρατάττεταιο
2587 2128 2680 2181 τὸν
2710 2129 2874 2181 αὐτὸν
2893 2130 2956 2196 δὴ
2986 2131 3183 2201 τρόπον
3218 2131 3311 2185 καὶ
3339 2134 3367 2186 6
3393 2133 3695 2206 φιλάνθρω-

2017 2231 2118 2279 πος
2168 2215 2301 2279 Θεὸς
2351 2215 2508 2280 εἰδὼς
2539 2217 2600 2269 τδ
2635 2217 2851 2288 ἑκάστῳ
2894 2218 3054 2288 ήμῶν
3091 2220 3390 2291 συμφέρον,
3423 2223 3551 2280 ποτέ
3595 2224 3693 2294 μὲν

2015 2303 2252 2364 ἀνέσεως
2275 2305 2422 2375 ἡμᾶς
2453 2303 2744 2357 ἀπολαύειν
2777 2308 3076 2377 συγχωρεῖ,
3110 2308 3239 2361 ποτέ
3272 2308 3327 2362 δὲ
3367 2310 3461 2363 καὶ
3486 2328 3693 2382 γυμνα-

2017 2390 2138 2453 σίας
2161 2392 2344 2444 ἓνεκεν
2369 2395 2671 2464 περασμοῖς
2693 2393 3028 2464 περιϐάλλει.
3051 2395 3173 2449 Εἴτε
3197 2396 3350 2470 [408]
3371 2398 3478 2472 γὰρ
3501 2401 3694 2472 ἐνάρεο

2013 2479 2096 2532 τοί
2120 2497 2264 2538 τινες
2289 2476 2417 2545 εἷεν,
2437 2481 2524 2534 διὰ
2547 2483 2646 2552 τῆς
2664 2481 2773 2535 τῶν
2796 2485 3116 2556 πειρασμῶν
3135 2487 3428 2560 ἐπαγωγῆς
3445 2489 3692 2562 λαμπρό-

2013 2584 2160 2638 τεροι
2203 2567 2560 2638 δεικνύμενοι,
2601 2569 2822 2623 πλείονα
2863 2573 2964 2642 τὴν
3001 2573 3206 2627 ἀνωθεν
3238 2575 3525 2647 εὐμένειαν
3567 2583 3689 2634 ἐπι-

2015 2655 2332 2707 σπάσονται·
2361 2656 2469 2708 εἴτε
2494 2655 2616 2708 καθ’
2643 2658 2790 2728 ἡμᾶς
2815 2659 3126 2730 ἀμαρτωλοὶ
3151 2663 3491 2732 τυγχάνοιεν,
3528 2667 3692 2739 εὐχα-

2015 2739 2213 2809 ρίστως
2235 2740 2510 2810 δεχόμενοι
2532 2741 2638 2818 τῶν
2659 2745 2980 2814 πειρασμῶν
2999 2745 3098 2815 τὴν
3121 2745 3436 2819 ἐπαγωγὴν,
3462 2749 3522 2802 τὸ
3549 2751 3687 2823 βαρῦ

2011 2825 2119 2876 τῶν
2149 2827 2560 2898 ἁμαρτημάτων
2586 2828 2948 2899 ἀποθησονται
2982 2835 3220 2901 φορτίον,
3251 2835 3342 2886 καὶ
3372 2835 3572 2908 πολλῆς
3595 2839 3691 2893 καὶ

2011 2915 2164 2966 αὐτοὶ
2193 2913 2522 2983 συγγνώμης
2547 2914 2934 2971 ἀπολαύσουσι.
2958 2918 3035 2970 Δι’
3057 2919 3105 2978 6.
3136 2922 3460 2991 παρακαλῶ,
3489 2925 3688 2992 εἰδότες

2009 3002 2070 3053 τὸ
2095 3002 2400 3072 εὐμήχανον
2431 3001 2527 3053 καὶ
2556 3002 2718 3072 σοφὸν
2741 3002 2835 3055 τοῦ
2856 3005 3040 3076 ἱατρσῦ
3073 3005 3181 3062 τῶν
3204 3009 3392 3079 ψυχῶν
3419 3011 3526 3064 τῶν
3548 3014 3689 3084 ἡμε-

2007 3089 2202 3160 τέρων,
2230 3087 2500 3158 μηδέποτε
2522 3090 3014 3162 περωργαζιῦμεθα
3049 3093 3212 3148 αὐτοῦ
3232 3095 3332 3160 τὰς
3353 3099 3683 3168 οίκονομίας.

2008 3176 2129 3230 Κάν
2154 3175 2263 3247 γὰρ
2290 3177 2324 3243 ἡ
2355 3175 2562 3229 διάνοια
2596 3178 2629 3247 ή
2659 3179 2903 3250 ἡμετέρα
2927 3178 3098 3234 ταῦτα
3131 3182 3569 3254 καταλαμϐάνειν
3607 3190 3683 3261 μὴ

2006 3264 2250 3334 δύνηται,
2283 3263 2456 3334 ταύτῃ
2497 3266 2696 3335 μᾶλλον
2723 3266 3156 3337 ἐκπληττώμεθα
3185 3271 3279 3324 τοῦ
3311 3272 3446 3326 Θεοῦ
3477 3275 3575 3340 τάς
3601 3277 3683 3330 οίι

2008 3352 2289 3420 κονομίας.
2312 3352 2406 3404 καὶ
2429 3351 2742 3422 δοξάζωμεν
2761 3353 2922 3406 αὐτὸν
2944 3355 3084 3424 ὑπὲρ
3105 3357 3380 3419 ἀπάντων,
3404 3361 3485 3414 ὄτι
3510 3363 3685 3418 τοιού-

2005 3455 2096 3491 τον
2126 3439 2322 3506 ἔχομεν
2349 3437 2646 3507 Δεσπότην,
2683 3431 2744 3491 οὗ
2780 3439 2916 3509 μηδὲ
2959 3442 3206 3512 χωρῆσαι
3239 3443 3461 3500 δύναται
3499 3450 3532 3518 ή
3567 3449 3678 3504 διά-

2006 3542 2124 3578 νοια
2155 3526 2188 3594 ἡ
2220 3524 2464 3596 ἡμετέρα
2495 3525 2590 3578 καὶ
2616 3527 2645 3579 6
2674 3525 2775 3596 τῆς
2801 3526 3150 3598 ἀνθρωπίνης
3187 3530 3402 3600 φύσεως
3422 3533 3681 3608 λογισμὸς

2005 3612 2103 3674 τὰς
2129 3611 2460 3682 οἰκονομίας.
2496 3611 2628 3667 οὐδὲ
2661 3613 2768 3684 γὰρ
2800 3613 2971 3678 οὕτως
3009 3617 3169 3686 ἡμεῖς
3197 3617 3353 3689 ίσμεν
3375 3620 3434 3674 τὸ
3467 3626 3677 3694 συμφέ.

2008 3716 2099 3770 ρον
2124 3700 2275 3770 ἡμῖν,
2303 3699 2380 3764 ὡς
2408 3699 2571 3762 αὐτὸς
2589 3699 2898 3754 ἐπίσταταιο
2931 3701 3028 3772 οὐχ
3057 3702 3230 3768 οὕτως
3260 3706 3420 3776 ἡμεῖς
3449 3709 3680 3780 κηδόμε-

2003 3787 2072 3841 θα
2100 3787 2330 3853 ἑαυτῶν,
2358 3787 2436 3852 ὡς
2468 3787 2631 3851 αὐτὸς
2668 3786 2888 3857 κήδεται
2932 3789 3090 3860 ἡμῶν
3115 3793 3215 3862 τῆς
3250 3795 3541 3865 σωτηρίας,
3581 3798 3676 3853 καὶ

2004 3875 2180 3930 πάντα
2209 3877 2354 3929 ποιεῖ
2388 3877 2483 3929 καὶ
2508 3875 2977 3947 πραγματεύεται.
3003 3877 3141 3932 ὥστε
3176 3879 3312 3952 πρὸς
3348 3884 3446 3953 τὴν
3473 3885 3674 3958 ἀρετὴν

2002 3965 2149 4034 ἡμᾶς
2181 3963 2610 4034 χειραγωγῆσαι,
2659 3963 2752 4017 καὶ
2782 3963 3086 4035 ἐξαρπάσαι
3133 3967 3241 4020 τῶν
3287 3969 3381 4022 τοῦ
3426 3970 3671 4028 διαϐόλου

2000 4052 2364 4122 χειρῶνηΚαὶ
2405 4052 2532 4105 ὅταν
2564 4051 2650 4124 ῖδῃ
2686 4051 2761 4122 μὴ
2789 4051 3122 4121 δυναμένους
3155 4056 3413 4124 κερδᾶναι
3443 4059 3551 4112 ἀπὸ
3575 4061 3672 4132 τῆς

1999 4139 2318 4210 εὐημερίας,
2361 4139 2612 4210 καθάπερ
2653 4139 2834 4210 ἰατρὸς
2873 4139 3114 4211 ἀριστος,
3150 4143 3368 4196 ἐπειδάν
3407 4145 3669 4218 θεάσηται

1998 4226 2106 4280 ἀπὸ
2144 4226 2343 4296 πολλῆς
2381 4225 2713 4298 λαιμαργίας
2744 4227 2824 4289 είς
2867 4227 3234 4300 πολυσαρκίαν
3281 4231 3542 4297 ἐξιόντας,
3582 4235 3673 4292 διά

1994 4313 2098 4384 τῆς
2123 4313 2449 4384 ἐγκρατείας
2496 4314 2632 4384 πρὸς
2673 4313 2875 4382 ὑγίειαν
2924 4317 3209 4384 ἐπανάγειυ
3241 4317 3384 4372 οὕτω
3407 4319 3472 4392 δὴ
3506 4322 3600 4375 καὶ
3639 4326 3669 4377 6

1995 4399 2294 4472 θαυμάσιος
2325 4399 2432 4454 τῶν
2455 4401 2742 4473 ἡμετέρων
2776 4402 2963 4472 ψυχῶν
3011 4404 3194 4476 ίατρὸς
3233 4405 3426 4476 ἀφίησι
3470 4409 3668 4482 μικρὸν

1992 4491 2079 4544 διά
2117 4491 2216 4561 τῆς
2258 4489 2365 4545 τῶν
2396 4491 2718 4564 πειρασμῶν
2759 4491 3057 4564 ἐπαγωγῆς
3099 4495 3180 4558 είς
3205 4495 3456 4564 αἴσθησιν
3491 4499 3666 4554 ἐλθεῖν

1990 4577 2090 4647 τῆς
2120 4577 2342 4648 βλάϐης,
2369 4579 2435 4649 ην
2460 4580 2523 4632 ἐκ
2551 4579 2649 4650 τῆς
2673 4579 2971 4650 εὐημερίας
2991 4581 3384 4653 ὑπεμείναμεν,
3415 4585 3508 4639 καὶ
3534 4587 3665 4641 ὅταν

1992 4665 2074 4736 ῐδη
2100 4665 2279 4728 καλῶς
2302 4665 2370 4720 τὰ
2398 4665 2498 4735 τῆς
2528 4665 2740 4733 ὑγιείας
2767 4666 3196 4736 κατορθωθέντα,
3219 4669 3339 4723 τότε
3363 4670 3548 4727 λοιπὸν
3576 4674 3662 4729 διὰ

1986 4752 2087 4822 τῆς
2107 4752 2310 4814 οἰκείας
2330 4752 2663 4823 ἀντιλήψεως
2685 4752 2778 4806 καὶ
2798 4753 2908 4805 τῶν
2924 4755 3246 4824 πειρασμῶν
3267 4757 3662 4833 χαρίζεταιτὴν

1987 4839 2324 4910 ἀπαλλαγὴν,
2366 4840 2457 4892 καὶ
2486 4840 2586 4911 τὴν
2616 4840 2744 4911 παρ’
2777 4839 2971 4893 ἑαυτοῦ
3003 4840 3257 4910 πρόνοιαν
3294 4843 3660 4900 ἐπιδείκνυται

1991 4929 2131 5000 μετά
2155 4928 2356 4998 πολλῆς
2387 4928 2486 4998 τῆς
2506 4926 2804 4996 δαψιλείας.
2831 4927 2956 4980 Εἴτε
2986 4923 3081 4981 οὖν
3108 4929 3167 4982 ἐν
3193 4929 3364 5002 ἀρετῇ
3398 4930 3550 4996 ὄντες
3579 4950 3661 4988 τι·

1986 5018 2076 5081 νὲς
2120 5017 2442 5087 πειρασμοῖς
2477 5013 2847 5085 περιπέσοιεν,
2896 5013 2983 5086 μ’ίτ
3023 5014 3484 5088 θορυϐείσθωσαν,
3523 5020 3660 5074 ἀλλά

1983 5105 2154 5177 ταύτῃ
2190 5103 2389 5176 μᾶλλον
2413 5105 2534 5167 ταῖς
2562 5104 2824 5173 χρησταῖς
2862 5102 3040 5158 ἐλπίσι
3072 5103 3486 5174 τρεφέσθωσαν,
3511 5107 3594 5161 ὅτι
3619 5111 3653 5180 ἡ

1981 5194 2091 5248 τῶν
2122 5191 2446 5266 πειρασμῶν
2477 5191 2740 5260 ἐπαγωγὴ
2776 5189 3057 5259 στεφάνων
3083 5190 3339 5255 ὑπόθεσις
3363 5192 3550 5257 αὐτοῖς
3571 5195 3658 5262 γί-

1981 5299 2131 5336 νεται
2163 5281 2256 5335 καὶ
2288 5279 2574 5356 βραϐείων·
2615 5279 2724 5331 εἴτε
2749 5279 2808 5331 ἐν
2841 5278 3201 5350 ἁμαρτήμασι
3233 5280 3517 5346 γεγονότες
3543 5285 3655 5344 τοῖς

1979 5373 2244 5443 λυπηροῖς
2269 5369 2599 5439 ἐναφίενται,
2624 5369 2760 5441 μηδὲ
2791 5367 2934 5422 οὕτω
2955 5367 3542 5437 δυσανασχετείτωσαν,
3572 5371 3651 5424 εί-

1978 5457 2124 5522 δότες
2147 5459 2228 5512 ὃτι
2255 5457 2550 5529 καθάρσιον
2577 5455 2685 5508 τῶν
2711 5454 3137 5527 ἁμαρτηθέντων
3165 5456 3225 5507 ἐν
3245 5455 3405 5507 παντὶ
3427 5453 3503 5525 τῷ
3528 5457 3654 5526 χρό-

1978 5564 2054 5618 νῳ
2082 5548 2370 5618 γενήσεται
2407 5547 2442 5617 η
2475 5543 2680 5597 τούτων
2718 5543 3002 5614 ἐπαγωγὴ,
3035 5542 3254 5598 ἐπειδὰν
3285 5544 3401 5613 μετ’
3429 5543 3654 5614 εὐχαρι-

1980 5636 2132 5699 στίας
2160 5635 2336 5690 πάντα
2367 5632 2437 5686 τὰ
2462 5631 2683 5686 ἐπιόντα
2705 5629 3008 5702 δεχώμεθα.
3041 5629 3214 5683 Τοῦτο
3236 5630 3344 5700 γάρ
3374 5627 3653 5702 εὐγνώμο.

1977 5742 2067 5788 νος
2087 5723 2319 5784 οἰκέτου,
2349 5722 2410 5775 τὸ
2442 5721 2516 5792 μὴ
2553 5719 2731 5792 μόνον,
2775 5718 2940 5789 ηνίκα
2962 5716 3148 5781 ἀδείας
3182 5715 3452 5790 ἀπολαύῃ,
3483 5717 3650 5787 εὐχα-

2041 5867 2069 5908 In
2101 5865 2396 5923 Ἐλίγχηται,
2410 5863 2470 5913 ad
2492 5863 2723 5914 litteram.
2738 5859 3078 5923 redarggmmr,
3090 5857 3356 5923 aliquandq
3365 5858 3528 5923 etiam.
3542 5850 3648 5923 τίνι-

1975 5934 2132 5991 cal)".
2154 5918 2578 5991 vel'ijprimamr,
2605 5937 2704 5986 quo
2725 5918 3208 5982 sensu'Trequenle'r
3230 5919 3357 5982 apud
3393 5918 3643 5976 Ειιᾳςυει.

1977 5990 2204 6042 habetur.
