4084 6214
471 335 586 396 573

481 455 680 528 ριστεῖν
717 453 794 524 τῷ
820 450 1076 522 δεσπότῃ,
1107 448 1243 503 ἀλλά
1278 447 1374 502 καὶ
1420 449 1477 502 ἐν
1509 451 1622 511 τοῖς
1663 445 1926 528 ἐναντίοις
1966 445 2062 528 τὴν

478 526 650 609 αὐτην
677 532 1098 606 εὐγνωμοσύνην
1119 530 1547 586 ἐπιδείκνυσθαι.
1575 529 1731 584 Οὕτω
1764 527 1873 598 γὰρ
1907 527 2000 581 καὶ
2033 526 2062 578 6

480 621 826 694 πατριάρχης
849 610 1004 682 0610;
1026 615 1372 686 εὐδοκίμησε,
1405 612 1501 666 καὶ
1521 612 1790 683 τοσαύτης
1817 611 1968 684 παρὰ
1987 610 2065 682 τῷ

477 705 599 777 Θεῷ
629 703 807 775 τυχὼν
835 701 1170 774 παρρησίας,
1214 699 1309 753 καὶ
1333 695 1547 768 δωρεὰς
1584 695 1798 768 ἐδέχετο
1828 694 2065 759 νικώσας

478 789 579 857 τὴν
611 787 775 856 φύσιν
797 786 898 857 τὴν
925 782 1295 854 ἀνθρωπίνην.

535 871 579 924 δ’
588 911 601 923 .
621 870 940 938 Ἀναγκαῖον
956 866 1013 919 δὲ
1027 865 1190 918 πάλιν
1201 865 1295 918 ἐπὶ
1307 864 1409 935 τὴν
1424 861 1743 918 ἀκολουθίαν
1752 859 2066 915 ἐπανελθεῖν

478 953 576 1007 τοῦ
595 953 778 1022 λόγου,
795 952 891 1004 καὶ
913 951 1040 1004 ἰδεῖν
1054 947 1150 1002 τοῦ
1169 947 1380 1002 δικαίου
1397 946 1496 1019 τὴν
1517 945 1785 1017 ὑπακοὴν,
1808 946 1900 998 καὶ
1919 946 2066 1008 ὅπως

479 1039 562 1100 εἰς
588 1037 748 1106 ἔργον
777 1035 953 1106 ήγαγε
983 1032 1053 1086 τά
1083 1032 1237 1104 παρὰ
1273 1031 1367 1085 τοῦ
1390 1029 1526 1084 Θεοῦ
1559 1029 1977 1099 ἐπιταττόμενα,
2003 1026 2067 1081 οὐ

365 1150 388 1159 η
480 1118 660 1188 ζητῶν
686 1117 780 1170 τὸν
803 1116 982 1184 λόγον,
1016 1115 1136 1168 οὐδὲ
1169 1113 1400 1178 εὐθύνας
1435 1113 1704 1178 ἀπαιτῶν,
1732 1110 1984 1182 καθάπερ
2015 1110 2066 1162 οἰ

481 1201 666 1255 πολλοὶ
683 1201 792 1254 τῶν
815 1201 1058 1271 ἀνοήτων
1077 1199 1289 1253 ποιοῦσι
1312 1198 1800 1272 περιεργαζόμενοι
1827 1197 1895 1251 τὰ
1917 1196 2068 1267 παρὰ

480 1283 576 1338 τοῦ
598 1284 732 1338 Θεοῦ
763 1284 1042 1353 γινόμενα,
1075 1283 1168 1336 κοιλ⁸
1195 1282 1446 1351 λέγοντες
1463 1301 1476 1314 ·
1503 1283 1595 1345 Εἰς
1621 1281 1673 1334 τί
1701 1281 1890 1347 τοῦτο;
1921 1282 2000 1343 εἰς
2016 1279 2068 1332 τί

483 1370 688 1432 ἐκεῖνος
718 1369 812 1422 καὶ
840 1367 892 1420 τί
919 1366 979 1420 τὸ
1009 1365 1201 1436 δερελος
1228 1366 1337 1420 ἀπὸ
1360 1366 1453 1419 τοῦ
1481 1365 1598 1419 τόδε
1625 1363 1950 1434 γενέσθαι,ἢ
1981 1363 2069 1417 τό-

480 1450 568 1515 δε;
610 1449 748 1503 Ἀλλ’
779 1451 879 1520 οὐχ
901 1451 929 1500 6
957 1449 1163 1512 δίκαιος
1188 1446 1382 1512 οὑτως·
1417 1447 1554 1502 ἀλλά
1585 1447 1832 1517 καθάπερ
1853 1445 2068 1515 οἰκέτης

482 1533 884 1602 φιλοδέσποτος,
909 1531 1084 1594 οὑτως
1113 1531 1218 1585 ἀπε
1227 1548 1257 1600 ρ
1280 1531 1344 1584 ἀν
1373 1531 1638 1601 ἐπετάγη,
1660 1532 1742 1594 εἰς
1762 1529 1920 1600 ἔργον
1941 1530 2070 1598 ἀγα·

482 1621 601 1688 γεῖν
629 1617 879 1680 ἔσπευδε,
915 1617 990 1688 μὴ
1021 1613 1538 1686 περιεργαζόμενος.
1589 1615 1701 1667 Καὶ
1736 1615 1826 1669 ἵνα
1870 1613 2067 1684 μάθῃς,

485 1700 652 1754 ἄκουε
674 1699 783 1752 τῶν
808 1698 953 1769 ἐξῆς.
993 1696 1213 1768 Ἐπειδὴ
1231 1697 1340 1769 γὰρ
1367 1696 1465 1767 τὴν
1493 1696 1787 1765 ὑπόσχεσιν
1810 1696 2070 1766 ἐποιήσα-

481 1799 546 1836 το
571 1783 706 1853 1196;
731 1782 890 1836 a616v
909 1783 938 1835 6
963 1781 1261 1850 Δεσπότης.
1285 1780 1380 1833 καὶ
1406 1779 1620 1833 ἐτέλεσε
1643 1778 1742 1847 τὴν
1767 1777 1914 1850 [409]
1934 1778 2069 1850 1196;

483 1866 648 1921 a616v
696 1865 953 1932 διάλεξιν,
1000 1863 1203 1927 εὐθέως
1258 1865 1287 1916 6
1339 1862 1544 1926 δίκαιος
1587 1861 1658 1915 16
1711 1861 2071 1915 κελευσθέντα

482 1950 745 2021 ἐπλήρου,
774 1949 866 2002 καὶ
887 1946 950 2000 16
978 1948 1204 2016 σημεῖον
1239 1944 1301 1996 16
1329 1944 1480 2016 παρά
1509 1943 1603 1996 τοῦ
1627 1943 1763 1997 Θεοῦ
1786 1943 2070 1997 κελευσθὲν

483 2031 723 2086 ἐπετίθει
762 2030 840 2101 τῷ
880 2029 1125 2100 Ἰσμαῆλ,
1157 2027 1256 2099 τὴν
1284 2027 1582 2098 περιτομὴν
1615 2027 1777 2096 λέγω,
1814 2031 1908 2080 καὶ
1937 2028 2070 2081 πᾶσι

483 2116 598 2178 τοῖς
613 2112 937 2182 οἰκογενέσι,
961 2111 1056 2165 καί
1068 2113 1181 2174 τοῖς
1201 2111 1631 2182 ἀργυρωνήτοις,
1649 2108 1792 2162 καθά
1812 2109 2072 2178 ἐλάλησεν

484 2196 636 2268 αὐτῷ
658 2199 687 2250 6
707 2197 861 2258 Θεός.
891 2194 1254 2266 Περιετέμετο
1276 2191 1333 2245 δέ
1357 2194 1451 2246 καὶ
1473 2191 1654 2255 αὐτός.
1686 2193 2074 2255 Ἑννενήκον-

483 2295 560 2334 τα
592 2279 701 2350 γὰρ
729 2279 825 2332 καὶ
858 2276 1036 2331 ἐννέα
1063 2273 1214 2330 ἐτῶν
1243 2271 1343 2344 ἦν,
1386 2275 1573 2344 φησὶν,
1600 2275 1784 2341 ἡνίκα
1811 2275 2073 2343 περιετέ-

481 2380 625 2434 μετο
650 2362 765 2430 τὴν
793 2365 993 2429 σάρκα
1025 2359 1136 2426 τῆς
1157 2359 1560 2426 ἀκροϐυστίας
1583 2358 1792 2413 αὐτοῦ’
1829 2357 2074 2426 Ἰσμαήλ

483 2443 556 2497 δὲ
581 2440 660 2514 ἦν
685 2442 838 2497 ἐτῶν
862 2439 1204 2509 δεκατριῶν.
1228 2440 1318 2511 Μὴ
1345 2441 1574 2512 νομίσῃς
1597 2435 1785 2503 άπλὶῦς
1814 2442 1944 2510 ήμῖν
1965 2439 2072 2492 τῶν

484 2527 624 2582 ἐτῶν
643 2527 734 2580 τὸν
751 2526 984 2598 ἀριθμὸν
1001 2525 1101 2595 τὴν
1123 2525 1162 2576 Γ
1166 2524 1345 2596 ραφὴν
1363 2525 1525 2594 ἐπιση
1534 2523 1824 2594 μήνασθαι’
1849 2523 1962 2577 ἀλλ’
1986 2524 2074 2576 ῖνα

484 2611 582 2664 καὶ
607 2612 670 2663 ἐκ
694 2608 883 2663 τούτου
909 2608 1086 2680 μάθῃς
1106 2606 1202 2660 τοῦ
1228 2606 1437 2659 δικαίου
1464 2605 1562 2676 τὴν
1583 2605 1783 2676 πολλὴν
1807 2603 2071 2675 ὑπακοὴν,

482 2694 568 2748 ὅτι
597 2694 655 2746 ἐν
684 2692 898 2763 ἐσχάτῳ
926 2693 1071 2762 γήρᾳ
1099 2689 1178 2743 ὣν
1203 2690 1394 2759 πράως
1422 2689 1619 2761 ήνεγκε
1650 2690 1748 2759 τὴν
1774 2687 1966 2757 ὀδύνην
1986 2687 2073 2740 διά

483 2776 548 2830 16
576 2775 671 2830 106
701 2775 838 2828 Θεοῦ
872 2774 1174 2844 ἐπίταγμα,
1211 2771 1300 2826 διὰ
1321 2772 1480 2825 τοῦτο
1511 2773 1744 2825 ποιεῖται
1773 2769 1868 2841 τὴν
1895 2771 2072 2824 αὐτῶν

407 2910 417 2920 ,
484 2857 882 2928 ἀπαρίθμησιν,
900 2855 992 2908 καὶ
1008 2857 1110 2909 οὐκ
1132 2854 1294 2917 αὐτὸς
1318 2855 1500 2924 μόνος,
1524 2853 1660 2907 ἀλλὰ
1685 2854 1778 2906 καὶ
1797 2856 1825 2906 6
1855 2852 2074 2924 Ίσμαὴλ

487 2941 584 2994 καὶ
620 2939 818 3002 πάντες
855 2940 902 2991 οἰ
941 2939 1255 3005 οἰκογενεῖς.
1304 2937 1439 2988 Οὐδέ
1469 2936 1579 3006 γὰρ
1610 2935 1671 2988 16
1709 2936 1870 3005 τυχόν
1904 2937 2071 3000 ἐστιν,

485 3021 758 3090 ἀγαπητέ,
798 3020 1147 3088 ὑγιαίνουσαν
1200 3017 1379 3088 σάρκα
1424 3018 1717 3088 ἀποτεμεῖν
1761 3018 1854 3070 καὶ
1893 3019 2075 3084 κακῶς

486 3103 734 3174 ἔχουσαν.
765 3103 828 3154 Εἰ
864 3102 973 3171 γάρ
1003 3102 1099 3154 καί⁸
1138 3099 1339 3170 ἰατρῶν
1367 3099 1556 3162 παῖδες
1597 3098 1756 3170 μέλος
1784 3101 2073 3171 69961611";-

489 3203 590 3239 σαν
609 3185 1004 3256 ἀποτέμνουσιν
1022 3195 1072 3249 ⁸,
1096 3183 1209 3237 ἀλλ’
1227 3183 1327 3235 οὐκ
1355 3181 1443 3253 ῐση
1466 3181 1675 3250 γίνεται
1693 3181 1814 3234 τότε
1835 3186 1866 3251 ή
1889 3182 2070 3254 ὀδύνη.

487 3268 779 3339 Νεκρωθέν
807 3265 937 3340 γάρ,
963 3265 1040 3328 ὡς
1061 3266 1255 3328 εἰπεῖν,
1283 3263 1470 3317 λοιπὸν
1491 3263 1586 3317 καὶ
1610 3264 1709 3334 τῆς
1739 3263 1976 3334 ζωτικῆς
1993 3265 2076 3319 δυ-

486 3352 705 3422 νάμεως
727 3349 1096 3422 άποστερηθέν
1125 3347 1502 3418 ἐκτέμνουσιν.
1532 3347 1793 3402 Ἐνταῦθα
1820 3348 1876 3401 δέ
1897 3348 2074 3421 γέρων

487 3435 586 3490 καὶ
615 3434 926 3506 πρεσϐύτης
979 3431 1194 3490 (ἑκατὸν
1235 3431 1345 3502 γὰρ
1392 3431 1529 3485 ἐτῶν
1567 3430 1852 3504 ἐτύγχανε)
1884 3433 2075 3502 πράως

486 3519 688 3589 ἡνεγκε
726 3517 826 3588 τὴν
866 3515 1079 3586 ὀδύνην,
1109 3513 1244 3586 ὀμοῦ
1279 3513 1374 3567 καὶ
1407 3513 1501 3567 τοῦ
1531 3513 1667 3568 Θεοῦ
1698 3515 1758 3568 16
1795 3514 2074 3587 ἐπίταγμα

483 3601 570 3662 εἰς
593 3599 752 3670 ἔργον
776 3601 1001 3668 ἀγαγεῖν
1029 3597 1294 3660 σπεύδων,
1325 3597 1421 3651 καὶ
1446 3595 1537 3650 τὸν
1569 3597 1682 3650 υἰὸν
1712 3599 1806 3651 καί⁸
1837 3599 1961 3661 τοὺς
1992 3600 2074 3652 οἰ-

489 3684 730 3751 κογενεῖς
763 3682 1010 3744 ἅπαντας
1035 3679 1471 3752 προθυμοτέρους
1514 3680 1899 3750 ἐργαζόμενος,
1931 3680 2070 3735 ῶστε

491 3764 569 3837 μὴ
604 3765 892 3828 ἐνδοιάσαι,
925 3763 1061 3818 ἀλλά
1101 3764 1240 3834 μετὰ
1265 3762 1461 3816 πολλοῦ
1495 3763 1589 3816 τοῦ
1612 3764 1809 3834 τάχους
1831 3764 1893 3817 16
1922 3766 2071 3836 παρά

484 3848 585 3902 τοῦ
624 3848 759 3901 Θεοῦ
800 3847 1138 3921 προσταχθὲν
1185 3845 1515 3900 ἐπιτελέσαι.
1564 3843 1714 3910 Εἶδες
1757 3848 1880 3900 ὅσον
1924 3849 2070 3903 ἐστὶν

487 3931 630 4002 ἀνὴρ
659 3931 933 4002 ἐνάρετος,
959 3932 1106 3993 ὅπως
1135 3929 1228 3983 καὶ
1256 3930 1380 3992 τούς
1403 3929 1877 4001 ὑπηρετουμένους
1901 3930 2072 3986 ἀπαν-

487 4029 588 4076 τας
628 4013 912 4066 ἐπαίδευσε
947 4013 1066 4066 κατ’
1102 4013 1245 4082 ίχνος
1284 4011 1449 4066 αὐτοῦ
1484 4012 1720 4082 βαίνειν;
1758 4013 1933 4084 Ὅπερ
1961 4015 2069 4087 γὰρ

491 4093 616 4165 χθὲς
651 4095 857 4164 ἔλεγον,
897 4095 1053 4149 τοῦτο
1081 4095 1243 4148 πάλιν
1280 4095 1374 4149 καὶ
1409 4095 1502 4149 νῦν
1529 4095 1659 4166 ἐρῶ·
1690 4096 1771 4149 ὅτι
1799 4095 1886 4148 διά
1914 4096 2070 4150 τοῦτο

488 4178 676 4232 λοιπὸν
704 4179 764 4244 ἐξ
789 4179 997 4232 ἐκείνου
1027 4179 1356 4248 πρόσταγμα
1386 4178 1576 4247 γέγονε
1608 4178 1758 4249 παρά
1784 4179 1877 4232 τοῦ
1910 4179 2066 4245 Θεοῦ,

489 4260 633 4316 ὥστε
665 4263 722 4314 ἐν
763 4261 928 4332 ἀώρῳ
963 4265 1031 4332 τῇ
1069 4261 1257 4332 ἡλικίᾳ
1280 4260 1436 4314 τοῦτο
1461 4262 1753 4330 ὑπομένειν
1786 4263 1912 4325 τοὺς
1945 4267 2069 4317 παῖ-

489 4344 609 4410 δας,
645 4345 732 4397 ίνα
753 4345 810 4397 ἐν
840 4342 1168 4414 ἀναισθησίᾳ⁵
1189 4342 1286 4412 τὴν
1309 4343 1547 4413 ἐκτομὴν
1571 4343 1672 4412 τῆς
1700 4343 1903 4414 σαρκὸς
1934 4345 2068 4398 6110-

493 4427 749 4497 μένοντες
778 4425 1049 4496 μηδεμίαν
1079 4425 1180 4495 τῆς
1205 4424 1396 4494 ὀδύνης
1419 4427 1612 4496 πεῖραν
1635 4425 1890 4480 λάϐωσιν.

574 4507 734 4562 Ἀλλά
767 4506 960 4561 σκόπει
992 4525 1104 4578 μοι,
1134 4508 1404 4577 ἀγαπητέ,
1445 4507 1539 4562 τοῦ
1582 4507 1718 4562 Θεοῦ
1751 4509 1849 4580 τὴν
1882 4509 2069 4579 φιλαν-

489 4591 757 4662 θρωπίαν,
783 4592 877 4644 καὶ
891 4591 989 4662 τὴν
1009 4591 1214 4660 άφατον
1239 4593 1368 4662 περὶ
1399 4593 1544 4662 ήμᾶς
1570 4592 1904 4663 εὐεργεσίαν.
1924 4595 2071 4650 Ἐκεῖ

492 4673 585 4727 καὶ
608 4673 766 4744 ὀδύνη
784 4674 876 4726 καὶ
896 4675 1057 4736 πόνος
1078 4676 1142 4727 ἐκ
1162 4672 1255 4728 τοῦ
1282 4674 1590 4744 γινομένου,
1605 4675 1698 4728 καὶ
1715 4675 1867 4729 οὐδὲν
1881 4675 2067 4749 ἕτερον

489 4761 554 4812 ἐκ
579 4759 676 4828 τῆς
705 4758 1005 4831 περιτομῆς
1025 4758 1216 4829 δφελος
1235 4753 1326 4829 ἦν,
1348 4758 1381 4830 ἢ
1408 4759 1564 4812 τοῦτο
1582 4759 1761 4830 μόνον,
1780 4760 1839 4814 16
1865 4761 1951 4814 διὰ
1973 4762 2066 4816 τοῦ

490 4841 718 4912 σημείου
751 4842 940 4896 τούτου
965 4842 1279 4914 γνωρίμως
1307 4842 1504 4906 αὐτοὺς
1529 4838 1690 4909 εἶναι,
1711 4843 1805 4896 καὶ
1829 4843 1938 4896 τῶν
1958 4845 2063 4898 λοι-

487 4927 606 4978 πῶν
647 4925 815 4978 ἐθνῶν
844 4925 1195 4996 κεχωρίσθαι.
1241 4925 1306 4978 Ἢ
1335 4926 1391 4978 δὲ
1437 4925 1676 4995 ἡμετέρα
1708 4927 1994 4998 περιτομὴ.
2031 4929 2066 5000 ή

487 5009 582 5062 τοῦ
612 5008 983 5079 βαπτίσματος
1023 5006 1165 5076 λέῇυ
1204 5006 1382 5078 χάρις,
1422 5005 1688 5061 ἀνώδυνον
1715 5007 1826 5078 ἔχει
1858 5009 1956 5080 τὴν
1987 5011 2069 5063 ία-

485 5092 692 5163 τρείαν,
712 5091 806 5144 καὶ
830 5089 1036 5162 μυρίων
1057 5089 1278 5157 ἀγαθῶν
1298 5088 1552 5160 πρόξενος
1573 5089 1778 5158 γίνεται
1799 5092 1947 5161 ήμῖν,
1972 5091 2066 5163 καὶ
2111 5134 2113 5136 .

485 5156 584 5246 τῆς
604 5156 699 5228 τοῦ
730 5156 869 5228 1]νεῦ
877 5156 1044 5246 ματος
1065 5156 1214 5244 ἡμᾶς
1235 5156 1539 5244 ἐμπίπλησι
1563 5156 1802 5244 χάριτος,
1821 5156 1921 5227 ’καὶ
1945 5156 2065 5228 οὐδὲ

483 5258 791 5330 ὡρισμένον
817 5257 929 5328 ἔχει
951 5256 1164 5327 καιρὸν,
1195 5255 1449 5326 καθάπερ
1479 5257 1614 5320 ἐκεί,
1635 5255 1749 5310 ἀλλ’
1772 5256 1947 5321 ἔξεστι
1971 5260 2065 5313 καὶ

485 5341 546 5393 ἐν
579 5339 745 5410 ἀώρῳ
770 5339 978 5410 ἡλικίᾳ,
1018 5341 1114 5392 καὶ
1143 5341 1200 5392 ἐν
1232 5339 1393 5411 μέσῃ,
1433 5339 1528 5392 καὶ
1558 5341 1615 5392 ἐν
1643 5339 1792 5409 αὐτῷ
1815 5339 1893 5410 τῷ
1918 5343 2064 5413 γήρᾳ

485 5422 776 5493 γενόμενόν
812 5439 934 5475 τινα
971 5420 1178 5492 ταύτην
1210 5419 1466 5486 δέξασθαι
1509 5422 1608 5492 τὴν
1651 5422 2062 5494 ἀχειροποίητον

485 5505 808 5574 περιτομὴν,
837 5506 894 5556 ἐν
919 5498 1074 5577 ᾖούκ
1096 5503 1212 5557 ἐστι
1237 5504 1394 5575 μόνον
1422 5504 1728 5576 ὑπομεῖναι,
1747 5505 1861 5558 ἀλλ’
1884 5507 2062 5578 ἀμαρ-

485 5586 744 5656 τημάτων
774 5586 970 5658 φορτία
997 5586 1316 5653 ἀποθέσθαι,
1353 5588 1448 5643 καὶ
1476 5587 1585 5642 τῶν
1613 5589 1672 5643 ἐν
1697 5590 1857 5644 παντὶ
1885 5589 2060 5662 χρόνῳ

551 5761 577 5790 ⁸
603 5760 827 5822 Quinque
855 5775 968 5812 mss.
999 5763 1314 5828 ἀῤῥωστῆσαν
1349 5766 1454 5815 τότε
1479 5766 1838 5828 ἀποτέμνουσιν.

1155 332 1214 389 S.
1247 329 1532 390 JOANNIS
1565 324 2060 386 CIIRYSOSTOMI
2095 323 2412 382 ARCIIIEP.
2452 324 3001 383 CONSTANTINOP.

3641 322 3754 384 574

2170 442 2656 516 πλημμελημάτων
2692 442 2791 512 τὴν
2833 437 3174 510 συγχώρησιν
3209 435 3482 507 εὑρέσθαι.
3532 439 3754 512 Ἐπειδὴ

2171 528 2279 598 γὰρ
2311 523 2449 580 εἶδεν
2493 527 2522 578 6
2558 525 2935 596 φιλάνθρωπος
2974 521 3104 583 Θεὸς
3135 521 3234 592 τῆς
3272 521 3555 588 ἀσθενείας
3590 525 3754 595 ήμῶν

2172 611 2266 682 τὴν
2315 609 2640 682 ὑπερϐολὴν,
2695 608 2788 662 καὶ
2828 609 2910 661 ὅτι
2953 605 3146 658 ἀνίατα
3183 604 3462 670 νοσοῦντες
3509 608 3751 679 μεγάλης

2170 703 2401 774 δεόμεθα
2431 703 2529 772 τῆς
2561 702 2822 773 ἰατρείας,
2845 700 2941 753 καὶ
2967 699 3174 768 ἀφάτου
3195 699 3293 770 τῆς
3320 700 3743 772 φιλανθρωπίας,

2171 785 2471 855 οἰκονομῶν
2503 784 2602 856 τὴν
2641 784 2914 855 ἡμετέραν
2950 780 3244 852 σωτηρίαν,
3295 781 3585 853 ἐχαρίσατο
3615 785 3748 853 ἡμῖν

2171 869 2272 941 τὴν
2303 868 2392 922 διά
2422 867 2517 922 τοῦ
2545 866 2768 939 λουτροῦ
2805 867 2906 937 τῆς
2939 863 3356 932 παλιγγενεσίας
3389 865 3742 930 ἀνακαίνισιν,

2173 953 2261 1007 ἵνα
2283 952 2608 1023 ἀποθέμενοι
2636 951 2726 1004 16v
2755 948 2981 1004 παλαιὸν
3009 948 3313 1019 ἄνθρωπον,
3348 948 3492 1002 τοῦτ’
3521 949 3630 1002 ἔστι
3647 951 3745 1014 τὰς

2173 1033 2399 1109 πράξεις
2435 1035 2533 1099 16;
2558 1033 2820 1104 πονηρὰς,
2855 1033 2950 1087 καὶ
2982 1032 3330 1103 ἐνδυσάμενοι
3368 1032 3459 1086 16v
3482 1032 3617 1098 νέον,
3653 1035 3746 1087 ἐπὶ

2172 1118 2272 1191 τὴν
2302 1118 2404 1189 τῆς
2438 1117 2643 1190 ἀρετῆς
2684 1117 2804 1169 ὀδὸν
2845 1115 3166 1187 βαδίζωμεν.
3210 1115 3392 1176 Ἀλλά,
3425 1115 3740 1186 παρακαλῶ,

2177 1201 2252 1274 μὴ
2274 1201 2382 1255 τῶν
2402 1200 2753 1271 ἀγνωμόνων,
2775 1199 2883 1253 τῶν
2911 1199 3249 1270 ἀναισθήτων
3280 1199 3496 1270 χείρους
3516 1199 3744 1269 γενώμεο

2175 1285 2246 1338 θα
2285 1283 2566 1337 Ἰουδαίων.
2612 1283 2839 1336 Ἐκεῖνοι
2875 1281 2973 1353 μὲν
2995 1282 3101 1354 γάρ
3130 1282 3409 1351 δεχόμενοι
3437 1281 3499 1334 τὸ
3525 1284 3743 1351 σημεῖον

2177 1365 2326 1441 [MO]
2367 1365 2523 1419 10610
2558 1365 2660 1436 τῆς
2693 1365 3014 1437 περιτομῆς,
3051 1361 3196 1435 εἶχον
3235 1365 3424 1434 ἰκανὴν
3453 1365 3746 1434 ἀσφάλειαν

2175 1452 2312 1522 πρὸς
2340 1449 2401 1503 16
2427 1449 2621 1521 μηκέτι
2651 1447 3145 1520 συναναμίγνυσθαι
3169 1450 3281 1511 τοῖς
3309 1448 3486 1502 ἔθνεσι
3504 1448 3640 1502 κατά
3656 1448 3745 1502 τὸν

2175 1535 2277 1605 τῆς
2306 1532 2588 1596 κοινωνίας
2621 1531 2796 1600 λόγον·
2835 1531 2975 1585 κατὰ
3004 1531 3113 1603 γὰρ
3143 1531 3239 1603 τὴν
3269 1531 3523 1585 ἀσέϐειαν
3554 1531 3745 1585 πολλά-

2176 1636 2263 1682 κις
2294 1618 2490 1682 αὐτοὺς
2532 1616 2626 1670 καὶ
2655 1615 3086 1687 ὐπερηκόντισαν
3109 1613 3424 1686 ἀγνώμονες
3451 1616 3745 1684 γεγονότες.

2191 1702 2326 1756 Ἀλλ’
2353 1703 2512 1773 ἡμεῖς
2536 1699 2682 1764 ἅπαξ
2707 1699 2988 1770 δεχόμενοι
3020 1699 3119 1769 τὴν
3143 1698 3229 1751 διὰ
3252 1699 3347 1751 τοῦ
3381 1698 3746 1770 βαπτίσματος

2177 1785 2497 1856 περιτομὴν,
2547 1781 2686 1852 μετὰ
2714 1781 3014 1850 ἀσφαλείας
3042 1781 3109 1836 16
3137 1780 3256 1835 καθ’
3289 1783 3515 1845 ἐαυτούς
3545 1785 3745 1836 οἰκονο·

2180 1871 2461 1940 μήσωμεν.
2503 1867 2579 1920 06
2617 1865 2760 1934 λέγω
2798 1865 2887 1920 ἵνα
2929 1866 3005 1936 μὴ
3045 1864 3602 1935 συναναμιγνυώμεθα
3639 1869 3748 1928 τοῖς

2177 1953 2406 2015 έθνεσιν,
2427 1951 2542 2004 ἀλλ’
2568 1951 2655 2004 ἴνα
2677 1949 2773 2003 ἐπὶ
2795 1950 2894 2020 τῆς
2915 1949 3123 2013 οἰκείας
3142 1949 3343 2022 ἀρετῆς
3365 1949 3633 2020 μένοντες,
3659 1951 3751 2003 καὶ

2177 2034 2403 2097 ἐκείνοις
2429 2031 2954 2104 συναναμιγνύμενοι
2973 2032 3222 2102 ἕλκωμεν
3247 2032 3443 2096 αὐτοὺς
3461 2034 3538 2096 εἰς
3556 2032 3653 2104 τὴν
3667 2032 3754 2085 εὐ-

2179 2117 2416 2182 σέϐειαν,
2456 2117 2551 2170 καὶ
2593 2116 2681 2170 διά
2715 2118 2815 2186 τῆς
2854 2114 2966 2168 τῶν
3001 2115 3218 2183 ἀγαθῶν
3263 2114 3439 2188 ἔργων
3484 2115 3753 2178 πολιτείας

2177 2201 2524 2264 διδασκαλίας
2548 2200 2728 2264 αὐτοῖς
2749 2199 3004 2262 ὑπόθεσις
3029 2197 3326 2270 γινώμεθα.
3352 2198 3448 2252 Διά
3470 2199 3578 2270 γᾶρ
3600 2197 3756 2251 τοῦτο

2179 2284 2272 2338 καὶ
2295 2285 2324 2337 6
2347 2284 2522 2349 κοινὸς
2556 2284 2808 2338 ἁπάντων
2847 2282 3120 2353 Δεσπότης
3154 2281 3526 2354 συνεχώρησεν
3551 2283 3754 2353 ἀναμεο

2183 2367 2371 2440 μίχθαι
2391 2369 2629 2431 καὶτοὺς
2654 2367 2922 2437 πονηροὺς
2949 2367 3042 2420 καὶ
3073 2367 3198 2431 τοὺς
3217 2366 3473 2434 ἀγαθοὺς,
3507 2366 3599 2420 καὶ
3629 2367 3752 2429 106;

2180 2452 2424 2515 εὐσεϐεῖς
2446 2452 2540 2505 καὶ
2565 2451 2691 2514 τούς
2713 2449 2949 2512 ἀσεϐεῖς,
2977 2450 3064 2502 ἵνα
3087 2450 3137 2502 οί
3165 2449 3389 2520 πονηροὶ
3408 2449 3754 2520 κερδαίνωσιν

2179 2534 2288 2588 ἀπὸ
2317 2533 2427 2588 τῶν
2457 2532 2698 2604 ἀγαθῶν,
2736 2533 2830 2586 καί⁵
2862 2533 2912 2587 οἱ
2943 2533 3001 2585 ἐν
3033 2531 3258 2603 ἀσεϐείᾳ.
3297 2532 3376 2584 ἔτι
3405 2532 3755 2601 κατεχόμενοι

2178 2616 2621 2688 χειραγωγῶνται
2646 2615 2783 2686 πρὸς
2818 2615 2919 2685 τὴν
2948 2615 3245 2668 εὐσέϐειαν.
3281 2614 3445 2668 Οὐδὲν
3483 2614 3591 2685 γὰρ
3615 2615 3756 2667 οὑτω

2178 2700 2257 2770 τῷ
2275 2699 2394 2770 Θεῷ
2419 2698 2896 2770 περισπούδαστον,
2919 2698 2994 2761 ὡς
3023 2697 3266 2768 σωτηρία
3292 2696 3486 2768 ψυχῆς.
3523 2698 3614 2767 Μὴ
3642 2699 3754 2751 τοί-

2181 2800 2276 2836 νυν
2309 2781 2622 2854 ἀμελῶμεν,
2660 2780 2986 2851 παρακαλῶ,
3031 2781 3168 2850 μήτε
3206 2780 3434 2844 ἑαυτῶν,
3477 2781 3613 2850 μήτε
3648 2779 3756 2832 τῶν

2181 2865 2426 2936 πλησίον’
2453 2865 2660 2918 ἑαυτῶν
2694 2865 2812 2934 μὲν,
2847 2863 2937 2916 διὰ
2965 2861 3058 2916 τοῦ
3090 2862 3158 2916 τὰ
3189 2863 3308 2915 καθ’
3336 2864 3560 2925 ἐαυτούς
3584 2862 3757 2924 οὕτως

2179 2952 2500 3021 οἰκονομεῖν,
2523 2949 2599 3012 ὼς
2625 2948 2772 3001 δοκεί
2794 2947 2870 3018 τῷ
2897 2946 3035 3017 Θεῷ·
3059 2946 3236 3000 τῶνδέ
3261 2947 3505 3018 πλησίον,
3526 2947 3590 2999 ἵν’
3613 2946 3756 3001 οὕτω

2180 3033 2484 3104 λάμπωμεν
2505 3033 2561 3083 ἐν
2587 3031 2778 3102 ἀρετῇ,
2800 3029 2940 3082 ὥστε
2969 3029 3063 3082 καὶ
3091 3028 3364 3098 σιγώντων
3384 3031 3537 3100 ἡμῶν
3564 3031 3753 3098 ἱκανὴν

2180 3119 2324 3187 ἐχειν
2347 3113 2693 3168 διδασκαλίαν
2715 3114 2838 3177 106;
2877 3115 2957 3178 εἰς
2991 3115 3136 3184 ἡμᾶς
3163 3114 3639 3186 ὁρῶντας.Ὠσπερ
3653 3111 3748 3166 οὖν

2179 3198 2424 3270 ἐνάρετοι
2458 3197 2610 3260 ὀντες
2659 3195 2727 3248 16
2773 3196 3003 3266 μέγιστα
3051 3197 3146 3251 καὶ
3185 3196 3338 3251 αὐτοὶ
3371 3195 3743 3266 κερδανοῦμεν,

2181 3282 2275 3334 καὶ
2297 3285 2422 3344 τούς
2451 3275 2710 3342 ἀπίστους
2728 3277 3104 3349 ώφελήσομεν,
3127 3277 3320 3342 οὑτως,
3341 3281 3388 3332 εἰ
3409 3278 3750 3349 ῥαθυμήσαι·

2183 3381 2303 3434 μεν,
2351 3363 2445 3417 καὶ
2480 3362 2634 3415 αὐτοὶ
2667 3361 2869 3433 πολλὴν
2916 3360 3335 3432 ὑποστησόμεθα
3371 3361 3466 3430 τὴν
3507 3359 3755 3426 κόλασιν,

2180 3447 2274 3500 καὶ
2306 3445 2512 3516 ἐτέροις
2541 3443 2838 3497 σκανδάλου
2881 3443 3135 3507 ὑπόθεσις
3169 3441 3528 3514 γενησόμεθα.
3567 3442 3756 3495 Καθά-

2180 3549 2286 3604 περ
2319 3531 2429 3601 γὰρ
2459 3528 2557 3600 τὴν
2585 3528 2784 3600 ἀρετὴν
2819 3524 3091 3600 μετιόντες
3118 3528 3278 3600 διπλῇ
3307 3528 3397 3582 16v
3428 3529 3617 3599 μισθὸν
3649 3545 3756 3582 πα-

2180 3615 2251 3687 ρά
2288 3613 2384 3667 τοῦ
2430 3610 2564 3666 Θεοῦ
2603 3611 2982 3687 καρπούμεθα,
3016 3612 3110 3666 καὶ
3140 3611 3282 3683 ὑπὲρ
3313 3607 3392 3666 ὧν
3434 3612 3503 3666 ἂν
3552 3612 3754 3679 ταύτην

2182 3686 2478 3770 μετίωμεν,
2521 3694 2613 3748 καὶ
2657 3694 2799 3766 ὑπὲρ
2851 3686 2927 3749 ὧν
2965 3696 3092 3758 τοὺς
3130 3694 3357 3765 πλησίον
3397 3693 3754 3764 ἐφελκώμεθα

2177 3783 2259 3844 εἰς
2289 3779 2388 3851 τὴν
2419 3778 2518 3849 τῆς
2543 3777 2747 3848 ἀρετῆς
2785 3777 3090 3831 κοινωνίανο
3125 3778 3217 3831 16v
3249 3777 3411 3831 a616v
3443 3778 3508 3850 δὴ
3551 3778 3754 3849 τρόπον

2177 3864 2271 3917 καὶ
2298 3862 2390 3915 ἐπὶ
2421 3860 2518 3930 τῆς
2546 3860 2766 3923 κακίας,
2795 3860 2894 3931 οὐχ
2933 3860 3072 3931 ὑπὲρ
3109 3853 3184 3914 ὧν
3224 3862 3620 3932 ἡμαρτήκαμεν
3657 3879 3750 3914 κο-

2177 3944 2450 4016 λαζόμεθα
2477 3944 2657 4014 μόνον,
2691 3941 2805 3997 ἀλλ’
2829 3944 2968 4015 ὑπὲρ
2989 3937 3064 3998 ὧν
3094 3944 3188 3998 καὶ
3218 3944 3435 4016 ἐτέρους
3462 3944 3748 3998 ὑποσκελί-

2177 4028 2363 4099 ζομεν.
2400 4025 2560 4080 Ἀλλά
2587 4026 2662 4096 μὴ
2685 4025 2892 4094 γένοιτο
2921 4026 3029 4080 τῶν
3059 4026 3292 4080 ἐνταῦθά
3313 4045 3435 4089 τινα
3468 4027 3752 4080 συνιόντων

2176 4109 2415 4164 τοιοῦτον
2438 4108 2710 4178 γενέσθαι,
2738 4107 2873 4161 ἀλλά
2902 4109 3108 4173 πάντας
3131 4111 3278 4180 ἡμᾶς
3305 4111 3441 4180 πρὸς
3467 4111 3748 4181 οἰκοδομὴν

2177 4193 2284 4248 τῶν
2311 4191 2562 4264 ὁρώντων
2589 4190 2680 4244 16v
2709 4192 2916 4244 ἑαυτῶν
2944 4192 3058 4263 βίον
3088 4192 3302 4257 ἰθύνειν,
3331 4193 3415 4245 ἵνα
3436 4193 3748 4264 δυνηθῶμεν

2180 4275 2320 4347 μετὰ
2362 4274 2671 4347 παρρησίας
2725 4274 2913 4344 στῆναι
2969 4276 3060 4329 ἐπὶ
3096 4275 3190 4328 τοῦ
3222 4275 3460 4347 βήματος
3499 4277 3587 4328 τοῦ
3615 4278 3745 4345 X9:-

2178 4357 2328 4424 στοῦ,
2375 4360 2470 4412 καὶ
2513 4357 2620 4411 τῶν
2648 4359 2974 4430 ἀπορρήτων
3005 4359 3226 4411 ἐκείνων
3256 4357 3477 4428 ἀγαθῶν
3510 4357 3745 4428 ἀξιωθῆ-

2176 4459 2287 4504 ναι,
2327 4435 2402 4495 ὧν
2441 4440 2654 4510 γένοιτο
2686 4441 2895 4504 πάντας
2933 4442 3080 4511 ἡμᾶς
3122 4443 3418 4512 ἐπιτυχεῖν,
3449 4441 3624 4512 χάριτι
3652 4440 3744 4492 καὶ

2178 4525 2558 4595 φιλανθρωπία
2589 4521 2681 4576 τοῦ
2705 4522 2903 4595 Κυρίου
2940 4516 3097 4595 ήμῶν
3135 4524 3306 4596 Ἰησοῦ
3335 4523 3583 4595 Χριστοῦ,
3620 4519 3741 4591 μεθ’

2174 4605 2236 4664 06
2267 4609 2346 4679 τῷ
2390 4609 2562 4678 Πατρί
2590 4609 2707 4676 ἅμα
2736 4608 2814 4677 τῷ
2853 4609 2992 4678 ἀγίῳ
3037 4607 3310 4679 Πνεύματι
3346 4607 3491 4673 δόξα,
3523 4606 3740 4678 κράτος,

2175 4690 2328 4762 τιμὴ,
2360 4689 2454 4743 νῦν
2486 4689 2577 4743 καὶ
2614 4691 2722 4756 ἀεὶ,
2761 4690 2856 4744 καὶ
2889 4693 2969 4754 εἰς
2993 4691 3118 4756 τούς
3155 4690 3357 4756 αἰῶνας
3385 4692 3491 4745 τῶν
3516 4689 3741 4746 αἰώνων.

2189 4773 2381 4847 Ἀμήν.

2735 4915 2977 4970 ΟΜΙΛΙΔ
3018 4919 3151 4974 MA'.

2177 5085 2368 5159 "050011
2403 5083 2491 5159 ’δέ
2518 5087 2550 5139 d
2596 5086 2738 5153 Θεὸς
2772 5087 2862 5159 τῷ
2905 5089 3149 5159 Ἀϐραὰμ
3195 5089 3344 5157 πρὸς
3388 5089 3465 5158 τῇ
3492 5089 3628 5157 δρυῒ
3668 5088 3744 5159 τῇ

2239 5155 2491 5234 Μαμϐρῆ
2512 5194 2526 5218 ,
2557 5158 2894 5234 ξιαθῃμένου
2924 5155 3116 5234 αὑτοῦ
3142 5155 3247 5212 ἐπί
3279 5159 3393 5229 τῆς
3632 5155 3743 5229 τῆξ

2240 5226 2481 5292 σκηνῆς
2508 5226 2694 5280 αὑτοῦ
2715 5230 3110 5296 μεσημϐρίας.

2239 5353 2305 5402 α’.
2338 5346 2512 5399 Ὀκνῶ
2544 5348 2638 5401 καὶ
2664 5348 2962 5419 ἀναδύομαι
2987 5352 3223 5422 σήμερον
3246 5352 3385 5423 πρὸς
3411 5350 3510 5423 τὴν
3537 5355 3636 5424 τῆς
3664 5353 3741 5408 δι·-

2166 5429 2461 5494 δασκαλίας
2499 5431 2778 5502 ἐξήγησιν.
2827 5433 2995 5486 Ὅταν
3041 5433 3150 5504 γὰρ
3185 5436 3459 5506 ἐννοήσω,
3500 5437 3582 5489 ὅτι
3621 5436 3739 5489 καθ’

2167 5513 2403 5584 ἑκάστην
2427 5514 2640 5584 ἡμέραν
2686 5514 2841 5584 ήμῶν
2888 5516 3220 5586 ἐνηχούντων
3245 5557 3260 5581 ,
3296 5518 3697 5588 παραινούντων
3721 5557 3736 5584 ,

2167 5595 2575 5664 παρατιθέντων
2594 5597 2722 5667 ὑμῖν
2741 5597 2837 5666 τὴν
2867 5600 3240 5671 πνευματικὴν
3260 5600 3459 5671 ταύτην
3478 5601 3738 5665 ἑστίασιν,

2165 5679 2346 5734 πολλοὶ
2377 5681 2482 5733 τῶν
2513 5681 2741 5734 ἐνταῦθα
2774 5685 3254 5754 παραγενομένων,
3287 5686 3380 5738 καὶ
3404 5685 3740 5757 μετεχόντων

2164 5763 2260 5835 τῆς
2299 5765 2667 5836 πνευματικῆς
2710 5766 2912 5837 ταύτης
2958 5765 3303 5833 διδασκαλίας
3340 5771 3431 5823 καί
3470 5769 3568 5838 τῆς
3614 5786 3738 5838 (99'.-
