4084 6214
401 325 512 392 373

399 451 578 506 omnia
623 447 915 507 succedunt
941 465 956 514 ;
987 447 1082 504 sed
1101 456 1155 502 et
1175 447 1219 502 si
1240 447 1290 502 in
1312 446 1572 513 adversis,
1591 447 1832 502 eamdem
1854 457 1986 519 grati

397 545 565 599 auitni
587 543 1027 614 significationem
1053 541 1162 595 det.
1185 538 1274 594 Sic
1294 539 1437 592 enim
1463 537 1758 606 patriarcha
1797 537 1886 591 ille
1903 552 1990 590 ce-

400 636 562 690 lebris
581 643 635 691 ct
652 635 872 690 illustris
895 633 1012 695 fuit,
1033 643 1086 686 et
1106 639 1303 686 tantam
1325 628 1464 700 apud
1493 629 1659 684 Deum
1677 628 1901 682 obtinuit
1923 629 1986 681 ti-

399 725 655 790 duciam,
709 742 772 780 ac
815 725 953 780 dona
1019 723 1223 793 accepit
1278 739 1397 793 qua:
1474 737 1631 792 supra
1701 722 1985 776 luuuanam

398 829 520 874 sunt
551 828 815 874 naturam.

466 914 520 967 1.
561 911 667 968 Sed
697 927 878 981 opera:
911 911 1139 981 pretium
1161 921 1243 967 est
1273 920 1331 966 ut
1349 911 1414 966 ad
1446 911 1744 966 institutum
1774 921 1982 963 sermo-

398 1020 520 1060 nem
547 1004 852 1069 redeamus,
871 1014 924 1059 et
946 1004 1356 1074 videamusjusti
1375 1003 1757 1066 obedientiam,
1778 1009 1832 1055 et
1851 1013 1984 1069 quo-

398 1097 558 1150 modo
588 1095 772 1152 fecerit
799 1095 938 1165 quod
980 1112 1010 1150 a
1042 1096 1150 1151 Deo
1181 1096 1500 1166 imperatum
1545 1104 1661 1158 est,
1696 1110 1802 1148 non
1830 1106 1980 1161 qua:-

395 1203 521 1242 rcns
568 1203 809 1254 causam,
865 1204 1037 1258 neque
1067 1189 1327 1243 rationem
1358 1188 1600 1258 exigens,
1649 1185 1788 1240 sicut
1829 1181 1979 1236 multi

392 1279 708 1350 insipientes
737 1278 960 1344 faciunt,
989 1279 1058 1334 de.
1084 1279 1148 1334 iis
1176 1294 1295 1349 quae
1322 1277 1463 1332 Deus
1494 1284 1748 1346 operatur
1771 1274 1980 1329 curiose

391 1379 711 1440 quaerentes,
737 1379 792 1426 et
818 1371 1085 1427 dicentes:
1113 1371 1291 1439 Quare
1319 1371 1442 1437 hoc,
1470 1378 1707 1440 chuare
1734 1366 1898 1422 illud?
1923 1373 1979 1420 et

391 1479 511 1532 qua:
541 1460 689 1530 hinc,
723 1464 807 1518 vel
830 1479 950 1534 quze
981 1462 1127 1518 illinc
1158 1461 1359 1517 utilitas
1406 1459 1716 1515 enascitur?
1759 1461 1823 1514 At
1869 1474 1975 1514 non

389 1555 454 1611 ad
493 1571 615 1612 cum
644 1555 861 1611 modum
905 1557 1027 1612 fecit
1059 1557 1235 1628 justus
1267 1555 1387 1621 ille;
1435 1553 1531 1610 sed
1586 1554 1719 1608 sicut
1750 1553 1976 1608 famulus

387 1647 614 1719 diligens
641 1649 941 1712 dominum,
970 1662 1320 1720 quazcumque
1349 1645 1692 1718 percepisset
1751 1644 1973 1712 implere

383 1740 610 1804 studuit,
643 1740 774 1794 nihil
805 1740 1026 1795 ulterius
1049 1749 1393 1811 percontans.
1427 1738 1492 1792 Et
1520 1746 1578 1792 ut
1615 1737 1813 1800 discas,
1847 1735 1972 1790 audi

381 1850 502 1905 1111111
543 1845 859 1904 sequuntur.
903 1833 1190 1904 Postquam
1243 1831 1386 1888 enim
1440 1830 1696 1885 Dominus
1747 1828 1973 1898 promis-

379 1927 587 1980 sionem
609 1925 656 1980 ci
681 1925 802 1980 fecit
822 1924 841 1994 (
859 1941 904 1979 v.
933 1924 1059 1993 22),
1089 1934 1143 1980 et
1163 1922 1772 1993 complevitsermouem
1791 1935 1966 1986 suum,

379 2017 748 2086 statimjustus
773 2032 892 2085 qua:
911 2017 1163 2085 imperata
1190 2013 1401 2068 luerunt
1425 2013 1666 2082 perfecit,
1690 2022 1738 2066 et
1760 2011 1967 2080 signum

382 2107 482 2162 hoc
503 2107 642 2177 quod
674 2123 702 2159 a
735 2107 842 2161 Deo
871 2115 987 2160 erat
1012 2107 1216 2173 datum,
1242 2105 1430 2158 indidit
1458 2103 1670 2159 Ismaeli
1718 2104 1800 2174 (v.
1829 2101 1919 2169 2'5)
1948 2142 1965 2167 ,

378 2199 840 2254 circumcisionent
858 2197 999 2263 dico,
1024 2207 1078 2252 et
1101 2197 1349 2250 ontnihus
1377 2196 1673 2251 vernaculis
1699 2205 1750 2250 ct
1777 2193 1968 2264 empti-

379 2290 486 2353 tiis,
517 2292 651 2344 sicut
677 2290 924 2360 loquutus
947 2299 1028 2342 est
1052 2288 1098 2343 ei
1123 2289 1278 2343 Deus.
1302 2287 1660 2342 Circumcisus
1681 2295 1763 2341 est
1788 2295 1964 2339 autem

374 2394 429 2437 et
451 2384 582 2454 ipse.
613 2383 682 2436 2i
743 2379 1034 2452 Nonaginta
1059 2379 1201 2438 enim
1229 2390 1274 2434 ct
1302 2396 1476 2433 novem
1512 2395 1767 2432 annorum
1807 2385 1916 2430 erat
1946 2415 1962 2440 ,

375 2474 566 2546 inquit,
601 2475 802 2544 quando
849 2473 1159 2526 circumcidit
1199 2489 1402 2526 carnem
1449 2471 1688 2542 pra'putii
1734 2471 1814 2525 sui
1826 2469 1960 2536 ;23.

372 2565 566 2622 lautae!
589 2579 756 2620 autem
784 2574 892 2619 erat
919 2581 1169 2618 annorum
1195 2563 1450 2618 tredecim.
1477 2561 1555 2618 Ne
1586 2571 1739 2632 putes
1760 2561 1962 2631 absque

370 2673 528 2713 causa
557 2658 885 2727 Scripturam
912 2670 1209 2724 proponere
1252 2654 1408 2708 nobis
1457 2669 1737 2707 numerum
1786 2666 1960 2706 anno-

371 2765 488 2804 rum
516 2766 529 2802 :
562 2747 655 2802 sed
680 2758 736 2802 ut
757 2763 821 2802 ex
839 2745 1272 2816 hocdiscasjusti
1299 2759 1542 2815 magnam
1573 2742 1954 2808 obedientiam,

368 2842 508 2913 quod
535 2857 655 2896 cum
673 2841 782 2911 jam
815 2841 867 2894 in
896 2839 1164 2910 decrepita
1191 2847 1336 2894 esset
1355 2836 1532 2902 :etate,
1565 2835 1758 2892 leniter
1780 2835 1957 2890 tulerit

367 2934 605 2987 dolorem
631 2939 849 3002 propter
875 2937 1199 3001 pncceptum
1223 2929 1332 2991 Dei,
1366 2938 1646 2997 propterea
1662 2926 1784 2980 facit
1811 2925 1953 2981 illam

365 3023 845 3089 enumerationem,
877 3032 932 3079 et
949 3039 1054 3077 non
1086 3021 1200 3092 ipse
1227 3021 1421 3084 solum,
1448 3019 1541 3075 sed
1590 3027 1644 3074 et
1666 3017 1874 3083 lsmael,
1902 3027 1957 3073 et

365 3133 554 3174 omnes
582 3115 856 3173 vernaculi
886 3113 1365 3170 circumciduntur.
1400 3111 1586 3183 Neque
1609 3111 1710 3165 hoc
1733 3126 1952 3180 parvum

362 3219 417 3267 et
440 3211 556 3266 leve
585 3209 762 3266 fuerit.
791 3209 907 3264 Non
938 3209 1080 3264 enim
1105 3207 1243 3263 idem
1279 3214 1384 3273 est,
1415 3205 1712 3268 carissime,
1735 3219 1952 3260 carnem

361 3318 570 3367 sanam,
599 3311 653 3358 et
702 3301 840 3357 male
885 3300 1168 3355 habentem
1199 3314 1405 3355 secare.
1441 3297 1574 3353 Nam
1613 3297 1712 3353 etsi
1759 3295 1952 3351 medici

363 3408 576 3463 quoque
598 3392 836 3446 membra
868 3390 1109 3444 morbida
1130 3389 1416 3456 aliquando
1442 3387 1705 3449 incidunt,
1760 3396 1815 3440 at
1844 3402 1950 3440 non

361 3491 447 3536 est
473 3482 663 3535 similis
681 3480 856 3535 dolor.
887 3478 1203 3532 Emortuum
1234 3478 1378 3531 enim
1410 3477 1732 3539 membrum,
1778 3485 1836 3530 ut
1879 3475 1950 3528 ita

361 3571 558 3637 dicam,
582 3569 694 3638 jam
737 3579 794 3624 et
815 3568 964 3624 vitali
989 3567 1302 3639 operatione
1320 3567 1633 3622 destitutqu
1665 3575 1790 3622 tunc
1814 3567 1951 3622 inci-

361 3663 514 3719 dunt.
547 3661 644 3717 llic
679 3669 857 3716 autem
883 3675 1048 3715 senex
1079 3670 1134 3714 et
1177 3659 1481 3728 decrepitus
1507 3659 1758 3728 (centum
1805 3659 1948 3713 enim

361 3770 622 3811 annorum
648 3757 802 3820 erat)
827 3753 1118 3809 cruciatum
1141 3753 1331 3808 leniter
1353 3751 1491 3816 tulit,
1542 3750 1699 3805 simul
1727 3759 1780 3806 et
1811 3766 1950 3821 pra:-

360 3857 573 3918 ceptum
605 3847 698 3902 Dei
720 3845 945 3914 implere
972 3845 1178 3911 volens,
1235 3854 1285 3899 et
1319 3844 1483 3898 lium
1528 3853 1584 3898 et
1637 3843 1950 3899 vernaculos

362 3953 554 3993 omnes
582 3936 940 4007 promptiores
971 3934 1226 3999 reddens,
1251 3943 1306 3988 ut
1336 3949 1404 3989 ne
1423 3943 1822 3999 cunctarentur,
1853 3933 1946 3988 sed

361 4043 552 4100 magna
580 4029 857 4082 alacritate
900 4026 991 4081 Dei
1039 4035 1361 4095 przeceptum
1406 4025 1709 4094 implerent.
1757 4023 1948 4080 Vidisti

360 4133 554 4192 quanta
583 4137 669 4177 res
708 4122 777 4176 sit
807 4121 886 4174 vir
908 4129 1166 4190 praastans
1219 4117 1432 4184 virtute,
1475 4117 1744 4188 quomodo
1789 4119 1947 4173 mini-

361 4225 503 4270 stros
523 4229 712 4271 onmes
738 4216 928 4269 doceat
948 4223 1006 4267 ut
1031 4229 1125 4267 sua
1149 4211 1368 4282 vestigia
1393 4209 1710 4281 sequantur?
1733 4209 1866 4266 Nam
1896 4211 1947 4266 id

358 4305 500 4378 quod
546 4306 660 4362 heri
691 4306 954 4372 dicebam,
981 4303 1082 4358 hoc
1109 4304 1235 4357 item
1263 4312 1315 4356 et
1354 4317 1494 4356 nunc
1537 4301 1657 4355 dico
1687 4318 1700 4354 :
1734 4311 1949 4372 propter

363 4398 466 4454 hoc
487 4397 599 4453 fere
628 4413 692 4452 ex
726 4397 818 4451 illo
843 4395 932 4451 die
962 4403 1284 4465 praeceptum
1309 4393 1473 4448 fuisse
1499 4409 1527 4446 a
1553 4393 1683 4458 Deo,
1733 4403 1789 4448 ut
1841 4393 1944 4447 im-

361 4501 566 4544 matura
597 4497 753 4543 a-tate
776 4488 878 4542 hoc
904 4487 1145 4542 subirent
1170 4485 1344 4556 pueri,
1398 4499 1506 4553 quo
1534 4483 1736 4554 absque
1781 4501 1943 4539 sensu

359 4589 412 4635 et
439 4579 624 4634 dolore
649 4577 964 4633 incisionem
995 4575 1174 4630 carnis
1199 4575 1423 4631 ferrent.

432 4672 600 4726 Brevis
639 4669 1035 4725 circnmcisionis
1085 4685 1198 4723 cum
1261 4669 1561 4738 baptismate
1605 4669 1941 4738 comparatio.

359 4762 496 4817 Licet
527 4763 827 4817 Christianis
853 4762 983 4816 inter
1005 4769 1176 4832 gentes
1228 4760 1413 4815 versari
1437 4761 1706 4833 quomodo.
1837 4760 1943 4816 Vc-

363 4869 478 4908 rum
505 4853 782 4907 considera
810 4851 901 4907 Dei
930 4851 1331 4921 benignitatem,
1377 4861 1434 4906 et
1475 4851 1795 4905 inetl'abilem
1826 4849 1944 4920 ejus

359 4961 484 5015 erga
517 4959 614 4998 nos
640 4943 1064 5000 benecentiam.
1121 4943 1208 4996 Illa
1235 4943 1378 4997 enim
1405 4941 1742 4997 circumcisio
1786 4939 1944 4994 dolo-

362 5053 475 5092 rt-m
505 5034 689 5091 habuit
712 5045 765 5090 et
790 5034 1046 5100 laborem,
1080 5043 1135 5088 et
1161 5033 1302 5088 nulla
1333 5033 1434 5087 alia
1448 5049 1512 5087 ex
1533 5032 1944 5087 circumcisione

359 5129 458 5188 fuit
483 5130 701 5191 utilitas,
718 5143 876 5198 quam
898 5127 1154 5188 haaesola,
1172 5125 1312 5197 quod
1333 5141 1396 5180 ex
1416 5124 1516 5180 hoc
1531 5126 1682 5194 signo
1705 5125 1942 5195 dignosci

361 5232 601 5294 possent,
631 5231 687 5278 et
711 5222 780 5276 ab
804 5222 924 5276 aliis
943 5219 1192 5293 gentibus
1215 5226 1717 5288 sequestrarentur;
1762 5225 1943 5270 nostra

358 5325 536 5370 autem
567 5312 924 5378 circumcisio,
955 5313 1036 5368 vel
1066 5308 1422 5379 baptismatis,
1467 5307 1698 5377 inquam,
1732 5307 1900 5378 gratia
1925 5346 1940 5371 ,

359 5407 678 5465 medicinam
705 5405 866 5460 habet
893 5405 1024 5458 citra
1045 5402 1308 5466 dolorem,
1368 5401 1755 5469 innumeraqne
1804 5399 1942 5454 bona

360 5500 515 5554 nobis
544 5497 718 5564 affert,
741 5496 974 5568 Spiritus
1000 5495 1169 5549 sancti
1196 5493 1364 5564 gratia
1396 5506 1494 5546 nos
1522 5491 1725 5560 implet,
1749 5501 1802 5545 et
1829 5490 1947 5544 nul-

361 5594 468 5648 lum
490 5589 770 5646 denitum
801 5587 964 5644 habet
986 5597 1198 5657 tempus
1216 5586 1355 5641 sicut
1377 5583 1486 5639 illic
1506 5600 1520 5636 :
1539 5582 1633 5638 sed
1663 5584 1788 5638 licet
1810 5592 1862 5638 et
1889 5583 1942 5638 in

359 5685 550 5756 prima,
579 5691 635 5739 et
665 5682 717 5738 in
746 5679 945 5749 media,
972 5680 1105 5736 etin
1131 5677 1312 5733 ultima
1340 5684 1496 5733 :etate
1527 5675 1663 5730 hanc
1689 5690 1795 5729 non
1825 5691 1941 5729 ma-

359 5775 626 5833 nulactatn
650 5769 1114 5830 circumcisioaem
1145 5768 1406 5840 recipere,
1435 5767 1487 5824 in
1514 5782 1618 5840 qua
1645 5781 1750 5822 non
1778 5766 1939 5822 susti-

1497 333 1649 390 CAP.
1692 333 1877 396 XVIII.
1919 334 2163 393 GENES.
2209 333 2442 392 il0.\llL.
2486 335 2621 391 XLI.

3585 341 3692 400 374

2102 459 2256 503 netnr
2284 449 2453 515 labor,
2498 448 2592 503 sed
2620 460 2960 519 peccatorum
3003 449 3344 522 deponuntur
3385 467 3586 521 onera,
3629 466 3684 510 et

2101 544 2344 597 remissio
2375 545 2644 599 invenitur
2673 546 2911 599 omnium
2937 555 3296 614 peccatorum,
3327 564 3447 618 qua:
3471 565 3565 618 per
3591 559 3676 606 to-

2098 643 2202 687 tam
2233 634 2394 689 vitam
2423 644 2572 705 gesta
2597 645 2741 690 sunt.
2772 635 2980 706 Quippe
3005 652 3130 692 eum
3157 636 3416 708 benignus
3437 638 3575 694 Deus
3602 639 3684 694 vi-

2094 722 2171 776 dit
2197 739 2414 792 gravem
2433 735 2670 778 nostram
2699 725 3083 791 inrmitatem,
3116 741 3180 782 ac
3204 742 3300 783 uos
3323 727 3686 784 ineurabiliter

2091 829 2435 888 a'grotantes,
2457 834 2668 874 summa
2698 819 2937 890 indigere
2968 821 3252 886 medicina,
3296 831 3458 892 atque
3496 823 3685 878 ineffa-

2091 908 2181 964 bili
2215 909 2540 980 benignitate
2563 925 2577 963 :
2602 921 2840 966 nostram
2861 926 3056 968 curans
3072 913 3326 981 salutem,
3357 915 3578 986 largitus
3597 926 3682 970 est

2089 1002 2244 1056 nobis
2275 1016 2369 1070 per
2397 1001 2666 1058 lavacrum
2707 1003 3127 1074 regenerationis
3157 1005 3590 1061 innovationem:
3624 1016 3683 1061 ut

2088 1092 2335 1162 deposito
2361 1093 2580 1150 homine
2601 1103 2808 1164 vetere,
2831 1094 2932 1151 hoc
2961 1104 3065 1164 est,
3120 1097 3373 1167 operibus
3393 1098 3568 1164 malis,
3625 1109 3681 1154 et

2087 1183 2260 1238 induti
2287 1199 2505 1250 novum,
2549 1185 2602 1241 in
2631 1187 2716 1241 via
2739 1186 2950 1242 virtutis
2979 1186 3310 1245 incedamus.
3345 1189 3540 1245 Verum
3571 1190 3714 1264 ite-1

2084 1292 2203 1331 rum
2229 1293 2347 1340 oro,
2375 1293 2443 1334 ne
2469 1277 2765 1334 deteriores
2811 1279 2980 1336 simus
3024 1281 3248 1351 ingratis
3285 1290 3341 1336 et
3387 1281 3674 1337 insensatis

2082 1366 2302 1424 Judmis.
2334 1369 2412 1426 llli
2429 1373 2571 1426 enim
2601 1371 2954 1442 suscipientes
2981 1373 3402 1429 eireumcisionis
3421 1373 3672 1445 signacu-

2082 1460 2213 1527 lum,
2243 1464 2371 1518 satis
2414 1464 2513 1519 sibi
2543 1470 2826 1532 cavebant,
2853 1480 2923 1522 ne
2966 1466 3102 1522 ultra
3152 1481 3273 1522 cum
3321 1468 3565 1538 gentibus
3610 1482 3673 1522 se

2081 1553 2390 1622 miscerent,
2417 1565 2674 1626 quantum
2705 1556 2771 1612 ad
2795 1558 3193 1614 communionis
3215 1559 3474 1614 rationem
3502 1559 3668 1629 perti-

2081 1657 2206 1703 net:
2237 1657 2493 1718 quantum
2517 1659 2698 1706 autem
2719 1650 2786 1705 ad
2821 1651 3169 1721 impietatem,
3220 1666 3366 1721 saepe
3423 1652 3541 1706 illos
3585 1651 3668 1706 in-

2076 1741 2212 1811 grati
2244 1742 2589 1810 superabant.
2618 1743 2728 1799 Nos
2775 1758 2904 1798 vero
2947 1759 3068 1798 cum
3117 1744 3286 1799 semel
3334 1743 3670 1811 suscepimus

2078 1833 2323 1900 baptismi
2359 1834 2842 1900 eireumcisionem,
2895 1845 3050 1890 caute
3080 1843 3300 1904 tuteque
3328 1844 3509 1890 nostra
3557 1834 3668 1888 dis-

2079 1937 2382 1993 pensemus.
2417 1923 2532 1979 Non
2563 1924 2792 1980 dixerim
2815 1943 2920 1979 non
2953 1926 3114 1981 licere
3160 1927 3315 1982 nobis
3336 1926 3537 1981 versari
3592 1926 3664 1980 in-

2078 2026 2159 2070 ter
2182 2025 2371 2086 gentes
2403 2018 2539 2071 :sed
2567 2017 2618 2070 in
2653 2018 2864 2086 prOpria
2891 2020 3044 2073 nobis
3085 2020 3281 2074 virtute
3330 2027 3611 2073 manentes
3641 2059 3660 2085 ,

2075 2106 2143 2160 ita
2170 2123 2291 2162 cum
2324 2107 2428 2162 illis
2456 2109 2903 2163 commisceamur
2925 2152 2938 2174 ,
2983 2118 3041 2164 ut
3067 2111 3132 2163 ad
3162 2109 3302 2181 piam
3334 2125 3428 2165 eos
3457 2119 3664 2180 pertra-

2075 2198 2262 2251 hamus
2297 2195 2632 2268 religionem,
2679 2213 2744 2254 ac
2770 2215 2865 2268 per
2895 2200 3154 2254 bonorum
3207 2215 3428 2270 operum
3483 2215 3661 2256 exem-

2073 2290 2217 2359 plum
2239 2289 2498 2344 doctrina:
2527 2290 2607 2345 eis
2621 2299 2867 2346 auctores
2891 2291 3080 2346 simus.
3111 2291 3182 2346 Ea
3209 2291 3351 2347 enim
3381 2291 3448 2347 de
3490 2306 3650 2346 causa

2069 2380 2368 2436 eonnnunis
2415 2381 2654 2436 omnittm
2696 2383 2953 2438 Dominus
2994 2383 3234 2452 permisit
3259 2382 3418 2438 simul
3455 2384 3656 2437 versari

2071 2471 2239 2524 bonos
2256 2480 2311 2526 et
2334 2471 2525 2538 malos,
2555 2475 2676 2544 pios
2701 2485 2756 2528 et
2784 2473 2999 2544 impios,
3054 2482 3111 2527 ut
3142 2472 3267 2527 boni
3321 2471 3655 2527 lucrifaciant

2069 2564 2262 2630 malos,
2285 2573 2338 2618 et
2380 2564 2470 2632 qui
2521 2564 2573 2618 in
2598 2565 2795 2619 malitia
2842 2550 3020 2620 adhuc
3040 2565 3367 2632 detinentur,
3399 2565 3656 2619 manudu-

2064 2667 2251 2709 cantur
2273 2655 2339 2710 ad
2365 2655 2636 2726 pietatem.
2666 2655 2809 2710 Nihil
2849 2656 2992 2711 enim
3040 2656 3176 2711 adeo
3215 2656 3456 2711 studiose
3497 2663 3654 2710 curat

2068 2750 2227 2814 Deus,
2257 2758 2313 2802 ut
2339 2749 2567 2804 salutem
2593 2749 2917 2803 animarum.
2945 2748 3180 2804 Proinde
3199 2749 3447 2813 obsecro,
3473 2762 3540 2802 ne
3564 2762 3654 2802 cu-

2063 2856 2176 2896 ram
2201 2841 2517 2910 ahjiciamus
2548 2856 2720 2911 neque
2753 2841 2942 2907 nostri,
2987 2856 3160 2911 neque
3187 2840 3434 2895 aliorum.
3479 2840 3653 2907 Quan-

2063 2944 2172 2990 tum
2199 2935 2265 2989 ad
2298 2950 2397 2989 nos
2419 2934 2631 3000 attinet,
2662 2935 2734 2988 ita
2783 2934 3124 2990 instituamus
3176 2934 3335 2988 vitam
3360 2974 3376 2998 ,
3425 2942 3484 2987 ut
3538 2933 3652 2987 Deo

2060 3026 2311 3097 placitum
2334 3036 2418 3081 est
2446 3041 2461 3079 :
2493 3036 2752 3097 quantum
2782 3034 2958 3080 autem
2979 3024 3045 3078 ad
3073 3025 3396 3093 proximum,
3445 3023 3524 3078 sic
3569 3023 3651 3077 Iu-

2059 3135 2277 3175 ceamus
2305 3119 2612 3182 virtutibus,
2640 3126 2698 3172 ut
2725 3117 2888 3173 etiam
2916 3115 3204 3171 silentibus
3232 3114 3413 3180 nobis,
3460 3128 3650 3168 omnes

2057 3223 2319 3286 quotquot
2347 3228 2447 3269 nos
2490 3211 2672 3268 vident
2711 3211 2844 3266 satis
2882 3208 3198 3264 doceantur.
3246 3207 3378 3262 Nam
3425 3207 3565 3260 sicut
3601 3206 3648 3260 si

2057 3305 2253 3359 virtute
2275 3304 2479 3373 pnediti
2497 3306 2688 3366 simus,
2711 3301 2943 3354 maxima
2973 3313 3027 3354 et
3048 3300 3149 3368 ipsi
3175 3299 3500 3353 lucrabimur
3525 3337 3541 3362 ,
3590 3306 3648 3352 et

2058 3395 2366 3450 indelibus
2393 3393 2510 3448 usui
2533 3393 2735 3446 erimus
2761 3408 2775 3444 :
2805 3391 2876 3443 ita
2907 3389 2951 3442 si
2980 3389 3316 3458 negligentes
3342 3387 3598 3440 fuerimus
3627 3425 3646 3447 .

2055 3493 2110 3538 et
2131 3482 2230 3551 ipsi
2260 3497 2507 3552 magnam
2535 3481 2772 3535 feremus
2799 3493 3033 3547 pinnam,
3065 3488 3119 3533 et
3139 3475 3483 3532 aliisoccasio
3497 3490 3647 3531 scan-

2054 3572 2160 3629 dali
2179 3572 2400 3628 erimus.
2424 3573 2572 3627 Sicut
2597 3570 2739 3625 enim
2760 3569 3006 3624 virtutem
3036 3567 3326 3637 amplexati
3367 3567 3636 3636 duplicem

2055 3664 2360 3720 mercedem
2388 3679 2418 3718 a
2451 3664 2562 3718 Deo
2589 3663 2904 3732 accipimus,
2949 3669 3059 3714 tum
3084 3659 3226 3730 quod
3258 3659 3358 3727 ipsi
3389 3659 3644 3712 virtutem

2053 3769 2425 3819 exerceamus,
2450 3763 2558 3808 tum
2576 3752 2718 3822 quod
2741 3752 2876 3805 alios
2897 3752 2961 3805 ad
2980 3751 3189 3806 virtutis
3207 3749 3639 3805 communionem

2055 3847 2366 3903 trahamus:
2394 3849 2466 3902 ita
2509 3848 2553 3901 si
2584 3846 2636 3900 in
2683 3845 2919 3915 nequitia
2964 3859 3277 3910 versemur,
3318 3859 3422 3898 non
3469 3843 3641 3898 solum

2056 3941 2306 4011 punimur
2332 3939 2476 4010 quod
2526 3939 2624 4008 ipsi
2669 3937 3028 4009 peccavimus,
3085 3935 3181 3990 sed
3233 3946 3288 3990 et
3330 3934 3469 4004 quod
3522 3934 3643 3990 aliis

2052 4031 2307 4087 seandalo
2336 4029 2553 4086 fuimus.
2594 4029 2790 4084 Verum
2819 4029 2962 4082 absit
2992 4037 3049 4082 ut
3077 4027 3271 4096 aliquis
3314 4042 3501 4081 eorum
3551 4028 3640 4095 qui

2053 4123 2142 4179 hic
2165 4132 2314 4187 sunt,
2336 4123 2387 4176 111
2417 4121 2720 4192 hujusmodi
2744 4129 2885 4174 statu
2912 4127 3178 4183 versetur,
3207 4116 3301 4172 sed
3323 4134 3421 4171 nos
3449 4131 3640 4170 omnes

2051 4213 2118 4269 ad
2139 4212 2512 4269 :edicandum
2533 4227 2628 4267 eos
2644 4211 2735 4280 qui
2757 4227 2855 4265 nos
2869 4208 3072 4276 vident,
3090 4209 3255 4263 vitam
3279 4207 3639 4273 instituamus,

2053 4317 2109 4362 ut
2133 4306 2403 4377 possimus
2438 4319 2627 4373 magna
2655 4303 2847 4357 ducia
2891 4311 3039 4357 stare
3067 4299 3211 4371 apud
3238 4298 3469 4353 tribunal
3495 4295 3647 4351 Chri-

2050 4399 2139 4465 sti,
2164 4408 2220 4454 et
2236 4396 2520 4453 inell'abilia
2543 4397 2630 4451 illa
2654 4395 2792 4451 bona
2818 4393 3076 4464 consequi
3104 4409 3262 4464 :qua:
3288 4391 3443 4446 nobis
3467 4390 3640 4445 omni-

2051 4492 2154 4548 bus
2181 4491 2573 4556 concedantur,
2606 4490 2774 4560 gratia
2801 4498 2858 4544 et
2877 4487 3206 4558 benignitate
3232 4483 3442 4539 Domini
3472 4481 3640 4538 nostri

2049 4584 2177 4642 Jesu
2203 4584 2427 4648 Christi,
2473 4598 2594 4639 cum
2635 4598 2744 4652 quo
2794 4580 2937 4636 Patri
2985 4589 3040 4635 et
3089 4589 3278 4635 sancto
3310 4577 3531 4648 Spiritui
3572 4577 3643 4628 sit

2049 4677 2242 4748 gloria,
2267 4675 2440 4730 honor
2467 4683 2522 4729 et
2551 4673 2860 4743 imperium,
2889 4686 3033 4726 nunc
3057 4681 3112 4726 et
3126 4684 3368 4740 semper,
3392 4679 3452 4726 et
3470 4667 3523 4722 in
3539 4680 3643 4720 sa:

2049 4768 2167 4824 cula
2191 4767 2530 4822 smculorum.
2561 4765 2754 4818 Amen.

2623 4893 2899 4949 |l0.\lll.IA
2932 4892 3069 4948 XLI.

2049 5008 2302 5081 Apparuit
2345 5017 2511 5061 autem
2558 5006 2690 5059 limis
2747 5006 2962 5058 Abralta:
2994 5003 3133 5073 apud
3173 5019 3410 5068 quercum
3471 5000 3636 5053 "nin-

2121 5102 2207 5154 ore
2229 5142 2244 5166 ,
2271 5099 2472 5154 sedente
2506 5098 2615 5168 ipso
2640 5099 2706 5149 ad
2735 5098 2944 5166 ianuam
2975 5092 3288 5148 tabernaculi
3327 5091 3408 5145 1111
3432 5087 3642 5145 meridie

2087 5191 2411 5263 (Gea.18.
2446 5189 2533 5259 1).

2123 5305 2178 5359 1.
2203 5301 2621 5358 Cunctabundns
2660 5301 2838 5363 hodie,
2869 5315 2967 5355 nec
2996 5297 3287 5353 admodum
3333 5295 3524 5350 alacris
3570 5293 3639 5348 ad

2049 5393 2348 5450 docendum
2382 5392 2852 5461 enarrandumth
2893 5389 3112 5444 accedo.
3147 5386 3282 5443 Nam
3308 5400 3430 5440 cum
3461 5393 3642 5438 mente

2053 5494 2264 5555 reputo,
2283 5485 2438 5541 nobis
2451 5497 2574 5555 quot
2584 5484 2689 5538 idio
2705 5480 3168 5545 ctuicionautibus,
3203 5476 3638 5539 admonentibus.

2051 5587 2106 5635 et
2132 5576 2407 5647 spirituale
2436 5575 2539 5632 hoc
2567 5573 2718 5629 vobis
2743 5571 3047 5628 convivium
3071 5567 3479 5642 apponentibus,
3507 5567 3644 5622 titul-

2054 5680 2138 5726 tos
2189 5685 2254 5726 ex
2295 5669 2378 5724 his
2407 5667 2535 5738 ipsis
2585 5665 2676 5736 qui
2701 5664 2918 5732 adsunt,
2959 5672 3014 5720 et
3043 5661 3335 5736 spiritualis
3361 5658 3643 5730 11111110-

2057 5763 2266 5834 ctrina',
2292 5780 2354 5821 ac
2382 5759 2672 5820 tremenda:
2697 5755 3054 5830 terribilisque
3083 5771 3286 5814 mensa:
3324 5767 3450 5812 sunt
3470 5749 3638 5825 parti-
