4070 6194
482 291 591 352 37$

479 407 650 478 cipes,
688 409 830 461 tutos
851 401 968 459 dies
999 403 1050 457 in
1075 401 1377 473 spectandis
1403 401 1542 456 ludis
1578 400 1915 470 equestribus
1944 413 2064 468 per-

479 496 645 560 dere.
697 504 755 553 et
806 493 1025 566 perinde
1071 502 1231 564 atque
1285 493 1330 547 si
1390 490 1888 554 non-doceremns,
1938 487 2067 544 nihil

475 587 762 658 prolicere,
786 586 881 642 sed
917 585 1068 657 quasi
1095 583 1466 640 consuetudini
1502 583 1730 652 cuipiam
1751 583 2066 648 servientes,

478 678 526 734 si
571 687 774 733 tantum
811 686 1014 733 annuat
1038 677 1118 733 eis
1146 676 1413 742 diabolus,
1453 690 1547 729 sua
1577 685 1766 744 Sponte
1792 689 2071 730 accurrere

479 769 551 825 ad
577 770 870 842 impia'tilla-
902 769 1229 840 Spectacula,
1260 779 1311 824 ct
1352 769 1558 837 seipsos
1602 768 1829 823 libenter
1856 768 2068 837 maligul

479 859 748 916 darmonis
782 859 1082 932 illaque'are'
1103 860 1328 926 retibus,
1354 868 1411 914 et
1435 873 1606 929 neque
1626 868 1860 913 nostram
1888 857 2077 913 admo-

481 952 766 1019 nitionem,
819 967 993 1022 neque
1041 951 1347 1020 periculum
1379 951 1586 1019 ipsum,
1621 964 1793 1020 neque
1829 947 2070 1003 inutilem

480 1042 653 1114 ipsam
677 1043 1154 1112 trequen'tationem
1182 1042 1587 1098 doetrinze‘luco
1614 1043 1696 1096 eis
1716 1055 1838 1095 esse
1861 1055 2020 1112 posse
2055 1057 2069 1095 :

483 1139 592 1206 quo
620 1149 752 1204 ergo
775 1135 997 1205 posthac
1020 1135 1200 1188 animo
1241 1133 1542 1188 doctrinam
1591 1131 1890 1200 impertiam
1945 1131 2073 1184 viris

484 1235 558 1284 ex
581 1227 738 1282 dictis
757 1227 954 1282 nostris
991 1226 1120 1282 nihil
1146 1227 1278 1282 lucri
1310 1216 1486 1280 facere
1509 1224 1886 1294 cupientibus?
1913 1224 1981 1278 Et
2005 1239 2074 1279 ne

484 1317 718 1373 mireris.
745 1317 1018 1388 Siquidem
1049 1326 1103 1372 et
1127 1316 1379 1388 agricola,
1404 1331 1526 1370 cum
1553 1325 1674 1385 post
1699 1314 1894 1370 multos
1921 1315 2082 1371 labo-r

482 1423 574 1465 res
599 1419 654 1464 et
672 1425 940 1464 aerumnas
966 1409 1207 1464 sterilem
1238 1407 1384 1464 videt
1407 1423 1614 1479 agr-um,
1662 1423 1835 1478 neque
1859 1406 2073 1478 dignam

484 1501 756 1558 laboribus
783 1501 1095 1558 mercedem
1132 1501 1468 1567 reddentem,
1515 1500 1731 1570 segnior
1765 1501 1831 1556 ad
1870 1501 2076 1571 jacien-

484 1593 614 1650 dum
641 1600 846 1657 semen,
875 1608 982 1648 non
1003 1593 1115 1664 pari
1143 1594 1419 1649 alacritate
1441 1594 1818 1663 agriculturam
1836 1603 2072 1650 exercet.

485 1684 549 1740 Et
570 1684 808 1740 med-iens
827 1683 1301 1740 videas-inﬁrmum
1322 1685 1434 1740 suis
1451 1684 1716 1740 mandatis
1737 1701 1846 1740 non
1871 1686 2079 1742 obtem-

486 1791 699 1847 perare,
741 1775 841 1832 sed
878 1785 1155 1832 vacantem
1193 1777 1432 1846 quotidie
1457 1776 1524 1832 iis
1551 1792 1668 1846 quae
1707 1779 1951 1832 morbum
1976 1794 2076 1833 au-

485 1877 632 1940 gent,
668 1883 1038 1938 smpenamero
1065 1869 1120 1922 in
1158 1881 1254 1923 sua
1279 1867 1426 1922 illum
1466 1867 1781 1938 aegritudine
1806 1868 2073 1939 relinquit,

489 1970 546 2015 ut
574 1960 904 2029 experientia
935 1960 1048 2030 ipsa
1087 1967 1265 2014 utatur
1307 1961 1582 2030 magistra,
1622 1969 1679 2014 ut
1712 1975 1776 2015 ea
1818 1976 1939 2031 qua:
1976 1962 2079 2017 sibi

487 2051 694 2120 prosint
730 2050 952 2105 ediscat.
991 2049 1250 2106 Similiter
1283 2058 1338 2105 et
1383 2050 1472 2121 qui
1526 2049 1838 2120 di~ciplinas
1884 2067 2079 2122 pueros

487 2143 702 2208 ducent,
732 2143 976 2198 videntes
1027 2143 1145 2198 illos
1201 2142 1376 2214 priora
1426 2157 1702 2214 respuere,
1751 2153 1806 2199 et
1848 2146 2081 2215 abjicere

489 2248 676 2289 eorum
705 2248 824 2304 qua:
852 2243 1006 2288 antea
1035 2233 1211 2288 edocti
1235 2242 1360 2288 sunt
1385 2239 1716 2297 memoriam,
1751 2249 1896 2305 sa-pe
1921 2253 2078 2292 aver-

489 2335 676 2379 santur
694 2366 709 2389 ,
737 2325 817 2380 sic
840 2323 1218 2394 negligentiam
1245 2339 1430 2379 eorum
1457 2325 1773 2392 correcturi,
1795 2335 1849 2380 et
1867 2326 1934 2381 ad
1961 2343 2078 2382 nia-

486 2417 576 2488 jus
597 2417 831 2472 studium
863 2416 1154 2471 reduczuri.

566 2510 854 2566 Stecularcs
888 2509 1095 2582 labores
1143 2526 1257 2564 cum
1305 2509 1653 2580 spiritualibus
1695 2524 2076 2584 comparantur.

491 2599 616 2656 Non
636 2601 909 2672 fraudetur
927 2601 1171 2667 mercede,
1186 2604 1273 2672 Qui
1289 2603 1545 2658 auditores
1569 2620 1667 2657 non
1690 2605 1864 2674 flectit.
1883 2635 1954 2646 —
1971 2605 2077 2663 Ve-

490 2700 790 2748 rumtamen
807 2693 1037 2764 agricola
1049 2692 1264 2764 quidem
1280 2693 1469 2748 merito
1485 2695 1699 2765 segnior
1717 2710 1860 2766 sarpe
1879 2698 2080 2766 evadit,

488 2785 611 2855 quia
640 2784 784 2840 videt
801 2785 1053 2838 damnum
1091 2799 1246 2840 suum
1279 2785 1451 2855 majus
1484 2785 1618 2850 ﬁeri,
1665 2797 1848 2857 utpote
1871 2790 1959 2860 qui
1999 2790 2080 2846 lac

491 2874 678 2930 berem
705 2884 1016 2944 ctsnmptus
1045 2875 1200 2938 lerat,
1224 2885 1280 2930 et
1322 2877 1582 2932 fructibus
1605 2877 1943 2936 destituatur.
1973 2881 2084 2937 lle-

491 2968 644 3022 dicus
693 2978 870 3022 autem
899 2983 1005 3022 non
1037 2968 1302 3022 immerito
1339 2984 1539 3039 aegrum
1593 2986 1736 3042 stupe
1786 2974 2032 3044 relinquit
2063 2992 2079 3030 :

491 3073 690 3127 corpus
732 3058 876 3112 enim
910 3067 992 3112 est
1019 3059 1157 3127 quod
1183 3067 1418 3125 curatur,
1451 3069 1505 3115 et
1534 3069 1752 3130 propter
1778 3062 1879 3118 hoc
1904 3065 2084 3122 dimito

491 3150 591 3215 tit,
617 3163 671 3202 ut
701 3148 903 3203 doloris
931 3149 1169 3202 accessio
1197 3150 1248 3202 in
1277 3149 1446 3204 morbi
1470 3165 1689 3205 sensum
1714 3153 1892 3220 ducat,
1926 3165 1980 3210 et
2004 3157 2083 3212 sic

491 3241 705 3295 tandem
726 3238 1046 3295 medicinam
1073 3255 1176 3294 non
1205 3250 1443 3309 reSpuat.
1470 3241 1720 3310 Magister
1743 3255 1923 3301 autem
1949 3247 2080 3316 ludi,

490 3346 559 3386 eo
584 3329 725 3401 quod
753 3338 932 3385 tenera
960 3337 1084 3385 sunt
1109 3339 1288 3396 aetate,
1319 3331 1516 3387 utiliter
1541 3347 1939 3406 nonnumquam
1971 3338 2082 3408 pla-

489 3425 574 3494 gis
602 3437 796 3493 pueros
829 3423 1074 3492 castigat.
1133 3421 1332 3478 Verum
1371 3438 1470 3479 nos
1500 3423 1659 3480 hodie
1705 3437 1928 3482 cunctus
1959 3429 2083 3486 illos

489 3526 840 3586 superantes,
893 3515 994 3570 hoc
1043 3530 1263 3586 agemus
1307 3525 1367 3571 ut
1404 3527 1686 3587 paternum
1729 3537 1854 3590 erga
1904 3523 2083 3594 lapsos

490 3614 731 3662 antorem
756 3605 1110 3670 declaramus,
1141 3617 1192 3662 et
1233 3608 1542 3672 doceamus.
1575 3609 1620 3663 si
1661 3611 1714 3664 in
1766 3612 1854 3666 illa
1910 3616 2081 3686 negli-

490 3701 666 3772 gentia
697 3700 1029 3765 manserint,
1061 3714 1155 3755 eos
1194 3700 1315 3754 inde
1340 3702 1598 3770 majorem
1621 3703 2081 3764 condemnatloiiis

490 3807 706 3846 causam
759 3791 1050 3846 habituros.
1106 3790 1239 3845 Nam
1287 3792 1518 3862 agricola
1557 3793 1770 3863 quidem
1807 3812 1914 3852 non
1967 3801 2080 3868 pari

492 3883 769 3938 alacritate
790 3883 1058 3948 seminat,
1087 3883 1329 3952 cogitans
1359 3892 1603 3953 sumptus
1629 3884 1888 3943 hactenus
1917 3891 2082 3948 fuisse

493 3977 710 4034 inutiles
739 3994 754 4032 :
782 3990 879 4032 nos
901 3989 1080 4032 autem
1111 3976 1181 4031 ab
1211 3974 1310 4032 lue
1353 3992 1478 4031 cura
1507 3976 1660 4032 liberi
1709 3993 1912 4035 sumus.
1947 3981 2082 4040 Nam

493 4069 620 4125 licet
653 4067 800 4138 jacto
824 4069 1084 4139 spirituali
1124 4070 1366 4136 semine,
1393 4070 1462 4125 ub
1489 4069 1788 4127 auditorum
1820 4074 2080 4146 ignaviam

491 4161 723 4216 I‘ructum
750 4175 855 4216 non
877 4161 1171 4232 capiamus,
1198 4163 1432 4232 perlecta
1479 4163 1632 4220 nobis
1675 4173 1850 4221 tamen
1904 4167 2080 4224 futura

493 4267 705 4309 merces
735 4254 1056 4323 :pecuuiam
1100 4254 1243 4307 enim
1274 4253 1638 4309 concreditam
1685 4258 2038 4326 expendimus
2061 4301 2077 4328 ,

493 4353 550 4400 'et
575 4345 886 4400 mandatum
921 4345 1133 4399 Domini
1165 4344 1502 4413 implevimus
1533 4355 1826 4402 :czeterum
1859 4353 2081 4420 posthac

493 4433 766 4488 auditores
815 4433 1077 4488 rationem
1121 4431 1346 4488 reddent
1380 4434 1430 4489 ei
1471 4434 1564 4504 qui
1611 4437 1913 4492 concredita
1957 4456 2080 4497 cum

493 4542 656 4584 usura
693 4525 1016 4597 repetiturus
1064 4535 1168 4583 est.
1203 4525 1396 4582 Verum
1423 4526 1528 4583 huc
1570 4542 1670 4583 nos
1699 4543 1802 4585 non
1827 4532 2084 4588 conside-

493 4634 694 4687 ramus,
721 4634 818 4674 nos
842 4627 990 4675 extra
1029 4619 1278 4674 damnum
1304 4633 1445 4685 esse,
1475 4629 1530 4675 et
1557 4621 1696 4690 quod
1727 4632 1968 4678 nostrum
1997 4633 2085 4680 est

495 4713 722 4783 implere
753 4731 770 4769 :
797 4711 891 4767 sed
919 4713 1164 4767 volumus
1193 4721 1250 4766 ut
1279 4720 1332 4765 et
1372 4727 1466 4766 vos
1494 4727 1561 4767 ex
1599 4712 1947 4770 dinumeratis
1985 4731 2079 4786 pe-

492 4805 663 4859 cuniis
694 4805 917 4860 multum
961 4803 1324 4876 negotiemini,
1373 4812 1522 4860 utne
1563 4803 1776 4860 obnoxii
1803 4806 1920 4863 sitis
1949 4825 2082 4878 sup—

495 4896 651 4966 plicio
686 4894 828 4966 quod
857 4895 953 4949 luit
980 4895 1066 4950 ille
1094 4898 1180 4964 qui
1212 4895 1462 4948 talentum
1487 4894 1800 4958 recondidit.
1829 4905 1883 4952 et
1907 4897 2068 4953 domiv

493 4988 668 5042 nicatn
699 4987 977 5057 pecuniam
1020 5002 1124 5039 non
1149 4987 1320 5040 solum
1355 5002 1461 5040 non
1492 4985 1878 5059 multiptieavit,
1909 4989 2002 5045 sed
2025 4999 2083 5045 et

427 5065 432 5070 ’
493 5080 662 5148 ipsam
705 5079 759 5133 in
789 5089 928 5132 terra
955 5075 1176 5133 defodit.
1204 5076 1361 5133 Tales
1401 5087 1544 5145 sunt,
1571 5079 1660 5148 qui
1682 5078 1936 5135 doctrinae
1961 5097 2079 5135 scr-

493 5185 679 5225 mones
726 5168 948 5223 audinnt
995 5168 1295 5242 (talentum
1343 5171 1484 5224 enim
1535 5170 1635 5225 hoc
1663 5183 1815 5226 vocat
1841 5179 1896 5226 et
1922 5186 2082 5241 pecu-

493 5261 705 5336 niam),
755 5277 926 5330 neque
966 5276 1182 5332 operam
1229 5261 1359 5315 dant
1413 5270 1470 5314 ut
1507 5260 1736 5315 fructum
1774 5261 1999 5317 alicrant
2024 5271 2079 5318 et

491 5353 720 5410 multum
782 5351 1137 5422 negotientur.
1187 5350 1294 5406 Sed
1357 5349 1493 5406 forte
1544 5350 1736 5405 dixerit
1774 5351 2076 5421 quispiam,

491 5445 796 5517 parabolam
832 5443 988 5500 istam
1037 5444 1356 5499 talentorum
1403 5441 1471 5498 de
1510 5441 1818 5497 doctoribus
1847 5458 1966 5497 esse
1991 5443 2076 5498 di-

492 5548 655 5594 ctam.
683 5537 737 5593 Id
766 5547 867 5610 ego
893 5552 1104 5608 quoque
1127 5536 1316 5591 fateor.
1348 5533 1547 5590 Verum
1573 5534 1617 5588 si
1634 5533 1933 5606 diligenter
1955 5550 2074 5592 eam

491 5629 828 5700 scrutem'iui,
866 5629 1047 5688 scietis
1082 5629 1360 5686 doctorum
1390 5627 1602 5699 quidem
1643 5628 1878 5684 cilicium
1920 5644 2072 5698 esse,

484 5723 834 5778 dinumerare
849 5722 1130 5795 pecuniam
1161 5738 1175 5776 :
1203 5719 1298 5777 sed
1327 5733 1423 5776 vos
1445 5733 1548 5775 non
1566 5719 1749 5774 solum
1775 5718 2069 5791 depositam

1233 290 1289 347 S.
1329 289 1606 347 JOANNIS
1642 284 2117 345 CHRYSOS‘I'OMI
2159 285 2473 342 A'RCIIIEP.
2514 285 3050 344 CONSTANTINOP.

3662 293 3770 354 ὅτε

2182 396 2494 462 custodire,
2548 397 2644 454 sed
2692 400 2852 454 etiam
2901 399 3156 470 negotiari
3220 398 3446 459 debetis.
3502 401 3655 472 Quod
3713 419 3771 461 ut

2175 487 2382 555 discas,
2415 503 2592 558 opera!
2619 492 2845 559 pretium
2867 490 3028 546 fuerit
3065 506 3183 546 eam
3211 493 3262 545 in
3289 493 3522 550 medium
3550 495 3767 552 allcrre.

2178 578 2558 652 Paterfamilias
2601 583 2840 651 quidam,
2893 581 3080 652 inquit,
3146 600 3351 656 peregre
3405 587 3731 656 proﬁciscens
3752 631 3770 648 .

2175 673 2364 726 vocavit
2389 689 2554 728 servos
2575 691 2714 739 suos,
2745 684 2792 728 et
2813 674 2949 729 dedit
2973 677 3060 730 uni
3080 676 3282 746 quidem
3310 679 3500 733 talenta
3527 681 3770 751 quinque,

2177 761 2269 815 alii
2319 773 2488 818 au'em
2527 765 2650 828 duo,
2698 766 2790 818 alii
2834 782 2947 819 vero
2989 783 3163 821 unum.
3197 767 3324 823 Post
3353 771 3568 824 multant
3601 784 3771 828 autem

2177 860 2392 922 tempus,
2436 871 2552 908 cum
2601 856 2881 912 advenisset
2931 857 3056 928 ipse,
3096 871 3334 915 venerunt
3380 863 3510 917 servi
3537 879 3558 918 :
3585 875 3633 919 et
3686 866 3777 919 ille

2175 943 2377 1012 quidem
2404 945 2492 1014 qui
2536 956 2797 1016 acceperat
2833 947 3052 1018 quinque
3076 951 3287 1018 talenta,
3321 954 3528 1008 accessit
3557 955 3729 1009 dicens
3753 972 3774 1010 :

2177 1033 2412 1101 Domine,
2445 1039 2662 1108 quinque
2685 1039 2871 1092 talenta
2909 1041 3164 1096 tradidisti
3191 1044 3337 1112 milii,
3360 1060 3473 1099 ecce
3487 1047 3590 1100 alia
3633 1048 3776 1115 quin-

2177 1143 2274 1194 que
2299 1129 2487 1182 talenta
2518 1128 2900 1197 superlucratus
2925 1148 3048 1184 sum.
3081 1132 3307 1205 (Matth.
3333 1135 3427 1192 25.
3453 1136 3542 1193 14.
3567 1139 3653 1194 15.
3684 1140 3774 1195 I9.
3810 1128 3842 1184 ἓ

2177 1216 2305 1284 20).
2337 1217 2524 1289 Magna
2557 1221 2696 1275 servi
2733 1221 2903 1291 gratia
2931 1231 2988 1276 et
3015 1223 3272 1292 probitas,
3316 1226 3464 1298 larga
3493 1229 3654 1284 etiam
3677 1230 3777 1283 do-
3817 1238 3827 1270 ι

2179 1311 2309 1366 mini
2345 1311 2664 1384 benignitas.
2697 1314 2764 1368 Et
2804 1315 2934 1386 quid
2963 1316 3130 1371 dicit?
3171 1315 3338 1389 Euge,
3373 1335 3513 1373 serve
3560 1322 3690 1376 bone
3725 1332 3776 1374 et

2180 1402 2366 1470 ﬁdelis,
2396 1419 2550 1472 super
2576 1389 2741 1475 pauca
2768 1407 2913 1476 fuisti
2934 1405 3121 1476 fidelis,
3153 1423 3306 1479 super
3330 1411 3490 1464 multa
3516 1421 3565 1466 te
3589 1415 3778 1466 coasti-

2181 1503 2320 1548 tuam
2340 1510 2361 1550 :
2379 1495 2640 1567 ingredere
2664 1497 2716 1551 in
2741 1498 2985 1568 gaudium
3007 1499 3196 1553 domini
3221 1501 3295 1554 tui
3313 1499 3524 1571 (Matth.
3543 1502 3632 1560 25.
3654 1503 3717 1557 2i
3731 1509 3774 1573 ).

2181 1585 2467 1655 Quoniam,
2497 1587 2687 1659 inquit,
2719 1589 2770 1644 in
2793 1589 2857 1644 iis
2886 1604 3005 1660 qua:
3043 1589 3136 1646 tibi
3162 1591 3363 1646 credita
3384 1602 3530 1661 sunt,
3560 1605 3775 1666 gratum

2185 1694 2296 1748 pra:
2326 1691 2378 1734 te
2403 1680 2570 1736 tulisti
2596 1681 2856 1748 animum,
2881 1682 3072 1753 dignus
3115 1697 3175 1738 es
3215 1683 3302 1738 cui
3343 1693 3402 1738 et
3431 1686 3630 1756 majora
3660 1696 3777 1740 tm-

2182 1768 2396 1823 dantur.
2436 1769 2655 1825 Accessit
2684 1783 2851 1825 autem
2891 1781 2938 1828 et
2983 1773 3069 1843 qui
3121 1773 3224 1827 duo
3259 1772 3448 1827 talenta
3481 1759 3771 1847 acceperat,

2184 1860 2355 1915 dicens
2383 1880 2402 1916 :
2430 1859 2618 1918 Nonne
2649 1862 2752 1917 duo
2780 1865 2970 1918 talenta
2997 1865 3123 1918 milii
3152 1866 3452 1920 tradidisti?
3495 1865 3630 1922 Ecce
3671 1871 3778 1923 alia

2185 1953 2286 2006 duo
2317 1953 2540 2008 lucratus
2579 1972 2692 2010 sum
2733 1957 2939 2028 insuper
2969 1956 2988 2029 (
3006 1956 3033 2010 Ι
3040 1958 3144 2012 bid.
3178 1975 3228 2013 υ.
3253 1958 3385 2031 22).
3409 1959 3593 2030 Magna
3617 1962 3782 2032 hujus

2185 2061 2398 2118 quoque
2419 2047 2560 2103 circa
2591 2049 2839 2118 pecunias
2863 2049 3065 2105 domini
3100 2051 3180 2104 sui
3203 2067 3329 2106 cura
3352 2061 3409 2108 et
3435 2053 3780 2119 sollicitudo;

2188 2138 2329 2194 unde
2351 2147 2407 2194 et
2433 2139 2621 2196 eadem
2648 2157 2767 2210 qum
2791 2142 3037 2212 superior
3080 2143 3304 2199 meritus
3355 2156 3458 2200 est.
3501 2146 3570 2201 Et
3611 2164 3782 2217 quare

2187 2230 2276 2285 ille
2295 2231 2385 2300 qui
2407 2231 2513 2285 duo
2532 2233 2707 2287 attulit
2727 2233 2944 2301 talenta,
2967 2235 3213 2291 eumdem
3237 2239 3582 2309 consequitur
3603 2239 3779 2294 honu-

2188 2335 2324 2386 rem,
2353 2337 2511 2392 quem
2545 2321 2630 2378 ille
2645 2324 2733 2392 qui
2759 2325 2951 2379 talenta
2974 2325 3207 2395 quinque
3229 2327 3520 2384 attulerat?
3547 2330 3735 2385 Merito
3763 2352 3777 2387 :

2188 2415 2545 2468 accretionem
2581 2415 2811 2470 enimet
2859 2415 3283 2473 imminutionem
3333 2436 3440 2474 non
3484 2421 3569 2474 vel
3621 2423 3779 2491 hujus

2189 2505 2492 2577 diligentia,
2520 2505 2602 2561 vel
2627 2505 2766 2562 illius
2803 2509 3122 2579 negligentia
3145 2509 3294 2575 fecit,
3326 2511 3420 2566 sed
3446 2515 3779 2569 concreduo-

2188 2615 2307 2655 rum
2333 2599 2544 2655 modus.
2569 2599 2702 2655 Nam
2729 2601 2869 2670 quod
2899 2601 2967 2656 ad
3017 2601 3343 2671 diligentiam
3371 2607 3582 2673 attinet,
3619 2609 3778 2662 ambo

2188 2706 2344 2762 pares
2367 2691 2618 2759 luerunt;
2663 2692 2886 2763 proinde
2926 2701 2981 2749 et
3026 2694 3267 2750 eamdem
3295 2700 3776 2754 remuneratiourm

2187 2783 2327 2838 nacti
2362 2791 2506 2839 sunt.

2249 2873 2306 2928 2.
2334 2873 2529 2930 Verum
2553 2873 2693 2930 alius
2726 2874 2817 2930 ille
2859 2875 2990 2930 nihil
3045 2877 3150 2932 tale
3205 2877 3405 2934 fecerat
3435 2877 3567 2936 :sed
3613 2883 3777 2952 quid?

2187 2967 2447 3030 Accessit,
2473 2966 2658 3022 dicens
2684 2983 2700 3022 :
2724 2967 2944 3039 Cognovi
2979 2977 3046 3034 te,
3073 2969 3210 3041 quod
3250 2980 3484 3027 austeras
3511 2973 3659 3028 homo
3683 2976 3769 3041 sis,

2189 3070 2376 3114 metens
2397 3059 2483 3113 ubi
2510 3075 2611 3113 non
2645 3060 2922 3127 seminasti,
2953 3070 3000 3114 et
3020 3077 3331 3133 congregans
3352 3063 3436 3117 ubi
3461 3082 3559 3119 non
3578 3070 3770 3137 sparsi-

2188 3151 2304 3206 sti:
2333 3161 2377 3206 et
2431 3159 2654 3206 metuens
2698 3151 2800 3205 abii
2843 3160 2891 3205 et
2938 3152 3188 3206 occultavi
3232 3155 3477 3209 talentum
3515 3157 3565 3210 in
3611 3169 3761 3212 rem.

2189 3241 2322 3297 Ecce
2349 3241 2500 3298 habes
2526 3243 2658 3313 quod
2695 3251 2838 3296 tuum
2877 3251 2949 3296 est
2978 3241 3151 3315 (Ibid.
3184 3259 3232 3298 υ.
3277 3245 3367 3300 24.
3400 3247 3527 3315 25).
3549 3245 3592 3302 0
3617 3250 3766 3303 mali-

2189 3335 2316 3387 tiam
2363 3331 2575 3388 l'amuli!
2622 3348 2656 3386 o
2693 3347 2955 3388 summam
3005 3333 3432 3403 improbitatem!
3459 3353 3562 3392 non
3601 3338 3770 3393 solum

2189 3425 2322 3481 nihil
2377 3425 2674 3496 negotiatus
2721 3433 2803 3480 est
2848 3441 2916 3481 ex
2956 3426 3153 3480 talento
3183 3426 3285 3482 sibi
3329 3428 3556 3496 credito,
3583 3430 3678 3484 sed
3721 3440 3775 3486 et

2190 3531 2286 3587 pro
2312 3517 2511 3571 talento
2552 3516 2945 3571 accusationem
2975 3497 3172 3572 attulit.
3204 3516 3276 3572 Ita
3321 3521 3462 3574 enim
3492 3521 3632 3576 solet
3660 3538 3776 3575 tua-

2189 3608 2332 3673 lilia;
2364 3607 2678 3662 obtenebrat
2721 3606 2981 3662 rationem
3011 3616 3067 3663 et
3105 3623 3226 3663 eum
3257 3610 3348 3680 qui
3377 3611 3542 3666 semel
3569 3627 3598 3665 a
3634 3623 3775 3666 recta

2187 3698 2270 3753 via
2300 3708 2383 3753 cst
2432 3712 2672 3763 aversus,
2730 3698 2782 3753 in
2827 3699 3116 3768 prmcipitia
3159 3700 3394 3772 conjicit.
3442 3699 3564 3757 [lare
3599 3713 3776 3759 autem

2187 3789 2364 3844 omnia
2391 3787 2458 3844 de
2483 3788 2751 3859 magistris
2771 3788 2912 3843 dicta
2942 3797 3086 3856 sunt,
3127 3800 3182 3844 ut
3209 3790 3402 3846 talenta
3430 3791 3531 3848 sibi
3551 3807 3777 3849 concre-

2185 3882 2294 3938 dita
2322 3897 2428 3936 non
2455 3881 2804 3945 abscondant,
2832 3881 2925 3936 sed
2957 3881 3100 3936 omni
3136 3881 3403 3952 diligentia
3430 3882 3638 3940 discere
3677 3900 3777 3939 cu-

2187 3972 2455 4044 pientibus
2499 3979 2792 4041 apponant.
2834 3970 3030 4026 Verum
3067 3971 3322 4042 deinceps
3347 3973 3468 4028 audi
3496 4014 3512 4038 ,
3541 3974 3736 4029 dilecte
3759 4016 3778 4042 ,

2187 4079 2253 4119 ex
2284 4063 2648 4133 indignatione
2669 4076 2792 4130 erga
2816 4062 2986 4129 illum,
3013 4062 3283 4132 quomodo
3313 4063 3473 4117 etiam
3502 4064 3779 4120 auditores

2185 4155 2264 4212 rei
2294 4155 2542 4221 evadant,
2575 4164 2630 4209 et
2657 4169 2764 4208 non
2810 4155 2979 4208 solum
3023 4154 3114 4208 illa
3165 4164 3474 4226 repetantur
3497 4171 3619 4226 quae
3642 4171 3781 4212 con-

2181 4249 2387 4305 credita
2413 4256 2556 4315 sunt,
2589 4247 2686 4304 sed
2713 4255 2903 4303 etcum
2934 4262 3093 4301 usura
3121 4249 3453 4305 exactionem
3485 4251 3775 4318 patiantur.

2185 4340 2322 4409 Quid
2358 4341 2516 4412 igitur
2565 4339 2693 4394 dicit
2741 4339 2818 4394 illi
2863 4340 3146 4395 dominus?
3175 4339 3332 4394 Serve
3351 4357 3563 4412 nequam
3592 4339 3776 4410 (Ibid.

2185 4448 2235 4487 υ.
2265 4431 2396 4503 26).
2440 4431 2722 4488 Terribilis
2752 4430 3064 4501 indignatio,
3117 4440 3172 4486 et
3219 4431 3382 4487 minae
3411 4433 3649 4487 valentes
3677 4448 3781 4502 per

2187 4540 2246 4580 se
2271 4525 2565 4595 percellere
2613 4523 2870 4578 animum.
2921 4523 3148 4588 Sciebas,
3178 4523 3365 4593 inquit,
3411 4526 3545 4597 quod
3583 4536 3778 4577 metam

2187 4615 2271 4672 ubi
2318 4632 2424 4671 non
2465 4614 2726 4679 seminavi,
2778 4623 2826 4668 et
2876 4631 3173 4686 congregem
3225 4616 3311 4669 ubi
3363 4633 3463 4670 non
3506 4615 3722 4684 dispersi
3760 4631 3782 4671 :

2188 4707 2446 4780 oportebat
2488 4707 2642 4776 igitur
2677 4713 2724 4758 te
2769 4705 3035 4776 pecuniam
3078 4722 3242 4760 meam
3277 4706 3595 4761 dinumerare
3631 4723 3785 4763 meu-

2187 4800 2369 4864 sariis,
2410 4807 2459 4852 et
2507 4815 2600 4869 ego
2632 4813 2748 4852 cum
2794 4797 3060 4864 uenissem,
3111 4813 3225 4851 cum
3251 4801 3444 4870 fanore
3468 4799 3788 4869 repetiissem

2183 4890 2350 4945 illam.
2375 4889 2660 4946 Pecuniam
2689 4899 2843 4945 vocat
2861 4889 3072 4958 eloquia
3100 4891 3353 4959 pretiosa,
3384 4891 3788 4947 nummularius

2186 4991 2363 5036 autem
2405 4997 2500 5038 vos
2549 4984 2638 5053 qui
2670 4983 2960 5053 suscipitis.
2991 4981 3164 5038 Tuum
3196 4984 3412 5053 quidem
3438 4982 3632 5050 fuerat,
3665 4986 3786 5052 ait,

2187 5082 2391 5129 tantum
2420 5074 2779 5142 dinumerare,
2831 5089 3009 5130 meum
3038 5083 3218 5130 autem
3239 5086 3485 5146 repetere
3531 5076 3601 5132 ab
3632 5078 3748 5133 illis
3768 5119 3786 5142 ,

2187 5181 2294 5221 non
2345 5165 2519 5222 solum
2561 5164 2920 5233 diuumerata,
2959 5165 3054 5221 sed
3079 5176 3130 5220 et
3170 5181 3407 5221 usuram.
3436 5166 3661 5234 Videtis,
3696 5169 3800 5222 di-

2185 5259 2331 5323 lecti,
2357 5261 2588 5328 quantus
2617 5258 2670 5314 in
2691 5259 2849 5314 dictis
2879 5268 3072 5314 terror.
3104 5258 3244 5328 Quid
3275 5276 3402 5331 ergo
3439 5260 3638 5328 dicent,
3687 5263 3788 5331 qui

2183 5350 2488 5407 concredita
2523 5366 2741 5407 servare
2777 5352 3071 5424 negligant,
3097 5353 3312 5424 quando
3330 5353 3490 5408 etiam
3518 5369 3679 5408 usura
3712 5355 3792 5409 ab

2183 5444 2264 5498 eis
2307 5445 2594 5514 requiritur
2613 5443 2637 5499 ?

2258 5533 2428 5590 Usura
2459 5551 2551 5590 cur
2577 5535 2850 5606 prohibita.
2895 5565 2952 5576 —
2978 5536 3047 5592 Et
3085 5537 3206 5598 vide
3250 5535 3635 5593 humanitatem
3675 5539 3794 5594 Do-

2183 5626 2334 5682 mini.
2363 5625 2418 5681 In
2449 5625 2530 5682 his
2550 5625 2895 5683 sensibilibus
2938 5629 3180 5700 pecuniis
3207 5627 3490 5708 prohibuit
3539 5643 3607 5684 ne
3652 5632 3792 5701 quis

2187 5733 2398 5774 usuram
2429 5718 2710 5789 acciperet.
2750 5717 2945 5786 Quare,
2982 5728 3037 5777 et
3060 5719 3129 5778 ob
3171 5734 3332 5792 quam
3357 5720 3787 5788 causamiQuia
