  <div class='ocr_page' id='page_1' title='image "/cluster/home/n/w/nwhite01/storage/ocr_20150623/53/hvd.32044054086673/374.png"; bbox 0 0 4070 6194; ppageno 0'>
   <div class='ocr_carea' id='block_1_1' title="bbox 385 231 497 290">
    <p class='ocr_par' dir='ltr' id='par_1_1' title="bbox 385 231 497 290">
     <span class='ocr_line' id='line_1_1' title="bbox 385 231 497 290; baseline 0.018 -2"><span class='ocrx_word' id='word_1_1' title='bbox 385 231 497 290; x_wconf 76' lang='lat'>375</span> 
     </span>
    </p>
   </div>
   <div class='ocr_carea' id='block_1_2' title="bbox 389 339 1966 419">
    <p class='ocr_par' dir='ltr' id='par_1_2' title="bbox 389 339 1966 419">
     <span class='ocr_line' id='line_1_2' title="bbox 389 339 1966 419; baseline -0.006 -16"><span class='ocrx_word' id='word_1_2' title='bbox 389 349 528 418; x_wconf 72' lang='grc' dir='ltr'>κτῆς</span> <span class='ocrx_word' id='word_1_3' title='bbox 564 359 658 401; x_wconf 83' lang='grc' dir='ltr'>και</span> <span class='ocrx_word' id='word_1_4' title='bbox 700 339 1286 419; x_wconf 69' lang='grc' dir='ltr'>φοϐερᾶς-τραπέζης,</span> <span class='ocrx_word' id='word_1_5' title='bbox 1337 344 1428 398; x_wconf 75' lang='grc' dir='ltr'>ἐπὶ</span> <span class='ocrx_word' id='word_1_6' title='bbox 1467 343 1564 407; x_wconf 74' lang='grc' dir='ltr'>τὰς</span> <span class='ocrx_word' id='word_1_7' title='bbox 1605 343 1966 416; x_wconf 81' lang='grc' dir='ltr'>ἱπποδρομίας</span> 
     </span>
    </p>
   </div>
   <div class='ocr_carea' id='block_1_3' title="bbox 387 426 1969 500">
    <p class='ocr_par' dir='ltr' id='par_1_3' title="bbox 387 426 1969 500">
     <span class='ocr_line' id='line_1_3' title="bbox 387 426 1969 500; baseline -0.003 -17"><span class='ocrx_word' id='word_1_8' title='bbox 387 428 793 500; x_wconf 79' lang='grc' dir='ltr'>διημερεύουσι.</span> <span class='ocrx_word' id='word_1_9' title='bbox 825 426 922 483; x_wconf 81' lang='grc' dir='ltr'>καὶ</span> <span class='ocrx_word' id='word_1_10' title='bbox 949 428 1100 482; x_wconf 83' lang='grc' dir='ltr'>οὑδέν</span> <span class='ocrx_word' id='word_1_11' title='bbox 1117 428 1298 490; x_wconf 86' lang='grc' dir='ltr'>αὑτοῖς</span> <span class='ocrx_word' id='word_1_12' title='bbox 1325 426 1486 480; x_wconf 89' lang='grc' dir='ltr'>πλέον</span> <span class='ocrx_word' id='word_1_13' title='bbox 1509 427 1616 480; x_wconf 83' lang='grc' dir='ltr'>ἀπὸ</span> <span class='ocrx_word' id='word_1_14' title='bbox 1643 427 1741 498; x_wconf 88' lang='grc' dir='ltr'>τῆς</span> <span class='ocrx_word' id='word_1_15' title='bbox 1771 426 1969 498; x_wconf 76' lang='grc' dir='ltr'>ἡμετέ-</span> 
     </span>
    </p>
   </div>
   <div class='ocr_carea' id='block_1_4' title="bbox 393 509 1969 584">
    <p class='ocr_par' dir='ltr' id='par_1_4' title="bbox 393 509 1969 584">
     <span class='ocr_line' id='line_1_4' title="bbox 393 509 1969 584; baseline -0.003 -19"><span class='ocrx_word' id='word_1_16' title='bbox 393 529 494 584; x_wconf 89' lang='grc' dir='ltr'>ρας</span> <span class='ocrx_word' id='word_1_17' title='bbox 525 511 816 583; x_wconf 81' lang='grc' dir='ltr'>γεγένηται</span> <span class='ocrx_word' id='word_1_18' title='bbox 847 511 1104 582; x_wconf 76' lang='grc' dir='ltr'>σπουδῆς,</span> <span class='ocrx_word' id='word_1_19' title='bbox 1138 510 1276 564; x_wconf 86' lang='grc' dir='ltr'>ἀλλά</span> <span class='ocrx_word' id='word_1_20' title='bbox 1303 509 1556 582; x_wconf 84' lang='grc' dir='ltr'>καθάπερ</span> <span class='ocrx_word' id='word_1_21' title='bbox 1584 509 1840 581; x_wconf 77' lang='grc' dir='ltr'>συνηθείᾳ</span> <span class='ocrx_word' id='word_1_22' title='bbox 1863 509 1969 562; x_wconf 72' lang='grc' dir='ltr'>τινὶ</span> 
     </span>
    </p>
   </div>
   <div class='ocr_carea' id='block_1_5' title="bbox 393 593 1964 668">
    <p class='ocr_par' dir='ltr' id='par_1_5' title="bbox 393 593 1964 668">
     <span class='ocr_line' id='line_1_5' title="bbox 393 593 1964 668; baseline -0.001 -20"><span class='ocrx_word' id='word_1_23' title='bbox 393 593 546 668; x_wconf 74' lang='lat' dir='ltr'>[Ml]</span> <span class='ocrx_word' id='word_1_24' title='bbox 567 595 944 661; x_wconf 76' lang='grc' dir='ltr'>δουλεύοντες,</span> <span class='ocrx_word' id='word_1_25' title='bbox 979 595 1200 650; x_wconf 82' lang='grc' dir='ltr'>ἐπειδάν</span> <span class='ocrx_word' id='word_1_26' title='bbox 1239 593 1403 667; x_wconf 79' lang='grc' dir='ltr'>νεύσῃ</span> <span class='ocrx_word' id='word_1_27' title='bbox 1443 595 1602 667; x_wconf 89' lang='grc' dir='ltr'>μόνον</span> <span class='ocrx_word' id='word_1_28' title='bbox 1625 596 1654 648; x_wconf 88' lang='lat'>6</span> <span class='ocrx_word' id='word_1_29' title='bbox 1687 593 1964 657; x_wconf 87' lang='grc' dir='ltr'>διάϐολος,</span> 
     </span>
    </p>
   </div>
   <div class='ocr_carea' id='block_1_6' title="bbox 391 677 1966 750">
    <p class='ocr_par' dir='ltr' id='par_1_6' title="bbox 391 677 1966 750">
     <span class='ocr_line' id='line_1_6' title="bbox 391 677 1966 750; baseline -0.002 -18"><span class='ocrx_word' id='word_1_30' title='bbox 391 678 687 749; x_wconf 82' lang='grc' dir='ltr'><strong>αὐτόματοι</strong></span> <span class='ocrx_word' id='word_1_31' title='bbox 708 680 1024 734; x_wconf 83' lang='grc' dir='ltr'>σπεύδουσιν</span> <span class='ocrx_word' id='word_1_32' title='bbox 1039 679 1132 734; x_wconf 78' lang='grc' dir='ltr'>ἐπὶ</span> <span class='ocrx_word' id='word_1_33' title='bbox 1150 679 1218 734; x_wconf 83' lang='grc' dir='ltr'>τά</span> <span class='ocrx_word' id='word_1_34' title='bbox 1235 678 1528 750; x_wconf 85' lang='grc' dir='ltr'>παράνομα</span> <span class='ocrx_word' id='word_1_35' title='bbox 1543 679 1724 731; x_wconf 83' lang='grc' dir='ltr'>ἐκεῖνα</span> <span class='ocrx_word' id='word_1_36' title='bbox 1743 677 1966 748; x_wconf 82' lang='grc' dir='ltr'>θέατρα,</span> 
     </span>
    </p>
   </div>
   <div class='ocr_carea' id='block_1_7' title="bbox 393 759 1969 826">
    <p class='ocr_par' dir='ltr' id='par_1_7' title="bbox 393 759 1969 826">
     <span class='ocr_line' id='line_1_7' title="bbox 393 759 1969 826; baseline -0.002 -11"><span class='ocrx_word' id='word_1_37' title='bbox 393 761 486 815; x_wconf 70' lang='grc' dir='ltr'>καὶ</span> <span class='ocrx_word' id='word_1_38' title='bbox 522 762 746 824; x_wconf 81' lang='grc' dir='ltr'>ἐαυτοὺς</span> <span class='ocrx_word' id='word_1_39' title='bbox 803 763 1018 826; x_wconf 72' lang='grc' dir='ltr'>ἑκόντες</span> <span class='ocrx_word' id='word_1_40' title='bbox 1061 764 1173 825; x_wconf 89' lang='grc' dir='ltr'>τοῖς</span> <span class='ocrx_word' id='word_1_41' title='bbox 1203 761 1437 824; x_wconf 81' lang='grc' dir='ltr'>δικτύοις</span> <span class='ocrx_word' id='word_1_42' title='bbox 1477 759 1837 814; x_wconf 87' lang='grc' dir='ltr'>ὑποϐάλλουσι</span> <span class='ocrx_word' id='word_1_43' title='bbox 1873 759 1969 813; x_wconf 83' lang='grc' dir='ltr'>τοῦ</span> 
     </span>
    </p>
   </div>
   <div class='ocr_carea' id='block_1_8' title="bbox 357 841 1966 922">
    <p class='ocr_par' dir='ltr' id='par_1_8' title="bbox 357 841 1966 922">
     <span class='ocr_line' id='line_1_8' title="bbox 357 841 1966 922; baseline -0.001 -25"><span class='ocrx_word' id='word_1_44' title='bbox 357 902 364 922; x_wconf 46' lang='grc' dir='ltr'>ι</span> <span class='ocrx_word' id='word_1_45' title='bbox 392 843 631 915; x_wconf 86' lang='grc' dir='ltr'>πονηροῦ</span> <span class='ocrx_word' id='word_1_46' title='bbox 657 844 928 915; x_wconf 87' lang='grc' dir='ltr'>δαίμονος,</span> <span class='ocrx_word' id='word_1_47' title='bbox 953 846 1046 899; x_wconf 81' lang='grc' dir='ltr'>καὶ</span> <span class='ocrx_word' id='word_1_48' title='bbox 1071 843 1194 898; x_wconf 74' lang='grc' dir='ltr'>οὔτε</span> <span class='ocrx_word' id='word_1_49' title='bbox 1221 845 1464 916; x_wconf 78' lang='grc' dir='ltr'>ἡμετέρα</span> <span class='ocrx_word' id='word_1_50' title='bbox 1489 843 1759 902; x_wconf 88' lang='grc' dir='ltr'>νουθεσία.</span> <span class='ocrx_word' id='word_1_51' title='bbox 1787 841 1909 896; x_wconf 76' lang='grc' dir='ltr'>οὔτε</span> <span class='ocrx_word' id='word_1_52' title='bbox 1933 844 1966 913; x_wconf 79' lang='grc' dir='ltr'>ἡ</span> 
     </span>
    </p>
   </div>
   <div class='ocr_carea' id='block_1_9' title="bbox 353 926 1971 1002">
    <p class='ocr_par' dir='ltr' id='par_1_9' title="bbox 353 926 1971 1002">
     <span class='ocr_line' id='line_1_9' title="bbox 353 926 1971 1002; baseline -0.001 -22"><span class='ocrx_word' id='word_1_53' title='bbox 353 931 364 1002; x_wconf 70' lang='grc' dir='ltr'><em>ξ</em></span> <span class='ocrx_word' id='word_1_54' title='bbox 394 929 558 998; x_wconf 89' lang='grc' dir='ltr'>πεῖρα</span> <span class='ocrx_word' id='word_1_55' title='bbox 588 927 747 998; x_wconf 80' lang='grc' dir='ltr'>αὑτὴ,</span> <span class='ocrx_word' id='word_1_56' title='bbox 780 929 874 980; x_wconf 72' lang='grc' dir='ltr'>καὶ</span> <span class='ocrx_word' id='word_1_57' title='bbox 908 928 970 980; x_wconf 79' lang='grc' dir='ltr'>τὸ</span> <span class='ocrx_word' id='word_1_58' title='bbox 996 929 1252 1000; x_wconf 88' lang='grc' dir='ltr'>ἀνόνητον</span> <span class='ocrx_word' id='word_1_59' title='bbox 1289 929 1388 998; x_wconf 87' lang='grc' dir='ltr'>τῆς</span> <span class='ocrx_word' id='word_1_60' title='bbox 1417 930 1535 980; x_wconf 84' lang='grc' dir='ltr'>ἐκεῖ</span> <span class='ocrx_word' id='word_1_61' title='bbox 1557 926 1859 999; x_wconf 82' lang='grc' dir='ltr'>διατριϐῆς,</span> <span class='ocrx_word' id='word_1_62' title='bbox 1895 927 1971 978; x_wconf 86' lang='grc' dir='ltr'>δι-</span> 
     </span>
    </p>
   </div>
   <div class='ocr_carea' id='block_1_10' title="bbox 393 1009 1967 1082">
    <p class='ocr_par' dir='ltr' id='par_1_10' title="bbox 393 1009 1967 1082">
     <span class='ocr_line' id='line_1_10' title="bbox 393 1009 1967 1082; baseline -0.001 -20"><span class='ocrx_word' id='word_1_63' title='bbox 393 1009 688 1072; x_wconf 86' lang='grc' dir='ltr'>δασκαλίας</span> <span class='ocrx_word' id='word_1_64' title='bbox 715 1012 899 1073; x_wconf 87' lang='grc' dir='ltr'>αὑτοῖς</span> <span class='ocrx_word' id='word_1_65' title='bbox 928 1011 1184 1074; x_wconf 87' lang='grc' dir='ltr'>ὑπόθεσις</span> <span class='ocrx_word' id='word_1_66' title='bbox 1211 1011 1402 1080; x_wconf 83' lang='grc' dir='ltr'>γέγονε</span> <span class='ocrx_word' id='word_1_67' title='bbox 1422 1026 1438 1041; x_wconf 74' lang='grc' dir='ltr'><strong>ο</strong></span> <span class='ocrx_word' id='word_1_68' title='bbox 1463 1011 1594 1082; x_wconf 77' lang='grc' dir='ltr'>ποίᾳ</span> <span class='ocrx_word' id='word_1_69' title='bbox 1619 1010 1805 1063; x_wconf 81' lang='grc' dir='ltr'>λοιπὸν</span> <span class='ocrx_word' id='word_1_70' title='bbox 1834 1025 1967 1080; x_wconf 84' lang='grc' dir='ltr'>προ-</span> 
     </span>
    </p>
   </div>
   <div class='ocr_carea' id='block_1_11' title="bbox 395 1093 1971 1165">
    <p class='ocr_par' dir='ltr' id='par_1_11' title="bbox 395 1093 1971 1165">
     <span class='ocr_line' id='line_1_11' title="bbox 395 1093 1971 1165; baseline -0.002 -18"><span class='ocrx_word' id='word_1_71' title='bbox 395 1093 564 1165; x_wconf 75' lang='grc' dir='ltr'>θυμίᾳ</span> <span class='ocrx_word' id='word_1_72' title='bbox 613 1093 676 1146; x_wconf 79' lang='grc' dir='ltr'>τὰ</span> <span class='ocrx_word' id='word_1_73' title='bbox 721 1093 820 1162; x_wconf 83' lang='grc' dir='ltr'>τῆς</span> <span class='ocrx_word' id='word_1_74' title='bbox 869 1093 1216 1157; x_wconf 76' lang='grc' dir='ltr'>διδασκαλίας</span> <span class='ocrx_word' id='word_1_75' title='bbox 1256 1096 1545 1164; x_wconf 82' lang='grc' dir='ltr'>ποιήσαιμι</span> <span class='ocrx_word' id='word_1_76' title='bbox 1592 1093 1730 1165; x_wconf 82' lang='grc' dir='ltr'>πρὸς</span> <span class='ocrx_word' id='word_1_77' title='bbox 1775 1093 1971 1164; x_wconf 76' lang='grc' dir='ltr'>ἄνδρας</span> 
     </span>
    </p>
   </div>
   <div class='ocr_carea' id='block_1_12' title="bbox 393 1173 1972 1248">
    <p class='ocr_par' dir='ltr' id='par_1_12' title="bbox 393 1173 1972 1248">
     <span class='ocr_line' id='line_1_12' title="bbox 393 1173 1972 1248; baseline -0.004 -16"><span class='ocrx_word' id='word_1_78' title='bbox 393 1178 548 1232; x_wconf 80' lang='grc' dir='ltr'>οὐδὲν</span> <span class='ocrx_word' id='word_1_79' title='bbox 581 1177 880 1248; x_wconf 75' lang='grc' dir='ltr'>κερδαίνειν</span> <span class='ocrx_word' id='word_1_80' title='bbox 908 1177 1260 1247; x_wconf 75' lang='grc' dir='ltr'>βουλομένους</span> <span class='ocrx_word' id='word_1_81' title='bbox 1297 1179 1360 1232; x_wconf 87' lang='grc' dir='ltr'>ἐκ</span> <span class='ocrx_word' id='word_1_82' title='bbox 1393 1178 1500 1232; x_wconf 88' lang='grc' dir='ltr'>τῶν</span> <span class='ocrx_word' id='word_1_83' title='bbox 1537 1177 1667 1248; x_wconf 81' lang='grc' dir='ltr'>παρ’</span> <span class='ocrx_word' id='word_1_84' title='bbox 1699 1175 1855 1247; x_wconf 83' lang='grc' dir='ltr'>ήμῶν</span> <span class='ocrx_word' id='word_1_85' title='bbox 1893 1173 1972 1226; x_wconf 83' lang='grc' dir='ltr'>λε-</span> 
     </span>
    </p>
   </div>
   <div class='ocr_carea' id='block_1_13' title="bbox 396 1259 1969 1332">
    <p class='ocr_par' dir='ltr' id='par_1_13' title="bbox 396 1259 1969 1332">
     <span class='ocr_line' id='line_1_13' title="bbox 396 1259 1969 1332; baseline -0.002 -19"><span class='ocrx_word' id='word_1_86' title='bbox 396 1259 670 1331; x_wconf 90' lang='grc' dir='ltr'>γομένων;</span> <span class='ocrx_word' id='word_1_87' title='bbox 717 1261 825 1313; x_wconf 81' lang='grc' dir='ltr'>Καὶ</span> <span class='ocrx_word' id='word_1_88' title='bbox 882 1260 956 1330; x_wconf 80' lang='grc' dir='ltr'>μὴ</span> <span class='ocrx_word' id='word_1_89' title='bbox 1010 1259 1313 1332; x_wconf 79' lang='grc' dir='ltr'>θαυμάσῃς.</span> <span class='ocrx_word' id='word_1_90' title='bbox 1371 1261 1524 1314; x_wconf 76' lang='grc' dir='ltr'>Ἐπεὶ</span> <span class='ocrx_word' id='word_1_91' title='bbox 1577 1261 1672 1314; x_wconf 81' lang='grc' dir='ltr'>καὶ</span> <span class='ocrx_word' id='word_1_92' title='bbox 1705 1259 1969 1331; x_wconf 83' lang='grc' dir='ltr'>γηπόνος,</span> 
     </span>
    </p>
   </div>
   <div class='ocr_carea' id='block_1_14' title="bbox 395 1341 1972 1415">
    <p class='ocr_par' dir='ltr' id='par_1_14' title="bbox 395 1341 1972 1415">
     <span class='ocr_line' id='line_1_14' title="bbox 395 1341 1972 1415; baseline -0.003 -19"><span class='ocrx_word' id='word_1_93' title='bbox 395 1343 614 1396; x_wconf 78' lang='grc' dir='ltr'>ἐπειδάν</span> <span class='ocrx_word' id='word_1_94' title='bbox 663 1343 748 1415; x_wconf 79' lang='grc' dir='ltr'>ίδῃ</span> <span class='ocrx_word' id='word_1_95' title='bbox 797 1343 931 1412; x_wconf 83' lang='grc' dir='ltr'>μετά</span> <span class='ocrx_word' id='word_1_96' title='bbox 964 1345 1157 1406; x_wconf 83' lang='grc' dir='ltr'>πόνους</span> <span class='ocrx_word' id='word_1_97' title='bbox 1199 1342 1423 1404; x_wconf 82' lang='grc' dir='ltr'>πολλοὺς</span> <span class='ocrx_word' id='word_1_98' title='bbox 1463 1342 1558 1395; x_wconf 76' lang='grc' dir='ltr'>καὶ</span> <span class='ocrx_word' id='word_1_99' title='bbox 1602 1341 1972 1411; x_wconf 70' lang='grc' dir='ltr'>ταλαιπωρίας</span> 
     </span>
    </p>
   </div>
   <div class='ocr_carea' id='block_1_15' title="bbox 395 1423 1972 1498">
    <p class='ocr_par' dir='ltr' id='par_1_15' title="bbox 395 1423 1972 1498">
     <span class='ocr_line' id='line_1_15' title="bbox 395 1423 1972 1498; baseline -0.003 -19"><span class='ocrx_word' id='word_1_100' title='bbox 395 1427 588 1494; x_wconf 68' lang='grc' dir='ltr'>ἄγονον</span> <span class='ocrx_word' id='word_1_101' title='bbox 617 1425 908 1497; x_wconf 83' lang='grc' dir='ltr'>γινομένην</span> <span class='ocrx_word' id='word_1_102' title='bbox 937 1425 1036 1498; x_wconf 86' lang='grc' dir='ltr'>τὴν</span> <span class='ocrx_word' id='word_1_103' title='bbox 1068 1427 1192 1496; x_wconf 89' lang='grc' dir='ltr'>γῆν,</span> <span class='ocrx_word' id='word_1_104' title='bbox 1229 1427 1322 1480; x_wconf 70' lang='grc' dir='ltr'>καὶ</span> <span class='ocrx_word' id='word_1_105' title='bbox 1347 1427 1445 1479; x_wconf 82' lang='grc' dir='ltr'>οὑκ</span> <span class='ocrx_word' id='word_1_106' title='bbox 1477 1426 1635 1492; x_wconf 83' lang='grc' dir='ltr'>ἀξίαν</span> <span class='ocrx_word' id='word_1_107' title='bbox 1659 1424 1766 1477; x_wconf 88' lang='grc' dir='ltr'>τῶν</span> <span class='ocrx_word' id='word_1_108' title='bbox 1795 1423 1972 1475; x_wconf 85' lang='grc' dir='ltr'>πόνων</span> 
     </span>
    </p>
   </div>
   <div class='ocr_carea' id='block_1_16' title="bbox 395 1505 1974 1580">
    <p class='ocr_par' dir='ltr' id='par_1_16' title="bbox 395 1505 1974 1580">
     <span class='ocr_line' id='line_1_16' title="bbox 395 1505 1974 1580; baseline -0.003 -20"><span class='ocrx_word' id='word_1_109' title='bbox 395 1508 493 1579; x_wconf 78' lang='grc' dir='ltr'>τὴν</span> <span class='ocrx_word' id='word_1_110' title='bbox 523 1507 752 1578; x_wconf 78' lang='grc' dir='ltr'>ἀμοιϐήν</span> <span class='ocrx_word' id='word_1_111' title='bbox 783 1509 1182 1580; x_wconf 78' lang='grc' dir='ltr'>παρεχομένην,</span> <span class='ocrx_word' id='word_1_112' title='bbox 1205 1510 1564 1580; x_wconf 81' lang='grc' dir='ltr'>ὀκνηρότερος</span> <span class='ocrx_word' id='word_1_113' title='bbox 1595 1509 1805 1576; x_wconf 89' lang='grc' dir='ltr'>γίνεται</span> <span class='ocrx_word' id='word_1_114' title='bbox 1846 1505 1974 1575; x_wconf 77' lang='grc' dir='ltr'>περὶ</span> 
     </span>
    </p>
   </div>
   <div class='ocr_carea' id='block_1_17' title="bbox 395 1587 1971 1662">
    <p class='ocr_par' dir='ltr' id='par_1_17' title="bbox 395 1587 1971 1662">
     <span class='ocr_line' id='line_1_17' title="bbox 395 1587 1971 1662; baseline -0.001 -19"><span class='ocrx_word' id='word_1_115' title='bbox 395 1592 493 1662; x_wconf 78' lang='grc' dir='ltr'>τὴν</span> <span class='ocrx_word' id='word_1_116' title='bbox 525 1591 633 1642; x_wconf 83' lang='grc' dir='ltr'>τῶν</span> <span class='ocrx_word' id='word_1_117' title='bbox 665 1592 994 1662; x_wconf 79' lang='grc' dir='ltr'>σπερμάτων</span> <span class='ocrx_word' id='word_1_118' title='bbox 1017 1592 1339 1662; x_wconf 75' lang='grc' dir='ltr'>καταϐολὴν,</span> <span class='ocrx_word' id='word_1_119' title='bbox 1370 1593 1464 1645; x_wconf 67' lang='grc' dir='ltr'>καὶ</span> <span class='ocrx_word' id='word_1_120' title='bbox 1486 1593 1586 1646; x_wconf 85' lang='grc' dir='ltr'>οὑκ</span> <span class='ocrx_word' id='word_1_121' title='bbox 1606 1591 1684 1644; x_wconf 80' lang='grc' dir='ltr'>ἔτι</span> <span class='ocrx_word' id='word_1_122' title='bbox 1708 1588 1848 1660; x_wconf 87' lang='grc' dir='ltr'>μετά</span> <span class='ocrx_word' id='word_1_123' title='bbox 1872 1587 1971 1656; x_wconf 82' lang='grc' dir='ltr'>τῆς</span> 
     </span>
    </p>
   </div>
   <div class='ocr_carea' id='block_1_18' title="bbox 395 1667 1973 1744">
    <p class='ocr_par' dir='ltr' id='par_1_18' title="bbox 395 1667 1973 1744">
     <span class='ocr_line' id='line_1_18' title="bbox 395 1667 1973 1744; baseline -0.004 -18"><span class='ocrx_word' id='word_1_124' title='bbox 395 1673 565 1743; x_wconf 86' lang='grc' dir='ltr'>αὑτῆς</span> <span class='ocrx_word' id='word_1_125' title='bbox 622 1673 927 1744; x_wconf 77' lang='grc' dir='ltr'>προθυμίας</span> <span class='ocrx_word' id='word_1_126' title='bbox 988 1675 1088 1744; x_wconf 91' lang='grc' dir='ltr'>τῆς</span> <span class='ocrx_word' id='word_1_127' title='bbox 1135 1679 1406 1744; x_wconf 84' lang='grc' dir='ltr'>γεωργίας</span> <span class='ocrx_word' id='word_1_128' title='bbox 1452 1673 1809 1728; x_wconf 80' lang='grc' dir='ltr'>καθάπτεται.</span> <span class='ocrx_word' id='word_1_129' title='bbox 1863 1667 1973 1724; x_wconf 71' lang='grc' dir='ltr'>Καὶ</span> 
     </span>
    </p>
   </div>
   <div class='ocr_carea' id='block_1_19' title="bbox 399 1755 1972 1828">
    <p class='ocr_par' dir='ltr' id='par_1_19' title="bbox 399 1755 1972 1828">
     <span class='ocr_line' id='line_1_19' title="bbox 399 1755 1972 1828; baseline -0.002 -20"><span class='ocrx_word' id='word_1_130' title='bbox 399 1755 579 1826; x_wconf 70' lang='grc' dir='ltr'>ίατίὸς</span> <span class='ocrx_word' id='word_1_131' title='bbox 619 1755 675 1808; x_wconf 85' lang='grc' dir='ltr'>δὲ</span> <span class='ocrx_word' id='word_1_132' title='bbox 705 1756 921 1809; x_wconf 75' lang='grc' dir='ltr'>ἐπειδάν</span> <span class='ocrx_word' id='word_1_133' title='bbox 961 1757 1045 1828; x_wconf 76' lang='grc' dir='ltr'>ἴδῃ</span> <span class='ocrx_word' id='word_1_134' title='bbox 1085 1757 1179 1810; x_wconf 83' lang='grc' dir='ltr'>τὸν</span> <span class='ocrx_word' id='word_1_135' title='bbox 1224 1757 1507 1828; x_wconf 71' lang='grc' dir='ltr'>ἄρρωστον</span> <span class='ocrx_word' id='word_1_136' title='bbox 1549 1757 1624 1828; x_wconf 79' lang='grc' dir='ltr'>μὴ</span> <span class='ocrx_word' id='word_1_137' title='bbox 1653 1755 1972 1826; x_wconf 85' lang='grc' dir='ltr'>πειθόμενον</span> 
     </span>
    </p>
   </div>
   <div class='ocr_carea' id='block_1_20' title="bbox 395 1835 1972 1912">
    <p class='ocr_par' dir='ltr' id='par_1_20' title="bbox 395 1835 1972 1912">
     <span class='ocr_line' id='line_1_20' title="bbox 395 1835 1972 1912; baseline 0.001 -22"><span class='ocrx_word' id='word_1_138' title='bbox 395 1835 559 1890; x_wconf 84' lang='grc' dir='ltr'>αὑτοῦ</span> <span class='ocrx_word' id='word_1_139' title='bbox 586 1839 698 1899; x_wconf 92' lang='grc' dir='ltr'>τοῖς</span> <span class='ocrx_word' id='word_1_140' title='bbox 727 1839 1118 1908; x_wconf 88' lang='grc' dir='ltr'>ἐπιτάγμασιν,</span> <span class='ocrx_word' id='word_1_141' title='bbox 1149 1839 1285 1893; x_wconf 84' lang='grc' dir='ltr'>ἀλλὰ</span> <span class='ocrx_word' id='word_1_142' title='bbox 1313 1839 1410 1912; x_wconf 80' lang='grc' dir='ltr'>τὴν</span> <span class='ocrx_word' id='word_1_143' title='bbox 1444 1841 1598 1894; x_wconf 88' lang='grc' dir='ltr'>νόσον</span> <span class='ocrx_word' id='word_1_144' title='bbox 1633 1839 1816 1905; x_wconf 85' lang='grc' dir='ltr'>αὑξειν</span> <span class='ocrx_word' id='word_1_145' title='bbox 1849 1837 1972 1892; x_wconf 82' lang='grc' dir='ltr'>καθ’</span> 
     </span>
    </p>
   </div>
   <div class='ocr_carea' id='block_1_21' title="bbox 395 1919 1974 1993">
    <p class='ocr_par' dir='ltr' id='par_1_21' title="bbox 395 1919 1974 1993">
     <span class='ocr_line' id='line_1_21' title="bbox 395 1919 1974 1993; baseline 0.001 -21"><span class='ocrx_word' id='word_1_146' title='bbox 395 1921 632 1989; x_wconf 65' lang='grc' dir='ltr'>ἑκάστην</span> <span class='ocrx_word' id='word_1_147' title='bbox 653 1919 1056 1990; x_wconf 87' lang='grc' dir='ltr'>ἐπιτηδεύοντα,</span> <span class='ocrx_word' id='word_1_148' title='bbox 1089 1923 1350 1986; x_wconf 78' lang='grc' dir='ltr'>πολλάκις</span> <span class='ocrx_word' id='word_1_149' title='bbox 1372 1923 1592 1993; x_wconf 82' lang='grc' dir='ltr'>ἀφίησιν</span> <span class='ocrx_word' id='word_1_150' title='bbox 1619 1925 1974 1993; x_wconf 85' lang='grc' dir='ltr'>ἐναπομεῖναι</span> 
     </span>
    </p>
   </div>
   <div class='ocr_carea' id='block_1_22' title="bbox 395 2003 1974 2076">
    <p class='ocr_par' dir='ltr' id='par_1_22' title="bbox 395 2003 1974 2076">
     <span class='ocr_line' id='line_1_22' title="bbox 395 2003 1974 2076; baseline 0.001 -21"><span class='ocrx_word' id='word_1_151' title='bbox 395 2007 459 2074; x_wconf 81' lang='grc' dir='ltr'>τῇ</span> <span class='ocrx_word' id='word_1_152' title='bbox 500 2003 659 2074; x_wconf 87' lang='grc' dir='ltr'>νόσῳ,</span> <span class='ocrx_word' id='word_1_153' title='bbox 689 2005 778 2056; x_wconf 77' lang='grc' dir='ltr'>ἵνα</span> <span class='ocrx_word' id='word_1_154' title='bbox 808 2003 945 2075; x_wconf 79' lang='grc' dir='ltr'>αὑτὴ</span> <span class='ocrx_word' id='word_1_155' title='bbox 965 2006 999 2074; x_wconf 82' lang='grc' dir='ltr'>ή</span> <span class='ocrx_word' id='word_1_156' title='bbox 1024 2007 1190 2076; x_wconf 89' lang='grc' dir='ltr'>πεῖρα</span> <span class='ocrx_word' id='word_1_157' title='bbox 1217 2005 1537 2068; x_wconf 87' lang='grc' dir='ltr'>διδάσκαλος</span> <span class='ocrx_word' id='word_1_158' title='bbox 1574 2006 1722 2076; x_wconf 87' lang='grc' dir='ltr'>αὑτῷ</span> <span class='ocrx_word' id='word_1_159' title='bbox 1749 2007 1974 2076; x_wconf 75' lang='grc' dir='ltr'>γένηται</span> 
     </span>
    </p>
   </div>
   <div class='ocr_carea' id='block_1_23' title="bbox 395 2085 1975 2160">
    <p class='ocr_par' dir='ltr' id='par_1_23' title="bbox 395 2085 1975 2160">
     <span class='ocr_line' id='line_1_23' title="bbox 395 2085 1975 2160; baseline 0.003 -22"><span class='ocrx_word' id='word_1_160' title='bbox 395 2087 504 2139; x_wconf 85' lang='grc' dir='ltr'>τῶν</span> <span class='ocrx_word' id='word_1_161' title='bbox 534 2085 939 2158; x_wconf 75' lang='grc' dir='ltr'>συμφερόντων.</span> <span class='ocrx_word' id='word_1_162' title='bbox 968 2087 1080 2141; x_wconf 74' lang='grc' dir='ltr'>Καὶ</span> <span class='ocrx_word' id='word_1_163' title='bbox 1105 2089 1156 2141; x_wconf 89' lang='grc' dir='ltr'>οί</span> <span class='ocrx_word' id='word_1_164' title='bbox 1177 2088 1246 2143; x_wconf 87' lang='grc' dir='ltr'>τά</span> <span class='ocrx_word' id='word_1_165' title='bbox 1277 2089 1576 2160; x_wconf 86' lang='grc' dir='ltr'>μαθήματα</span> <span class='ocrx_word' id='word_1_166' title='bbox 1607 2091 1664 2142; x_wconf 80' lang='grc' dir='ltr'>δὲ</span> <span class='ocrx_word' id='word_1_167' title='bbox 1696 2091 1822 2154; x_wconf 78' lang='grc' dir='ltr'>τοὺς</span> <span class='ocrx_word' id='word_1_168' title='bbox 1850 2093 1975 2143; x_wconf 87' lang='grc' dir='ltr'>παῖ-</span> 
     </span>
    </p>
   </div>
   <div class='ocr_carea' id='block_1_24' title="bbox 395 2170 1975 2243">
    <p class='ocr_par' dir='ltr' id='par_1_24' title="bbox 395 2170 1975 2243">
     <span class='ocr_line' id='line_1_24' title="bbox 395 2170 1975 2243; baseline 0.001 -18"><span class='ocrx_word' id='word_1_169' title='bbox 395 2171 492 2233; x_wconf 90' lang='grc' dir='ltr'>δας</span> <span class='ocrx_word' id='word_1_170' title='bbox 529 2170 972 2235; x_wconf 82' lang='grc' dir='ltr'>ἐκπαιδεύοντες,</span> <span class='ocrx_word' id='word_1_171' title='bbox 1003 2172 1224 2226; x_wconf 80' lang='grc' dir='ltr'>ἐπειδὰν</span> <span class='ocrx_word' id='word_1_172' title='bbox 1277 2172 1428 2226; x_wconf 71' lang='grc' dir='ltr'>ἴδωσι</span> <span class='ocrx_word' id='word_1_173' title='bbox 1474 2173 1542 2227; x_wconf 85' lang='grc' dir='ltr'>τά</span> <span class='ocrx_word' id='word_1_174' title='bbox 1574 2174 1816 2243; x_wconf 88' lang='grc' dir='ltr'>πρότερα</span> <span class='ocrx_word' id='word_1_175' title='bbox 1841 2175 1975 2226; x_wconf 82' lang='grc' dir='ltr'>ἀπο-</span> 
     </span>
    </p>
   </div>
   <div class='ocr_carea' id='block_1_25' title="bbox 398 2254 1978 2326">
    <p class='ocr_par' dir='ltr' id='par_1_25' title="bbox 398 2254 1978 2326">
     <span class='ocr_line' id='line_1_25' title="bbox 398 2254 1978 2326; baseline 0 -18"><span class='ocrx_word' id='word_1_176' title='bbox 398 2255 687 2319; x_wconf 85' lang='grc' dir='ltr'>πτύοντας,</span> <span class='ocrx_word' id='word_1_177' title='bbox 707 2255 802 2308; x_wconf 75' lang='grc' dir='ltr'>καὶ</span> <span class='ocrx_word' id='word_1_178' title='bbox 826 2255 921 2326; x_wconf 80' lang='grc' dir='ltr'>τὴν</span> <span class='ocrx_word' id='word_1_179' title='bbox 945 2256 1166 2326; x_wconf 80' lang='grc' dir='ltr'>μνήμην</span> <span class='ocrx_word' id='word_1_180' title='bbox 1187 2254 1296 2309; x_wconf 91' lang='grc' dir='ltr'>τῶν</span> <span class='ocrx_word' id='word_1_181' title='bbox 1318 2255 1419 2326; x_wconf 79' lang='grc' dir='ltr'>ήδη</span> <span class='ocrx_word' id='word_1_182' title='bbox 1447 2257 1710 2310; x_wconf 80' lang='grc' dir='ltr'>δοθέντων</span> <span class='ocrx_word' id='word_1_183' title='bbox 1740 2256 1978 2310; x_wconf 88' lang='grc' dir='ltr'>ἀποϐάλ-</span> 
     </span>
    </p>
   </div>
   <div class='ocr_carea' id='block_1_26' title="bbox 397 2337 1977 2412">
    <p class='ocr_par' dir='ltr' id='par_1_26' title="bbox 397 2337 1977 2412">
     <span class='ocr_line' id='line_1_26' title="bbox 397 2337 1977 2412; baseline 0.001 -21"><span class='ocrx_word' id='word_1_184' title='bbox 397 2339 606 2400; x_wconf 81' lang='grc' dir='ltr'>λοντας,</span> <span class='ocrx_word' id='word_1_185' title='bbox 633 2337 888 2402; x_wconf 83' lang='grc' dir='ltr'>πολλάκις</span> <span class='ocrx_word' id='word_1_186' title='bbox 916 2338 1348 2410; x_wconf 77' lang='grc' dir='ltr'>ἀποστρέφονται</span> <span class='ocrx_word' id='word_1_187' title='bbox 1373 2338 1470 2410; x_wconf 80' lang='grc' dir='ltr'>τὴν</span> <span class='ocrx_word' id='word_1_188' title='bbox 1494 2351 1520 2380; x_wconf 73' lang='grc' dir='ltr'>ι</span> <span class='ocrx_word' id='word_1_189' title='bbox 1545 2339 1816 2411; x_wconf 73' lang='grc' dir='ltr'>ῥαθυμίαν</span> <span class='ocrx_word' id='word_1_190' title='bbox 1835 2339 1977 2412; x_wconf 89' lang='grc' dir='ltr'>διορ-</span> 
     </span>
    </p>
   </div>
   <div class='ocr_carea' id='block_1_27' title="bbox 397 2420 1972 2494">
    <p class='ocr_par' dir='ltr' id='par_1_27' title="bbox 397 2420 1972 2494">
     <span class='ocr_line' id='line_1_27' title="bbox 397 2420 1972 2494; baseline 0.002 -20"><span class='ocrx_word' id='word_1_191' title='bbox 397 2420 647 2491; x_wconf 87' lang='grc' dir='ltr'>θούμενοι</span> <span class='ocrx_word' id='word_1_192' title='bbox 670 2463 685 2484; x_wconf 82' lang='grc'>,</span> <span class='ocrx_word' id='word_1_193' title='bbox 719 2421 813 2475; x_wconf 76' lang='grc' dir='ltr'>καὶ</span> <span class='ocrx_word' id='word_1_194' title='bbox 869 2421 1003 2491; x_wconf 74' lang='grc' dir='ltr'>πρὸς</span> <span class='ocrx_word' id='word_1_195' title='bbox 1037 2421 1269 2494; x_wconf 81' lang='grc' dir='ltr'>σπουδὴν</span> <span class='ocrx_word' id='word_1_196' title='bbox 1319 2422 1538 2478; x_wconf 86' lang='grc' dir='ltr'>πλείονα</span> <span class='ocrx_word' id='word_1_197' title='bbox 1589 2423 1972 2492; x_wconf 87' lang='grc' dir='ltr'>ἐπανάγοντες.</span> 
     </span>
    </p>
   </div>
   <div class='ocr_carea' id='block_1_28' title="bbox 414 2505 1974 2578">
    <p class='ocr_par' dir='ltr' id='par_1_28' title="bbox 414 2505 1974 2578">
     <span class='ocr_line' id='line_1_28' title="bbox 414 2505 1974 2578; baseline 0.001 -20"><span class='ocrx_word' id='word_1_198' title='bbox 414 2505 547 2558; x_wconf 78' lang='grc' dir='ltr'>Ἀλλ’</span> <span class='ocrx_word' id='word_1_199' title='bbox 569 2505 597 2556; x_wconf 98' lang='lat'>6</span> <span class='ocrx_word' id='word_1_200' title='bbox 631 2506 726 2575; x_wconf 85' lang='grc' dir='ltr'>μὲν</span> <span class='ocrx_word' id='word_1_201' title='bbox 755 2505 992 2575; x_wconf 88' lang='grc' dir='ltr'>γηπόνος</span> <span class='ocrx_word' id='word_1_202' title='bbox 1011 2506 1234 2570; x_wconf 85' lang='grc' dir='ltr'>εἰκότως</span> <span class='ocrx_word' id='word_1_203' title='bbox 1249 2507 1606 2578; x_wconf 78' lang='grc' dir='ltr'>ὀκνηρότερος</span> <span class='ocrx_word' id='word_1_204' title='bbox 1627 2508 1833 2576; x_wconf 91' lang='grc' dir='ltr'>γίνεται</span> <span class='ocrx_word' id='word_1_205' title='bbox 1851 2507 1974 2562; x_wconf 86' lang='grc' dir='ltr'>πολ-</span> 
     </span>
    </p>
   </div>
   <div class='ocr_carea' id='block_1_29' title="bbox 392 2584 1977 2662">
    <p class='ocr_par' dir='ltr' id='par_1_29' title="bbox 392 2584 1977 2662">
     <span class='ocr_line' id='line_1_29' title="bbox 392 2584 1977 2662; baseline 0.001 -19"><span class='ocrx_word' id='word_1_206' title='bbox 392 2589 572 2652; x_wconf 81' lang='grc' dir='ltr'>λάκις,</span> <span class='ocrx_word' id='word_1_207' title='bbox 606 2588 794 2660; x_wconf 75' lang='grc' dir='ltr'>ἐπειδὴ</span> <span class='ocrx_word' id='word_1_208' title='bbox 819 2584 957 2641; x_wconf 80' lang='grc' dir='ltr'>οἶδεν</span> <span class='ocrx_word' id='word_1_209' title='bbox 990 2589 1070 2642; x_wconf 82' lang='grc' dir='ltr'>ότι</span> <span class='ocrx_word' id='word_1_210' title='bbox 1097 2589 1166 2642; x_wconf 84' lang='grc' dir='ltr'>τά</span> <span class='ocrx_word' id='word_1_211' title='bbox 1190 2593 1288 2658; x_wconf 83' lang='grc' dir='ltr'>τῆς</span> <span class='ocrx_word' id='word_1_212' title='bbox 1319 2589 1520 2661; x_wconf 82' lang='grc' dir='ltr'>ζημίας</span> <span class='ocrx_word' id='word_1_213' title='bbox 1542 2591 1689 2662; x_wconf 85' lang='grc' dir='ltr'>αὑτῷ</span> <span class='ocrx_word' id='word_1_214' title='bbox 1716 2593 1977 2645; x_wconf 86' lang='grc' dir='ltr'>ἐπιτείνε-</span> 
     </span>
    </p>
   </div>
   <div class='ocr_carea' id='block_1_30' title="bbox 395 2675 1971 2748">
    <p class='ocr_par' dir='ltr' id='par_1_30' title="bbox 395 2675 1971 2748">
     <span class='ocr_line' id='line_1_30' title="bbox 395 2675 1971 2748; baseline 0.004 -22"><span class='ocrx_word' id='word_1_215' title='bbox 395 2691 507 2737; x_wconf 75' lang='grc' dir='ltr'>ται,</span> <span class='ocrx_word' id='word_1_216' title='bbox 538 2675 668 2728; x_wconf 82' lang='grc' dir='ltr'>ὅταν</span> <span class='ocrx_word' id='word_1_217' title='bbox 691 2675 782 2728; x_wconf 83' lang='grc' dir='ltr'>τὸν</span> <span class='ocrx_word' id='word_1_218' title='bbox 820 2675 918 2744; x_wconf 84' lang='grc' dir='ltr'>μὲν</span> <span class='ocrx_word' id='word_1_219' title='bbox 951 2675 1112 2727; x_wconf 87' lang='grc' dir='ltr'>πόνον</span> <span class='ocrx_word' id='word_1_220' title='bbox 1146 2676 1240 2728; x_wconf 79' lang='grc' dir='ltr'>καὶ</span> <span class='ocrx_word' id='word_1_221' title='bbox 1286 2677 1384 2747; x_wconf 80' lang='grc' dir='ltr'>τὴν</span> <span class='ocrx_word' id='word_1_222' title='bbox 1415 2677 1660 2748; x_wconf 85' lang='grc' dir='ltr'>δαπάνην</span> <span class='ocrx_word' id='word_1_223' title='bbox 1693 2677 1936 2748; x_wconf 78' lang='grc' dir='ltr'>ὑπομένῃ</span> <span class='ocrx_word' id='word_1_224' title='bbox 1957 2718 1971 2740; x_wconf 88' lang='grc'>,</span> 
     </span>
    </p>
   </div>
   <div class='ocr_carea' id='block_1_31' title="bbox 396 2757 1974 2833">
    <p class='ocr_par' dir='ltr' id='par_1_31' title="bbox 396 2757 1974 2833">
     <span class='ocr_line' id='line_1_31' title="bbox 396 2757 1974 2833; baseline 0.001 -20"><span class='ocrx_word' id='word_1_225' title='bbox 396 2759 508 2813; x_wconf 88' lang='grc' dir='ltr'>τῶν</span> <span class='ocrx_word' id='word_1_226' title='bbox 545 2759 602 2812; x_wconf 87' lang='grc' dir='ltr'>δὲ</span> <span class='ocrx_word' id='word_1_227' title='bbox 650 2757 879 2829; x_wconf 87' lang='grc' dir='ltr'>καρπῶν</span> <span class='ocrx_word' id='word_1_228' title='bbox 919 2759 1308 2830; x_wconf 86' lang='grc' dir='ltr'>ἀποστερῆται.</span> <span class='ocrx_word' id='word_1_229' title='bbox 1345 2759 1460 2833; x_wconf 60' lang='grc' dir='ltr'>ΔΚαὶ.</span> <span class='ocrx_word' id='word_1_230' title='bbox 1510 2762 1538 2813; x_wconf 91' lang='grc' dir='ltr'>ό</span> <span class='ocrx_word' id='word_1_231' title='bbox 1570 2760 1752 2832; x_wconf 82' lang='grc' dir='ltr'>ἰατρὸς</span> <span class='ocrx_word' id='word_1_232' title='bbox 1790 2761 1847 2814; x_wconf 86' lang='grc' dir='ltr'>δέ</span> <span class='ocrx_word' id='word_1_233' title='bbox 1875 2761 1974 2814; x_wconf 87' lang='grc' dir='ltr'>οὑκ</span> 
     </span>
    </p>
   </div>
   <div class='ocr_carea' id='block_1_32' title="bbox 397 2840 1975 2915">
    <p class='ocr_par' dir='ltr' id='par_1_32' title="bbox 397 2840 1975 2915">
     <span class='ocr_line' id='line_1_32' title="bbox 397 2840 1975 2915; baseline 0.002 -20"><span class='ocrx_word' id='word_1_234' title='bbox 397 2841 701 2904; x_wconf 82' lang='grc' dir='ltr'>ἀπεικότως</span> <span class='ocrx_word' id='word_1_235' title='bbox 725 2840 1041 2894; x_wconf 84' lang='grc' dir='ltr'>καταλείπει</span> <span class='ocrx_word' id='word_1_236' title='bbox 1062 2842 1320 2906; x_wconf 85' lang='grc' dir='ltr'>πολλάκις</span> <span class='ocrx_word' id='word_1_237' title='bbox 1349 2843 1441 2896; x_wconf 72' lang='grc' dir='ltr'>τὸν</span> <span class='ocrx_word' id='word_1_238' title='bbox 1474 2843 1756 2915; x_wconf 77' lang='grc' dir='ltr'>ἄρρωστον</span> <span class='ocrx_word' id='word_1_239' title='bbox 1773 2861 1786 2875; x_wconf 89' lang='grc'><strong>·</strong></span> <span class='ocrx_word' id='word_1_240' title='bbox 1817 2845 1975 2915; x_wconf 91' lang='grc' dir='ltr'>σῶμα</span> 
     </span>
    </p>
   </div>
   <div class='ocr_carea' id='block_1_33' title="bbox 396 2925 1972 2998">
    <p class='ocr_par' dir='ltr' id='par_1_33' title="bbox 396 2925 1972 2998">
     <span class='ocr_line' id='line_1_33' title="bbox 396 2925 1972 2998; baseline 0 -18"><span class='ocrx_word' id='word_1_241' title='bbox 396 2926 508 2997; x_wconf 88' lang='grc' dir='ltr'>γάρ</span> <span class='ocrx_word' id='word_1_242' title='bbox 551 2927 666 2978; x_wconf 85' lang='grc' dir='ltr'>ἐστι</span> <span class='ocrx_word' id='word_1_243' title='bbox 693 2925 753 2978; x_wconf 76' lang='grc' dir='ltr'>τὸ</span> <span class='ocrx_word' id='word_1_244' title='bbox 797 2925 1250 2996; x_wconf 87' lang='grc' dir='ltr'>θεραπευόμενον,</span> <span class='ocrx_word' id='word_1_245' title='bbox 1282 2927 1377 2981; x_wconf 76' lang='grc' dir='ltr'>καὶ</span> <span class='ocrx_word' id='word_1_246' title='bbox 1421 2926 1510 2981; x_wconf 86' lang='grc' dir='ltr'>διά</span> <span class='ocrx_word' id='word_1_247' title='bbox 1539 2927 1698 2980; x_wconf 86' lang='grc' dir='ltr'>τοῦτο</span> <span class='ocrx_word' id='word_1_248' title='bbox 1725 2927 1972 2998; x_wconf 76' lang='grc' dir='ltr'>ἀφίησιν,</span> 
     </span>
    </p>
   </div>
   <div class='ocr_carea' id='block_1_34' title="bbox 399 3005 1973 3083">
    <p class='ocr_par' dir='ltr' id='par_1_34' title="bbox 399 3005 1973 3083">
     <span class='ocr_line' id='line_1_34' title="bbox 399 3005 1973 3083; baseline 0.002 -22"><span class='ocrx_word' id='word_1_249' title='bbox 399 3009 483 3062; x_wconf 73' lang='grc' dir='ltr'>ἵνα</span> <span class='ocrx_word' id='word_1_250' title='bbox 512 3010 544 3079; x_wconf 77' lang='grc' dir='ltr'>ἡ</span> <span class='ocrx_word' id='word_1_251' title='bbox 573 3007 674 3078; x_wconf 86' lang='grc' dir='ltr'>τῆς</span> <span class='ocrx_word' id='word_1_252' title='bbox 704 3005 898 3076; x_wconf 77' lang='grc' dir='ltr'>ὀδύνης</span> <span class='ocrx_word' id='word_1_253' title='bbox 927 3009 1177 3072; x_wconf 77' lang='grc' dir='ltr'>ἐπίτασις</span> <span class='ocrx_word' id='word_1_254' title='bbox 1205 3010 1596 3083; x_wconf 80' lang='grc' dir='ltr'>παρασκευάσῃ</span> <span class='ocrx_word' id='word_1_255' title='bbox 1621 3012 1701 3073; x_wconf 86' lang='grc' dir='ltr'>είς</span> <span class='ocrx_word' id='word_1_256' title='bbox 1722 3009 1973 3082; x_wconf 77' lang='grc' dir='ltr'>αἴσθησιν</span> 
     </span>
    </p>
   </div>
   <div class='ocr_carea' id='block_1_35' title="bbox 393 3089 1971 3161">
    <p class='ocr_par' dir='ltr' id='par_1_35' title="bbox 393 3089 1971 3161">
     <span class='ocr_line' id='line_1_35' title="bbox 393 3089 1971 3161; baseline 0.003 -18"><span class='ocrx_word' id='word_1_257' title='bbox 393 3091 494 3161; x_wconf 88' lang='grc' dir='ltr'>τῆς</span> <span class='ocrx_word' id='word_1_258' title='bbox 515 3092 671 3142; x_wconf 86' lang='grc' dir='ltr'>νόσου</span> <span class='ocrx_word' id='word_1_259' title='bbox 701 3089 872 3143; x_wconf 84' lang='grc' dir='ltr'>ἐλθεῖν</span> <span class='ocrx_word' id='word_1_260' title='bbox 897 3090 989 3143; x_wconf 77' lang='grc' dir='ltr'>καὶ</span> <span class='ocrx_word' id='word_1_261' title='bbox 1011 3089 1154 3144; x_wconf 77' lang='grc' dir='ltr'>οὕτω</span> <span class='ocrx_word' id='word_1_262' title='bbox 1174 3091 1274 3161; x_wconf 83' lang='grc' dir='ltr'>τὴν</span> <span class='ocrx_word' id='word_1_263' title='bbox 1296 3092 1535 3161; x_wconf 80' lang='grc' dir='ltr'>ἰατρείαν</span> <span class='ocrx_word' id='word_1_264' title='bbox 1555 3092 1971 3159; x_wconf 81' lang='grc' dir='ltr'>καταδέξασθαι.</span> 
     </span>
    </p>
   </div>
   <div class='ocr_carea' id='block_1_36' title="bbox 396 3171 1972 3246">
    <p class='ocr_par' dir='ltr' id='par_1_36' title="bbox 396 3171 1972 3246">
     <span class='ocr_line' id='line_1_36' title="bbox 396 3171 1972 3246; baseline 0 -18"><span class='ocrx_word' id='word_1_265' title='bbox 396 3175 507 3228; x_wconf 75' lang='grc' dir='ltr'>Καὶ</span> <span class='ocrx_word' id='word_1_266' title='bbox 529 3174 558 3226; x_wconf 90' lang='lat'>6</span> <span class='ocrx_word' id='word_1_267' title='bbox 587 3171 697 3226; x_wconf 92' lang='grc' dir='ltr'>τῶν</span> <span class='ocrx_word' id='word_1_268' title='bbox 745 3172 948 3226; x_wconf 85' lang='grc' dir='ltr'>παίδων</span> <span class='ocrx_word' id='word_1_269' title='bbox 983 3172 1298 3238; x_wconf 88' lang='grc' dir='ltr'>διδάσκαλος</span> <span class='ocrx_word' id='word_1_270' title='bbox 1321 3174 1408 3228; x_wconf 82' lang='grc' dir='ltr'>διά</span> <span class='ocrx_word' id='word_1_271' title='bbox 1433 3174 1492 3228; x_wconf 83' lang='grc' dir='ltr'>τὸ</span> <span class='ocrx_word' id='word_1_272' title='bbox 1523 3175 1711 3239; x_wconf 85' lang='grc' dir='ltr'>ἀτελὲς</span> <span class='ocrx_word' id='word_1_273' title='bbox 1738 3176 1834 3246; x_wconf 88' lang='grc' dir='ltr'>τῆς</span> <span class='ocrx_word' id='word_1_274' title='bbox 1853 3176 1972 3246; x_wconf 87' lang='grc' dir='ltr'>ήλι-</span> 
     </span>
    </p>
   </div>
   <div class='ocr_carea' id='block_1_37' title="bbox 396 3254 1971 3325">
    <p class='ocr_par' dir='ltr' id='par_1_37' title="bbox 396 3254 1971 3325">
     <span class='ocr_line' id='line_1_37' title="bbox 396 3254 1971 3325; baseline 0.001 -16"><span class='ocrx_word' id='word_1_275' title='bbox 396 3254 518 3318; x_wconf 90' lang='grc' dir='ltr'>κίας</span> <span class='ocrx_word' id='word_1_276' title='bbox 550 3254 934 3325; x_wconf 66' lang='grc' dir='ltr'>συμφερόντως</span> <span class='ocrx_word' id='word_1_277' title='bbox 963 3254 1226 3319; x_wconf 87' lang='grc' dir='ltr'>πολλάκις</span> <span class='ocrx_word' id='word_1_278' title='bbox 1253 3256 1352 3319; x_wconf 84' lang='grc' dir='ltr'>τὰς</span> <span class='ocrx_word' id='word_1_279' title='bbox 1380 3256 1593 3325; x_wconf 84' lang='grc' dir='ltr'>πληγὰς</span> <span class='ocrx_word' id='word_1_280' title='bbox 1623 3259 1971 3312; x_wconf 81' lang='grc' dir='ltr'>ἐπανατείνε-</span> 
     </span>
    </p>
   </div>
   <div class='ocr_carea' id='block_1_38' title="bbox 393 3337 1974 3408">
    <p class='ocr_par' dir='ltr' id='par_1_38' title="bbox 393 3337 1974 3408">
     <span class='ocr_line' id='line_1_38' title="bbox 393 3337 1974 3408; baseline 0.003 -18"><span class='ocrx_word' id='word_1_281' title='bbox 393 3355 481 3391; x_wconf 90' lang='grc' dir='ltr'>ται</span> <span class='ocrx_word' id='word_1_282' title='bbox 502 3339 616 3400; x_wconf 88' lang='grc' dir='ltr'>τοῖς</span> <span class='ocrx_word' id='word_1_283' title='bbox 641 3338 852 3390; x_wconf 89' lang='grc' dir='ltr'>παισίν.</span> <span class='ocrx_word' id='word_1_284' title='bbox 878 3337 1016 3389; x_wconf 81' lang='grc' dir='ltr'>Ἀλλ’</span> <span class='ocrx_word' id='word_1_285' title='bbox 1035 3339 1196 3407; x_wconf 78' lang='grc' dir='ltr'>ἡμεῖς</span> <span class='ocrx_word' id='word_1_286' title='bbox 1222 3339 1462 3408; x_wconf 85' lang='grc' dir='ltr'>σήμερον</span> <span class='ocrx_word' id='word_1_287' title='bbox 1479 3339 1701 3404; x_wconf 89' lang='grc' dir='ltr'>τούτους</span> <span class='ocrx_word' id='word_1_288' title='bbox 1726 3341 1974 3404; x_wconf 72' lang='grc' dir='ltr'>ἅπαντας</span> 
     </span>
    </p>
   </div>
   <div class='ocr_carea' id='block_1_39' title="bbox 398 3418 1976 3493">
    <p class='ocr_par' dir='ltr' id='par_1_39' title="bbox 398 3418 1976 3493">
     <span class='ocr_line' id='line_1_39' title="bbox 398 3418 1976 3493; baseline 0.003 -21"><span class='ocrx_word' id='word_1_289' title='bbox 398 3418 894 3488; x_wconf 86' lang='grc' dir='ltr'>ὑπερϐαλλόμενοι,</span> <span class='ocrx_word' id='word_1_290' title='bbox 950 3419 1480 3488; x_wconf 74' lang='grc' dir='ltr'>παρασκευαζόμεθα</span> <span class='ocrx_word' id='word_1_291' title='bbox 1521 3422 1790 3493; x_wconf 79' lang='grc' dir='ltr'>πατρικὴν</span> <span class='ocrx_word' id='word_1_292' title='bbox 1834 3423 1976 3491; x_wconf 85' lang='grc' dir='ltr'>φιλο-</span> 
     </span>
    </p>
   </div>
   <div class='ocr_carea' id='block_1_40' title="bbox 399 3501 1974 3572">
    <p class='ocr_par' dir='ltr' id='par_1_40' title="bbox 399 3501 1974 3572">
     <span class='ocr_line' id='line_1_40' title="bbox 399 3501 1974 3572; baseline 0.002 -16"><span class='ocrx_word' id='word_1_293' title='bbox 399 3503 656 3572; x_wconf 88' lang='grc' dir='ltr'>στοργίαν</span> <span class='ocrx_word' id='word_1_294' title='bbox 702 3502 829 3571; x_wconf 75' lang='grc' dir='ltr'>περὶ</span> <span class='ocrx_word' id='word_1_295' title='bbox 868 3501 992 3564; x_wconf 78' lang='grc' dir='ltr'>τοὺς</span> <span class='ocrx_word' id='word_1_296' title='bbox 1041 3502 1364 3565; x_wconf 88' lang='grc' dir='ltr'>ἐπταικότας</span> <span class='ocrx_word' id='word_1_297' title='bbox 1419 3504 1822 3568; x_wconf 83' lang='grc' dir='ltr'>ἐπιδείξασθαι,</span> <span class='ocrx_word' id='word_1_298' title='bbox 1879 3507 1974 3559; x_wconf 61' lang='grc' dir='ltr'>καὶ⁵</span> 
     </span>
    </p>
   </div>
   <div class='ocr_carea' id='block_1_41' title="bbox 395 3583 1972 3660">
    <p class='ocr_par' dir='ltr' id='par_1_41' title="bbox 395 3583 1972 3660">
     <span class='ocr_line' id='line_1_41' title="bbox 395 3583 1972 3660; baseline 0.001 -22"><span class='ocrx_word' id='word_1_299' title='bbox 395 3583 605 3650; x_wconf 79' lang='grc' dir='ltr'>διδάξαι</span> <span class='ocrx_word' id='word_1_300' title='bbox 627 3584 824 3646; x_wconf 77' lang='grc' dir='ltr'>αὐτοὺς</span> <span class='ocrx_word' id='word_1_301' title='bbox 845 3584 950 3646; x_wconf 82' lang='grc' dir='ltr'>ὅτι,</span> <span class='ocrx_word' id='word_1_302' title='bbox 972 3586 1020 3636; x_wconf 88' lang='grc' dir='ltr'>εί</span> <span class='ocrx_word' id='word_1_303' title='bbox 1049 3584 1358 3653; x_wconf 87' lang='grc' dir='ltr'>ἐπιμένοιεν</span> <span class='ocrx_word' id='word_1_304' title='bbox 1382 3585 1440 3637; x_wconf 79' lang='grc' dir='ltr'>ἐν</span> <span class='ocrx_word' id='word_1_305' title='bbox 1461 3589 1527 3656; x_wconf 80' lang='grc' dir='ltr'>τῇ</span> <span class='ocrx_word' id='word_1_306' title='bbox 1547 3587 1684 3658; x_wconf 83' lang='grc' dir='ltr'>αὑτῇ</span> <span class='ocrx_word' id='word_1_307' title='bbox 1709 3586 1972 3660; x_wconf 75' lang='grc' dir='ltr'>ῥᾳθυμία,</span> 
     </span>
    </p>
   </div>
   <div class='ocr_carea' id='block_1_42' title="bbox 398 3665 1975 3740">
    <p class='ocr_par' dir='ltr' id='par_1_42' title="bbox 398 3665 1975 3740">
     <span class='ocr_line' id='line_1_42' title="bbox 398 3665 1975 3740; baseline 0.002 -20"><span class='ocrx_word' id='word_1_308' title='bbox 398 3666 556 3721; x_wconf 85' lang='grc' dir='ltr'>τοῦτο</span> <span class='ocrx_word' id='word_1_309' title='bbox 603 3665 735 3720; x_wconf 76' lang='grc' dir='ltr'>αὐτὸ</span> <span class='ocrx_word' id='word_1_310' title='bbox 785 3665 1030 3736; x_wconf 79' lang='grc' dir='ltr'>μείζονος</span> <span class='ocrx_word' id='word_1_311' title='bbox 1079 3668 1259 3730; x_wconf 87' lang='grc' dir='ltr'>αὑτοῖς</span> <span class='ocrx_word' id='word_1_312' title='bbox 1313 3670 1686 3740; x_wconf 84' lang='grc' dir='ltr'>κατακρίσεως</span> <span class='ocrx_word' id='word_1_313' title='bbox 1720 3669 1975 3733; x_wconf 89' lang='grc' dir='ltr'>ὑπόθεσις</span> 
     </span>
    </p>
   </div>
   <div class='ocr_carea' id='block_1_43' title="bbox 398 3750 1975 3827">
    <p class='ocr_par' dir='ltr' id='par_1_43' title="bbox 398 3750 1975 3827">
     <span class='ocr_line' id='line_1_43' title="bbox 398 3750 1975 3827; baseline 0.004 -25"><span class='ocrx_word' id='word_1_314' title='bbox 398 3751 570 3805; x_wconf 77' lang='grc' dir='ltr'>ἐσται.</span> <span class='ocrx_word' id='word_1_315' title='bbox 611 3750 670 3802; x_wconf 86' lang='lat'>&#39;0</span> <span class='ocrx_word' id='word_1_316' title='bbox 697 3750 795 3820; x_wconf 84' lang='grc' dir='ltr'>μὲν</span> <span class='ocrx_word' id='word_1_317' title='bbox 826 3750 934 3821; x_wconf 85' lang='grc' dir='ltr'>γάρ</span> <span class='ocrx_word' id='word_1_318' title='bbox 973 3750 1208 3821; x_wconf 78' lang='grc' dir='ltr'>γηπόνος</span> <span class='ocrx_word' id='word_1_319' title='bbox 1247 3751 1307 3803; x_wconf 90' lang='grc' dir='ltr'>οὑ</span> <span class='ocrx_word' id='word_1_320' title='bbox 1347 3752 1482 3821; x_wconf 86' lang='grc' dir='ltr'>μετά</span> <span class='ocrx_word' id='word_1_321' title='bbox 1512 3753 1610 3822; x_wconf 88' lang='grc' dir='ltr'>τῆς</span> <span class='ocrx_word' id='word_1_322' title='bbox 1641 3755 1812 3825; x_wconf 89' lang='grc' dir='ltr'>αὑτῆς</span> <span class='ocrx_word' id='word_1_323' title='bbox 1844 3772 1975 3827; x_wconf 86' lang='grc' dir='ltr'>προ-</span> 
     </span>
    </p>
   </div>
   <div class='ocr_carea' id='block_1_44' title="bbox 398 3831 1975 3907">
    <p class='ocr_par' dir='ltr' id='par_1_44' title="bbox 398 3831 1975 3907">
     <span class='ocr_line' id='line_1_44' title="bbox 398 3831 1975 3907; baseline 0.003 -21"><span class='ocrx_word' id='word_1_324' title='bbox 398 3833 596 3898; x_wconf 87' lang='grc' dir='ltr'>θυμίας</span> <span class='ocrx_word' id='word_1_325' title='bbox 616 3831 943 3886; x_wconf 89' lang='grc' dir='ltr'>καταϐάλλει</span> <span class='ocrx_word' id='word_1_326' title='bbox 965 3832 1033 3886; x_wconf 73' lang='grc' dir='ltr'>τὰ</span> <span class='ocrx_word' id='word_1_327' title='bbox 1053 3833 1363 3904; x_wconf 86' lang='grc' dir='ltr'>σπέρματα,</span> <span class='ocrx_word' id='word_1_328' title='bbox 1391 3835 1488 3905; x_wconf 86' lang='grc' dir='ltr'>τὴν</span> <span class='ocrx_word' id='word_1_329' title='bbox 1511 3835 1755 3907; x_wconf 84' lang='grc' dir='ltr'>δαπάνην</span> <span class='ocrx_word' id='word_1_330' title='bbox 1779 3838 1975 3891; x_wconf 77' lang='grc' dir='ltr'>ἐννοῶν</span> 
     </span>
    </p>
   </div>
   <div class='ocr_carea' id='block_1_45' title="bbox 399 3915 1975 3990">
    <p class='ocr_par' dir='ltr' id='par_1_45' title="bbox 399 3915 1975 3990">
     <span class='ocr_line' id='line_1_45' title="bbox 399 3915 1975 3990; baseline 0.004 -22"><span class='ocrx_word' id='word_1_331' title='bbox 399 3916 518 3982; x_wconf 79' lang='grc' dir='ltr'>εἰκῆ</span> <span class='ocrx_word' id='word_1_332' title='bbox 557 3915 650 3970; x_wconf 75' lang='grc' dir='ltr'>καὶ</span> <span class='ocrx_word' id='word_1_333' title='bbox 684 3915 858 3986; x_wconf 89' lang='grc' dir='ltr'>μάτην</span> <span class='ocrx_word' id='word_1_334' title='bbox 909 3915 1007 3986; x_wconf 84' lang='grc' dir='ltr'>ῆδη</span> <span class='ocrx_word' id='word_1_335' title='bbox 1051 3916 1451 3988; x_wconf 74' lang='grc' dir='ltr'>γεγενημένηνο</span> <span class='ocrx_word' id='word_1_336' title='bbox 1495 3921 1654 3990; x_wconf 85' lang='grc' dir='ltr'>ἡμεῖς</span> <span class='ocrx_word' id='word_1_337' title='bbox 1681 3921 1740 3974; x_wconf 83' lang='grc' dir='ltr'>δὲ</span> <span class='ocrx_word' id='word_1_338' title='bbox 1771 3921 1975 3990; x_wconf 88' lang='grc' dir='ltr'>ταύτης</span> 
     </span>
    </p>
   </div>
   <div class='ocr_carea' id='block_1_46' title="bbox 399 3997 1975 4073">
    <p class='ocr_par' dir='ltr' id='par_1_46' title="bbox 399 3997 1975 4073">
     <span class='ocr_line' id='line_1_46' title="bbox 399 3997 1975 4073; baseline 0.004 -21"><span class='ocrx_word' id='word_1_339' title='bbox 399 3997 796 4070; x_wconf 84' lang='grc' dir='ltr'>ἀπηλλάγμεθα</span> <span class='ocrx_word' id='word_1_340' title='bbox 837 3997 937 4068; x_wconf 89' lang='grc' dir='ltr'>τῆς</span> <span class='ocrx_word' id='word_1_341' title='bbox 978 3997 1236 4066; x_wconf 87' lang='grc' dir='ltr'>ἀγωνίας.</span> <span class='ocrx_word' id='word_1_342' title='bbox 1281 3999 1400 4054; x_wconf 81' lang='grc' dir='ltr'>Κᾶν</span> <span class='ocrx_word' id='word_1_343' title='bbox 1428 4003 1538 4073; x_wconf 77' lang='grc' dir='ltr'>γάρ</span> <span class='ocrx_word' id='word_1_344' title='bbox 1577 4003 1975 4067; x_wconf 89' lang='grc' dir='ltr'>καταϐαλόντες</span> 
     </span>
    </p>
   </div>
   <div class='ocr_carea' id='block_1_47' title="bbox 399 4082 1973 4158">
    <p class='ocr_par' dir='ltr' id='par_1_47' title="bbox 399 4082 1973 4158">
     <span class='ocr_line' id='line_1_47' title="bbox 399 4082 1973 4158; baseline 0.002 -22"><span class='ocrx_word' id='word_1_345' title='bbox 399 4085 491 4137; x_wconf 75' lang='grc' dir='ltr'>τὸν</span> <span class='ocrx_word' id='word_1_346' title='bbox 519 4084 720 4154; x_wconf 87' lang='grc' dir='ltr'>σπόρον</span> <span class='ocrx_word' id='word_1_347' title='bbox 739 4082 926 4136; x_wconf 87' lang='grc' dir='ltr'>τοῦτον</span> <span class='ocrx_word' id='word_1_348' title='bbox 945 4082 1036 4136; x_wconf 84' lang='grc' dir='ltr'>τὸν</span> <span class='ocrx_word' id='word_1_349' title='bbox 1062 4084 1448 4153; x_wconf 80' lang='grc' dir='ltr'>πνευματικὸν.</span> <span class='ocrx_word' id='word_1_350' title='bbox 1470 4085 1558 4140; x_wconf 79' lang='grc' dir='ltr'>διὰ</span> <span class='ocrx_word' id='word_1_351' title='bbox 1583 4087 1682 4158; x_wconf 80' lang='grc' dir='ltr'>τὴν</span> <span class='ocrx_word' id='word_1_352' title='bbox 1704 4087 1973 4158; x_wconf 75' lang='grc' dir='ltr'>ρᾳθυμίαν</span> 
     </span>
    </p>
   </div>
   <div class='ocr_carea' id='block_1_48' title="bbox 397 4165 1976 4243">
    <p class='ocr_par' dir='ltr' id='par_1_48' title="bbox 397 4165 1976 4243">
     <span class='ocr_line' id='line_1_48' title="bbox 397 4165 1976 4243; baseline 0.003 -23"><span class='ocrx_word' id='word_1_353' title='bbox 397 4167 507 4220; x_wconf 86' lang='grc' dir='ltr'>τῶν</span> <span class='ocrx_word' id='word_1_354' title='bbox 534 4167 838 4220; x_wconf 78' lang='grc' dir='ltr'>ἀκουόντων</span> <span class='ocrx_word' id='word_1_355' title='bbox 855 4165 946 4219; x_wconf 86' lang='grc' dir='ltr'>τὸν</span> <span class='ocrx_word' id='word_1_356' title='bbox 976 4166 1185 4236; x_wconf 77' lang='grc' dir='ltr'>καρπὸν</span> <span class='ocrx_word' id='word_1_357' title='bbox 1215 4167 1290 4238; x_wconf 79' lang='grc' dir='ltr'>μὴ</span> <span class='ocrx_word' id='word_1_358' title='bbox 1314 4167 1616 4238; x_wconf 81' lang='grc' dir='ltr'>δεχώμεθα,</span> <span class='ocrx_word' id='word_1_359' title='bbox 1639 4173 1772 4241; x_wconf 82' lang='grc' dir='ltr'>ἡμῖν</span> <span class='ocrx_word' id='word_1_360' title='bbox 1796 4171 1976 4243; x_wconf 88' lang='grc' dir='ltr'>ἀπηρ-</span> 
     </span>
    </p>
   </div>
   <div class='ocr_carea' id='block_1_49' title="bbox 399 4247 1976 4326">
    <p class='ocr_par' dir='ltr' id='par_1_49' title="bbox 399 4247 1976 4326">
     <span class='ocr_line' id='line_1_49' title="bbox 399 4247 1976 4326; baseline 0.002 -22"><span class='ocrx_word' id='word_1_361' title='bbox 399 4249 652 4318; x_wconf 82' lang='grc' dir='ltr'>τισμένος</span> <span class='ocrx_word' id='word_1_362' title='bbox 687 4249 718 4300; x_wconf 97' lang='lat'>6</span> <span class='ocrx_word' id='word_1_363' title='bbox 741 4249 929 4318; x_wconf 79' lang='grc' dir='ltr'>μισθὸς</span> <span class='ocrx_word' id='word_1_364' title='bbox 957 4247 1140 4300; x_wconf 81' lang='grc' dir='ltr'>ἔσται·</span> <span class='ocrx_word' id='word_1_365' title='bbox 1173 4249 1231 4301; x_wconf 77' lang='grc' dir='ltr'>τὸ</span> <span class='ocrx_word' id='word_1_366' title='bbox 1268 4249 1377 4320; x_wconf 85' lang='grc' dir='ltr'>γάρ</span> <span class='ocrx_word' id='word_1_367' title='bbox 1413 4252 1774 4322; x_wconf 83' lang='grc' dir='ltr'>ἐμπιστευθὲν</span> <span class='ocrx_word' id='word_1_368' title='bbox 1805 4253 1976 4326; x_wconf 83' lang='grc' dir='ltr'>ἀργύ-</span> 
     </span>
    </p>
   </div>
   <div class='ocr_carea' id='block_1_50' title="bbox 401 4330 1974 4405">
    <p class='ocr_par' dir='ltr' id='par_1_50' title="bbox 401 4330 1974 4405">
     <span class='ocr_line' id='line_1_50' title="bbox 401 4330 1974 4405; baseline 0.004 -22"><span class='ocrx_word' id='word_1_369' title='bbox 401 4348 515 4402; x_wconf 88' lang='grc' dir='ltr'>ριον</span> <span class='ocrx_word' id='word_1_370' title='bbox 542 4330 934 4400; x_wconf 88' lang='grc' dir='ltr'>κατεϐάλομεν,</span> <span class='ocrx_word' id='word_1_371' title='bbox 961 4331 1054 4383; x_wconf 72' lang='grc' dir='ltr'>καὶ</span> <span class='ocrx_word' id='word_1_372' title='bbox 1084 4331 1447 4402; x_wconf 81' lang='grc' dir='ltr'>τὸὲπιταχθέν</span> <span class='ocrx_word' id='word_1_373' title='bbox 1476 4334 1628 4405; x_wconf 85' lang='grc' dir='ltr'>παρὰ</span> <span class='ocrx_word' id='word_1_374' title='bbox 1647 4336 1741 4389; x_wconf 86' lang='grc' dir='ltr'>τοῦ</span> <span class='ocrx_word' id='word_1_375' title='bbox 1773 4337 1974 4390; x_wconf 86' lang='grc' dir='ltr'>Δεσπό-</span> 
     </span>
    </p>
   </div>
   <div class='ocr_carea' id='block_1_51' title="bbox 397 4411 1973 4490">
    <p class='ocr_par' dir='ltr' id='par_1_51' title="bbox 397 4411 1973 4490">
     <span class='ocr_line' id='line_1_51' title="bbox 397 4411 1973 4490; baseline 0.005 -24"><span class='ocrx_word' id='word_1_376' title='bbox 397 4430 491 4467; x_wconf 90' lang='grc' dir='ltr'>του</span> <span class='ocrx_word' id='word_1_377' title='bbox 534 4415 614 4475; x_wconf 87' lang='grc' dir='ltr'>είς</span> <span class='ocrx_word' id='word_1_378' title='bbox 661 4411 820 4484; x_wconf 78' lang='grc' dir='ltr'>ἔργον</span> <span class='ocrx_word' id='word_1_379' title='bbox 853 4413 1160 4484; x_wconf 66' lang='grc' dir='ltr'>ἠγάγομεν⁸</span> <span class='ocrx_word' id='word_1_380' title='bbox 1208 4414 1392 4469; x_wconf 84' lang='grc' dir='ltr'>λοιπὸν</span> <span class='ocrx_word' id='word_1_381' title='bbox 1440 4419 1553 4481; x_wconf 91' lang='grc' dir='ltr'>τοῖς</span> <span class='ocrx_word' id='word_1_382' title='bbox 1606 4419 1897 4490; x_wconf 86' lang='grc' dir='ltr'>ἀκηκοόσιν</span> <span class='ocrx_word' id='word_1_383' title='bbox 1944 4422 1973 4474; x_wconf 87' lang='grc' dir='ltr'>ό</span> 
     </span>
    </p>
   </div>
   <div class='ocr_carea' id='block_1_52' title="bbox 398 4495 1974 4571">
    <p class='ocr_par' dir='ltr' id='par_1_52' title="bbox 398 4495 1974 4571">
     <span class='ocr_line' id='line_1_52' title="bbox 398 4495 1974 4571; baseline 0.005 -23"><span class='ocrx_word' id='word_1_384' title='bbox 398 4495 554 4564; x_wconf 89' lang='grc' dir='ltr'>λόγος</span> <span class='ocrx_word' id='word_1_385' title='bbox 599 4495 735 4568; x_wconf 80' lang='grc' dir='ltr'>πρὸς</span> <span class='ocrx_word' id='word_1_386' title='bbox 769 4496 973 4549; x_wconf 81' lang='grc' dir='ltr'>ἐκεῖνόν</span> <span class='ocrx_word' id='word_1_387' title='bbox 1006 4499 1122 4550; x_wconf 87' lang='grc' dir='ltr'>ἐστι</span> <span class='ocrx_word' id='word_1_388' title='bbox 1165 4497 1255 4552; x_wconf 82' lang='grc' dir='ltr'>τὸν</span> <span class='ocrx_word' id='word_1_389' title='bbox 1310 4498 1572 4569; x_wconf 86' lang='grc' dir='ltr'>μέλλοντα</span> <span class='ocrx_word' id='word_1_390' title='bbox 1617 4501 1756 4571; x_wconf 87' lang='grc' dir='ltr'>μετά</span> <span class='ocrx_word' id='word_1_391' title='bbox 1799 4503 1974 4556; x_wconf 88' lang='grc' dir='ltr'>τόκων</span> 
     </span>
    </p>
   </div>
   <div class='ocr_carea' id='block_1_53' title="bbox 398 4579 1970 4656">
    <p class='ocr_par' dir='ltr' id='par_1_53' title="bbox 398 4579 1970 4656">
     <span class='ocr_line' id='line_1_53' title="bbox 398 4579 1970 4656; baseline 0.004 -24"><span class='ocrx_word' id='word_1_392' title='bbox 398 4581 647 4632; x_wconf 84' lang='grc' dir='ltr'>ἀπαιτεῖν</span> <span class='ocrx_word' id='word_1_393' title='bbox 666 4579 734 4633; x_wconf 89' lang='grc' dir='ltr'>τά</span> <span class='ocrx_word' id='word_1_394' title='bbox 761 4579 1188 4650; x_wconf 82' lang='grc' dir='ltr'>καταϐληθέντα.</span> <span class='ocrx_word' id='word_1_395' title='bbox 1217 4581 1356 4634; x_wconf 80' lang='grc' dir='ltr'>Ἀλλ’</span> <span class='ocrx_word' id='word_1_396' title='bbox 1383 4582 1443 4635; x_wconf 89' lang='grc' dir='ltr'>οὑ</span> <span class='ocrx_word' id='word_1_397' title='bbox 1463 4582 1621 4636; x_wconf 91' lang='grc' dir='ltr'>τοῦτο</span> <span class='ocrx_word' id='word_1_398' title='bbox 1644 4584 1970 4656; x_wconf 76' lang='grc' dir='ltr'>σκοποῦμεν,</span> 
     </span>
    </p>
   </div>
   <div class='ocr_carea' id='block_1_54' title="bbox 397 4661 1974 4736">
    <p class='ocr_par' dir='ltr' id='par_1_54' title="bbox 397 4661 1974 4736">
     <span class='ocr_line' id='line_1_54' title="bbox 397 4661 1974 4736; baseline 0.006 -23"><span class='ocrx_word' id='word_1_399' title='bbox 397 4662 478 4714; x_wconf 84' lang='grc' dir='ltr'>δτι</span> <span class='ocrx_word' id='word_1_400' title='bbox 511 4663 670 4732; x_wconf 76' lang='grc' dir='ltr'>ἡμεῖς</span> <span class='ocrx_word' id='word_1_401' title='bbox 705 4661 859 4725; x_wconf 85' lang='grc' dir='ltr'>ἐκτός</span> <span class='ocrx_word' id='word_1_402' title='bbox 886 4663 1052 4733; x_wconf 84' lang='grc' dir='ltr'>ἐσμεν</span> <span class='ocrx_word' id='word_1_403' title='bbox 1077 4663 1176 4733; x_wconf 88' lang='grc' dir='ltr'>τῆς</span> <span class='ocrx_word' id='word_1_404' title='bbox 1200 4663 1423 4736; x_wconf 85' lang='grc' dir='ltr'>ζημίας,</span> <span class='ocrx_word' id='word_1_405' title='bbox 1450 4667 1544 4720; x_wconf 72' lang='grc' dir='ltr'>καὶ</span> <span class='ocrx_word' id='word_1_406' title='bbox 1563 4667 1622 4721; x_wconf 81' lang='grc' dir='ltr'>τὸ</span> <span class='ocrx_word' id='word_1_407' title='bbox 1651 4668 1858 4722; x_wconf 87' lang='grc' dir='ltr'>ἐαυτῶν</span> <span class='ocrx_word' id='word_1_408' title='bbox 1878 4686 1974 4722; x_wconf 87' lang='grc' dir='ltr'>πε-</span> 
     </span>
    </p>
   </div>
   <div class='ocr_carea' id='block_1_55' title="bbox 399 4744 1972 4822">
    <p class='ocr_par' dir='ltr' id='par_1_55' title="bbox 399 4744 1972 4822">
     <span class='ocr_line' id='line_1_55' title="bbox 399 4744 1972 4822; baseline 0.008 -26"><span class='ocrx_word' id='word_1_409' title='bbox 399 4744 787 4814; x_wconf 82' lang='grc' dir='ltr'>πληρώκαμεν,</span> <span class='ocrx_word' id='word_1_410' title='bbox 823 4744 958 4798; x_wconf 89' lang='grc' dir='ltr'>ἀλλά</span> <span class='ocrx_word' id='word_1_411' title='bbox 999 4744 1297 4817; x_wconf 86' lang='grc' dir='ltr'>βουλόμεθα</span> <span class='ocrx_word' id='word_1_412' title='bbox 1326 4750 1421 4803; x_wconf 79' lang='grc' dir='ltr'>καὶ</span> <span class='ocrx_word' id='word_1_413' title='bbox 1452 4751 1596 4822; x_wconf 80' lang='grc' dir='ltr'>ὑμᾶς</span> <span class='ocrx_word' id='word_1_414' title='bbox 1638 4752 1838 4822; x_wconf 72' lang='grc' dir='ltr'>πολλὴν</span> <span class='ocrx_word' id='word_1_415' title='bbox 1863 4753 1972 4808; x_wconf 86' lang='grc' dir='ltr'>τῶν</span> 
     </span>
    </p>
   </div>
   <div class='ocr_carea' id='block_1_56' title="bbox 399 4825 1971 4908">
    <p class='ocr_par' dir='ltr' id='par_1_56' title="bbox 399 4825 1971 4908">
     <span class='ocr_line' id='line_1_56' title="bbox 399 4825 1971 4908; baseline 0.008 -30"><span class='ocrx_word' id='word_1_416' title='bbox 399 4825 849 4896; x_wconf 86' lang='grc' dir='ltr'>καταϐληθέντων</span> <span class='ocrx_word' id='word_1_417' title='bbox 869 4829 970 4898; x_wconf 82' lang='grc' dir='ltr'>τὴν</span> <span class='ocrx_word' id='word_1_418' title='bbox 1003 4832 1384 4901; x_wconf 85' lang='grc' dir='ltr'>πραγματείαν</span> <span class='ocrx_word' id='word_1_419' title='bbox 1405 4835 1754 4906; x_wconf 84' lang='grc' dir='ltr'>ποιήσασθαι,</span> <span class='ocrx_word' id='word_1_420' title='bbox 1786 4837 1874 4890; x_wconf 85' lang='grc' dir='ltr'>ῐνα</span> <span class='ocrx_word' id='word_1_421' title='bbox 1896 4836 1971 4908; x_wconf 80' lang='grc' dir='ltr'>μὴ</span> 
     </span>
    </p>
   </div>
   <div class='ocr_carea' id='block_1_57' title="bbox 397 4908 1972 4989">
    <p class='ocr_par' dir='ltr' id='par_1_57' title="bbox 397 4908 1972 4989">
     <span class='ocr_line' id='line_1_57' title="bbox 397 4908 1972 4989; baseline 0.01 -31"><span class='ocrx_word' id='word_1_422' title='bbox 397 4909 464 4977; x_wconf 77' lang='grc' dir='ltr'>τῇ</span> <span class='ocrx_word' id='word_1_423' title='bbox 494 4908 732 4978; x_wconf 81' lang='grc' dir='ltr'>τιμωρίᾳ</span> <span class='ocrx_word' id='word_1_424' title='bbox 767 4909 949 4982; x_wconf 68' lang='grc' dir='ltr'>ἐκείνῃ</span> <span class='ocrx_word' id='word_1_425' title='bbox 980 4910 1271 4966; x_wconf 85' lang='grc' dir='ltr'>ὑπεύθυνοι</span> <span class='ocrx_word' id='word_1_426' title='bbox 1307 4915 1556 4987; x_wconf 81' lang='grc' dir='ltr'>γένησθε,</span> <span class='ocrx_word' id='word_1_427' title='bbox 1587 4917 1653 4988; x_wconf 78' lang='grc' dir='ltr'>ἢν</span> <span class='ocrx_word' id='word_1_428' title='bbox 1681 4918 1972 4989; x_wconf 82' lang='grc' dir='ltr'>ὑπέμεινεν</span> 
     </span>
    </p>
   </div>
   <div class='ocr_carea' id='block_1_58' title="bbox 398 4991 1972 5063">
    <p class='ocr_par' dir='ltr' id='par_1_58' title="bbox 398 4991 1972 5063">
     <span class='ocr_line' id='line_1_58' title="bbox 398 4991 1972 5063; baseline 0.01 -22"><span class='ocrx_word' id='word_1_429' title='bbox 398 4991 604 5052; x_wconf 80' lang='grc' dir='ltr'>ἐκεῖνος</span> <span class='ocrx_word' id='word_1_430' title='bbox 626 4991 654 5042; x_wconf 89' lang='lat'>6</span> <span class='ocrx_word' id='word_1_431' title='bbox 692 4991 752 5043; x_wconf 75' lang='grc' dir='ltr'>τὸ</span> <span class='ocrx_word' id='word_1_432' title='bbox 780 4992 1038 5045; x_wconf 87' lang='grc' dir='ltr'>τάλαντον</span> <span class='ocrx_word' id='word_1_433' title='bbox 1061 4993 1412 5063; x_wconf 83' lang='grc' dir='ltr'>καταχώσας,</span> <span class='ocrx_word' id='word_1_434' title='bbox 1445 4999 1538 5051; x_wconf 76' lang='grc' dir='ltr'>καὶ</span> <span class='ocrx_word' id='word_1_435' title='bbox 1571 5000 1633 5053; x_wconf 78' lang='grc' dir='ltr'>τὸ</span> <span class='ocrx_word' id='word_1_436' title='bbox 1659 5000 1972 5056; x_wconf 76' lang='grc' dir='ltr'>δεσποτικὸν</span> 
     </span>
    </p>
   </div>
   <div class='ocr_carea' id='block_1_59' title="bbox 398 5069 1973 5152">
    <p class='ocr_par' dir='ltr' id='par_1_59' title="bbox 398 5069 1973 5152">
     <span class='ocr_line' id='line_1_59' title="bbox 398 5069 1973 5152; baseline 0.01 -30"><span class='ocrx_word' id='word_1_437' title='bbox 398 5069 660 5140; x_wconf 87' lang='grc' dir='ltr'>ἀργύριον</span> <span class='ocrx_word' id='word_1_438' title='bbox 683 5072 744 5124; x_wconf 91' lang='grc' dir='ltr'>οὑ</span> <span class='ocrx_word' id='word_1_439' title='bbox 777 5073 938 5143; x_wconf 88' lang='grc' dir='ltr'>μόνον</span> <span class='ocrx_word' id='word_1_440' title='bbox 965 5074 1025 5127; x_wconf 89' lang='grc' dir='ltr'>οὑ</span> <span class='ocrx_word' id='word_1_441' title='bbox 1051 5075 1514 5144; x_wconf 82' lang='grc' dir='ltr'>πολυπλασιάσας,</span> <span class='ocrx_word' id='word_1_442' title='bbox 1539 5079 1689 5152; x_wconf 66' lang='lat' dir='ltr'><strong>[HQ]</strong></span> <span class='ocrx_word' id='word_1_443' title='bbox 1713 5081 1848 5136; x_wconf 85' lang='grc' dir='ltr'>ἀλλὰ</span> <span class='ocrx_word' id='word_1_444' title='bbox 1879 5086 1973 5139; x_wconf 70' lang='grc' dir='ltr'>καὶ</span> 
     </span>
    </p>
   </div>
   <div class='ocr_carea' id='block_1_60' title="bbox 399 5152 1972 5233">
    <p class='ocr_par' dir='ltr' id='par_1_60' title="bbox 399 5152 1972 5233">
     <span class='ocr_line' id='line_1_60' title="bbox 399 5152 1972 5233; baseline 0.01 -28"><span class='ocrx_word' id='word_1_445' title='bbox 399 5152 721 5224; x_wconf 78' lang='grc' dir='ltr'>κατορύξας.</span> <span class='ocrx_word' id='word_1_446' title='bbox 750 5155 990 5210; x_wconf 89' lang='grc' dir='ltr'>Τοιοῦτοί</span> <span class='ocrx_word' id='word_1_447' title='bbox 1013 5159 1148 5212; x_wconf 89' lang='grc' dir='ltr'>εἰσιν</span> <span class='ocrx_word' id='word_1_448' title='bbox 1164 5160 1213 5212; x_wconf 86' lang='grc' dir='ltr'>οἰ</span> <span class='ocrx_word' id='word_1_449' title='bbox 1236 5159 1326 5213; x_wconf 85' lang='grc' dir='ltr'>τὸν</span> <span class='ocrx_word' id='word_1_450' title='bbox 1338 5160 1493 5230; x_wconf 90' lang='grc' dir='ltr'>λόγον</span> <span class='ocrx_word' id='word_1_451' title='bbox 1510 5163 1610 5233; x_wconf 89' lang='grc' dir='ltr'>τῆς</span> <span class='ocrx_word' id='word_1_452' title='bbox 1626 5163 1972 5230; x_wconf 89' lang='grc' dir='ltr'>διδασκαλίας</span> 
     </span>
    </p>
   </div>
   <div class='ocr_carea' id='block_1_61' title="bbox 396 5237 1968 5318">
    <p class='ocr_par' dir='ltr' id='par_1_61' title="bbox 396 5237 1968 5318">
     <span class='ocr_line' id='line_1_61' title="bbox 396 5237 1968 5318; baseline 0.01 -29"><span class='ocrx_word' id='word_1_453' title='bbox 396 5237 674 5307; x_wconf 86' lang='grc' dir='ltr'>δεχόμενοι</span> <span class='ocrx_word' id='word_1_454' title='bbox 704 5239 984 5310; x_wconf 86' lang='grc' dir='ltr'>(τάλαντον</span> <span class='ocrx_word' id='word_1_455' title='bbox 1015 5243 1122 5314; x_wconf 86' lang='grc' dir='ltr'>γὰρ</span> <span class='ocrx_word' id='word_1_456' title='bbox 1161 5244 1254 5296; x_wconf 83' lang='grc' dir='ltr'>καὶ</span> <span class='ocrx_word' id='word_1_457' title='bbox 1283 5245 1544 5318; x_wconf 85' lang='grc' dir='ltr'>ἀργύριον</span> <span class='ocrx_word' id='word_1_458' title='bbox 1573 5246 1730 5301; x_wconf 89' lang='grc' dir='ltr'>τοῦτο</span> <span class='ocrx_word' id='word_1_459' title='bbox 1755 5250 1968 5318; x_wconf 87' lang='grc' dir='ltr'>καλεῖ),</span> 
     </span>
    </p>
   </div>
   <div class='ocr_carea' id='block_1_62' title="bbox 396 5319 1970 5406">
    <p class='ocr_par' dir='ltr' id='par_1_62' title="bbox 396 5319 1970 5406">
     <span class='ocr_line' id='line_1_62' title="bbox 396 5319 1970 5406; baseline 0.01 -36"><span class='ocrx_word' id='word_1_460' title='bbox 396 5319 490 5372; x_wconf 83' lang='grc' dir='ltr'>καὶ</span> <span class='ocrx_word' id='word_1_461' title='bbox 521 5320 580 5372; x_wconf 91' lang='grc' dir='ltr'>οὑ</span> <span class='ocrx_word' id='word_1_462' title='bbox 611 5321 1002 5406; x_wconf 76' lang='grc' dir='ltr'>σπουδάζοντες</span> <span class='ocrx_word' id='word_1_463' title='bbox 1027 5327 1468 5398; x_wconf 81' lang='grc' dir='ltr'>καρποφορῆσαι,</span> <span class='ocrx_word' id='word_1_464' title='bbox 1503 5331 1598 5384; x_wconf 76' lang='grc' dir='ltr'>καὶ</span> <span class='ocrx_word' id='word_1_465' title='bbox 1639 5331 1839 5404; x_wconf 80' lang='grc' dir='ltr'>πολλὴν</span> <span class='ocrx_word' id='word_1_466' title='bbox 1871 5336 1970 5406; x_wconf 84' lang='grc' dir='ltr'>τὴν</span> 
     </span>
    </p>
   </div>
   <div class='ocr_carea' id='block_1_63' title="bbox 397 5404 1971 5491">
    <p class='ocr_par' dir='ltr' id='par_1_63' title="bbox 397 5404 1971 5491">
     <span class='ocr_line' id='line_1_63' title="bbox 397 5404 1971 5491; baseline 0.012 -37"><span class='ocrx_word' id='word_1_467' title='bbox 397 5404 776 5491; x_wconf 78' lang='grc' dir='ltr'>πραγματείαν</span> <span class='ocrx_word' id='word_1_468' title='bbox 798 5408 1140 5491; x_wconf 76' lang='grc' dir='ltr'>ποιήσασθαι.</span> <span class='ocrx_word' id='word_1_469' title='bbox 1172 5411 1310 5466; x_wconf 80' lang='grc' dir='ltr'>Ἀλλ’</span> <span class='ocrx_word' id='word_1_470' title='bbox 1334 5412 1462 5477; x_wconf 85' lang='grc' dir='ltr'>ῐσως</span> <span class='ocrx_word' id='word_1_471' title='bbox 1485 5416 1627 5470; x_wconf 85' lang='grc' dir='ltr'>εῐποι</span> <span class='ocrx_word' id='word_1_472' title='bbox 1649 5433 1732 5479; x_wconf 92' lang='grc' dir='ltr'>τις</span> <span class='ocrx_word' id='word_1_473' title='bbox 1755 5417 1843 5482; x_wconf 81' lang='grc' dir='ltr'>ἀν,</span> <span class='ocrx_word' id='word_1_474' title='bbox 1871 5404 1971 5491; x_wconf 66' lang='grc' dir='ltr'>τήν</span> 
     </span>
    </p>
   </div>
   <div class='ocr_carea' id='block_1_64' title="bbox 395 5485 1969 5569">
    <p class='ocr_par' dir='ltr' id='par_1_64' title="bbox 395 5485 1969 5569">
     <span class='ocr_line' id='line_1_64' title="bbox 395 5485 1969 5569; baseline 0.011 -33"><span class='ocrx_word' id='word_1_475' title='bbox 395 5485 710 5569; x_wconf 76' lang='grc' dir='ltr'>παραϐολὴν</span> <span class='ocrx_word' id='word_1_476' title='bbox 740 5487 944 5558; x_wconf 85' lang='grc' dir='ltr'>ταύτην</span> <span class='ocrx_word' id='word_1_477' title='bbox 976 5493 1076 5563; x_wconf 80' lang='grc' dir='ltr'>τὴν</span> <span class='ocrx_word' id='word_1_478' title='bbox 1103 5493 1210 5548; x_wconf 90' lang='grc' dir='ltr'>τῶν</span> <span class='ocrx_word' id='word_1_479' title='bbox 1249 5495 1528 5550; x_wconf 87' lang='grc' dir='ltr'>ταλάντων</span> <span class='ocrx_word' id='word_1_480' title='bbox 1573 5500 1700 5569; x_wconf 70' lang='grc' dir='ltr'>περὶ</span> <span class='ocrx_word' id='word_1_481' title='bbox 1741 5499 1850 5553; x_wconf 91' lang='grc' dir='ltr'>τῶν</span> <span class='ocrx_word' id='word_1_482' title='bbox 1887 5485 1969 5554; x_wconf 73' lang='grc' dir='ltr'>δί-</span> 
     </span>
    </p>
   </div>
   <div class='ocr_carea' id='block_1_65' title="bbox 395 5567 1968 5651">
    <p class='ocr_par' dir='ltr' id='par_1_65' title="bbox 395 5567 1968 5651">
     <span class='ocr_line' id='line_1_65' title="bbox 395 5567 1968 5651; baseline 0.011 -31"><span class='ocrx_word' id='word_1_483' title='bbox 395 5567 677 5624; x_wconf 79' lang='grc' dir='ltr'>δασκάλων</span> <span class='ocrx_word' id='word_1_484' title='bbox 717 5570 990 5642; x_wconf 85' lang='grc' dir='ltr'>εἰρῆσθαι.</span> <span class='ocrx_word' id='word_1_485' title='bbox 1051 5575 1220 5643; x_wconf 74' lang='grc' dir='ltr'>Κάγὼ</span> <span class='ocrx_word' id='word_1_486' title='bbox 1255 5578 1414 5632; x_wconf 83' lang='grc' dir='ltr'>τοῦτό</span> <span class='ocrx_word' id='word_1_487' title='bbox 1460 5567 1655 5651; x_wconf 39' lang='grc' dir='ltr'>φημι(</span> <span class='ocrx_word' id='word_1_488' title='bbox 1691 5583 1832 5636; x_wconf 80' lang='grc' dir='ltr'>Ἀλλ’</span> <span class='ocrx_word' id='word_1_489' title='bbox 1873 5584 1968 5637; x_wconf 86' lang='grc' dir='ltr'>ἐάν</span> 
     </span>
    </p>
   </div>
   <div class='ocr_carea' id='block_1_66' title="bbox 393 5653 1968 5736">
    <p class='ocr_par' dir='ltr' id='par_1_66' title="bbox 393 5653 1968 5736">
     <span class='ocr_line' id='line_1_66' title="bbox 393 5653 1968 5736; baseline 0.009 -28"><span class='ocrx_word' id='word_1_490' title='bbox 393 5653 709 5736; x_wconf 71' lang='grc' dir='ltr'>ἐπέλθωμεν</span> <span class='ocrx_word' id='word_1_491' title='bbox 745 5655 916 5726; x_wconf 77' lang='grc' dir='ltr'>αὑτήν</span> <span class='ocrx_word' id='word_1_492' title='bbox 949 5657 1188 5728; x_wconf 89' lang='grc' dir='ltr'>ἀκριϐῶς</span> <span class='ocrx_word' id='word_1_493' title='bbox 1208 5699 1223 5723; x_wconf 94' lang='grc'>,</span> <span class='ocrx_word' id='word_1_494' title='bbox 1249 5663 1457 5716; x_wconf 69' lang='grc' dir='ltr'>εἴσεσθε</span> <span class='ocrx_word' id='word_1_495' title='bbox 1496 5666 1576 5718; x_wconf 76' lang='grc' dir='ltr'>ὅτι</span> <span class='ocrx_word' id='word_1_496' title='bbox 1606 5666 1656 5718; x_wconf 88' lang='grc' dir='ltr'>οί</span> <span class='ocrx_word' id='word_1_497' title='bbox 1689 5667 1788 5736; x_wconf 84' lang='grc' dir='ltr'>μὲν</span> <span class='ocrx_word' id='word_1_498' title='bbox 1825 5668 1968 5724; x_wconf 86' lang='grc' dir='ltr'>διδά-</span> 
     </span>
    </p>
   </div>
   <div class='ocr_carea' id='block_1_67' title="bbox 466 5734 1718 5809">
    <p class='ocr_par' dir='ltr' id='par_1_67' title="bbox 466 5734 1718 5809">
     <span class='ocr_line' id='line_1_67' title="bbox 466 5734 1718 5809; baseline 0.009 -23"><span class='ocrx_word' id='word_1_499' title='bbox 466 5748 488 5774; x_wconf 70' lang='grc' dir='ltr'>ε</span> <span class='ocrx_word' id='word_1_500' title='bbox 520 5734 672 5790; x_wconf 72' lang='grc' dir='ltr'>Βινίι.</span> <span class='ocrx_word' id='word_1_501' title='bbox 699 5744 751 5789; x_wconf 80' lang='grc' dir='ltr'>οι</span> <span class='ocrx_word' id='word_1_502' title='bbox 773 5743 872 5790; x_wconf 72' lang='lat' dir='ltr'>tres</span> <span class='ocrx_word' id='word_1_503' title='bbox 894 5753 1006 5788; x_wconf 85' lang='lat' dir='ltr'>mss.</span> <span class='ocrx_word' id='word_1_504' title='bbox 1033 5741 1256 5800; x_wconf 75' lang='grc' dir='ltr'>πολλάκις</span> <span class='ocrx_word' id='word_1_505' title='bbox 1275 5745 1602 5809; x_wconf 77' lang='grc' dir='ltr'>ἐπιστρέφουσι</span> <span class='ocrx_word' id='word_1_506' title='bbox 1619 5734 1718 5807; x_wconf 80' lang='grc' dir='ltr'>τήν.</span> 
     </span>
    </p>
   </div>
   <div class='ocr_carea' id='block_1_68' title="bbox 1410 224 2607 286">
    <p class='ocr_par' dir='ltr' id='par_1_68' title="bbox 1410 224 2607 286">
     <span class='ocr_line' id='line_1_68' title="bbox 1410 224 2607 286; baseline 0.002 -2"><span class='ocrx_word' id='word_1_507' title='bbox 1410 229 1474 284; x_wconf 75' lang='lat' dir='ltr'><strong>IN</strong></span> <span class='ocrx_word' id='word_1_508' title='bbox 1512 228 1666 286; x_wconf 79' lang='lat' dir='ltr'>CAP.</span> <span class='ocrx_word' id='word_1_509' title='bbox 1710 227 1875 284; x_wconf 78' lang='lat' dir='ltr'><strong>XVIII</strong></span> <span class='ocrx_word' id='word_1_510' title='bbox 1915 224 2162 282; x_wconf 79' lang='lat' dir='ltr'>GENES.</span> <span class='ocrx_word' id='word_1_511' title='bbox 2207 230 2434 286; x_wconf 79' lang='lat' dir='ltr'><strong>IIOMIL.</strong></span> <span class='ocrx_word' id='word_1_512' title='bbox 2472 231 2607 286; x_wconf 72' lang='lat' dir='ltr'>XLI.</span> 
     </span>
    </p>
   </div>
   <div class='ocr_carea' id='block_1_69' title="bbox 2079 341 3649 416">
    <p class='ocr_par' dir='ltr' id='par_1_69' title="bbox 2079 341 3649 416">
     <span class='ocr_line' id='line_1_69' title="bbox 2079 341 3649 416; baseline 0.005 -22"><span class='ocrx_word' id='word_1_513' title='bbox 2079 341 2264 396; x_wconf 85' lang='grc' dir='ltr'>σκαλοι</span> <span class='ocrx_word' id='word_1_514' title='bbox 2293 344 2393 414; x_wconf 86' lang='grc' dir='ltr'>τῆς</span> <span class='ocrx_word' id='word_1_515' title='bbox 2426 343 2731 414; x_wconf 88' lang='grc' dir='ltr'>καταϐολῆς</span> <span class='ocrx_word' id='word_1_516' title='bbox 2771 343 2930 414; x_wconf 84' lang='grc' dir='ltr'>μόνον</span> <span class='ocrx_word' id='word_1_517' title='bbox 2960 344 3247 398; x_wconf 88' lang='grc' dir='ltr'>ὑπεύθυνοι</span> <span class='ocrx_word' id='word_1_518' title='bbox 3269 347 3649 416; x_wconf 81' lang='grc' dir='ltr'>τυγχάνουσιν,</span> 
     </span>
    </p>
   </div>
   <div class='ocr_carea' id='block_1_70' title="bbox 2078 425 3650 500">
    <p class='ocr_par' dir='ltr' id='par_1_70' title="bbox 2078 425 3650 500">
     <span class='ocr_line' id='line_1_70' title="bbox 2078 425 3650 500; baseline 0.006 -23"><span class='ocrx_word' id='word_1_519' title='bbox 2078 425 2237 496; x_wconf 82' lang='grc' dir='ltr'>ὑμεῖς</span> <span class='ocrx_word' id='word_1_520' title='bbox 2268 427 2325 482; x_wconf 82' lang='grc' dir='ltr'>δέ</span> <span class='ocrx_word' id='word_1_521' title='bbox 2348 428 2409 481; x_wconf 90' lang='grc' dir='ltr'>οὑ</span> <span class='ocrx_word' id='word_1_522' title='bbox 2444 428 2602 499; x_wconf 90' lang='grc' dir='ltr'>μόνον</span> <span class='ocrx_word' id='word_1_523' title='bbox 2628 430 2728 500; x_wconf 86' lang='grc' dir='ltr'>τῆς</span> <span class='ocrx_word' id='word_1_524' title='bbox 2751 428 2996 499; x_wconf 79' lang='grc' dir='ltr'>φυλακῆς</span> <span class='ocrx_word' id='word_1_525' title='bbox 3036 429 3144 482; x_wconf 90' lang='grc' dir='ltr'>τῶν</span> <span class='ocrx_word' id='word_1_526' title='bbox 3169 429 3650 499; x_wconf 80' lang='grc' dir='ltr'>καταϐληθέντων,</span> 
     </span>
    </p>
   </div>
   <div class='ocr_carea' id='block_1_71' title="bbox 2077 509 3654 585">
    <p class='ocr_par' dir='ltr' id='par_1_71' title="bbox 2077 509 3654 585">
     <span class='ocr_line' id='line_1_71' title="bbox 2077 509 3654 585; baseline 0.005 -23"><span class='ocrx_word' id='word_1_527' title='bbox 2077 509 2212 564; x_wconf 86' lang='grc' dir='ltr'>ἀλλὰ</span> <span class='ocrx_word' id='word_1_528' title='bbox 2236 513 2330 564; x_wconf 68' lang='grc' dir='ltr'>καὶ</span> <span class='ocrx_word' id='word_1_529' title='bbox 2350 511 2450 582; x_wconf 86' lang='grc' dir='ltr'>τῆς</span> <span class='ocrx_word' id='word_1_530' title='bbox 2469 513 2872 584; x_wconf 84' lang='grc' dir='ltr'>πραγματείας.</span> <span class='ocrx_word' id='word_1_531' title='bbox 2897 514 3006 566; x_wconf 74' lang='grc' dir='ltr'>Καὶ</span> <span class='ocrx_word' id='word_1_532' title='bbox 3029 513 3112 566; x_wconf 83' lang='grc' dir='ltr'>ἵνα</span> <span class='ocrx_word' id='word_1_533' title='bbox 3137 513 3334 585; x_wconf 78' lang='grc' dir='ltr'>μάθῃς,</span> <span class='ocrx_word' id='word_1_534' title='bbox 3361 515 3654 583; x_wconf 84' lang='grc' dir='ltr'>ἀναγκαῖον</span> 
     </span>
    </p>
   </div>
   <div class='ocr_carea' id='block_1_72' title="bbox 2077 592 3654 668">
    <p class='ocr_par' dir='ltr' id='par_1_72' title="bbox 2077 592 3654 668">
     <span class='ocr_line' id='line_1_72' title="bbox 2077 592 3654 668; baseline 0.003 -22"><span class='ocrx_word' id='word_1_535' title='bbox 2077 592 2246 664; x_wconf 80' lang='grc' dir='ltr'>αὑτὴν</span> <span class='ocrx_word' id='word_1_536' title='bbox 2284 595 2363 656; x_wconf 87' lang='grc' dir='ltr'>εἰς</span> <span class='ocrx_word' id='word_1_537' title='bbox 2394 598 2554 664; x_wconf 84' lang='grc' dir='ltr'>μέσον</span> <span class='ocrx_word' id='word_1_538' title='bbox 2585 597 2830 664; x_wconf 89' lang='grc' dir='ltr'>ἀγαγεῖν.</span> <span class='ocrx_word' id='word_1_539' title='bbox 2851 595 3291 664; x_wconf 72' lang='grc' dir='ltr'>Οἰκοδεσπότης</span> <span class='ocrx_word' id='word_1_540' title='bbox 3316 614 3438 661; x_wconf 86' lang='grc' dir='ltr'>τις,</span> <span class='ocrx_word' id='word_1_541' title='bbox 3466 599 3654 668; x_wconf 64' lang='grc' dir='ltr'>φησιν,</span> 
     </span>
    </p>
   </div>
   <div class='ocr_carea' id='block_1_73' title="bbox 2077 676 3656 746">
    <p class='ocr_par' dir='ltr' id='par_1_73' title="bbox 2077 676 3656 746">
     <span class='ocr_line' id='line_1_73' title="bbox 2077 676 3656 746; baseline 0.003 -18"><span class='ocrx_word' id='word_1_542' title='bbox 2077 676 2400 745; x_wconf 78' lang='grc' dir='ltr'>ἀποδημῶν</span> <span class='ocrx_word' id='word_1_543' title='bbox 2427 678 2682 733; x_wconf 77' lang='grc' dir='ltr'>ἐκάλεσε</span> <span class='ocrx_word' id='word_1_544' title='bbox 2705 679 2846 746; x_wconf 75' lang='grc' dir='ltr'>τοὺς</span> <span class='ocrx_word' id='word_1_545' title='bbox 2869 679 3056 746; x_wconf 82' lang='grc' dir='ltr'>ἰδίους</span> <span class='ocrx_word' id='word_1_546' title='bbox 3086 677 3362 744; x_wconf 77' lang='grc' dir='ltr'>δούλους,</span> <span class='ocrx_word' id='word_1_547' title='bbox 3393 681 3492 732; x_wconf 76' lang='grc' dir='ltr'>καὶ</span> <span class='ocrx_word' id='word_1_548' title='bbox 3513 680 3656 733; x_wconf 78' lang='grc' dir='ltr'>ἐδω-</span> 
     </span>
    </p>
   </div>
   <div class='ocr_carea' id='block_1_74' title="bbox 2078 753 3653 829">
    <p class='ocr_par' dir='ltr' id='par_1_74' title="bbox 2078 753 3653 829">
     <span class='ocr_line' id='line_1_74' title="bbox 2078 753 3653 829; baseline 0.004 -17"><span class='ocrx_word' id='word_1_549' title='bbox 2078 777 2187 812; x_wconf 80' lang='grc' dir='ltr'>κεν</span> <span class='ocrx_word' id='word_1_550' title='bbox 2219 753 2268 826; x_wconf 83' lang='grc' dir='ltr'>ᾦ</span> <span class='ocrx_word' id='word_1_551' title='bbox 2291 761 2410 829; x_wconf 78' lang='grc' dir='ltr'>μὲν</span> <span class='ocrx_word' id='word_1_552' title='bbox 2445 762 2624 815; x_wconf 78' lang='grc' dir='ltr'>πέντε</span> <span class='ocrx_word' id='word_1_553' title='bbox 2660 763 2957 829; x_wconf 69' lang='grc' dir='ltr'>τάλαντα,</span> <span class='ocrx_word' id='word_1_554' title='bbox 2993 761 3040 826; x_wconf 85' lang='grc' dir='ltr'>ᾧ</span> <span class='ocrx_word' id='word_1_555' title='bbox 3077 761 3146 814; x_wconf 82' lang='grc' dir='ltr'>δὲ</span> <span class='ocrx_word' id='word_1_556' title='bbox 3192 763 3300 816; x_wconf 86' lang='grc' dir='ltr'>δύο</span> <span class='ocrx_word' id='word_1_557' title='bbox 3323 805 3338 827; x_wconf 93' lang='grc'>,</span> <span class='ocrx_word' id='word_1_558' title='bbox 3375 755 3424 829; x_wconf 84' lang='grc' dir='ltr'>ᾧ</span> <span class='ocrx_word' id='word_1_559' title='bbox 3462 763 3530 816; x_wconf 81' lang='grc' dir='ltr'>δέ</span> <span class='ocrx_word' id='word_1_560' title='bbox 3561 763 3653 820; x_wconf 82' lang='grc' dir='ltr'>ἓν.</span> 
     </span>
    </p>
   </div>
   <div class='ocr_carea' id='block_1_75' title="bbox 2076 840 3656 917">
    <p class='ocr_par' dir='ltr' id='par_1_75' title="bbox 2076 840 3656 917">
     <span class='ocr_line' id='line_1_75' title="bbox 2076 840 3656 917; baseline 0.001 -19"><span class='ocrx_word' id='word_1_561' title='bbox 2076 845 2240 898; x_wconf 82' lang='grc' dir='ltr'>Μετὰ</span> <span class='ocrx_word' id='word_1_562' title='bbox 2268 840 2335 897; x_wconf 74' lang='grc' dir='ltr'>δὲ</span> <span class='ocrx_word' id='word_1_563' title='bbox 2361 847 2585 915; x_wconf 76' lang='grc' dir='ltr'>χρόνον</span> <span class='ocrx_word' id='word_1_564' title='bbox 2631 846 3116 917; x_wconf 68' lang='grc' dir='ltr'>παραγενομένου</span> <span class='ocrx_word' id='word_1_565' title='bbox 3153 847 3337 900; x_wconf 86' lang='grc' dir='ltr'>αὑτοῦ</span> <span class='ocrx_word' id='word_1_566' title='bbox 3376 846 3569 915; x_wconf 79' lang='grc' dir='ltr'>ἦλθον</span> <span class='ocrx_word' id='word_1_567' title='bbox 3599 848 3656 900; x_wconf 85' lang='grc' dir='ltr'>οί</span> 
     </span>
    </p>
   </div>
   <div class='ocr_carea' id='block_1_76' title="bbox 2078 925 3658 999">
    <p class='ocr_par' dir='ltr' id='par_1_76' title="bbox 2078 925 3658 999">
     <span class='ocr_line' id='line_1_76' title="bbox 2078 925 3658 999; baseline 0.001 -20"><span class='ocrx_word' id='word_1_568' title='bbox 2078 925 2284 980; x_wconf 73' lang='grc' dir='ltr'>δοῦλοι</span> <span class='ocrx_word' id='word_1_569' title='bbox 2303 947 2318 960; x_wconf 81' lang='grc' dir='ltr'><strong>ο</strong></span> <span class='ocrx_word' id='word_1_570' title='bbox 2341 930 2435 981; x_wconf 85' lang='grc' dir='ltr'>καί</span> <span class='ocrx_word' id='word_1_571' title='bbox 2456 932 2488 983; x_wconf 87' lang='grc' dir='ltr'>ό</span> <span class='ocrx_word' id='word_1_572' title='bbox 2527 931 2600 982; x_wconf 83' lang='grc' dir='ltr'>τὰ</span> <span class='ocrx_word' id='word_1_573' title='bbox 2629 930 2807 982; x_wconf 82' lang='grc' dir='ltr'>πέντε</span> <span class='ocrx_word' id='word_1_574' title='bbox 2837 928 3102 983; x_wconf 76' lang='grc' dir='ltr'>τάλαντα</span> <span class='ocrx_word' id='word_1_575' title='bbox 3127 928 3330 983; x_wconf 71' lang='grc' dir='ltr'>λαϐὼν</span> <span class='ocrx_word' id='word_1_576' title='bbox 3349 925 3658 999; x_wconf 73' lang='grc' dir='ltr'>προσῆλθε</span> 
     </span>
    </p>
   </div>
   <div class='ocr_carea' id='block_1_77' title="bbox 2077 1009 3658 1082">
    <p class='ocr_par' dir='ltr' id='par_1_77' title="bbox 2077 1009 3658 1082">
     <span class='ocr_line' id='line_1_77' title="bbox 2077 1009 3658 1082; baseline -0.001 -18"><span class='ocrx_word' id='word_1_577' title='bbox 2077 1009 2304 1079; x_wconf 67' lang='grc' dir='ltr'>λέγων·</span> <span class='ocrx_word' id='word_1_578' title='bbox 2346 1011 2544 1078; x_wconf 76' lang='grc' dir='ltr'>Κύριε,</span> <span class='ocrx_word' id='word_1_579' title='bbox 2593 1011 2772 1066; x_wconf 81' lang='grc' dir='ltr'>πέντε</span> <span class='ocrx_word' id='word_1_580' title='bbox 2819 1011 3084 1066; x_wconf 68' lang='grc' dir='ltr'>τάλαντά</span> <span class='ocrx_word' id='word_1_581' title='bbox 3128 1028 3228 1082; x_wconf 84' lang='grc' dir='ltr'>μοι</span> <span class='ocrx_word' id='word_1_582' title='bbox 3275 1011 3521 1076; x_wconf 75' lang='grc' dir='ltr'>ἔδωκας,</span> <span class='ocrx_word' id='word_1_583' title='bbox 3567 1009 3658 1062; x_wconf 77' lang='grc' dir='ltr'>ῖδε</span> 
     </span>
    </p>
   </div>
   <div class='ocr_carea' id='block_1_78' title="bbox 2078 1095 3658 1168">
    <p class='ocr_par' dir='ltr' id='par_1_78' title="bbox 2078 1095 3658 1168">
     <span class='ocr_line' id='line_1_78' title="bbox 2078 1095 3658 1168; baseline -0.001 -19"><span class='ocrx_word' id='word_1_584' title='bbox 2078 1096 2238 1150; x_wconf 74' lang='grc' dir='ltr'>ἄλλα</span> <span class='ocrx_word' id='word_1_585' title='bbox 2266 1097 2444 1151; x_wconf 77' lang='grc' dir='ltr'>πέντε</span> <span class='ocrx_word' id='word_1_586' title='bbox 2476 1097 2738 1152; x_wconf 74' lang='grc' dir='ltr'>τάλαντα</span> <span class='ocrx_word' id='word_1_587' title='bbox 2768 1097 3064 1166; x_wconf 76' lang='grc' dir='ltr'>ἐκέρδησα</span> <span class='ocrx_word' id='word_1_588' title='bbox 3090 1099 3183 1150; x_wconf 80' lang='grc' dir='ltr'>ἐπ’</span> <span class='ocrx_word' id='word_1_589' title='bbox 3216 1097 3439 1163; x_wconf 82' lang='grc' dir='ltr'>αὐτοῖς.</span> <span class='ocrx_word' id='word_1_590' title='bbox 3481 1095 3658 1168; x_wconf 79' lang='grc' dir='ltr'>Πολλὴ</span> 
     </span>
    </p>
   </div>
   <div class='ocr_carea' id='block_1_79' title="bbox 2079 1177 3658 1252">
    <p class='ocr_par' dir='ltr' id='par_1_79' title="bbox 2079 1177 3658 1252">
     <span class='ocr_line' id='line_1_79' title="bbox 2079 1177 3658 1252; baseline -0.001 -20"><span class='ocrx_word' id='word_1_591' title='bbox 2079 1177 2172 1232; x_wconf 87' lang='grc' dir='ltr'>τοῦ</span> <span class='ocrx_word' id='word_1_592' title='bbox 2205 1179 2414 1233; x_wconf 78' lang='grc' dir='ltr'>οἰκέτου</span> <span class='ocrx_word' id='word_1_593' title='bbox 2459 1183 2494 1252; x_wconf 82' lang='grc' dir='ltr'>ή</span> <span class='ocrx_word' id='word_1_594' title='bbox 2543 1180 2928 1251; x_wconf 77' lang='grc' dir='ltr'>εὐγνωμοσύνη</span> <span class='ocrx_word' id='word_1_595' title='bbox 2958 1221 2974 1245; x_wconf 90' lang='grc'>,</span> <span class='ocrx_word' id='word_1_596' title='bbox 3018 1179 3240 1251; x_wconf 75' lang='grc' dir='ltr'>δαψιλὴς</span> <span class='ocrx_word' id='word_1_597' title='bbox 3267 1182 3302 1250; x_wconf 80' lang='grc' dir='ltr'>ὴ</span> <span class='ocrx_word' id='word_1_598' title='bbox 3341 1180 3436 1233; x_wconf 86' lang='grc' dir='ltr'>τοῦ</span> <span class='ocrx_word' id='word_1_599' title='bbox 3463 1179 3658 1233; x_wconf 87' lang='grc' dir='ltr'>δεσπό-</span> 
     </span>
    </p>
   </div>
   <div class='ocr_carea' id='block_1_80' title="bbox 2078 1257 3659 1334">
    <p class='ocr_par' dir='ltr' id='par_1_80' title="bbox 2078 1257 3659 1334">
     <span class='ocr_line' id='line_1_80' title="bbox 2078 1257 3659 1334; baseline -0.001 -19"><span class='ocrx_word' id='word_1_600' title='bbox 2078 1279 2172 1315; x_wconf 87' lang='grc' dir='ltr'>του</span> <span class='ocrx_word' id='word_1_601' title='bbox 2206 1261 2606 1334; x_wconf 80' lang='grc' dir='ltr'>φιλανθρωπία.</span> <span class='ocrx_word' id='word_1_602' title='bbox 2645 1263 2710 1316; x_wconf 88' lang='grc' dir='ltr'>Τί</span> <span class='ocrx_word' id='word_1_603' title='bbox 2737 1262 2848 1333; x_wconf 91' lang='grc' dir='ltr'>γάρ</span> <span class='ocrx_word' id='word_1_604' title='bbox 2883 1279 3077 1333; x_wconf 79' lang='grc' dir='ltr'>φησιν;</span> <span class='ocrx_word' id='word_1_605' title='bbox 3114 1257 3224 1324; x_wconf 84' lang='grc' dir='ltr'>Εὖ,</span> <span class='ocrx_word' id='word_1_606' title='bbox 3256 1261 3439 1315; x_wconf 76' lang='grc' dir='ltr'>δοῦλε</span> <span class='ocrx_word' id='word_1_607' title='bbox 3476 1260 3659 1330; x_wconf 79' lang='grc' dir='ltr'>ἀγαθὲ</span> 
     </span>
    </p>
   </div>
   <div class='ocr_carea' id='block_1_81' title="bbox 2080 1342 3661 1414">
    <p class='ocr_par' dir='ltr' id='par_1_81' title="bbox 2080 1342 3661 1414">
     <span class='ocr_line' id='line_1_81' title="bbox 2080 1342 3661 1414; baseline -0.001 -16"><span class='ocrx_word' id='word_1_608' title='bbox 2080 1347 2173 1399; x_wconf 75' lang='grc' dir='ltr'>καὶ</span> <span class='ocrx_word' id='word_1_609' title='bbox 2211 1346 2388 1399; x_wconf 80' lang='grc' dir='ltr'>πιστέ</span> <span class='ocrx_word' id='word_1_610' title='bbox 2413 1362 2430 1377; x_wconf 75' lang='grc' dir='ltr'><strong>ο</strong></span> <span class='ocrx_word' id='word_1_611' title='bbox 2471 1346 2569 1399; x_wconf 78' lang='grc' dir='ltr'>ἐπὶ</span> <span class='ocrx_word' id='word_1_612' title='bbox 2611 1347 2784 1414; x_wconf 71' lang='grc' dir='ltr'>ὀλίγα</span> <span class='ocrx_word' id='word_1_613' title='bbox 2816 1342 2890 1414; x_wconf 83' lang='grc' dir='ltr'>ἦς</span> <span class='ocrx_word' id='word_1_614' title='bbox 2925 1346 3160 1411; x_wconf 67' lang='grc' dir='ltr'>πιστὸς,</span> <span class='ocrx_word' id='word_1_615' title='bbox 3187 1346 3281 1398; x_wconf 78' lang='grc' dir='ltr'>ἐπὶ</span> <span class='ocrx_word' id='word_1_616' title='bbox 3313 1343 3560 1398; x_wconf 71' lang='grc' dir='ltr'>πολλῶν</span> <span class='ocrx_word' id='word_1_617' title='bbox 3584 1359 3661 1397; x_wconf 73' lang='grc' dir='ltr'>σε</span> 
     </span>
    </p>
   </div>
   <div class='ocr_carea' id='block_1_82' title="bbox 2081 1427 3658 1496">
    <p class='ocr_par' dir='ltr' id='par_1_82' title="bbox 2081 1427 3658 1496">
     <span class='ocr_line' id='line_1_82' title="bbox 2081 1427 3658 1496; baseline -0.001 -14"><span class='ocrx_word' id='word_1_618' title='bbox 2081 1429 2470 1496; x_wconf 74' lang='grc' dir='ltr'>καταστήσωο</span> <span class='ocrx_word' id='word_1_619' title='bbox 2510 1430 2748 1483; x_wconf 78' lang='grc' dir='ltr'>εἴσελθε</span> <span class='ocrx_word' id='word_1_620' title='bbox 2788 1431 2875 1493; x_wconf 83' lang='grc' dir='ltr'>εἰς</span> <span class='ocrx_word' id='word_1_621' title='bbox 2912 1427 3026 1493; x_wconf 82' lang='grc' dir='ltr'>τὴν</span> <span class='ocrx_word' id='word_1_622' title='bbox 3075 1428 3267 1496; x_wconf 81' lang='grc' dir='ltr'>χαρὰν</span> <span class='ocrx_word' id='word_1_623' title='bbox 3297 1427 3404 1480; x_wconf 85' lang='grc' dir='ltr'>τοῦ</span> <span class='ocrx_word' id='word_1_624' title='bbox 3447 1427 3658 1495; x_wconf 83' lang='grc' dir='ltr'>κυρίου</span> 
     </span>
    </p>
   </div>
   <div class='ocr_carea' id='block_1_83' title="bbox 2081 1510 3660 1582">
    <p class='ocr_par' dir='ltr' id='par_1_83' title="bbox 2081 1510 3660 1582">
     <span class='ocr_line' id='line_1_83' title="bbox 2081 1510 3660 1582; baseline -0.001 -18"><span class='ocrx_word' id='word_1_625' title='bbox 2081 1527 2217 1564; x_wconf 87' lang='grc' dir='ltr'>σου.</span> <span class='ocrx_word' id='word_1_626' title='bbox 2261 1510 2497 1582; x_wconf 81' lang='grc' dir='ltr'>Ἐπειδὴ,</span> <span class='ocrx_word' id='word_1_627' title='bbox 2531 1513 2663 1581; x_wconf 69' lang='grc' dir='ltr'>φησὶ</span> <span class='ocrx_word' id='word_1_628' title='bbox 2686 1553 2700 1572; x_wconf 90' lang='grc'>,</span> <span class='ocrx_word' id='word_1_629' title='bbox 2731 1511 2928 1582; x_wconf 79' lang='grc' dir='ltr'>πολλὴν</span> <span class='ocrx_word' id='word_1_630' title='bbox 2954 1510 3160 1575; x_wconf 73' lang='grc' dir='ltr'>ἔδειξας</span> <span class='ocrx_word' id='word_1_631' title='bbox 3193 1512 3251 1562; x_wconf 81' lang='grc' dir='ltr'>ἐν</span> <span class='ocrx_word' id='word_1_632' title='bbox 3282 1513 3396 1572; x_wconf 88' lang='grc' dir='ltr'>τοῖς</span> <span class='ocrx_word' id='word_1_633' title='bbox 3433 1510 3532 1581; x_wconf 74' lang='grc' dir='ltr'>ἢδη</span> <span class='ocrx_word' id='word_1_634' title='bbox 3563 1527 3660 1562; x_wconf 84' lang='grc' dir='ltr'>πι-</span> 
     </span>
    </p>
   </div>
   <div class='ocr_carea' id='block_1_84' title="bbox 2081 1587 3661 1665">
    <p class='ocr_par' dir='ltr' id='par_1_84' title="bbox 2081 1587 3661 1665">
     <span class='ocr_line' id='line_1_84' title="bbox 2081 1587 3661 1665; baseline 0.003 -21"><span class='ocrx_word' id='word_1_635' title='bbox 2081 1592 2354 1646; x_wconf 82' lang='grc' dir='ltr'>στευθεῐσι</span> <span class='ocrx_word' id='word_1_636' title='bbox 2391 1593 2492 1664; x_wconf 84' lang='grc' dir='ltr'>τὴν</span> <span class='ocrx_word' id='word_1_637' title='bbox 2536 1595 2988 1665; x_wconf 83' lang='grc' dir='ltr'>εὐγνωμοσύνην,</span> <span class='ocrx_word' id='word_1_638' title='bbox 3029 1591 3176 1656; x_wconf 75' lang='grc' dir='ltr'>ἄξιος</span> <span class='ocrx_word' id='word_1_639' title='bbox 3223 1587 3273 1645; x_wconf 72' lang='grc' dir='ltr'>εἰ</span> <span class='ocrx_word' id='word_1_640' title='bbox 3306 1593 3398 1645; x_wconf 77' lang='grc' dir='ltr'>καὶ</span> <span class='ocrx_word' id='word_1_641' title='bbox 3438 1592 3661 1648; x_wconf 76' lang='grc' dir='ltr'>πλείονα</span> 
     </span>
    </p>
   </div>
   <div class='ocr_carea' id='block_1_85' title="bbox 2081 1673 3660 1747">
    <p class='ocr_par' dir='ltr' id='par_1_85' title="bbox 2081 1673 3660 1747">
     <span class='ocr_line' id='line_1_85' title="bbox 2081 1673 3660 1747; baseline 0.001 -20"><span class='ocrx_word' id='word_1_642' title='bbox 2081 1675 2512 1747; x_wconf 78' lang='grc' dir='ltr'>ἐγχειρισθῆναι.</span> <span class='ocrx_word' id='word_1_643' title='bbox 2543 1676 2859 1744; x_wconf 73' lang='grc' dir='ltr'>Προσῆλθε</span> <span class='ocrx_word' id='word_1_644' title='bbox 2881 1677 2949 1729; x_wconf 79' lang='grc' dir='ltr'>δέ</span> <span class='ocrx_word' id='word_1_645' title='bbox 2983 1676 3080 1729; x_wconf 79' lang='grc' dir='ltr'>καί</span> <span class='ocrx_word' id='word_1_646' title='bbox 3103 1679 3136 1730; x_wconf 83' lang='grc' dir='ltr'><em>ὀ</em></span> <span class='ocrx_word' id='word_1_647' title='bbox 3168 1675 3240 1728; x_wconf 85' lang='grc' dir='ltr'>τὰ</span> <span class='ocrx_word' id='word_1_648' title='bbox 3258 1674 3366 1728; x_wconf 87' lang='grc' dir='ltr'>δύο</span> <span class='ocrx_word' id='word_1_649' title='bbox 3393 1673 3660 1728; x_wconf 64' lang='grc' dir='ltr'>τάλαντα</span> 
     </span>
    </p>
   </div>
   <div class='ocr_carea' id='block_1_86' title="bbox 2079 1757 3658 1829">
    <p class='ocr_par' dir='ltr' id='par_1_86' title="bbox 2079 1757 3658 1829">
     <span class='ocr_line' id='line_1_86' title="bbox 2079 1757 3658 1829; baseline -0.001 -18"><span class='ocrx_word' id='word_1_650' title='bbox 2079 1758 2362 1828; x_wconf 58' lang='grc' dir='ltr'>εἰληφὼς,</span> <span class='ocrx_word' id='word_1_651' title='bbox 2387 1759 2584 1829; x_wconf 69' lang='grc' dir='ltr'>λέγων</span> <span class='ocrx_word' id='word_1_652' title='bbox 2602 1775 2615 1788; x_wconf 73' lang='grc' dir='ltr'><strong><em>ο</em></strong></span> <span class='ocrx_word' id='word_1_653' title='bbox 2637 1760 2784 1827; x_wconf 78' lang='grc' dir='ltr'>Οὐχί</span> <span class='ocrx_word' id='word_1_654' title='bbox 2822 1759 2932 1814; x_wconf 84' lang='grc' dir='ltr'>δύο</span> <span class='ocrx_word' id='word_1_655' title='bbox 2957 1757 3224 1814; x_wconf 69' lang='grc' dir='ltr'>τάλαντά</span> <span class='ocrx_word' id='word_1_656' title='bbox 3247 1776 3346 1827; x_wconf 81' lang='grc' dir='ltr'>μοι</span> <span class='ocrx_word' id='word_1_657' title='bbox 3393 1757 3658 1826; x_wconf 75' lang='grc' dir='ltr'>παρέδωο</span> 
     </span>
    </p>
   </div>
   <div class='ocr_carea' id='block_1_87' title="bbox 2081 1836 3654 1910">
    <p class='ocr_par' dir='ltr' id='par_1_87' title="bbox 2081 1836 3654 1910">
     <span class='ocr_line' id='line_1_87' title="bbox 2081 1836 3654 1910; baseline 0 -16"><span class='ocrx_word' id='word_1_658' title='bbox 2081 1859 2191 1907; x_wconf 84' lang='grc' dir='ltr'>κας</span> <span class='ocrx_word' id='word_1_659' title='bbox 2211 1858 2230 1905; x_wconf 88' lang='grc'><strong><em>;</em></strong></span> <span class='ocrx_word' id='word_1_660' title='bbox 2252 1841 2374 1897; x_wconf 80' lang='grc' dir='ltr'>Ἴδε</span> <span class='ocrx_word' id='word_1_661' title='bbox 2398 1841 2562 1896; x_wconf 70' lang='grc' dir='ltr'>ἄλλα</span> <span class='ocrx_word' id='word_1_662' title='bbox 2585 1841 2695 1896; x_wconf 85' lang='grc' dir='ltr'>δύο</span> <span class='ocrx_word' id='word_1_663' title='bbox 2715 1843 2981 1896; x_wconf 73' lang='grc' dir='ltr'>τάλαντα</span> <span class='ocrx_word' id='word_1_664' title='bbox 3000 1841 3297 1910; x_wconf 76' lang='grc' dir='ltr'>ἐκέρδησα</span> <span class='ocrx_word' id='word_1_665' title='bbox 3316 1841 3406 1894; x_wconf 82' lang='grc' dir='ltr'>ἐπ’</span> <span class='ocrx_word' id='word_1_666' title='bbox 3427 1836 3654 1905; x_wconf 77' lang='grc' dir='ltr'>αὐτοῖς.</span> 
     </span>
    </p>
   </div>
   <div class='ocr_carea' id='block_1_88' title="bbox 2083 1921 3660 1996">
    <p class='ocr_par' dir='ltr' id='par_1_88' title="bbox 2083 1921 3660 1996">
     <span class='ocr_line' id='line_1_88' title="bbox 2083 1921 3660 1996; baseline -0.001 -19"><span class='ocrx_word' id='word_1_667' title='bbox 2083 1924 2259 1995; x_wconf 81' lang='grc' dir='ltr'>Πολλὴ</span> <span class='ocrx_word' id='word_1_668' title='bbox 2287 1925 2382 1978; x_wconf 74' lang='grc' dir='ltr'>καὶ</span> <span class='ocrx_word' id='word_1_669' title='bbox 2404 1925 2596 1978; x_wconf 89' lang='grc' dir='ltr'>τούτου</span> <span class='ocrx_word' id='word_1_670' title='bbox 2625 1926 2659 1994; x_wconf 79' lang='grc' dir='ltr'><strong>ἠ</strong></span> <span class='ocrx_word' id='word_1_671' title='bbox 2689 1926 2818 1996; x_wconf 74' lang='grc' dir='ltr'>περὶ</span> <span class='ocrx_word' id='word_1_672' title='bbox 2854 1924 2924 1977; x_wconf 84' lang='grc' dir='ltr'>τά</span> <span class='ocrx_word' id='word_1_673' title='bbox 2953 1924 3246 1977; x_wconf 80' lang='grc' dir='ltr'>δεσποτικά</span> <span class='ocrx_word' id='word_1_674' title='bbox 3280 1927 3535 1996; x_wconf 81' lang='grc' dir='ltr'>χρήματα</span> <span class='ocrx_word' id='word_1_675' title='bbox 3565 1921 3660 1976; x_wconf 77' lang='grc' dir='ltr'>εὑ-</span> 
     </span>
    </p>
   </div>
   <div class='ocr_carea' id='block_1_89' title="bbox 2081 1995 3660 2077">
    <p class='ocr_par' dir='ltr' id='par_1_89' title="bbox 2081 1995 3660 2077">
     <span class='ocr_line' id='line_1_89' title="bbox 2081 1995 3660 2077; baseline -0.001 -17"><span class='ocrx_word' id='word_1_676' title='bbox 2081 2025 2219 2071; x_wconf 84' lang='grc' dir='ltr'>νοια,</span> <span class='ocrx_word' id='word_1_677' title='bbox 2255 2007 2337 2059; x_wconf 83' lang='grc' dir='ltr'>διὸ</span> <span class='ocrx_word' id='word_1_678' title='bbox 2366 2006 2460 2060; x_wconf 76' lang='grc' dir='ltr'>καὶ</span> <span class='ocrx_word' id='word_1_679' title='bbox 2492 2006 2602 2059; x_wconf 81' lang='grc' dir='ltr'>τῶν</span> <span class='ocrx_word' id='word_1_680' title='bbox 2635 1995 2816 2060; x_wconf 89' lang='grc' dir='ltr'>αὑτῶν</span> <span class='ocrx_word' id='word_1_681' title='bbox 2849 2004 3095 2070; x_wconf 79' lang='grc' dir='ltr'>ἀξιοῦται</span> <span class='ocrx_word' id='word_1_682' title='bbox 3124 2006 3204 2076; x_wconf 85' lang='grc' dir='ltr'>τῷ</span> <span class='ocrx_word' id='word_1_683' title='bbox 3246 1995 3517 2077; x_wconf 82' lang='grc' dir='ltr'>προτέρῳ.</span> <span class='ocrx_word' id='word_1_684' title='bbox 3550 2006 3660 2058; x_wconf 76' lang='grc' dir='ltr'>Καὶ</span> 
     </span>
    </p>
   </div>
   <div class='ocr_carea' id='block_1_90' title="bbox 2081 2087 3658 2158">
    <p class='ocr_par' dir='ltr' id='par_1_90' title="bbox 2081 2087 3658 2158">
     <span class='ocr_line' id='line_1_90' title="bbox 2081 2087 3658 2158; baseline -0.001 -16"><span class='ocrx_word' id='word_1_685' title='bbox 2081 2090 2225 2152; x_wconf 89' lang='grc' dir='ltr'>τίνος</span> <span class='ocrx_word' id='word_1_686' title='bbox 2278 2088 2464 2141; x_wconf 78' lang='grc' dir='ltr'>ἐνεκεν</span> <span class='ocrx_word' id='word_1_687' title='bbox 2509 2087 2602 2140; x_wconf 90' lang='grc' dir='ltr'>δύο</span> <span class='ocrx_word' id='word_1_688' title='bbox 2643 2087 3022 2158; x_wconf 85' lang='grc' dir='ltr'>προσενεγκὼν</span> <span class='ocrx_word' id='word_1_689' title='bbox 3071 2089 3308 2142; x_wconf 86' lang='grc' dir='ltr'>τάλαντα</span> <span class='ocrx_word' id='word_1_690' title='bbox 3351 2089 3449 2158; x_wconf 85' lang='grc' dir='ltr'>τῆς</span> <span class='ocrx_word' id='word_1_691' title='bbox 3487 2087 3658 2158; x_wconf 88' lang='grc' dir='ltr'>αὑτῆς</span> 
     </span>
    </p>
   </div>
   <div class='ocr_carea' id='block_1_91' title="bbox 2083 2170 3658 2243">
    <p class='ocr_par' dir='ltr' id='par_1_91' title="bbox 2083 2170 3658 2243">
     <span class='ocr_line' id='line_1_91' title="bbox 2083 2170 3658 2243; baseline 0 -18"><span class='ocrx_word' id='word_1_692' title='bbox 2083 2173 2275 2242; x_wconf 84' lang='grc' dir='ltr'>ἐκείνῳ</span> <span class='ocrx_word' id='word_1_693' title='bbox 2320 2170 2399 2241; x_wconf 83' lang='grc' dir='ltr'>τῷ</span> <span class='ocrx_word' id='word_1_694' title='bbox 2434 2171 2502 2224; x_wconf 89' lang='grc' dir='ltr'>τά</span> <span class='ocrx_word' id='word_1_695' title='bbox 2534 2170 2694 2224; x_wconf 88' lang='grc' dir='ltr'>πέντε</span> <span class='ocrx_word' id='word_1_696' title='bbox 2737 2171 3135 2242; x_wconf 87' lang='grc' dir='ltr'>προσαγαγόντι</span> <span class='ocrx_word' id='word_1_697' title='bbox 3171 2171 3414 2239; x_wconf 76' lang='grc' dir='ltr'>ἀξιοῦται</span> <span class='ocrx_word' id='word_1_698' title='bbox 3455 2174 3658 2243; x_wconf 82' lang='grc' dir='ltr'>τιμῆς;</span> 
     </span>
    </p>
   </div>
   <div class='ocr_carea' id='block_1_92' title="bbox 2086 2253 3660 2326">
    <p class='ocr_par' dir='ltr' id='par_1_92' title="bbox 2086 2253 3660 2326">
     <span class='ocr_line' id='line_1_92' title="bbox 2086 2253 3660 2326; baseline -0.001 -18"><span class='ocrx_word' id='word_1_699' title='bbox 2086 2255 2322 2318; x_wconf 85' lang='grc' dir='ltr'>Εἰκότως</span> <span class='ocrx_word' id='word_1_700' title='bbox 2339 2271 2357 2288; x_wconf 79' lang='grc' dir='ltr'><strong><em>ο</em></strong></span> <span class='ocrx_word' id='word_1_701' title='bbox 2377 2254 2467 2307; x_wconf 74' lang='grc' dir='ltr'>τὸν</span> <span class='ocrx_word' id='word_1_702' title='bbox 2499 2255 2595 2326; x_wconf 82' lang='grc' dir='ltr'>μὲν</span> <span class='ocrx_word' id='word_1_703' title='bbox 2620 2253 2726 2326; x_wconf 84' lang='grc' dir='ltr'>γὰρ</span> <span class='ocrx_word' id='word_1_704' title='bbox 2751 2254 3087 2324; x_wconf 79' lang='grc' dir='ltr'>πλεονασμὸν</span> <span class='ocrx_word' id='word_1_705' title='bbox 3123 2255 3217 2308; x_wconf 78' lang='grc' dir='ltr'>καὶ</span> <span class='ocrx_word' id='word_1_706' title='bbox 3243 2255 3339 2326; x_wconf 79' lang='grc' dir='ltr'>τὴν</span> <span class='ocrx_word' id='word_1_707' title='bbox 3365 2255 3660 2310; x_wconf 79' lang='grc' dir='ltr'>ἐλάττωσιν</span> 
     </span>
    </p>
   </div>
   <div class='ocr_carea' id='block_1_93' title="bbox 2083 2336 3664 2409">
    <p class='ocr_par' dir='ltr' id='par_1_93' title="bbox 2083 2336 3664 2409">
     <span class='ocr_line' id='line_1_93' title="bbox 2083 2336 3664 2409; baseline -0.001 -19"><span class='ocrx_word' id='word_1_708' title='bbox 2083 2339 2180 2407; x_wconf 88' lang='grc' dir='ltr'>οὑχ</span> <span class='ocrx_word' id='word_1_709' title='bbox 2212 2339 2246 2408; x_wconf 80' lang='grc' dir='ltr'>ἡ</span> <span class='ocrx_word' id='word_1_710' title='bbox 2276 2336 2467 2390; x_wconf 81' lang='grc' dir='ltr'>τούτου</span> <span class='ocrx_word' id='word_1_711' title='bbox 2497 2337 2728 2408; x_wconf 77' lang='grc' dir='ltr'>σπουδὴ.</span> <span class='ocrx_word' id='word_1_712' title='bbox 2749 2337 2868 2390; x_wconf 86' lang='grc' dir='ltr'>οὑδὲ</span> <span class='ocrx_word' id='word_1_713' title='bbox 2895 2339 2929 2408; x_wconf 80' lang='grc' dir='ltr'>ή</span> <span class='ocrx_word' id='word_1_714' title='bbox 2953 2338 3158 2390; x_wconf 85' lang='grc' dir='ltr'>ἐκείνου</span> <span class='ocrx_word' id='word_1_715' title='bbox 3179 2337 3419 2409; x_wconf 77' lang='grc' dir='ltr'>ῥᾳθυμία</span> <span class='ocrx_word' id='word_1_716' title='bbox 3441 2337 3664 2409; x_wconf 80' lang='grc' dir='ltr'>πεποίη-</span> 
     </span>
    </p>
   </div>
   <div class='ocr_carea' id='block_1_94' title="bbox 2084 2418 3662 2490">
    <p class='ocr_par' dir='ltr' id='par_1_94' title="bbox 2084 2418 3662 2490">
     <span class='ocr_line' id='line_1_94' title="bbox 2084 2418 3662 2490; baseline 0.001 -18"><span class='ocrx_word' id='word_1_717' title='bbox 2084 2437 2197 2485; x_wconf 89' lang='grc' dir='ltr'>κεν,</span> <span class='ocrx_word' id='word_1_718' title='bbox 2229 2419 2341 2472; x_wconf 80' lang='grc' dir='ltr'>ἀλλ⁹</span> <span class='ocrx_word' id='word_1_719' title='bbox 2375 2421 2408 2490; x_wconf 81' lang='grc' dir='ltr'>ὴ</span> <span class='ocrx_word' id='word_1_720' title='bbox 2438 2418 2546 2472; x_wconf 91' lang='grc' dir='ltr'>τῶν</span> <span class='ocrx_word' id='word_1_721' title='bbox 2571 2419 3038 2490; x_wconf 88' lang='grc' dir='ltr'>ἐμπιστευθέντων</span> <span class='ocrx_word' id='word_1_722' title='bbox 3082 2420 3332 2490; x_wconf 90' lang='grc' dir='ltr'>ποσότης.</span> <span class='ocrx_word' id='word_1_723' title='bbox 3366 2419 3448 2472; x_wconf 86' lang='grc' dir='ltr'>Τὰ</span> <span class='ocrx_word' id='word_1_724' title='bbox 3477 2420 3662 2490; x_wconf 85' lang='grc' dir='ltr'>μέντοι</span> 
     </span>
    </p>
   </div>
   <div class='ocr_carea' id='block_1_95' title="bbox 2082 2500 3661 2573">
    <p class='ocr_par' dir='ltr' id='par_1_95' title="bbox 2082 2500 3661 2573">
     <span class='ocr_line' id='line_1_95' title="bbox 2082 2500 3661 2573; baseline -0.001 -18"><span class='ocrx_word' id='word_1_725' title='bbox 2082 2503 2182 2573; x_wconf 85' lang='grc' dir='ltr'>τῆς</span> <span class='ocrx_word' id='word_1_726' title='bbox 2218 2503 2454 2572; x_wconf 86' lang='grc' dir='ltr'>σπουδῆς</span> <span class='ocrx_word' id='word_1_727' title='bbox 2488 2504 2578 2556; x_wconf 86' lang='grc' dir='ltr'>ῐσα</span> <span class='ocrx_word' id='word_1_728' title='bbox 2605 2503 2700 2555; x_wconf 74' lang='grc' dir='ltr'>καὶ</span> <span class='ocrx_word' id='word_1_729' title='bbox 2729 2501 2878 2573; x_wconf 75' lang='grc' dir='ltr'>παρὰ</span> <span class='ocrx_word' id='word_1_730' title='bbox 2908 2501 3097 2554; x_wconf 88' lang='grc' dir='ltr'>τούτου</span> <span class='ocrx_word' id='word_1_731' title='bbox 3118 2542 3132 2565; x_wconf 95' lang='grc'>,</span> <span class='ocrx_word' id='word_1_732' title='bbox 3170 2502 3262 2554; x_wconf 72' lang='grc' dir='ltr'>καὶ</span> <span class='ocrx_word' id='word_1_733' title='bbox 3287 2501 3416 2571; x_wconf 77' lang='grc' dir='ltr'>παρ’</span> <span class='ocrx_word' id='word_1_734' title='bbox 3451 2500 3661 2554; x_wconf 81' lang='grc' dir='ltr'>ἐκείνου</span> 
     </span>
    </p>
   </div>
   <div class='ocr_carea' id='block_1_96' title="bbox 2083 2583 3662 2657">
    <p class='ocr_par' dir='ltr' id='par_1_96' title="bbox 2083 2583 3662 2657">
     <span class='ocr_line' id='line_1_96' title="bbox 2083 2583 3662 2657; baseline 0 -19"><span class='ocrx_word' id='word_1_735' title='bbox 2083 2586 2490 2655; x_wconf 81' lang='grc' dir='ltr'>εἰσενήνεκται⁶</span> <span class='ocrx_word' id='word_1_736' title='bbox 2525 2584 2612 2638; x_wconf 81' lang='grc' dir='ltr'>διά</span> <span class='ocrx_word' id='word_1_737' title='bbox 2638 2583 2796 2638; x_wconf 88' lang='grc' dir='ltr'>τοῦτο</span> <span class='ocrx_word' id='word_1_738' title='bbox 2833 2585 2926 2638; x_wconf 75' lang='grc' dir='ltr'>καὶ</span> <span class='ocrx_word' id='word_1_739' title='bbox 2955 2586 3052 2655; x_wconf 86' lang='grc' dir='ltr'>τῆς</span> <span class='ocrx_word' id='word_1_740' title='bbox 3081 2585 3314 2657; x_wconf 87' lang='grc' dir='ltr'>ἀμοιϐῆς</span> <span class='ocrx_word' id='word_1_741' title='bbox 3355 2586 3454 2657; x_wconf 88' lang='grc' dir='ltr'>τῆς</span> <span class='ocrx_word' id='word_1_742' title='bbox 3492 2583 3662 2654; x_wconf 85' lang='grc' dir='ltr'>αὑτῆς</span> 
     </span>
    </p>
   </div>
   <div class='ocr_carea' id='block_1_97' title="bbox 2083 2669 2431 2738">
    <p class='ocr_par' dir='ltr' id='par_1_97' title="bbox 2083 2669 2431 2738">
     <span class='ocr_line' id='line_1_97' title="bbox 2083 2669 2431 2738; baseline 0.006 -15"><span class='ocrx_word' id='word_1_743' title='bbox 2083 2669 2431 2738; x_wconf 74' lang='grc' dir='ltr'>ἀπήλαυσαν.</span> 
     </span>
    </p>
   </div>
   <div class='ocr_carea' id='block_1_98' title="bbox 2153 2837 3663 2913">
    <p class='ocr_par' dir='ltr' id='par_1_98' title="bbox 2153 2837 3663 2913">
     <span class='ocr_line' id='line_1_98' title="bbox 2153 2837 3663 2913; baseline -0.001 -17"><span class='ocrx_word' id='word_1_744' title='bbox 2153 2842 2221 2913; x_wconf 85' lang='grc' dir='ltr'>β’.</span> <span class='ocrx_word' id='word_1_745' title='bbox 2255 2842 2395 2894; x_wconf 59' lang='lat' dir='ltr'>mw</span> <span class='ocrx_word' id='word_1_746' title='bbox 2417 2843 2445 2894; x_wconf 90' lang='lat'>6</span> <span class='ocrx_word' id='word_1_747' title='bbox 2467 2841 2654 2910; x_wconf 67' lang='grc' dir='ltr'>ἕτερος</span> <span class='ocrx_word' id='word_1_748' title='bbox 2683 2839 2835 2892; x_wconf 73' lang='grc' dir='ltr'>οὐδὲν</span> <span class='ocrx_word' id='word_1_749' title='bbox 2868 2837 3107 2892; x_wconf 90' lang='grc' dir='ltr'>τοιοῦτον</span> <span class='ocrx_word' id='word_1_750' title='bbox 3143 2837 3470 2910; x_wconf 84' lang='grc' dir='ltr'>διεπράξατο</span> <span class='ocrx_word' id='word_1_751' title='bbox 3488 2855 3502 2870; x_wconf 77' lang='grc'><strong><em>⁸</em></strong></span> <span class='ocrx_word' id='word_1_752' title='bbox 3527 2838 3663 2894; x_wconf 79' lang='grc' dir='ltr'>ἀλλὰ</span> 
     </span>
    </p>
   </div>
   <div class='ocr_carea' id='block_1_99' title="bbox 2081 2919 3670 2995">
    <p class='ocr_par' dir='ltr' id='par_1_99' title="bbox 2081 2919 3670 2995">
     <span class='ocr_line' id='line_1_99' title="bbox 2081 2919 3670 2995; baseline -0.001 -17"><span class='ocrx_word' id='word_1_753' title='bbox 2081 2926 2172 2988; x_wconf 77' lang='grc' dir='ltr'>τίς</span> <span class='ocrx_word' id='word_1_754' title='bbox 2227 2923 2503 2995; x_wconf 85' lang='grc' dir='ltr'>Προσῆλθε</span> <span class='ocrx_word' id='word_1_755' title='bbox 2539 2922 2709 2991; x_wconf 86' lang='grc' dir='ltr'>λέγων</span> <span class='ocrx_word' id='word_1_756' title='bbox 2731 2939 2745 2954; x_wconf 77' lang='grc' dir='ltr'><strong>ο</strong></span> <span class='ocrx_word' id='word_1_757' title='bbox 2781 2924 3006 2991; x_wconf 72' lang='grc' dir='ltr'><em>Ἕγνων</em></span> <span class='ocrx_word' id='word_1_758' title='bbox 3048 2938 3142 2984; x_wconf 90' lang='grc' dir='ltr'>σε,</span> <span class='ocrx_word' id='word_1_759' title='bbox 3181 2923 3268 2976; x_wconf 85' lang='grc' dir='ltr'>ὅτι</span> <span class='ocrx_word' id='word_1_760' title='bbox 3308 2923 3576 2991; x_wconf 74' lang='grc' dir='ltr'>σκληρὸς</span> <span class='ocrx_word' id='word_1_761' title='bbox 3609 2919 3670 2977; x_wconf 80' lang='grc' dir='ltr'>ετ</span> 
     </span>
    </p>
   </div>
   <div class='ocr_carea' id='block_1_100' title="bbox 2081 3003 3663 3076">
    <p class='ocr_par' dir='ltr' id='par_1_100' title="bbox 2081 3003 3663 3076">
     <span class='ocr_line' id='line_1_100' title="bbox 2081 3003 3663 3076; baseline -0.001 -15"><span class='ocrx_word' id='word_1_762' title='bbox 2081 3007 2422 3076; x_wconf 75' lang='grc' dir='ltr'>ἅνθρωπος,</span> <span class='ocrx_word' id='word_1_763' title='bbox 2451 3003 2687 3076; x_wconf 71' lang='grc' dir='ltr'>θερίζῑυν</span> <span class='ocrx_word' id='word_1_764' title='bbox 2727 3005 2879 3059; x_wconf 86' lang='grc' dir='ltr'>ὅπου</span> <span class='ocrx_word' id='word_1_765' title='bbox 2908 3008 3019 3060; x_wconf 83' lang='grc' dir='ltr'>οὐκ</span> <span class='ocrx_word' id='word_1_766' title='bbox 3049 3005 3358 3075; x_wconf 81' lang='grc' dir='ltr'>ἔσπειρας,</span> <span class='ocrx_word' id='word_1_767' title='bbox 3385 3007 3483 3059; x_wconf 83' lang='grc' dir='ltr'>καί</span> <span class='ocrx_word' id='word_1_768' title='bbox 3511 3024 3663 3062; x_wconf 83' lang='grc' dir='ltr'>συν-</span> 
     </span>
    </p>
   </div>
   <div class='ocr_carea' id='block_1_101' title="bbox 2081 3087 3662 3159">
    <p class='ocr_par' dir='ltr' id='par_1_101' title="bbox 2081 3087 3662 3159">
     <span class='ocr_line' id='line_1_101' title="bbox 2081 3087 3662 3159; baseline 0.001 -17"><span class='ocrx_word' id='word_1_769' title='bbox 2081 3087 2240 3158; x_wconf 78' lang='grc' dir='ltr'>άγων</span> <span class='ocrx_word' id='word_1_770' title='bbox 2273 3090 2412 3143; x_wconf 82' lang='grc' dir='ltr'>ὅθεν</span> <span class='ocrx_word' id='word_1_771' title='bbox 2442 3091 2515 3143; x_wconf 83' lang='grc' dir='ltr'>οὐ</span> <span class='ocrx_word' id='word_1_772' title='bbox 2546 3087 2979 3156; x_wconf 81' lang='grc' dir='ltr'>διεσκόρπισας</span> <span class='ocrx_word' id='word_1_773' title='bbox 2999 3105 3012 3119; x_wconf 92' lang='grc'>·</span> <span class='ocrx_word' id='word_1_774' title='bbox 3061 3091 3159 3143; x_wconf 76' lang='grc' dir='ltr'>καὶ</span> <span class='ocrx_word' id='word_1_775' title='bbox 3205 3091 3510 3159; x_wconf 73' lang='grc' dir='ltr'>φοϐηθεὶς,</span> <span class='ocrx_word' id='word_1_776' title='bbox 3546 3091 3662 3145; x_wconf 77' lang='grc' dir='ltr'>ἀπο</span> 
     </span>
    </p>
   </div>
   <div class='ocr_carea' id='block_1_102' title="bbox 2080 3170 3665 3242">
    <p class='ocr_par' dir='ltr' id='par_1_102' title="bbox 2080 3170 3665 3242">
     <span class='ocr_line' id='line_1_102' title="bbox 2080 3170 3665 3242; baseline 0.001 -17"><span class='ocrx_word' id='word_1_777' title='bbox 2080 3170 2274 3225; x_wconf 76' lang='grc' dir='ltr'>ελθὼν</span> <span class='ocrx_word' id='word_1_778' title='bbox 2300 3171 2538 3240; x_wconf 76' lang='grc' dir='ltr'>ἔκρυψα</span> <span class='ocrx_word' id='word_1_779' title='bbox 2575 3171 2641 3224; x_wconf 80' lang='grc' dir='ltr'>τὸ</span> <span class='ocrx_word' id='word_1_780' title='bbox 2674 3170 2974 3225; x_wconf 74' lang='grc' dir='ltr'>τάλαντον</span> <span class='ocrx_word' id='word_1_781' title='bbox 3003 3170 3164 3240; x_wconf 80' lang='grc' dir='ltr'>ἐντῇ</span> <span class='ocrx_word' id='word_1_782' title='bbox 3190 3172 3288 3242; x_wconf 73' lang='grc' dir='ltr'>γῆ.</span> <span class='ocrx_word' id='word_1_783' title='bbox 3328 3173 3476 3226; x_wconf 83' lang='grc' dir='ltr'>Ἰδοὺ</span> <span class='ocrx_word' id='word_1_784' title='bbox 3502 3174 3665 3241; x_wconf 74' lang='grc' dir='ltr'>ἔχεις</span> 
     </span>
    </p>
   </div>
   <div class='ocr_carea' id='block_1_103' title="bbox 2080 3253 3664 3328">
    <p class='ocr_par' dir='ltr' id='par_1_103' title="bbox 2080 3253 3664 3328">
     <span class='ocr_line' id='line_1_103' title="bbox 2080 3253 3664 3328; baseline 0.002 -23"><span class='ocrx_word' id='word_1_785' title='bbox 2080 3253 2145 3305; x_wconf 84' lang='grc' dir='ltr'>τὸ</span> <span class='ocrx_word' id='word_1_786' title='bbox 2191 3254 2327 3308; x_wconf 86' lang='grc' dir='ltr'>σόν.</span> <span class='ocrx_word' id='word_1_787' title='bbox 2376 3254 2440 3304; x_wconf 84' lang='grc' dir='ltr'>Ὢ</span> <span class='ocrx_word' id='word_1_788' title='bbox 2482 3253 2651 3306; x_wconf 88' lang='grc' dir='ltr'>κακία</span> <span class='ocrx_word' id='word_1_789' title='bbox 2697 3253 2943 3304; x_wconf 80' lang='grc' dir='ltr'>οἰκέτουί</span> <span class='ocrx_word' id='word_1_790' title='bbox 2989 3253 3034 3304; x_wconf 82' lang='grc' dir='ltr'><strong>ὣ</strong></span> <span class='ocrx_word' id='word_1_791' title='bbox 3067 3255 3460 3325; x_wconf 90' lang='grc' dir='ltr'>ἀγνωμοσύνης</span> <span class='ocrx_word' id='word_1_792' title='bbox 3495 3257 3664 3328; x_wconf 78' lang='grc' dir='ltr'>ὑπερ-</span> 
     </span>
    </p>
   </div>
   <div class='ocr_carea' id='block_1_104' title="bbox 2083 3333 3660 3406">
    <p class='ocr_par' dir='ltr' id='par_1_104' title="bbox 2083 3333 3660 3406">
     <span class='ocr_line' id='line_1_104' title="bbox 2083 3333 3660 3406; baseline 0.004 -22"><span class='ocrx_word' id='word_1_793' title='bbox 2083 3333 2214 3403; x_wconf 84' lang='grc' dir='ltr'>ϐολὴ</span> <span class='ocrx_word' id='word_1_794' title='bbox 2241 3373 2254 3395; x_wconf 89' lang='grc'>,</span> <span class='ocrx_word' id='word_1_795' title='bbox 2295 3335 2355 3386; x_wconf 89' lang='grc' dir='ltr'>οὑ</span> <span class='ocrx_word' id='word_1_796' title='bbox 2387 3335 2544 3403; x_wconf 85' lang='grc' dir='ltr'>μόνον</span> <span class='ocrx_word' id='word_1_797' title='bbox 2587 3334 2669 3384; x_wconf 85' lang='grc' dir='ltr'>ὃτι</span> <span class='ocrx_word' id='word_1_798' title='bbox 2711 3333 2863 3385; x_wconf 82' lang='grc' dir='ltr'>οὑδέν</span> <span class='ocrx_word' id='word_1_799' title='bbox 2893 3335 3189 3404; x_wconf 85' lang='grc' dir='ltr'>εἰργάσατο</span> <span class='ocrx_word' id='word_1_800' title='bbox 3218 3338 3312 3389; x_wconf 75' lang='grc' dir='ltr'>ἐπὶ</span> <span class='ocrx_word' id='word_1_801' title='bbox 3349 3337 3428 3406; x_wconf 85' lang='grc' dir='ltr'>τῷ</span> <span class='ocrx_word' id='word_1_802' title='bbox 3453 3338 3660 3391; x_wconf 88' lang='grc' dir='ltr'>δοθέντι</span> 
     </span>
    </p>
   </div>
   <div class='ocr_carea' id='block_1_105' title="bbox 2083 3413 3662 3490">
    <p class='ocr_par' dir='ltr' id='par_1_105' title="bbox 2083 3413 3662 3490">
     <span class='ocr_line' id='line_1_105' title="bbox 2083 3413 3662 3490; baseline 0.003 -23"><span class='ocrx_word' id='word_1_803' title='bbox 2083 3415 2232 3486; x_wconf 85' lang='grc' dir='ltr'>αὑτῷ</span> <span class='ocrx_word' id='word_1_804' title='bbox 2261 3415 2509 3485; x_wconf 83' lang='grc' dir='ltr'>ταλάντῳ</span> <span class='ocrx_word' id='word_1_805' title='bbox 2531 3454 2546 3479; x_wconf 96' lang='grc'>,</span> <span class='ocrx_word' id='word_1_806' title='bbox 2585 3413 2701 3466; x_wconf 76' lang='grc' dir='ltr'>ἀλλ’</span> <span class='ocrx_word' id='word_1_807' title='bbox 2729 3415 2811 3468; x_wconf 86' lang='grc' dir='ltr'>ὃτι</span> <span class='ocrx_word' id='word_1_808' title='bbox 2857 3417 2950 3468; x_wconf 77' lang='grc' dir='ltr'>καὶ</span> <span class='ocrx_word' id='word_1_809' title='bbox 2985 3418 3103 3470; x_wconf 77' lang='grc' dir='ltr'>ἀντὶ</span> <span class='ocrx_word' id='word_1_810' title='bbox 3131 3417 3396 3471; x_wconf 89' lang='grc' dir='ltr'>ταλάντου</span> <span class='ocrx_word' id='word_1_811' title='bbox 3429 3436 3662 3490; x_wconf 85' lang='grc' dir='ltr'>κατηγο-</span> 
     </span>
    </p>
   </div>
   <div class='ocr_carea' id='block_1_106' title="bbox 2085 3495 3668 3571">
    <p class='ocr_par' dir='ltr' id='par_1_106' title="bbox 2085 3495 3668 3571">
     <span class='ocr_line' id='line_1_106' title="bbox 2085 3495 3668 3571; baseline 0.006 -23"><span class='ocrx_word' id='word_1_812' title='bbox 2085 3497 2206 3568; x_wconf 90' lang='grc' dir='ltr'>ρίαν</span> <span class='ocrx_word' id='word_1_813' title='bbox 2249 3495 2624 3568; x_wconf 80' lang='grc' dir='ltr'>προσήνεγκεί</span> <span class='ocrx_word' id='word_1_814' title='bbox 2669 3497 2922 3551; x_wconf 86' lang='grc' dir='ltr'>Τοιοῦτον</span> <span class='ocrx_word' id='word_1_815' title='bbox 2950 3499 3060 3570; x_wconf 78' lang='grc' dir='ltr'>γάρ</span> <span class='ocrx_word' id='word_1_816' title='bbox 3099 3501 3132 3569; x_wconf 82' lang='grc' dir='ltr'><strong>ὴ</strong></span> <span class='ocrx_word' id='word_1_817' title='bbox 3174 3501 3426 3571; x_wconf 73' lang='grc' dir='ltr'>πονηρίαο</span> <span class='ocrx_word' id='word_1_818' title='bbox 3480 3506 3668 3557; x_wconf 76' lang='grc' dir='ltr'>σκοτοῑ</span> 
     </span>
    </p>
   </div>
   <div class='ocr_carea' id='block_1_107' title="bbox 2081 3581 3664 3656">
    <p class='ocr_par' dir='ltr' id='par_1_107' title="bbox 2081 3581 3664 3656">
     <span class='ocr_line' id='line_1_107' title="bbox 2081 3581 3664 3656; baseline 0.005 -23"><span class='ocrx_word' id='word_1_819' title='bbox 2081 3581 2172 3633; x_wconf 70' lang='grc' dir='ltr'>τὸν</span> <span class='ocrx_word' id='word_1_820' title='bbox 2203 3581 2480 3651; x_wconf 81' lang='grc' dir='ltr'>λογισμὸν,</span> <span class='ocrx_word' id='word_1_821' title='bbox 2516 3581 2612 3634; x_wconf 73' lang='grc' dir='ltr'>καὶ</span> <span class='ocrx_word' id='word_1_822' title='bbox 2647 3581 2788 3634; x_wconf 88' lang='grc' dir='ltr'>κατά</span> <span class='ocrx_word' id='word_1_823' title='bbox 2823 3583 3084 3652; x_wconf 84' lang='grc' dir='ltr'>κρημνῶν</span> <span class='ocrx_word' id='word_1_824' title='bbox 3111 3587 3256 3637; x_wconf 84' lang='grc' dir='ltr'>ποιεῖ</span> <span class='ocrx_word' id='word_1_825' title='bbox 3277 3585 3540 3656; x_wconf 80' lang='grc' dir='ltr'>φέρεσθαι</span> <span class='ocrx_word' id='word_1_826' title='bbox 3567 3587 3664 3641; x_wconf 78' lang='grc' dir='ltr'>τὸν</span> 
     </span>
    </p>
   </div>
   <div class='ocr_carea' id='block_1_108' title="bbox 2085 3662 3662 3734">
    <p class='ocr_par' dir='ltr' id='par_1_108' title="bbox 2085 3662 3662 3734">
     <span class='ocr_line' id='line_1_108' title="bbox 2085 3662 3662 3734; baseline 0.005 -18"><span class='ocrx_word' id='word_1_827' title='bbox 2085 3663 2230 3729; x_wconf 77' lang='grc' dir='ltr'>ἀπαξ</span> <span class='ocrx_word' id='word_1_828' title='bbox 2259 3663 2356 3731; x_wconf 91' lang='grc' dir='ltr'>τῆς</span> <span class='ocrx_word' id='word_1_829' title='bbox 2396 3662 2608 3726; x_wconf 86' lang='grc' dir='ltr'>εὑθείας</span> <span class='ocrx_word' id='word_1_830' title='bbox 2639 3664 2984 3734; x_wconf 80' lang='grc' dir='ltr'>ἐκτραπέντα</span> <span class='ocrx_word' id='word_1_831' title='bbox 3014 3665 3155 3721; x_wconf 83' lang='grc' dir='ltr'>ὀδοῦ.</span> <span class='ocrx_word' id='word_1_832' title='bbox 3189 3667 3374 3726; x_wconf 76' lang='grc' dir='ltr'>Ταῦτα</span> <span class='ocrx_word' id='word_1_833' title='bbox 3397 3668 3454 3722; x_wconf 81' lang='grc' dir='ltr'>δὲ</span> <span class='ocrx_word' id='word_1_834' title='bbox 3485 3670 3662 3724; x_wconf 89' lang='grc' dir='ltr'>πάντα</span> 
     </span>
    </p>
   </div>
   <div class='ocr_carea' id='block_1_109' title="bbox 2085 3745 3663 3823">
    <p class='ocr_par' dir='ltr' id='par_1_109' title="bbox 2085 3745 3663 3823">
     <span class='ocr_line' id='line_1_109' title="bbox 2085 3745 3663 3823; baseline 0.005 -25"><span class='ocrx_word' id='word_1_835' title='bbox 2085 3747 2213 3817; x_wconf 72' lang='grc' dir='ltr'>περὶ</span> <span class='ocrx_word' id='word_1_836' title='bbox 2239 3745 2346 3799; x_wconf 90' lang='grc' dir='ltr'>τῶν</span> <span class='ocrx_word' id='word_1_837' title='bbox 2377 3745 2717 3801; x_wconf 86' lang='grc' dir='ltr'>διδασκάλων</span> <span class='ocrx_word' id='word_1_838' title='bbox 2746 3747 2988 3818; x_wconf 74' lang='grc' dir='ltr'>εἴρηται,</span> <span class='ocrx_word' id='word_1_839' title='bbox 3015 3747 3154 3802; x_wconf 83' lang='grc' dir='ltr'>ὥστε</span> <span class='ocrx_word' id='word_1_840' title='bbox 3192 3749 3266 3821; x_wconf 79' lang='grc' dir='ltr'>μὴ</span> <span class='ocrx_word' id='word_1_841' title='bbox 3317 3751 3663 3823; x_wconf 83' lang='grc' dir='ltr'>ἀποκρύπτε-</span> 
     </span>
    </p>
   </div>
   <div class='ocr_carea' id='block_1_110' title="bbox 2085 3827 3662 3902">
    <p class='ocr_par' dir='ltr' id='par_1_110' title="bbox 2085 3827 3662 3902">
     <span class='ocr_line' id='line_1_110' title="bbox 2085 3827 3662 3902; baseline 0.013 -22"><span class='ocrx_word' id='word_1_842' title='bbox 2085 3829 2208 3881; x_wconf 82' lang='grc' dir='ltr'>σθαι</span> <span class='ocrx_word' id='word_1_843' title='bbox 2239 3827 2308 3880; x_wconf 86' lang='grc' dir='ltr'>τά</span> <span class='ocrx_word' id='word_1_844' title='bbox 2351 3829 2811 3898; x_wconf 79' lang='grc' dir='ltr'>ἐμπιστευθέντα,</span> <span class='ocrx_word' id='word_1_845' title='bbox 2857 3830 2994 3884; x_wconf 86' lang='grc' dir='ltr'>ἀλλά</span> <span class='ocrx_word' id='word_1_846' title='bbox 3027 3833 3163 3901; x_wconf 79' lang='grc' dir='ltr'>μετά</span> <span class='ocrx_word' id='word_1_847' title='bbox 3209 3831 3389 3902; x_wconf 79' lang='grc' dir='ltr'>πάσης</span> <span class='ocrx_word' id='word_1_848' title='bbox 3425 3833 3662 3902; x_wconf 76' lang='grc' dir='ltr'>σπουδῆς</span> 
     </span>
    </p>
   </div>
   <div class='ocr_carea' id='block_1_111' title="bbox 2085 3910 3661 3984">
    <p class='ocr_par' dir='ltr' id='par_1_111' title="bbox 2085 3910 3661 3984">
     <span class='ocr_line' id='line_1_111' title="bbox 2085 3910 3661 3984; baseline 0.002 -20"><span class='ocrx_word' id='word_1_849' title='bbox 2085 3910 2442 3982; x_wconf 88' lang='grc' dir='ltr'>παρατιθέναι</span> <span class='ocrx_word' id='word_1_850' title='bbox 2484 3913 2595 3974; x_wconf 87' lang='grc' dir='ltr'>τοῖς</span> <span class='ocrx_word' id='word_1_851' title='bbox 2637 3912 3118 3984; x_wconf 85' lang='grc' dir='ltr'>μαθητευομένοις.</span> <span class='ocrx_word' id='word_1_852' title='bbox 3167 3913 3305 3966; x_wconf 82' lang='grc' dir='ltr'>Ἀλλ’</span> <span class='ocrx_word' id='word_1_853' title='bbox 3345 3913 3508 3968; x_wconf 84' lang='grc' dir='ltr'>άκουε</span> <span class='ocrx_word' id='word_1_854' title='bbox 3549 3915 3661 3968; x_wconf 89' lang='grc' dir='ltr'>λοι-</span> 
     </span>
    </p>
   </div>
   <div class='ocr_carea' id='block_1_112' title="bbox 2086 3993 3657 4070">
    <p class='ocr_par' dir='ltr' id='par_1_112' title="bbox 2086 3993 3657 4070">
     <span class='ocr_line' id='line_1_112' title="bbox 2086 3993 3657 4070; baseline 0.003 -24"><span class='ocrx_word' id='word_1_855' title='bbox 2086 3993 2204 4056; x_wconf 84' lang='grc' dir='ltr'>πὸν,</span> <span class='ocrx_word' id='word_1_856' title='bbox 2236 3993 2487 4064; x_wconf 86' lang='grc' dir='ltr'>ἀγαπητέ</span> <span class='ocrx_word' id='word_1_857' title='bbox 2512 4033 2527 4055; x_wconf 91' lang='grc'>,</span> <span class='ocrx_word' id='word_1_858' title='bbox 2558 3996 2619 4047; x_wconf 87' lang='grc' dir='ltr'>ἐκ</span> <span class='ocrx_word' id='word_1_859' title='bbox 2663 3995 2762 4064; x_wconf 88' lang='grc' dir='ltr'>τῆς</span> <span class='ocrx_word' id='word_1_860' title='bbox 2804 3995 2940 4064; x_wconf 85' lang='grc' dir='ltr'>πρὸς</span> <span class='ocrx_word' id='word_1_861' title='bbox 2973 3997 3178 4049; x_wconf 80' lang='grc' dir='ltr'>ἐκεῖνον</span> <span class='ocrx_word' id='word_1_862' title='bbox 3209 3998 3657 4070; x_wconf 84' lang='grc' dir='ltr'>ἀγανακτήσεως,</span> 
     </span>
    </p>
   </div>
   <div class='ocr_carea' id='block_1_113' title="bbox 2081 4076 3658 4150">
    <p class='ocr_par' dir='ltr' id='par_1_113' title="bbox 2081 4076 3658 4150">
     <span class='ocr_line' id='line_1_113' title="bbox 2081 4076 3658 4150; baseline 0.003 -20"><span class='ocrx_word' id='word_1_863' title='bbox 2081 4078 2229 4139; x_wconf 83' lang='grc' dir='ltr'>ὅπως</span> <span class='ocrx_word' id='word_1_864' title='bbox 2256 4076 2351 4130; x_wconf 77' lang='grc' dir='ltr'>καὶ</span> <span class='ocrx_word' id='word_1_865' title='bbox 2386 4078 2436 4130; x_wconf 87' lang='grc' dir='ltr'>οί</span> <span class='ocrx_word' id='word_1_866' title='bbox 2485 4078 2914 4150; x_wconf 88' lang='grc' dir='ltr'>μαθητευόμενοι</span> <span class='ocrx_word' id='word_1_867' title='bbox 2949 4079 3242 4133; x_wconf 86' lang='grc' dir='ltr'>ὑπεύθυνοι</span> <span class='ocrx_word' id='word_1_868' title='bbox 3267 4081 3530 4148; x_wconf 89' lang='grc' dir='ltr'>γίνονται,</span> <span class='ocrx_word' id='word_1_869' title='bbox 3563 4083 3658 4136; x_wconf 76' lang='grc' dir='ltr'>καὶ</span> 
     </span>
    </p>
   </div>
   <div class='ocr_carea' id='block_1_114' title="bbox 2083 4161 3658 4236">
    <p class='ocr_par' dir='ltr' id='par_1_114' title="bbox 2083 4161 3658 4236">
     <span class='ocr_line' id='line_1_114' title="bbox 2083 4161 3658 4236; baseline 0.004 -23"><span class='ocrx_word' id='word_1_870' title='bbox 2083 4161 2180 4214; x_wconf 81' lang='grc' dir='ltr'>οὑκ</span> <span class='ocrx_word' id='word_1_871' title='bbox 2227 4162 2409 4214; x_wconf 85' lang='grc' dir='ltr'>ἐκεῖνα</span> <span class='ocrx_word' id='word_1_872' title='bbox 2470 4161 2631 4231; x_wconf 86' lang='grc' dir='ltr'>μόνον</span> <span class='ocrx_word' id='word_1_873' title='bbox 2688 4163 3043 4217; x_wconf 77' lang='grc' dir='ltr'>ἀπαιτοῦνται</span> <span class='ocrx_word' id='word_1_874' title='bbox 3095 4163 3165 4216; x_wconf 86' lang='grc' dir='ltr'>τά</span> <span class='ocrx_word' id='word_1_875' title='bbox 3227 4165 3658 4236; x_wconf 78' lang='grc' dir='ltr'>καταϐληθέντα,</span> 
     </span>
    </p>
   </div>
   <div class='ocr_carea' id='block_1_115' title="bbox 2083 4245 3658 4318">
    <p class='ocr_par' dir='ltr' id='par_1_115' title="bbox 2083 4245 3658 4318">
     <span class='ocr_line' id='line_1_115' title="bbox 2083 4245 3658 4318; baseline 0.004 -20"><span class='ocrx_word' id='word_1_876' title='bbox 2083 4245 2218 4298; x_wconf 73' lang='grc' dir='ltr'>ἀλλὰ</span> <span class='ocrx_word' id='word_1_877' title='bbox 2245 4247 2338 4298; x_wconf 72' lang='grc' dir='ltr'>καὶ</span> <span class='ocrx_word' id='word_1_878' title='bbox 2361 4246 2496 4316; x_wconf 86' lang='grc' dir='ltr'>μετά</span> <span class='ocrx_word' id='word_1_879' title='bbox 2513 4245 2608 4299; x_wconf 86' lang='grc' dir='ltr'>τοῦ</span> <span class='ocrx_word' id='word_1_880' title='bbox 2631 4247 2790 4300; x_wconf 88' lang='grc' dir='ltr'>τόκου</span> <span class='ocrx_word' id='word_1_881' title='bbox 2838 4247 2937 4316; x_wconf 81' lang='grc' dir='ltr'>τὴν</span> <span class='ocrx_word' id='word_1_882' title='bbox 2967 4246 3190 4316; x_wconf 87' lang='grc' dir='ltr'>μέθοδον</span> <span class='ocrx_word' id='word_1_883' title='bbox 3219 4250 3570 4318; x_wconf 87' lang='grc' dir='ltr'>ὑπομένουσι.</span> <span class='ocrx_word' id='word_1_884' title='bbox 3593 4252 3658 4304; x_wconf 89' lang='grc' dir='ltr'>Τί</span> 
     </span>
    </p>
   </div>
   <div class='ocr_carea' id='block_1_116' title="bbox 2081 4323 3662 4403">
    <p class='ocr_par' dir='ltr' id='par_1_116' title="bbox 2081 4323 3662 4403">
     <span class='ocr_line' id='line_1_116' title="bbox 2081 4323 3662 4403; baseline 0.004 -23"><span class='ocrx_word' id='word_1_885' title='bbox 2081 4323 2174 4380; x_wconf 81' lang='grc' dir='ltr'>οὖν</span> <span class='ocrx_word' id='word_1_886' title='bbox 2226 4344 2359 4398; x_wconf 79' lang='grc' dir='ltr'>φησι</span> <span class='ocrx_word' id='word_1_887' title='bbox 2413 4329 2550 4400; x_wconf 88' lang='grc' dir='ltr'>πρὸς</span> <span class='ocrx_word' id='word_1_888' title='bbox 2607 4327 2770 4383; x_wconf 81' lang='grc' dir='ltr'>αὑτὸν</span> <span class='ocrx_word' id='word_1_889' title='bbox 2825 4331 2854 4382; x_wconf 88' lang='lat'>6</span> <span class='ocrx_word' id='word_1_890' title='bbox 2897 4329 3193 4400; x_wconf 79' lang='grc' dir='ltr'>δεσπότηςς</span> <span class='ocrx_word' id='word_1_891' title='bbox 3224 4330 3378 4403; x_wconf 75' lang='grc'><strong>[415]</strong></span> <span class='ocrx_word' id='word_1_892' title='bbox 3427 4331 3662 4401; x_wconf 67' lang='grc' dir='ltr'>Πονηρὲ</span> 
     </span>
    </p>
   </div>
   <div class='ocr_carea' id='block_1_117' title="bbox 2081 4409 3656 4486">
    <p class='ocr_par' dir='ltr' id='par_1_117' title="bbox 2081 4409 3656 4486">
     <span class='ocr_line' id='line_1_117' title="bbox 2081 4409 3656 4486; baseline 0.004 -23"><span class='ocrx_word' id='word_1_893' title='bbox 2081 4409 2286 4464; x_wconf 77' lang='grc' dir='ltr'>δοῦλε.</span> <span class='ocrx_word' id='word_1_894' title='bbox 2317 4411 2526 4482; x_wconf 78' lang='grc' dir='ltr'>Φοϐερά</span> <span class='ocrx_word' id='word_1_895' title='bbox 2569 4411 3022 4483; x_wconf 79' lang='grc' dir='ltr'>ήάγανάκτησις,</span> <span class='ocrx_word' id='word_1_896' title='bbox 3059 4413 3220 4484; x_wconf 75' lang='grc' dir='ltr'>ἱκανὴ</span> <span class='ocrx_word' id='word_1_897' title='bbox 3245 4414 3586 4485; x_wconf 84' lang='grc' dir='ltr'>καταπλῆξαι</span> <span class='ocrx_word' id='word_1_898' title='bbox 3627 4419 3656 4486; x_wconf 69' lang='grc' dir='ltr'>η</span> 
     </span>
    </p>
   </div>
   <div class='ocr_carea' id='block_1_118' title="bbox 2082 4494 3658 4568">
    <p class='ocr_par' dir='ltr' id='par_1_118' title="bbox 2082 4494 3658 4568">
     <span class='ocr_line' id='line_1_118' title="bbox 2082 4494 3658 4568; baseline 0.003 -22"><span class='ocrx_word' id='word_1_899' title='bbox 2082 4494 2303 4564; x_wconf 76' lang='grc' dir='ltr'>ἀπειλή.</span> <span class='ocrx_word' id='word_1_900' title='bbox 2349 4495 2418 4547; x_wconf 82' lang='grc' dir='ltr'>Εἰ</span> <span class='ocrx_word' id='word_1_901' title='bbox 2458 4494 2662 4564; x_wconf 73' lang='grc' dir='ltr'>ᾕδεις,</span> <span class='ocrx_word' id='word_1_902' title='bbox 2724 4496 2920 4566; x_wconf 76' lang='grc' dir='ltr'>φησὶν,</span> <span class='ocrx_word' id='word_1_903' title='bbox 2965 4497 3055 4550; x_wconf 84' lang='grc' dir='ltr'>ὅτι</span> <span class='ocrx_word' id='word_1_904' title='bbox 3105 4499 3301 4568; x_wconf 72' lang='grc' dir='ltr'>θερίζὶυ</span> <span class='ocrx_word' id='word_1_905' title='bbox 3343 4498 3496 4552; x_wconf 79' lang='grc' dir='ltr'>ὅπου</span> <span class='ocrx_word' id='word_1_906' title='bbox 3546 4501 3658 4552; x_wconf 70' lang='grc' dir='ltr'>οὐκ</span> 
     </span>
    </p>
   </div>
   <div class='ocr_carea' id='block_1_119' title="bbox 2081 4576 3660 4648">
    <p class='ocr_par' dir='ltr' id='par_1_119' title="bbox 2081 4576 3660 4648">
     <span class='ocr_line' id='line_1_119' title="bbox 2081 4576 3660 4648; baseline 0.004 -19"><span class='ocrx_word' id='word_1_907' title='bbox 2081 4576 2354 4646; x_wconf 77' lang='grc' dir='ltr'>ἔσπειρα,</span> <span class='ocrx_word' id='word_1_908' title='bbox 2371 4578 2468 4630; x_wconf 78' lang='grc' dir='ltr'>καὶ</span> <span class='ocrx_word' id='word_1_909' title='bbox 2491 4577 2734 4648; x_wconf 78' lang='grc' dir='ltr'>συνάγω</span> <span class='ocrx_word' id='word_1_910' title='bbox 2755 4579 2908 4634; x_wconf 87' lang='grc' dir='ltr'>ὅπου</span> <span class='ocrx_word' id='word_1_911' title='bbox 2925 4579 3422 4648; x_wconf 75' lang='grc' dir='ltr'>οὑδιεσκόρπισα,</span> <span class='ocrx_word' id='word_1_912' title='bbox 3439 4582 3559 4635; x_wconf 75' lang='grc' dir='ltr'>ἔδει</span> <span class='ocrx_word' id='word_1_913' title='bbox 3583 4598 3660 4635; x_wconf 78' lang='grc' dir='ltr'>σε</span> 
     </span>
    </p>
   </div>
   <div class='ocr_carea' id='block_1_120' title="bbox 2081 4659 3654 4732">
    <p class='ocr_par' dir='ltr' id='par_1_120' title="bbox 2081 4659 3654 4732">
     <span class='ocr_line' id='line_1_120' title="bbox 2081 4659 3654 4732; baseline 0.003 -20"><span class='ocrx_word' id='word_1_914' title='bbox 2081 4659 2442 4714; x_wconf 68' lang='grc' dir='ltr'>καταϐαλεῖν</span> <span class='ocrx_word' id='word_1_915' title='bbox 2457 4660 2522 4713; x_wconf 78' lang='grc' dir='ltr'>τὸ</span> <span class='ocrx_word' id='word_1_916' title='bbox 2538 4661 2822 4731; x_wconf 79' lang='grc' dir='ltr'>ἀργύριόν</span> <span class='ocrx_word' id='word_1_917' title='bbox 2845 4679 2966 4732; x_wconf 81' lang='grc' dir='ltr'>μου</span> <span class='ocrx_word' id='word_1_918' title='bbox 2991 4661 3089 4715; x_wconf 77' lang='grc' dir='ltr'>ἐπὶ</span> <span class='ocrx_word' id='word_1_919' title='bbox 3117 4664 3256 4728; x_wconf 83' lang='grc' dir='ltr'>τοὺς</span> <span class='ocrx_word' id='word_1_920' title='bbox 3280 4662 3654 4730; x_wconf 74' lang='grc' dir='ltr'>τραπεζῖτας,</span> 
     </span>
    </p>
   </div>
   <div class='ocr_carea' id='block_1_121' title="bbox 2082 4741 3654 4812">
    <p class='ocr_par' dir='ltr' id='par_1_121' title="bbox 2082 4741 3654 4812">
     <span class='ocr_line' id='line_1_121' title="bbox 2082 4741 3654 4812; baseline 0.003 -19"><span class='ocrx_word' id='word_1_921' title='bbox 2082 4741 2180 4794; x_wconf 76' lang='grc' dir='ltr'>καί</span> <span class='ocrx_word' id='word_1_922' title='bbox 2217 4741 2332 4810; x_wconf 73' lang='grc' dir='ltr'>ἐγὼ</span> <span class='ocrx_word' id='word_1_923' title='bbox 2363 4741 2558 4796; x_wconf 62' lang='grc' dir='ltr'>ἐλθὼν</span> <span class='ocrx_word' id='word_1_924' title='bbox 2597 4744 2748 4812; x_wconf 81' lang='grc' dir='ltr'>μετὰ</span> <span class='ocrx_word' id='word_1_925' title='bbox 2791 4745 2972 4798; x_wconf 78' lang='grc' dir='ltr'>τόκου</span> <span class='ocrx_word' id='word_1_926' title='bbox 3013 4745 3299 4812; x_wconf 76' lang='grc' dir='ltr'>ἀπῄτησα</span> <span class='ocrx_word' id='word_1_927' title='bbox 3347 4743 3425 4798; x_wconf 80' lang='grc' dir='ltr'>ἂν</span> <span class='ocrx_word' id='word_1_928' title='bbox 3466 4746 3654 4799; x_wconf 80' lang='grc' dir='ltr'>αὐτόο</span> 
     </span>
    </p>
   </div>
   <div class='ocr_carea' id='block_1_122' title="bbox 2080 4824 3656 4898">
    <p class='ocr_par' dir='ltr' id='par_1_122' title="bbox 2080 4824 3656 4898">
     <span class='ocr_line' id='line_1_122' title="bbox 2080 4824 3656 4898; baseline 0.001 -19"><span class='ocrx_word' id='word_1_929' title='bbox 2080 4824 2342 4897; x_wconf 86' lang='grc' dir='ltr'>ἀργύριον</span> <span class='ocrx_word' id='word_1_930' title='bbox 2375 4824 2550 4895; x_wconf 88' lang='grc' dir='ltr'>λέγων</span> <span class='ocrx_word' id='word_1_931' title='bbox 2594 4826 2664 4880; x_wconf 83' lang='grc' dir='ltr'>τά</span> <span class='ocrx_word' id='word_1_932' title='bbox 2707 4825 2862 4896; x_wconf 90' lang='grc' dir='ltr'>λόγια</span> <span class='ocrx_word' id='word_1_933' title='bbox 2900 4826 2967 4880; x_wconf 86' lang='grc' dir='ltr'>τὰ</span> <span class='ocrx_word' id='word_1_934' title='bbox 3000 4828 3190 4898; x_wconf 83' lang='grc' dir='ltr'>τίμια,</span> <span class='ocrx_word' id='word_1_935' title='bbox 3239 4827 3566 4898; x_wconf 76' lang='grc' dir='ltr'>τραπεζίτας</span> <span class='ocrx_word' id='word_1_936' title='bbox 3597 4827 3656 4881; x_wconf 72' lang='grc' dir='ltr'><strong>δί</strong></span> 
     </span>
    </p>
   </div>
   <div class='ocr_carea' id='block_1_123' title="bbox 2081 4905 3651 4981">
    <p class='ocr_par' dir='ltr' id='par_1_123' title="bbox 2081 4905 3651 4981">
     <span class='ocr_line' id='line_1_123' title="bbox 2081 4905 3651 4981; baseline 0.001 -21"><span class='ocrx_word' id='word_1_937' title='bbox 2081 4908 2224 4978; x_wconf 80' lang='grc' dir='ltr'>ὑμᾶς</span> <span class='ocrx_word' id='word_1_938' title='bbox 2256 4905 2438 4961; x_wconf 88' lang='grc' dir='ltr'>καλῶν</span> <span class='ocrx_word' id='word_1_939' title='bbox 2483 4911 2608 4973; x_wconf 81' lang='grc' dir='ltr'>τοὺς</span> <span class='ocrx_word' id='word_1_940' title='bbox 2635 4909 3083 4981; x_wconf 88' lang='grc' dir='ltr'>ὑποδεχομένους.</span> <span class='ocrx_word' id='word_1_941' title='bbox 3112 4910 3211 4962; x_wconf 85' lang='grc' dir='ltr'>Σὺν</span> <span class='ocrx_word' id='word_1_942' title='bbox 3244 4910 3343 4980; x_wconf 88' lang='grc' dir='ltr'>μὲν</span> <span class='ocrx_word' id='word_1_943' title='bbox 3368 4905 3456 4980; x_wconf 76' lang='grc' dir='ltr'>ἦν,</span> <span class='ocrx_word' id='word_1_944' title='bbox 3493 4909 3651 4981; x_wconf 80' lang='grc' dir='ltr'>φησὶ,</span> 
     </span>
    </p>
   </div>
   <div class='ocr_carea' id='block_1_124' title="bbox 2080 4988 3655 5064">
    <p class='ocr_par' dir='ltr' id='par_1_124' title="bbox 2080 4988 3655 5064">
     <span class='ocr_line' id='line_1_124' title="bbox 2080 4988 3655 5064; baseline 0.001 -22"><span class='ocrx_word' id='word_1_945' title='bbox 2080 4988 2406 5043; x_wconf 82' lang='grc' dir='ltr'>καταϐαλεῖν</span> <span class='ocrx_word' id='word_1_946' title='bbox 2453 4992 2634 5062; x_wconf 91' lang='grc' dir='ltr'>μόνον,</span> <span class='ocrx_word' id='word_1_947' title='bbox 2689 4992 2821 5062; x_wconf 84' lang='grc' dir='ltr'>ἐμὸν</span> <span class='ocrx_word' id='word_1_948' title='bbox 2880 4992 2936 5047; x_wconf 85' lang='grc' dir='ltr'>δέ</span> <span class='ocrx_word' id='word_1_949' title='bbox 2992 4988 3062 5064; x_wconf 75' lang='grc' dir='ltr'>ἦν</span> <span class='ocrx_word' id='word_1_950' title='bbox 3122 4992 3183 5045; x_wconf 74' lang='grc' dir='ltr'>τὸ</span> <span class='ocrx_word' id='word_1_951' title='bbox 3236 4993 3368 5062; x_wconf 82' lang='grc' dir='ltr'>παρ’</span> <span class='ocrx_word' id='word_1_952' title='bbox 3428 4991 3655 5044; x_wconf 87' lang='grc' dir='ltr'>ἐκείνων</span> 
     </span>
    </p>
   </div>
   <div class='ocr_carea' id='block_1_125' title="bbox 2079 5072 3653 5148">
    <p class='ocr_par' dir='ltr' id='par_1_125' title="bbox 2079 5072 3653 5148">
     <span class='ocr_line' id='line_1_125' title="bbox 2079 5072 3653 5148; baseline 0.003 -22"><span class='ocrx_word' id='word_1_953' title='bbox 2079 5072 2415 5144; x_wconf 88' lang='grc' dir='ltr'>ἀπαιτῆσαι,</span> <span class='ocrx_word' id='word_1_954' title='bbox 2469 5075 2542 5147; x_wconf 82' lang='grc' dir='ltr'>μὴ</span> <span class='ocrx_word' id='word_1_955' title='bbox 2589 5075 2747 5147; x_wconf 84' lang='grc' dir='ltr'>μόνον</span> <span class='ocrx_word' id='word_1_956' title='bbox 2790 5076 2861 5130; x_wconf 85' lang='grc' dir='ltr'>τά</span> <span class='ocrx_word' id='word_1_957' title='bbox 2898 5076 3340 5148; x_wconf 86' lang='grc' dir='ltr'>καταϐληθέντα,</span> <span class='ocrx_word' id='word_1_958' title='bbox 3385 5073 3520 5129; x_wconf 89' lang='grc' dir='ltr'>ἀλλά</span> <span class='ocrx_word' id='word_1_959' title='bbox 3555 5075 3653 5130; x_wconf 78' lang='grc' dir='ltr'>καὶ</span> 
     </span>
    </p>
   </div>
   <div class='ocr_carea' id='block_1_126' title="bbox 2077 5155 3652 5231">
    <p class='ocr_par' dir='ltr' id='par_1_126' title="bbox 2077 5155 3652 5231">
     <span class='ocr_line' id='line_1_126' title="bbox 2077 5155 3652 5231; baseline 0.001 -23"><span class='ocrx_word' id='word_1_960' title='bbox 2077 5155 2169 5208; x_wconf 77' lang='grc' dir='ltr'>τὸν</span> <span class='ocrx_word' id='word_1_961' title='bbox 2222 5157 2360 5228; x_wconf 80' lang='grc' dir='ltr'>ὑπὲρ</span> <span class='ocrx_word' id='word_1_962' title='bbox 2407 5157 2613 5213; x_wconf 88' lang='grc' dir='ltr'>τούτων</span> <span class='ocrx_word' id='word_1_963' title='bbox 2663 5160 2838 5214; x_wconf 87' lang='grc' dir='ltr'>τόκον.</span> <span class='ocrx_word' id='word_1_964' title='bbox 2876 5159 3068 5231; x_wconf 81' lang='grc' dir='ltr'>Ὁρᾶτε</span> <span class='ocrx_word' id='word_1_965' title='bbox 3088 5197 3103 5224; x_wconf 88' lang='grc'>,</span> <span class='ocrx_word' id='word_1_966' title='bbox 3157 5158 3434 5228; x_wconf 73' lang='grc' dir='ltr'>ἀγαπητοὶ</span> <span class='ocrx_word' id='word_1_967' title='bbox 3460 5198 3475 5223; x_wconf 94' lang='grc'>,</span> <span class='ocrx_word' id='word_1_968' title='bbox 3530 5158 3652 5223; x_wconf 87' lang='grc' dir='ltr'>πῶς</span> 
     </span>
    </p>
   </div>
   <div class='ocr_carea' id='block_1_127' title="bbox 2079 5237 3654 5316">
    <p class='ocr_par' dir='ltr' id='par_1_127' title="bbox 2079 5237 3654 5316">
     <span class='ocr_line' id='line_1_127' title="bbox 2079 5237 3654 5316; baseline 0.002 -25"><span class='ocrx_word' id='word_1_969' title='bbox 2079 5239 2248 5304; x_wconf 79' lang='grc' dir='ltr'>πολὺς</span> <span class='ocrx_word' id='word_1_970' title='bbox 2291 5243 2320 5294; x_wconf 90' lang='lat'>6</span> <span class='ocrx_word' id='word_1_971' title='bbox 2365 5242 2527 5310; x_wconf 87' lang='grc' dir='ltr'>φόϐος</span> <span class='ocrx_word' id='word_1_972' title='bbox 2569 5243 2677 5298; x_wconf 88' lang='grc' dir='ltr'>τῶν</span> <span class='ocrx_word' id='word_1_973' title='bbox 2721 5244 3043 5316; x_wconf 83' lang='grc' dir='ltr'>εἰρημένων.</span> <span class='ocrx_word' id='word_1_974' title='bbox 3085 5241 3150 5297; x_wconf 92' lang='grc' dir='ltr'>Τί</span> <span class='ocrx_word' id='word_1_975' title='bbox 3197 5243 3263 5297; x_wconf 81' lang='grc' dir='ltr'>ἀν</span> <span class='ocrx_word' id='word_1_976' title='bbox 3307 5237 3400 5296; x_wconf 84' lang='grc' dir='ltr'>οὖν</span> <span class='ocrx_word' id='word_1_977' title='bbox 3445 5242 3654 5295; x_wconf 84' lang='grc' dir='ltr'>είποιεν</span> 
     </span>
    </p>
   </div>
   <div class='ocr_carea' id='block_1_128' title="bbox 2077 5323 3645 5397">
    <p class='ocr_par' dir='ltr' id='par_1_128' title="bbox 2077 5323 3645 5397">
     <span class='ocr_line' id='line_1_128' title="bbox 2077 5323 3645 5397; baseline 0.003 -23"><span class='ocrx_word' id='word_1_978' title='bbox 2077 5323 2130 5375; x_wconf 84' lang='grc' dir='ltr'>οί</span> <span class='ocrx_word' id='word_1_979' title='bbox 2160 5324 2256 5376; x_wconf 61' lang='grc' dir='ltr'>καὶ⁸</span> <span class='ocrx_word' id='word_1_980' title='bbox 2283 5323 2384 5394; x_wconf 89' lang='grc' dir='ltr'>τῆς</span> <span class='ocrx_word' id='word_1_981' title='bbox 2412 5325 2657 5397; x_wconf 76' lang='grc' dir='ltr'>φυλακῆς</span> <span class='ocrx_word' id='word_1_982' title='bbox 2684 5326 2794 5381; x_wconf 85' lang='grc' dir='ltr'>τῶν</span> <span class='ocrx_word' id='word_1_983' title='bbox 2816 5325 3261 5396; x_wconf 88' lang='grc' dir='ltr'>καταϐληθέντων</span> <span class='ocrx_word' id='word_1_984' title='bbox 3293 5324 3645 5396; x_wconf 81' lang='grc' dir='ltr'>ἀμελοῦντες,</span> 
     </span>
    </p>
   </div>
   <div class='ocr_carea' id='block_1_129' title="bbox 2075 5406 3506 5481">
    <p class='ocr_par' dir='ltr' id='par_1_129' title="bbox 2075 5406 3506 5481">
     <span class='ocr_line' id='line_1_129' title="bbox 2075 5406 3506 5481; baseline 0.003 -21"><span class='ocrx_word' id='word_1_985' title='bbox 2075 5406 2208 5460; x_wconf 75' lang='grc' dir='ltr'>ὅταν</span> <span class='ocrx_word' id='word_1_986' title='bbox 2246 5409 2340 5461; x_wconf 80' lang='grc' dir='ltr'>καὶ</span> <span class='ocrx_word' id='word_1_987' title='bbox 2362 5408 2455 5462; x_wconf 78' lang='grc' dir='ltr'>τὸν</span> <span class='ocrx_word' id='word_1_988' title='bbox 2481 5409 2624 5481; x_wconf 75' lang='grc' dir='ltr'>ὑπὲρ</span> <span class='ocrx_word' id='word_1_989' title='bbox 2653 5410 2857 5464; x_wconf 83' lang='grc' dir='ltr'>τούτων</span> <span class='ocrx_word' id='word_1_990' title='bbox 2889 5411 3045 5464; x_wconf 87' lang='grc' dir='ltr'>τόκον</span> <span class='ocrx_word' id='word_1_991' title='bbox 3071 5408 3467 5480; x_wconf 83' lang='grc' dir='ltr'>μεθοδεὺωνται</span> <span class='ocrx_word' id='word_1_992' title='bbox 3490 5425 3506 5475; x_wconf 90' lang='lat'><strong>;</strong></span> 
     </span>
    </p>
   </div>
   <div class='ocr_carea' id='block_1_130' title="bbox 2148 5490 3648 5565">
    <p class='ocr_par' dir='ltr' id='par_1_130' title="bbox 2148 5490 3648 5565">
     <span class='ocr_line' id='line_1_130' title="bbox 2148 5490 3648 5565; baseline 0.002 -21"><span class='ocrx_word' id='word_1_993' title='bbox 2148 5490 2258 5544; x_wconf 78' lang='grc' dir='ltr'>Καὶ</span> <span class='ocrx_word' id='word_1_994' title='bbox 2302 5491 2403 5562; x_wconf 87' lang='grc' dir='ltr'>δρα</span> <span class='ocrx_word' id='word_1_995' title='bbox 2441 5491 2851 5565; x_wconf 81' lang='grc' dir='ltr'>φιλανθρωπίαν</span> <span class='ocrx_word' id='word_1_996' title='bbox 2898 5495 3190 5551; x_wconf 85' lang='grc' dir='ltr'>Δεσπότου.</span> <span class='ocrx_word' id='word_1_997' title='bbox 3232 5495 3357 5549; x_wconf 73' lang='grc' dir='ltr'>Ἐπὶ</span> <span class='ocrx_word' id='word_1_998' title='bbox 3402 5495 3502 5563; x_wconf 80' lang='grc' dir='ltr'>μὲν</span> <span class='ocrx_word' id='word_1_999' title='bbox 3537 5493 3648 5547; x_wconf 80' lang='grc' dir='ltr'>τῶν</span> 
     </span>
    </p>
   </div>
   <div class='ocr_carea' id='block_1_131' title="bbox 2077 5574 3665 5649">
    <p class='ocr_par' dir='ltr' id='par_1_131' title="bbox 2077 5574 3665 5649">
     <span class='ocr_line' id='line_1_131' title="bbox 2077 5574 3665 5649; baseline 0.003 -23"><span class='ocrx_word' id='word_1_1000' title='bbox 2077 5574 2378 5644; x_wconf 79' lang='grc' dir='ltr'>χρημάτων</span> <span class='ocrx_word' id='word_1_1001' title='bbox 2405 5575 2514 5629; x_wconf 90' lang='grc' dir='ltr'>τῶν</span> <span class='ocrx_word' id='word_1_1002' title='bbox 2538 5577 2808 5647; x_wconf 84' lang='grc' dir='ltr'>αἰσθητῶν</span> <span class='ocrx_word' id='word_1_1003' title='bbox 2835 5579 3176 5649; x_wconf 86' lang='grc' dir='ltr'>ἀπηγόρευσε</span> <span class='ocrx_word' id='word_1_1004' title='bbox 3207 5577 3298 5632; x_wconf 79' lang='grc' dir='ltr'>τὸν</span> <span class='ocrx_word' id='word_1_1005' title='bbox 3325 5578 3482 5631; x_wconf 89' lang='grc' dir='ltr'>τόκον</span> <span class='ocrx_word' id='word_1_1006' title='bbox 3507 5577 3665 5648; x_wconf 89' lang='grc' dir='ltr'>λαμ-¹</span> 
     </span>
    </p>
   </div>
   <div class='ocr_carea' id='block_1_132' title="bbox 2077 5655 3646 5734">
    <p class='ocr_par' dir='ltr' id='par_1_132' title="bbox 2077 5655 3646 5734">
     <span class='ocr_line' id='line_1_132' title="bbox 2077 5655 3646 5734; baseline 0.004 -27"><span class='ocrx_word' id='word_1_1007' title='bbox 2077 5655 2284 5710; x_wconf 90' lang='grc' dir='ltr'>ϐάνειν.</span> <span class='ocrx_word' id='word_1_1008' title='bbox 2317 5657 2472 5720; x_wconf 90' lang='grc' dir='ltr'>Τίνος</span> <span class='ocrx_word' id='word_1_1009' title='bbox 2494 5660 2698 5723; x_wconf 67' lang='grc' dir='ltr'>ἕνεκεν,</span> <span class='ocrx_word' id='word_1_1010' title='bbox 2723 5662 2815 5714; x_wconf 73' lang='grc' dir='ltr'>καὶ</span> <span class='ocrx_word' id='word_1_1011' title='bbox 2837 5661 2923 5714; x_wconf 78' lang='grc' dir='ltr'>διὰ</span> <span class='ocrx_word' id='word_1_1012' title='bbox 2942 5663 2992 5715; x_wconf 90' lang='grc' dir='ltr'>τί</span> <span class='ocrx_word' id='word_1_1013' title='bbox 3013 5679 3028 5726; x_wconf 87' lang='lat'><strong>;</strong></span> <span class='ocrx_word' id='word_1_1014' title='bbox 3053 5663 3167 5715; x_wconf 80' lang='grc' dir='ltr'>Ὀτι</span> <span class='ocrx_word' id='word_1_1015' title='bbox 3189 5663 3446 5734; x_wconf 77' lang='grc' dir='ltr'>ἑκάτερος</span> <span class='ocrx_word' id='word_1_1016' title='bbox 3464 5661 3646 5715; x_wconf 87' lang='grc' dir='ltr'>αὑτῶν</span> 
     </span>
    </p>
   </div>
   <div class='ocr_carea' id='block_1_133' title="bbox 2078 5737 3649 5821">
    <p class='ocr_par' dir='ltr' id='par_1_133' title="bbox 2078 5737 3649 5821">
     <span class='ocr_line' id='line_1_133' title="bbox 2078 5737 3649 5821; baseline 0.003 -27"><span class='ocrx_word' id='word_1_1017' title='bbox 2078 5737 2273 5810; x_wconf 70' lang='grc' dir='ltr'>πιλλὴν</span> <span class='ocrx_word' id='word_1_1018' title='bbox 2313 5742 2559 5798; x_wconf 81' lang='grc' dir='ltr'>ἐντεῦθεν</span> <span class='ocrx_word' id='word_1_1019' title='bbox 2586 5745 2845 5816; x_wconf 76' lang='grc' dir='ltr'>ὑπομένει</span> <span class='ocrx_word' id='word_1_1020' title='bbox 2887 5745 2983 5818; x_wconf 71' lang='grc' dir='ltr'>τήν</span> <span class='ocrx_word' id='word_1_1021' title='bbox 3011 5746 3232 5821; x_wconf 75' lang='grc' dir='ltr'>βλάϐην.</span> <span class='ocrx_word' id='word_1_1022' title='bbox 3267 5749 3370 5802; x_wconf 81' lang='grc' dir='ltr'>Τοῦ</span> <span class='ocrx_word' id='word_1_1023' title='bbox 3414 5747 3511 5821; x_wconf 71' lang='grc' dir='ltr'>μὲν</span> <span class='ocrx_word' id='word_1_1024' title='bbox 3534 5745 3649 5817; x_wconf 71' lang='grc' dir='ltr'>γάρ</span> 
     </span>
    </p>
   </div>
  </div>
