4070 6194
333 169 434 223 377

337 295 560 352 uterque
589 297 778 356 magno
807 284 1003 343 damno
1026 287 1272 344 afficitur.
1302 291 1434 346 Nam
1461 294 1670 350 debitor
1693 296 1908 366 quidem

331 371 508 441 inopia
576 375 862 440 atteritur,
911 378 1146 435 creditor
1197 388 1374 436 autem
1420 399 1619 453 augens
1665 385 1913 454 divitias,

331 471 669 531 peccatorum
696 469 992 524 accumulat
1013 472 1110 526 sibi
1141 472 1556 529 multitudinem.
1588 476 1817 535 Proinde
1845 479 1915 535 ab

336 551 489 606 initio
517 553 643 607 olim
669 555 864 612 .loda-is
889 560 1239 615 crassioribus
1264 563 1366 617 tale
1395 563 1541 619 dedit
1567 577 1910 638 praeceptum,

326 642 551 697 dicens:
583 641 703 698 Non
735 649 1053 717 {mncraberis
1102 650 1251 720 fratri
1297 661 1384 706 tuo
1437 664 1484 708 et
1541 659 1773 725 proximo
1823 669 1912 712 tuo

327 732 513 797 (Deut.
546 735 637 790 25.
674 737 795 806 Ill).
828 739 940 808 Qua
984 739 1144 810 igitur
1171 742 1512 799 excusatione
1560 745 1704 816 digiti
1750 759 1910 806 erunt

326 825 414 891 qni
461 823 659 880 .ludmis
709 837 834 882 sunt
873 829 1294 900 inbumaniores,
1338 843 1394 890 et
1451 845 1571 907 post
1603 839 1825 907 gratiam
1855 849 1908 896 et

329 923 526 967 tantam
566 929 597 968 a
633 915 857 971 Domino
896 919 1271 991 benignitatem
1322 923 1663 981 inveniuntur
1713 927 1776 982 iis
1817 930 1906 1000 qui

325 1002 425 1054 sub
450 1004 563 1072 lege
592 1003 802 1061 fuerunt
833 1007 1128 1076 inferiores,
1172 1011 1279 1066 imo
1301 1014 1546 1082 pejores?
1577 1014 1632 1070 In
1654 1018 1904 1085 spiritua-

325 1091 461 1146 lihus
490 1094 630 1148 enim
675 1101 1022 1166 repetiturum
1066 1117 1126 1158 se
1165 1103 1420 1171 promittit
1450 1119 1657 1162 usuras.
1687 1107 1904 1175 Quare?

323 1180 456 1248 Quia
484 1187 753 1240 contrario
799 1204 1018 1256 prorsus
1064 1192 1222 1246 modo
1271 1205 1330 1248 se
1380 1193 1573 1250 habent
1612 1197 1901 1267 spiritualis

326 1288 505 1339 usura,
534 1285 588 1331 et
609 1280 894 1336 sensibilis.
937 1282 1047 1338 Illic
1091 1284 1232 1338 enim
1288 1285 1334 1339 is
1385 1300 1415 1340 a
1466 1301 1573 1357 quo
1614 1291 1901 1360 requiritur

321 1375 528 1431 severe,
582 1368 758 1423 subito
806 1371 858 1426 in
913 1382 1206 1429 extremam
1246 1376 1474 1446 inOpiam
1510 1379 1898 1439 defertur:hic

320 1463 496 1508 autem
528 1457 572 1511 is
599 1474 628 1512 a
654 1475 759 1529 quo
785 1463 1031 1533 exigitur,
1052 1467 1262 1536 quando
1292 1477 1497 1539 gratum
1523 1473 1758 1528 animum
1787 1490 1897 1544 pra:

320 1555 379 1593 se
431 1544 634 1613 tulerit,
674 1563 873 1618 quanto
922 1554 1174 1622 majorem
1223 1573 1436 1613 usuram
1483 1560 1700 1628 afferet,
1751 1573 1897 1620 tanto

321 1631 531 1701 largiori
583 1637 788 1694 fruetur
847 1643 1047 1699 erclesti
1101 1651 1549 1708 remuneratione.
1597 1655 1890 1722 Quocirca,

317 1721 515 1791 dilecti,
539 1742 660 1782 cum
687 1732 836 1786 vobis
863 1736 1166 1792 concredita
1194 1739 1723 1812 dinumeraverimus,
1745 1749 1894 1803 vobis

317 1819 672 1873 necessarium
703 1823 804 1876 crit
846 1824 1110 1894 duplicem
1140 1828 1331 1884 all'erre
1371 1831 1604 1888 laborem
1657 1845 1709 1889 et
1763 1837 1891 1907 vigi-

317 1903 554 1969 lantiam,
609 1915 718 1961 tum
764 1914 900 1979 quod
936 1914 1264 1971 dinumerata
1289 1921 1631 1976 costodienda
1654 1935 1798 1991 sunt,
1832 1938 1890 1982 ut

316 1991 418 2046 fixa
445 2007 693 2050 maneant
722 2016 736 2053 :
769 2010 880 2054 tum
910 2004 1049 2072 quod
1078 2009 1406 2074 operandum
1439 2022 1494 2064 ut
1519 2022 1571 2065 et
1594 2013 1712 2068 aliis
1735 2028 1887 2070 com-

314 2084 668 2154 municeutur,
700 2100 751 2144 ct
783 2093 977 2148 multos
1019 2097 1070 2150 in
1103 2097 1238 2152 viam
1281 2101 1485 2158 virtutis
1511 2104 1760 2161 inducant
1791 2125 1805 2162 :
1832 2119 1888 2165 ut

313 2172 552 2230 bifariam
580 2179 729 2234 vobis
755 2182 956 2238 lucrum
994 2200 1280 2254 accrescat,
1312 2200 1420 2247 tum
1461 2210 1554 2264 pro
1580 2197 1752 2254 salute
1785 2213 1882 2254 ve-

309 2271 442 2331 stra,
474 2275 582 2321 tum
617 2284 711 2338 pro
732 2272 955 2328 aliorum
988 2277 1229 2334 utilitate.
1261 2281 1410 2348 Quod
1436 2287 1479 2339 si
1506 2285 1605 2342 hoc
1632 2287 1880 2358 feceritis,

305 2361 359 2406 et
389 2368 486 2409 nos
512 2358 745 2416 reddetis
771 2362 952 2418 beatos
998 2385 1012 2422 :
1041 2366 1226 2424 Beatus
1244 2374 1394 2438 enim,
1430 2379 1616 2446 inquit.
1644 2381 1731 2448 qui
1760 2383 1881 2436 dicit

304 2443 356 2496 in
381 2462 527 2502 aures
565 2453 873 2508 audientium
933 2458 1132 2528 (Eccli.
1159 2464 1253 2519 25.
1314 2466 1412 2538 12)
1442 2443 1531 2524 :et
1577 2443 1776 2528 facietis
1825 2485 1881 2530 ut

307 2533 501 2605 largior
531 2540 681 2595 vobis
703 2543 816 2600 haec
844 2548 1130 2615 Spiritualis
1150 2533 1447 2624 apponatur
1485 2575 1688 2618 metna.
1721 2565 1881 2634 Igitur

302 2623 496 2682 fratres
521 2642 724 2687 vestros
746 2635 908 2692 nolite
934 2623 1417 2717 negligere,uequc
1445 2655 1616 2707 Solum
1643 2667 1878 2725 spectate

298 2730 418 2784 qua:
444 2719 509 2773 ad
537 2738 628 2777 vos
654 2726 878 2783 attinent
909 2749 921 2783 :
945 2735 1038 2786 sed
1066 2737 1348 2810 unicuique
1372 2757 1497 2797 cura
1519 2746 1586 2800 sit
1611 2751 1877 2818 quomodo

300 2811 597 2875 proximum
621 2830 775 2874 suum
813 2836 843 2874 e
887 2823 1082 2880 diaboli
1113 2827 1350 2886 faucibus
1371 2836 1578 2904 eripiat,
1610 2849 1663 2893 et
1687 2839 1756 2894 ab
1780 2841 1876 2894 im-

297 2899 394 2966 piis
418 2900 518 2956 illis
539 2911 852 2973 spectaculis
879 2912 928 2968 in
953 2917 1232 2974 ecclesiam
1255 2923 1504 2993 adducat,
1530 2934 1873 2988 monstrando

293 2990 341 3043 ei
376 2993 536 3046 multa
559 2995 774 3054 lenitate
801 3012 855 3056 et
898 3011 1302 3068 mansuetudine
1343 3023 1452 3072 tum
1490 2990 1681 3079 damni
1727 3029 1866 3096 quod

292 3079 435 3136 illinc
465 3084 564 3139 fert
591 3091 926 3161 gravitatem,
963 3107 1072 3153 tum
1104 3100 1364 3160 bonorum
1410 3126 1529 3180 qua:
1559 3114 1646 3171 hic
1672 3133 1860 3178 corce-

288 3169 488 3228 duntur
537 3181 1002 3248 magnitudinem:
1042 3199 1226 3247 etnon
1274 3169 1444 3254 solum
1497 3207 1664 3262 semel
1705 3219 1864 3282 atque

288 3259 478 3317 iterum
503 3265 604 3322 hoc
628 3269 802 3337 facite,
832 3276 925 3330 sed
958 3293 1187 3349 semper.
1211 3284 1341 3340 Nam
1371 3291 1472 3344 etsi
1503 3292 1661 3350 hodie
1687 3259 1863 3358 verbis

287 3351 392 3403 tuis
445 3368 549 3406 non
586 3357 936 3429 obtemperat,
995 3377 1177 3433 postea
1220 3372 1606 3443 obtemperabit
1661 3400 1672 3434 :
1719 3396 1773 3441 et
1814 3391 1860 3444 si

287 3455 456 3508 neque
480 3446 714 3502 secundo
740 3450 1044 3508 admoneMi
1093 3458 1478 3531 obtemperabit
1503 3507 1518 3533 ,
1552 3470 1744 3528 iterum
1778 3485 1858 3531 ta-

283 3545 403 3584 men
429 3541 478 3587 te
507 3535 688 3592 videns
711 3552 1006 3611 urgentem,
1032 3545 1167 3603 forte
1191 3553 1488 3619 erubescet,
1519 3571 1571 3615 et
1599 3568 1858 3625 reveritus

281 3629 423 3675 tuam
451 3639 654 3693 curam,
702 3645 732 3683 a
775 3635 1086 3701 perniciosis
1135 3639 1238 3696 illis
1266 3643 1569 3704 abstinebit.
1602 3653 1670 3709 Et
1696 3673 1855 3713 num-

277 3726 435 3778 quam
482 3717 664 3772 dicas:
691 3719 888 3786 Semel,
928 3735 981 3780 et
1016 3728 1240 3799 iterum,
1284 3745 1337 3790 et
1386 3741 1541 3796 tertio
1579 3753 1634 3800 et
1659 3749 1853 3818 saepius

275 3805 454 3856 utonui
476 3846 492 3870 ,
523 3817 578 3860 et
623 3810 752 3865 nihil
786 3815 1005 3880 profeci.
1061 3819 1138 3876 Ne
1178 3839 1396 3883 monere
1440 3831 1652 3892 desinas
1682 3856 1696 3895 :
1727 3805 1849 3898 nam

273 3902 470 3960 quanto
496 3899 661 3966 magis
691 3909 744 3954 tu
775 3914 1196 3972 perseveraveris
1214 3956 1228 3977 ,
1269 3925 1414 3973 tanto
1436 3926 1600 3994 magis
1629 3939 1679 3983 et
1703 3947 1846 3988 mer-

271 3997 360 4038 ces
391 3986 481 4040 tibi
529 4003 752 4047 crescet.
807 3994 922 4051 Non
972 4001 1162 4058 videtis
1211 4019 1405 4076 quanta
1433 3986 1668 4073 omnium
1709 4022 1846 4080 Deus

270 4087 368 4126 nos
398 4078 648 4144 patientia
672 4084 881 4154 tolerat,
911 4103 958 4144 et
990 4098 1507 4169 quomodoquotidie
1532 4111 1844 4182 negligimus

265 4165 632 4238 obtemperare
671 4176 785 4245 ejus
836 4183 1120 4252 mandatis,
1168 4197 1222 4242 et
1265 4206 1436 4262 neque
1475 4199 1553 4254 sic
1589 4214 1762 4259 cessat
1810 4223 1838 4260 a

263 4270 389 4311 cura
448 4274 649 4328 nostra,
683 4268 780 4321 sed
807 4273 984 4327 omnia
1037 4291 1128 4330 sua
1161 4285 1479 4351 suppeditat,
1509 4291 1675 4346 solem
1709 4297 1836 4353 oriri

260 4357 428 4416 curat,
457 4352 660 4419 pluvias
697 4361 961 4431 concedit,
986 4366 1194 4437 aliaque
1215 4375 1425 4430 omnia?
1457 4380 1624 4437 Simili
1677 4352 1837 4445 modo

257 4443 312 4489 et
344 4453 440 4492 nos
467 4455 589 4512 erga
619 4443 810 4504 fratres
838 4462 1048 4509 ttostros
1076 4458 1212 4515 bene
1255 4464 1452 4532 allecti,
1508 4487 1692 4543 magna
1721 4487 1832 4534 uta-

258 4541 376 4580 nmr
401 4528 695 4602 diligentia,
743 4550 795 4594 et
842 4543 1178 4604 obluctemur
1206 4554 1438 4624 maligno
1465 4560 1539 4615 illi
1577 4528 1827 4639 daemonii,

255 4623 311 4666 ut
336 4616 514 4675 irritos
550 4623 666 4694 ejus
706 4627 960 4690 faciamus
996 4651 1238 4697 conatus.
1283 4645 1412 4702 Nam
1444 4651 1488 4705 si
1517 4655 1708 4726 singuli
1736 4616 1825 4732 qui

255 4702 436 4732 ulla...
503 4725 603 4732 .-
822 4723 859 4732 .-

251 4702 461 4772 adsunt,
503 4725 661 4768 unum
704 4716 1012 4781 lucrifacere
1058 4743 1290 4799 possent,
1349 4740 1519 4808 cogita
1570 4702 1821 4814 Finani...

251 4791 400 4814 ..-.--
427 4795 438 4814 .
702 4807 735 4814 -,
806 4811 816 4814 _

251 4791 653 4856 nobishetitiam
701 4807 930 4867 Ecclesia
973 4791 1305 4879 multitudine
1350 4791 1820 4896 liorum'suorum

245 4887 545 4944 ostenderet
600 4909 619 4948 :
657 4905 712 4951 et
758 4901 1001 4962 diabolus
1045 4913 1479 4988 confunderetur,
1532 4927 1716 4984 videns
1763 4933 1819 4988 in

246 4987 436 5030 vanum
487 4989 540 5032 et
581 4982 774 5044 frustra
825 4999 1041 5052 extendi
1099 5017 1192 5058 sua
1239 5009 1390 5063 retia.
1436 4982 1586 5080 Quod
1632 5022 1675 5074 si
1717 5023 1819 5080 hoc

241 5061 494 5134 feceritis,
534 5075 758 5133 audietis
803 5093 856 5137 et
900 5101 996 5142 vos
1040 5089 1093 5144 in
1139 5092 1226 5149 die
1277 5097 1369 5153 illo
1419 5119 1434 5153 :
1475 5104 1637 5178 Euge,
1678 5129 1817 5169 serve

241 5153 361 5178 LM
410 5169 446 5178 __
479 5161 541 5178 ..
577 5165 606 5178 ..
686 5168 698 5178 .

235 5153 362 5208 bone
400 5169 446 5210 et
465 5161 652 5232 delis,
679 5168 730 5222 in
758 5188 920 5240 pauca
957 5181 1101 5250 fuisti
1146 5187 1332 5256 delis,
1370 5209 1527 5264 supra
1765 5216 1814 5262 te

231 5251 548 5307 constituam.

1305 179 1370 235 IN
1405 181 1558 238 CAP.
1604 183 1784 240 XVIII.
1826 185 2070 244 GENES.
2115 189 2340 250 IIOMII..
2375 197 2507 254 XLI.

3509 216 3613 274 378

2030 297 2156 359 hinc
2193 323 2351 376 spero
2395 326 2519 375 vos,
2551 313 2690 384 quod
2721 325 2952 376 vestrum
2983 319 3171 395 fuerit,
3200 326 3450 387 facturos.
3481 333 3615 390 --

2025 393 2148 450 inde
2179 395 2315 453 hanc
2357 399 2772 463 admonitionem
2812 409 2898 467 hic
2926 393 3171 472 finiamus
3203 435 3218 472 :
3250 433 3616 491 pr0ponamus

2023 493 2203 540 autem
2231 487 2383 545 vobis
2413 499 2626 550 tenuem
2667 510 2903 555 nostram
2932 517 2995 559 ac
3024 487 3312 578 pauperem
3341 527 3607 579 mensam,

2020 584 2076 630 ut
2094 572 2221 633 'cum
2242 580 2452 639 solitam
2480 591 2792 658 acceperitis
2811 572 3368 663 doctritiatn,-domum
3408 621 3609 663 conce-

2017 666 2175 723 datis.
2208 670 2398 742 Operaa
2419 678 2644 746 pretium
2670 683 2811 738 enim
2841 683 3000 742 fuerit
3026 699 3078 744 et
3101 690 3258 749 hodie
3287 695 3338 750 iu
3366 698 3600 754 medium

2015 759 2208 817 afferre
2237 767 2588 833 patriarcharn
2611 773 2898 844 Abraham,
2924 788 2981 833 ut
3009 782 3227 840 discatis
3254 799 3505 857 quantam
3527 792 3599 846 ab

2015 849 2369 921 hospitalitate
2407 862 2706 919 mercedem
2746 871 3026 940 acceperit.
3063 873 3085 928 1
3123 849 3309 945 (Caput
3354 879 3462 951 I8).
3489 881 3600 952 Ap-

2013 947 2182 1011 paruit
2209 947 2256 1000 ei
2277 958 2442 1004 atatem
2471 951 2637 1022 Dens,
2672 957 2874 1027 inquit,
2903 965 3042 1033 apud
3065 982 3302 1035 quercum
3344 947 3596 1041 Humbre,

2012 1035 2208 1090 sedente
2232 1039 2341 1109 ipso
2364 1042 2432 1095 ad
2446 1045 2664 1114 januam
2692 1049 2998 1107 tabernaculi
3018 1057 3100 1110 sui
3119 1060 3343 1114 meridie.
3371 1062 3590 1135 Singula

2011 1127 2168 1184 verba
2186 1129 2466 1202 diligenter
2479 1140 2828 1211 excutiamus,
2844 1153 2895 1200 et
2910 1156 3096 1216 aperto
3113 1149 3384 1222 thesauro,
3407 1171 3596 1214 omnes

2009 1219 2060 1274 in
2105 1236 2172 1276 eo
2206 1223 2430 1283 latentes
2473 1229 2682 1287 divitias
2727 1233 3015 1296 discamus.
3046 1239 3221 1308 Quare
3261 1245 3340 1300 sic
3369 1261 3596 1307 exorsus

2006 1322 2105 1376 est.
2137 1314 2386 1387 Apparuit
2414 1331 2582 1378 autem
2611 1325 2658 1379 ei
2677 1325 2854 1383 Deus?
2875 1329 3065 1400 Specta
3098 1333 3304 1390 Domini
3346 1337 3590 1411 benigni-

2007 1410 2189 1472 tatem,
2211 1415 2265 1462 et
2289 1410 2568 1467 considam
2595 1413 2772 1471 famuli
2795 1430 3002 1489 gratum
3023 1424 3280 1481 animum.
3300 1410 3586 1501 Postquam

2002 1493 2144 1547 enim
2170 1497 2412 1566 superius
2432 1505 2673 1572 apparuit
2701 1506 2774 1574 ei,
2796 1517 2850 1563 et
2871 1519 3064 1579 prmter
3084 1522 3276 1570 caetera
3302 1493 3460 1574 etiam
3489 1522 3590 1578 cir-

2000 1585 2339 1643 cumcisionis
2366 1592 2670 1649 mandatum
2708 1600 2960 1670 praecepit
2987 1619 3000 1654 :
3032 1603 3258 1660 eximius
3284 1619 3461 1664 autem
3484 1610 3584 1667 iste

2000 1675 2081 1730 vir
2109 1691 2322 1748 semper
2339 1697 2458 1751 qua:
2485 1699 2516 1739 a
2550 1685 2658 1741 Deo
2687 1700 2948 1762 prtecepta
2979 1706 3126 1750 erant
3150 1697 3434 1768 diligenter
3455 1717 3580 1772 per-

1998 1763 2155 1821 ficere
2179 1809 2194 1832 ,
2228 1769 2425 1838 rejecta
2468 1776 2612 1829 omni
2657 1793 2838 1846 mora,
2873 1784 3076 1838 curavit
3109 1795 3202 1841 :et
3239 1789 3582 1848 circumcisus

1995 1864 2076 1910 est
2126 1857 2265 1927 ipse,
2299 1860 2525 1931 impleas
2557 1867 2861 1924 mandatum
2895 1871 3018 1939 Dei,
3060 1885 3116 1930 et
3154 1876 3429 1936 Ismaelem
3471 1882 3580 1937 eir-

1993 1948 2265 2012 cumcidit,
2297 1961 2349 2004 et
2377 1957 2690 2012 vernaculos
2724 1975 2946 2030 omnes,
2974 1974 3030 2020 et
3056 1966 3107 2020 in
3149 1981 3353 2024 summa
3383 1974 3572 2030 miram

1991 2135 2072 2180 est
2098 2127 2354 2185 Dominus
2375 2143 2575 2200 noster,
2601 2146 2656 2192 ut
2684 2138 2727 2194 si
2757 2143 2970 2210 quando
3005 2146 3199 2203 viderit
3229 2165 3325 2206 nos
3354 2152 3404 2206 in
3434 2156 3577 2224 prio-

1991 2215 2136 2272 ribus
2160 2229 2360 2289 gratos,
2386 2229 2685 2285 accumulet
2710 2230 2964 2290 beneficia
2984 2278 3000 2304 ,
3030 2245 3085 2294 et
3110 2256 3395 2313 numquam
3422 2215 3450 2300 a
3477 2261 3574 2304 sua

1990 2305 2332 2368 beneficentia
2371 2315 2624 2387 desistat,
2661 2337 3008 2383 remunerans
3041 2329 3403 2391 obedientium
3444 2352 3572 2407 gra-

1988 2407 2097 2454 tum
2126 2400 2456 2474 obsequium.
2489 2407 2713 2480 Propter
2757 2413 2858 2469 hoc
2905 2418 3062 2488 igitur
3083 2462 3099 2486 ,
3143 2423 3266 2493 quia
3296 2400 3526 2483 obedi'vit
3550 2469 3568 2495 ,

1985 2490 2174 2547 iterum
2204 2498 2447 2565 apparuit
2471 2499 2540 2555 ei.
2568 2501 2678 2570 Qua
2705 2504 2773 2560 de
2797 2521 2955 2564 causa
2984 2511 3062 2567 sic
3090 2490 3246 2570 orsus
3270 2527 3353 2572 est
3381 2518 3569 2576 beatus

1983 2581 2157 2639 Moses
2184 2601 2198 2637 :
2226 2586 2477 2657 Apparuit
2507 2600 2674 2647 autent
2701 2597 2746 2648 ei
2787 2597 2922 2653 Deus
2954 2603 3094 2670 apud
3127 2621 3361 2674 quercum
3395 2608 3567 2662 Mam-

1982 2673 2085 2742 bre,
2117 2677 2319 2734 sedente
2340 2696 2398 2735 ea
2419 2684 2488 2736 ad
2491 2684 2708 2753 januam
2733 2689 3041 2746 tabernaculi
3068 2673 3148 2748 sui
3177 2699 3402 2754 meridie.
3423 2702 3564 2756 Con-

1979 2763 2152 2820 sidera
2175 2807 2190 2832 ,
2222 2783 2319 2824 oro
2341 2811 2357 2837 ,
2390 2770 2476 2826 hic
2502 2775 2751 2831 virtutem
2775 2779 2924 2847 justi.
2969 2780 3188 2839 Sedente
3210 2827 3224 2849 ,
3258 2787 3459 2859 inquit,
3492 2791 3562 2844 ad

1978 2857 2113 2925 [ores
2140 2857 2448 2916 tabernaculi
2491 2865 2590 2918 sui.
2627 2866 2925 2938 Tantoperc
2963 2873 3183 2929 curabat
3225 2857 3561 2948 hospitalita-

1977 2952 2104 3012 tem,
2138 2955 2196 3001 ut
2222 2949 2389 3005 nollet
2418 2952 2683 3024 hospitum
2715 2961 3051 3016 venationem
3076 2964 3306 3035 cuipiam
3334 2968 3559 3026 familia-

1972 3038 2108 3094 rium
2129 3043 2463 3101 committere
2487 3065 2501 3102 :
2546 3048 2640 3105 sed
2664 3035 2929 3109 trecentos
2944 3054 3127 3111 decem
3144 3067 3198 3114 et
3212 3069 3336 3116 octo
3355 3062 3559 3120 habens

1969 3133 2315 3202 vernaculos,
2357 3135 2517 3193 homo
2555 3155 2720 3198 senex
2774 3153 2829 3199 et
2868 3161 3009 3202 nunc
3057 3147 3342 3221 decrepitae
3385 3157 3559 3212 artatis

1972 3220 1992 3291 (
2013 3224 2356 3280 ccutenarius
2397 3227 2540 3282 enim
2577 3231 2762 3300 erat),
2795 3234 2934 3301 apud
2966 3235 3183 3304 januam
3223 3220 3460 3298 sedebat.
3488 3245 3555 3301 Et

1968 3309 2054 3364 hic
2081 3313 2294 3380 quidem
2335 3314 2437 3370 hoc
2462 3331 2672 3371 summo
2699 3322 2876 3376 studio
2900 3325 3153 3392 curabat,
3183 3339 3235 3383 et
3267 3347 3438 3401 neque
3465 3349 3553 3390 se-

1965 3409 2153 3455 nectus
2177 3401 2251 3455 illi
2277 3403 2553 3462 obstacnlo
2576 3419 2710 3475 erat,
2739 3426 2911 3482 neque
2934 3429 3045 3469 sua:
3071 3419 3262 3487 quietis
3288 3436 3437 3491 cura,
3455 3440 3551 3479 ne-

1963 3504 2066 3559 que
2106 3492 2246 3549 intus
2281 3509 2443 3566 super
2481 3499 2676 3556 lectum
2713 3505 3087 3574 recumbebat,
3117 3512 3211 3568 scd
3253 3515 3320 3569 ad
3349 3517 3545 3574 ostium

1959 3580 2180 3636 sedebat
2207 3600 2220 3637 :
2251 3584 2340 3639 alii
2364 3597 2542 3644 autem
2568 3605 2711 3662 saepe
2741 3609 2845 3650 non
2872 3598 3041 3654 solum
3074 3609 3278 3660 tantum
3307 3607 3539 3665 studium

1958 3684 2064 3724 non
2095 3672 2367 3743 adhibent,
2397 3680 2490 3734 sed
2531 3694 2586 3736 et
2612 3683 2764 3752 plane
2792 3685 3080 3756 diversum,
3109 3705 3164 3750 et
3191 3695 3378 3753 borum
3408 3714 3541 3755 con-

1948 4127 2140 4181 merito
2176 4129 2388 4199 quidem
2414 4151 2428 4188 :
2451 4137 2573 4206 quia
2601 4141 2742 4195 enim
2773 4145 2994 4215 sciebat,
3021 4163 3133 4217 eos,
3165 4153 3253 4222 qui
3291 4160 3530 4229 peregri-

1946 4228 2074 4271 nare
2116 4229 2376 4288 coguntur
2397 4264 2414 4289 ,
2444 4239 2511 4280 eo
2545 4231 2773 4286 maxime
2814 4241 3054 4306 tempore
3090 4241 3326 4313 indigere
3362 4228 3488 4303 cura
3509 4289 3528 4316 ,

1944 4315 2151 4379 tempus
2178 4309 2280 4366 hoc
2309 4313 2556 4372 idoneum
2579 4320 2827 4392 eligebat,
2855 4337 2911 4382 ct
2939 4329 3133 4387 sedens
3157 4309 3251 4390 eos
3274 4337 3363 4406 qui
3391 4309 3528 4409 pre;

1941 4399 2167 4455 terihant
2185 4404 2492 4474 venabatur,
2507 4411 2736 4480 quietem
2757 4414 2857 4471 sibi
2878 4417 3078 4476 ducens
3104 4399 3404 4485 ministrare
3424 4431 3528 4488 via-

1939 4489 2142 4545 toribus
2177 4510 2190 4546 :
2220 4502 2275 4548 et
2314 4510 2409 4550 eos
2432 4499 2519 4568 qui
2553 4501 2730 4559 calore
2755 4509 3066 4575 :estuabant,
3087 4517 3188 4570 sub
3215 4526 3408 4574 tectum
3435 4520 3524 4576 in-

1936 4580 2218 4637 troducere
2258 4587 2536 4656 Studebat,
2569 4605 2678 4646 non
2719 4596 2931 4654 curiose
2972 4603 3256 4671 explorans
3294 4621 3389 4662 eos
3427 4609 3521 4678 qui

1932 4673 2268 4739 przeteribanl
2291 4716 2309 4742 ,
2341 4693 2510 4748 neque
2540 4684 2817 4752 requirens
2843 4703 2910 4742 an
2943 4693 3049 4745 noti
3070 4734 3085 4760 ,
3120 4695 3202 4749 vel
3242 4698 3402 4766 ignoti
3432 4715 3519 4757 es.

1929 4770 2070 4814 sent.
2101 4761 2286 4833 Neque
2311 4768 2452 4821 enim
2495 4770 2864 4841 hospitalitatis
2893 4779 3052 4835 fuerit
3094 4761 3376 4856 diligenter
3399 4790 3516 4847 sin-

1925 4854 2043 4920 gula
2074 4857 2416 4924 perscrutari.
2443 4860 2542 4914 sed
2568 4865 2815 4921 omnibus
2844 4869 3160 4940 simpliciter
3186 4854 3337 4933 suam
3365 4896 3514 4938 com-

1925 4944 2194 4999 mttttiCare
2234 4945 2630 5021 benignitatem,
2649 4965 2702 5011 et
2730 4959 2846 5026 quia
2866 4960 3234 5033 hospitalitatis
3258 4985 3512 5044 sagenam

1921 5033 2278 5103 expanderat,
2320 5041 2515 5095 meruit
2559 5053 2613 5098 et
2655 5047 3024 5108 universorum
3056 5055 3340 5117 Dominum
3384 5079 3508 5122 cum

1923 5209 2299 5279 llospitalitatis
2324 5234 2388 5273 ne
2427 5222 2786 5283 obliviscamini
2813 5209 2850 5284 *
2861 5249 2951 5302 per
2977 5235 3109 5290 hanc
3138 5241 3271 5295 enim
3298 5209 3505 5313 quidam

1915 5302 2069 5355 nescii
2091 5345 2106 5369 ,
2135 5308 2340 5377 angelos
2366 5327 2662 5384 exceperunt
2688 5319 2904 5390 hospitio
2932 5325 2952 5397 (
2975 5325 3130 5384 Hebr.
3167 5333 3252 5387 15.
3277 5302 3335 5405 2)
3358 5351 3371 5386 :
3401 5351 3500 5408 pa-

1915 5395 2201 5454 triarcham
2244 5407 2463 5460 omnino
2511 5409 2804 5469 insinuans.
2831 5395 3003 5488 Atque
3027 5420 3096 5477 ob
3121 5421 3223 5480 hoc
3257 5395 3500 5486 Christus

1911 5487 2121 5544 dicebat
2151 5510 2164 5546 :
2199 5493 2300 5562 Qui
2335 5504 2608 5568 susceperit
2645 5521 2804 5561 unum
2830 5525 2893 5564 ex
2921 5487 3008 5568 bis
3036 5517 3290 5586 minimis,
3321 5521 3374 5575 in
3399 5539 3495 5578 na-

1914 5579 2046 5634 mine
2071 5598 2195 5654 meo,
2223 5602 2300 5641 me
2323 5591 2528 5656 suscipit
2556 5593 2765 5664 (Matth.
2803 5599 2888 5655 I8.
2915 5602 2992 5674 5).
3023 5579 3330 5677 Audiamus,
3354 5611 3492 5668 ditc-

299 5337 349 5392 3.
389 5340 650 5402 Cancrum
682 5351 818 5410 bona
846 5373 940 5430 spe
963 5379 1080 5422 sum
1111 5383 1204 5424 vos
1225 5370 1324 5428 hoc
1350 5375 1580 5435 facturos
1606 5399 1620 5436 :
1651 5386 1808 5444 video

225 5429 363 5483 enim
395 5435 568 5489 vultus
598 5452 822 5512 vestros,
852 5460 906 5505 et
935 5457 1291 5526 conjecturam
1319 5480 1472 5521 sumo
1493 5485 1588 5526 vos
1612 5475 1802 5533 adnuo-

220 5521 478 5580 nitionem
511 5543 744 5591 nostram
786 5556 973 5614 magna
1001 5550 1267 5622 voluptate
1296 5562 1566 5632 accepisse
1588 5606 1604 5633 ,
1639 5578 1802 5644 atque
