4084 6214
633 201 703 257 ’ἱεὶ
1339 193 1400 250 S.
1441 190 1658 250 ιοΑΝΝ
1663 189 1721 247 IS
1756 189 2169 247 οωιιγδοετοέ

2279 189 2594 247 ARCHIEP.
2637 189 3172 247 CONS'I'ANTINOP.

593 311 688 378 cti,
713 319 766 365 et
785 307 1016 378 hospitio
1034 304 1308 376 excepturi
1333 305 1350 336 ⁸
1382 316 1672 373 numquam
1690 315 2012 372 quaeramus,
2027 300 2180 368 Quis,

591 411 647 456 et
677 399 834 456 unde.
861 397 996 454 Nam
1032 395 1078 452 si
1105 392 1406 468 patriarcha
1443 393 1500 449 in
1526 391 1763 462 rogando
1791 391 1981 446 fuisset
2007 391 2184 445 curio-

591 507 720 560 sus,
749 490 886 546 forte
915 497 1208 560 peccasset.
1233 485 1340 542 Sed
1369 484 1604 548 sciebat,
1637 483 1812 552 inquis
1830 523 1847 550 ,
1887 482 2180 536 advenien-

593 585 725 637 tium
750 580 1082 651 dignitatem.
1107 575 1257 634 Unde
1300 579 1402 630 hoc
1431 575 1522 629 tibi
1557 574 1755 644 liquet?
1785 571 2061 641 Quomodo
2085 587 2180 624 au-

592 683 703 730 tem
729 675 772 728 si
803 673 874 727 ita
908 681 1072 738 esset,
1103 668 1440 725 admirationi
1470 667 1693 722 luisset?
1718 665 1899 735 Neque
1933 665 2077 721 enim
2105 664 2182 720 sic

589 765 904 820 admirabile
946 763 1174 818 fuisset.
1204 762 1248 818 si
1275 758 1616 830 suscipiendo
1646 757 1882 830 hospites
1919 756 2182 810 curiosius

590 858 927 926 explorasset
953 854 1042 924 qui
1072 861 1273 918 essent,
1303 852 1441 907 sicut
1471 865 1610 905 nunc
1635 863 1758 904 cum
1786 848 2037 919 ignorans
2065 848 2184 917 qni-

593 961 716 1000 uam
757 943 1106 1010 advenerint,
1142 950 1284 996 tanta
1329 940 1604 995 alacritate
1641 947 1696 994 et
1734 938 1938 993 honore
1978 937 2183 992 accedit

590 1035 743 1106 quasi
773 1016 960 1088 servus
1004 1033 1070 1088 ad
1113 1032 1392 1095 dominos,
1425 1029 1642 1100 suisque
1684 1029 1862 1083 verbis
1901 1042 2184 1098 propemo-

590 1127 716 1180 dum
742 1125 947 1180 vincula
979 1123 1177 1194 injicit,
1206 1133 1262 1178 et
1288 1122 1550 1191 supplicat
1579 1122 1656 1175 eis
1677 1161 1693 1186 ,
1723 1130 1777 1173 ut
1804 1135 1874 1174 ne
1915 1127 2137 1172 renuant
2158 1155 2178 1183 ,

593 1233 765 1289 neque
791 1232 850 1273 se
873 1216 1107 1271 maximo
1130 1215 1328 1270 damno
1360 1212 1614 1268 alliciant.
1635 1210 1849 1267 Sciebat
1876 1210 2021 1265 enim
2053 1208 2181 1279 quid

592 1308 824 1370 faceret;
862 1318 1075 1378 propter
1121 1305 1223 1362 hoc
1245 1320 1440 1374 mgna
1465 1319 1590 1359 cum
1618 1302 1808 1357 ardore
1837 1301 2064 1356 frttctum
2091 1315 2183 1355 co-

596 1400 804 1469 piosum
847 1397 1189 1469 percipiebat.
1222 1395 1328 1453 Sed
1368 1396 1648 1450 audiamus
1689 1393 1846 1449 verba
1901 1393 2179 1462 scriptoris

591 1491 645 1560 ip
677 1491 756 1543 ius
778 1529 795 1554 ,
828 1498 883 1544 ut
919 1489 1097 1542 videas
1127 1488 1178 1542 in
1220 1496 1456 1542 extrema
1495 1493 1709 1541 senecta
1749 1483 2041 1554 juvenilem
2069 1483 2181 1536 ala-

591 1583 854 1647 Ctitatctn,
896 1591 949 1635 et
984 1594 1168 1634 senem
1212 1579 1362 1649 quasi
1410 1576 1664 1648 juvenem
1707 1575 2095 1640 exsrdtantem,
2127 1582 2180 1628 et

600 1681 872 1740 putantem
899 1686 958 1726 se
1000 1672 1268 1726 invenisse
1302 1670 1613 1725 thesaurum
1653 1668 1967 1736 quemdam,
2001 1666 2177 1735 hospi-

592 1775 703 1816 tum
721 1777 910 1832 nempe
929 1762 1234 1816 adventum.
1252 1760 1308 1814 2.
1331 1760 1550 1814 Eleuatis
1571 1769 1756 1824 autem,
1782 1759 1970 1828 inquit,
1996 1759 2175 1824 oculis,

591 1854 732 1920 uidit,
754 1865 799 1907 et
814 1869 925 1906 ecce
945 1862 1046 1907 tres
1061 1852 1155 1906 viri
1170 1861 1407 1906 steterunt
1427 1867 1582 1921 supra
1607 1867 1721 1904 eum
1743 1865 1763 1904 :
1784 1861 1832 1903 et
1857 1860 1909 1903 ut
1936 1850 2075 1914 vidit,
2098 1866 2175 1902 oc-

587 1947 746 1999 currit
764 1947 815 1998 in
840 1961 1101 2000 occursum
1124 1945 1197 1998 eis
1220 1944 1282 1997 ab
1308 1945 1434 1998 ostio
1454 1939 1762 1996 tabernaculi
1785 1942 1884 1995 sui.
1899 1939 2096 2008 Currit,
2125 1951 2178 1996 et

587 2040 730 2093 Volat
755 2053 957 2094 senex:
989 2037 1120 2092 vidit
1156 2037 1299 2092 enim
1323 2034 1561 2108 praedam
1579 2050 1740 2104 quam
1761 2034 2052 2090 venabatur
2072 2076 2088 2098 ,
2123 2043 2177 2088 et

587 2129 729 2183 nulla
787 2127 1110 2184 inﬁrmitatis
1153 2141 1265 2184 sua:
1316 2127 1528 2182 ratione
1581 2125 1795 2189 habita,
1828 2125 1892 2179 ad
1937 2129 2176 2178 Venatio-

587 2234 710 2273 nem
738 2220 974 2274 cucurrit
1001 2235 1018 2275 :
1049 2234 1155 2274 non
1188 2217 1393 2273 vocavit
1423 2215 1669 2279 famulos,
1700 2231 1870 2286 neque
1897 2215 2175 2284 imperavit

586 2323 772 2377 puero,
805 2309 1038 2380 nihilque
1074 2308 1380 2364 rusticitatis
1422 2323 1594 2379 neque
1622 2307 1840 2362 desidiae
1866 2323 1974 2376 pra:
2002 2321 2062 2361 se
2094 2315 2175 2360 tu-

584 2402 666 2467 lit,
693 2401 785 2456 sed
807 2403 917 2471 ipse
939 2401 1207 2458 cucurrit:
1235 2400 1384 2472 quasi
1406 2400 1627 2464 diceret,
1653 2399 1869 2470 Magnus
1893 2399 2175 2453 thesaurus

583 2503 666 2546 est
686 2534 702 2556 .
732 2509 920 2564 magna
961 2495 1284 2564 negotiatio:
1317 2508 1410 2562 per
1444 2491 1817 2559 memetipsum
1857 2489 1994 2545 hanc
2027 2506 2171 2545 mer-

583 2598 705 2638 cem
739 2584 933 2639 inferre
960 2585 1152 2652 debeo,
1183 2601 1249 2640 ue
1273 2583 1514 2639 elabatnr
1540 2583 1669 2638 mihi
1704 2591 1906 2637 tantum
1939 2581 2168 2635 lucrum.

587 2675 650 2730 Et
678 2675 791 2732 hinc
833 2677 1056 2734 faciebat
1083 2680 1279 2748 justus,
1303 2677 1548 2733 homines
1574 2677 1832 2733 obscuros
1860 2686 1914 2732 et
1943 2677 2173 2734 viatores

581 2769 856 2839 suscipere
884 2785 943 2826 se
966 2771 1296 2826 existimans.

653 2859 706 2914 4.
736 2859 817 2912 Ad
845 2859 1233 2930 hospitalitatem
1259 2861 1505 2914 hortatur.
1539 2859 1740 2914 Laudat
1777 2859 2168 2930 hospitalitatem

585 2950 821 3012 Abrahae,
852 2950 992 3003 illam
1016 2951 1324 3004 amulationi
1346 2960 1531 3004 nostra:
1555 2967 1862 3020 proponens.
1891 2980 1962 2990 —
1993 2951 2171 3006 Disca-

589 3053 711 3092 mus
736 3047 790 3094 et
819 3053 937 3104 nos,
972 3053 1036 3094 ac
1064 3039 1337 3094 imitemur
1372 3039 1502 3110 jttsti
1533 3040 1803 3094 virtutem.
1837 3040 1969 3094 Nam
1994 3041 2037 3094 si
2067 3040 2170 3095 hoc

583 3127 897 3192 fecerimus,
923 3129 1214 3184 verisimile
1238 3137 1321 3185 est
1357 3139 1410 3184 et
1448 3145 1546 3184 nos
1588 3129 1874 3200 aliquando
1904 3131 2165 3199 ejusmodi

581 3219 759 3289 prteda
805 3219 1101 3290 petituros;
1134 3218 1241 3273 imo
1267 3234 1478 3289 semper
1515 3219 1880 3288 asseqnimnr,
1911 3220 1956 3274 si
1995 3229 2167 3275 atton-

575 3309 773 3366 dimus.
799 3310 881 3365 0b
907 3310 1054 3365 illam
1081 3310 1224 3365 enim
1253 3325 1470 3365 causam
1497 3309 1756 3380 benignus
1794 3311 2077 3376 Dominus,
2106 3319 2168 3367 ut

578 3417 648 3458 ne
676 3402 742 3456 ad
769 3401 927 3456 talem
955 3401 1338 3471 benignitatem
1361 3415 1552 3472 segnes
1580 3403 1767 3466 simus,
1792 3416 1965 3472 neque
1991 3403 2167 3457 curio-

574 3494 689 3549 sius
727 3507 823 3548 eos
851 3493 940 3563 qui
980 3492 1268 3547 adveniunt
1297 3502 1619 3557 scrutemur,
1649 3491 1818 3563 inquit
1847 3509 1861 3546 :
1893 3492 1992 3557 Qui
2017 3509 2161 3547 arce-

577 3584 706 3654 perit
734 3599 890 3636 unum
918 3598 980 3637 ea:
1017 3582 1095 3636 his
1131 3582 1352 3636 minimis
1394 3582 1446 3634 in
1477 3582 1676 3635 nomine
1712 3597 1841 3647 meo,
1871 3597 1949 3634 me
1982 3583 2165 3651 accipit

575 3673 800 3745 (Matth.
832 3675 918 3730 18.
947 3673 1024 3744 5).
1052 3674 1128 3729 Ne
1171 3674 1329 3743 igitur
1369 3673 1434 3728 ad
1478 3675 1734 3728 vilitatem
1791 3675 2161 3744 prtetereuntis

575 3773 807 3836 spectes,
839 3780 1010 3836 neque
1033 3781 1098 3821 ex
1131 3764 1196 3819 iis
1223 3781 1340 3835 quae
1364 3763 1510 3820 vides
1535 3764 1694 3819 vilem
1721 3777 1841 3818 esse
1867 3775 2035 3834 putes,
2065 3764 2159 3818 sed

575 3856 748 3926 cogita
803 3865 854 3911 te
917 3872 1012 3925 per
1053 3856 1286 3924 ipsum,
1338 3855 1621 3910 Dominum
1672 3865 1818 3909 tuum
1866 3856 2155 3926 suscipere.

574 3943 800 4012 Quando
827 3946 972 4001 enim
1006 3955 1223 4015 prepter
1249 3945 1364 4015 ejus
1403 3960 1596 4000 nomen
1626 3945 1980 4000 ministerium
2011 3957 2159 4002 tuum

573 4035 627 4090 in
657 4035 804 4091 illum
829 4035 1135 4092 exhibeat-is
1159 4078 1175 4102 ,
1207 4036 1508 4092 mercedem
1537 4036 1768 4106 accipies
1787 4077 1804 4101 ,
1844 4051 1908 4090 ac
1937 4037 1980 4091 si
2014 4037 2160 4092 illum

500 4119 549 4202 ’·,
572 4126 921 4193 suscepisses.
952 4127 1103 4191 Esto,
1127 4126 1196 4180 sit
1232 4125 1390 4181 deses
1418 4134 1470 4180 et
1502 4125 1898 4196 negligentioris
1921 4127 2043 4182 vita:
2069 4127 2158 4197 qui

537 4203 547 4216 ’
575 4226 663 4270 tua
695 4217 882 4273 lruitttr
926 4217 1249 4288 benignitate
1270 4260 1285 4284 ,
1316 4234 1420 4272 non
1461 4217 1531 4271 sit
1577 4219 1666 4272 tibi
1710 4218 1825 4289 ejus
1875 4220 1950 4274 rei
1981 4236 2108 4274 cura
2143 4239 2155 4274 :

574 4306 730 4374 plena
757 4308 900 4361 enim
924 4308 1014 4362 tibi
1037 4317 1094 4363 et
1120 4309 1354 4377 perlecta
1383 4323 1592 4362 merces
1616 4308 1850 4373 dabitur,
1877 4311 1928 4363 in
1953 4311 2157 4365 Domini

574 4394 835 4450 honorem
879 4395 978 4450 hoc
1017 4397 1261 4463 facienti,
1291 4396 1596 4452 etimitanti
1637 4399 1956 4467 patriarcha:
1999 4399 2161 4454 virtu-

580 4495 706 4540 tem.
743 4482 808 4538 Et
835 4495 887 4538 ut
915 4485 1055 4552 uidit,
1090 4487 1278 4558 inquit,
1321 4488 1538 4542 accurrit
1578 4488 1631 4542 in
1673 4504 1936 4542 occursum
1982 4490 2053 4544 eis
2098 4489 2159 4542 ab

571 4578 700 4631 ostio
721 4575 1045 4634 tabernaculi.
1073 4580 1214 4635 Bene
1242 4591 1296 4635 et
1326 4579 1428 4636 hoc
1465 4581 1714 4646 verbum,
1741 4581 1968 4634 Accurrit
1987 4622 2000 4643 ,
2025 4596 2159 4652 qua-

571 4667 713 4736 drat,
739 4680 795 4726 ut
811 4670 984 4728 discas
1001 4687 1093 4728 eos
1109 4675 1254 4743 quasi
1283 4673 1491 4743 ignotos
1513 4673 1850 4742 praeteriisse.
1870 4682 1921 4729 et
1938 4689 2044 4728 non
2065 4688 2159 4728 sua

573 4773 766 4829 sponte
794 4762 858 4815 ad
891 4762 1291 4818 tabernaculum
1317 4764 1549 4818 venisse.
1579 4763 1900 4834 Propterea,
1931 4780 1998 4819 ne
2029 4764 2155 4819 Sub-

577 4853 865 4922 terfugeret
887 4870 1009 4908 eum
1035 4855 1310 4925 spirituale
1349 4854 1451 4909 hoc
1481 4855 1720 4922 lucrum,
1743 4855 1832 4926 qui
1875 4864 2121 4911 senuerat
2141 4895 2157 4922 ,

573 4941 905 5009 incanuerat,
928 4954 984 5000 et
1007 4945 1346 5000 cetttenarius
1366 4956 1500 5012 erat,
1528 4946 1778 5008 accurrit,
1792 4955 1848 5000 et
1872 4961 2030 5001 cursu
2051 4945 2160 4999 ala-

570 5032 816 5089 critatem
828 5034 1076 5092 declarat.
1099 5037 1161 5091 Et
1179 5038 1492 5109 conspicatus
1503 5053 1606 5102 eos,
1627 5037 1818 5108 inquit,
1833 5037 2073 5091 adorabat
2085 5054 2162 5090 su-

580 5137 672 5192 per
685 5133 891 5191 terram,
913 5126 964 5182 3.
986 5135 1031 5182 et
1057 5127 1221 5182 dixit:
1246 5125 1482 5194 Domine,
1508 5127 1554 5180 si
1581 5127 1744 5180 inveni
1757 5127 1973 5197 gratiam
1992 5143 2162 5180 coram

569 5224 648 5280 te,
675 5231 738 5270 ne
756 5225 980 5272 transeas
1017 5234 1211 5273 seruum
1251 5229 1410 5272 tuum.
1438 5220 1492 5272 4.
1516 5216 1761 5272 Sumatur
1782 5234 1904 5272 sane
1929 5234 2082 5289 aqua,
2113 5227 2159 5272 et

570 5303 737 5359 lavent
785 5307 934 5374 pedes
962 5319 1150 5363 uestros
1167 5350 1182 5372 ,
1215 5318 1261 5362 et
1286 5307 1655 5379 refrigeramini
1692 5307 1784 5361 sub
1811 5306 2009 5370 arbore.
2036 5309 2089 5362 5.
2113 5317 2160 5361 et

557 5394 812 5464 accipiam
840 5415 1018 5467 panem
1038 5440 1053 5464 ,
1097 5409 1143 5455 et
1171 5398 1466 5466 comedetis,
1495 5405 1545 5454 et
1565 5399 1775 5470 posthac
1809 5399 2124 5469 prseteribitis
2143 5440 2156 5463 ,

565 5529 895 5640 deLuléitSaVil.
933 5540 984 5584 et
1006 5545 1210 5599 quatuor
1234 5541 1337 5586 ltus.
1363 5535 1440 5584 ha
1464 5547 1628 5584 voces.
1656 5534 1856 5595 hospitio
1877 5535 2123 5598 ca'cepttu'i
2142 5575 2155 5598 ,

3764 198 3858 253 380

2289 301 2434 370 cujus
2462 300 2627 370 gratia
2653 300 2940 355 declinastis
2958 302 3025 356 ad
3051 318 3248 356 servum
3273 313 3508 359 vestrum.
3547 305 3716 360 Verba
3743 308 3858 378 justi

2287 389 2528 444 sublimia
2559 389 2713 445 valde
2747 401 2888 446 sunt.
2915 391 3098 463 Neque
3129 402 3332 448 tantum
3372 395 3704 464 miraculum,
3730 401 3858 468 quod

2286 493 2382 533 eos
2409 479 2724 550 susceperit,
2755 491 3007 551 quantum
3051 483 3191 552 quod
3231 499 3350 538 cum
3390 493 3534 538 tanta
3561 487 3858 558 alacritate,

2285 577 2341 623 et
2359 569 2556 638 studio,
2584 580 2636 625 et
2666 587 2770 626 non
2793 582 2991 627 attenta
3015 582 3107 627 aut
3134 590 3248 636 sua,
3267 585 3360 629 aut
3382 591 3592 644 eorum,
3610 579 3695 649 qui
3713 579 3860 637 adve-

2286 671 2478 715 nerant
2501 703 2516 727 ,
2546 671 2702 718 tetate
2729 679 2747 715 :
2777 679 2898 717 nam
2947 665 3186 719 fortassis
3227 665 3544 724 videbantur
3581 670 3676 741 ipsi
3708 671 3857 742 juve-

2285 765 2420 817 nes;
2457 767 2629 822 neque
2665 753 2985 808 existimavit
3015 754 3265 811 suflicere
3303 767 3358 810 ut
3400 758 3577 813 verbis
3603 760 3863 819 dumtaxat

2284 841 2660 897 adhortaretur
2687 886 2702 910 ,
2735 845 3025 912 Adorabat,
3061 846 3248 915 inquit,
3291 865 3444 918 super
3465 859 3648 905 terram
3673 868 3693 908 :
3717 857 3855 924 quasi

2285 933 2586 1005 supplicans
2609 975 2626 1000 ,
2653 942 2709 988 et
2749 934 3017 989 efﬁcacem
3055 936 3478 993 exhortationem
3529 941 3767 1005 offerens.
3807 955 3859 1000 ut

2285 1039 2354 1079 ne
2379 1034 2656 1094 putaretur
2677 1027 3032 1098 perfunctorie
3058 1027 3350 1087 adhortari.
3372 1030 3435 1084 Et
3463 1030 3661 1085 ideirco
3686 1034 3855 1091 divina

2286 1114 2558 1185 Scriptura
2582 1127 2884 1172 monstrans
2911 1119 3062 1172 nobis
3083 1120 3210 1188 justi
3241 1121 3489 1176 virtutem
3521 1122 3850 1193 ineffabilem,

2283 1207 2484 1277 inquit.
2509 1207 2766 1262 Adorabat
2803 1225 2955 1278 super
2984 1219 3188 1273 terram,
3218 1219 3268 1264 et
3315 1212 3568 1282 gestibus,
3599 1223 3653 1267 et
3695 1217 3854 1271 verbis

2282 1313 2532 1367 magnum
2587 1297 2879 1365 fervorem,
2929 1300 3194 1369 egregiam
3251 1301 3412 1356 animi
3477 1301 3849 1373 humilitatem,

2283 1405 2544 1444 summam
2580 1391 2990 1460 Ιιοειιίιειιίιειιειιι
3035 1400 3087 1445 et
3118 1392 3430 1447 immensam
3457 1393 3849 1452 sollicitudinem

2279 1479 2605 1535 declarabat.
2639 1480 2850 1536 Etcum
2882 1482 3176 1544 adorasset.
3207 1486 3398 1555 inquit,
3425 1486 3552 1539 dixit
3581 1503 3600 1542 :
3627 1490 3848 1556 Domine,

2281 1572 2326 1626 si
2352 1574 2517 1626 inveni
2545 1573 2760 1642 gratiam
2788 1590 2960 1627 coram
2991 1584 3066 1638 te,
3093 1592 3156 1628 ne
3175 1588 3440 1644 prtetereas
3470 1595 3667 1632 servum
3701 1593 3847 1636 tuum.

2283 1664 2412 1730 Quis
2439 1680 2533 1734 pro
2561 1665 2818 1735 dignitate
2865 1665 3155 1720 laudaverit
3193 1666 3395 1736 jnstmn
3443 1668 3624 1722 hunc?
3651 1672 3727 1726 vel
3757 1690 3852 1742 quo

2285 1768 2437 1830 pacto
2479 1773 2599 1813 eum
2627 1759 2746 1828 quis
2773 1759 3066 1813 innumeris
3095 1759 3254 1813 etiam
3292 1760 3444 1814 labiis
3471 1763 3712 1831 pnedicet
3731 1764 3755 1818 ?
3775 1763 3851 1819 iii-

2283 1864 2408 1903 eere
2435 1849 2600 1913 enim,
2625 1846 2861 1912 Domine,
2896 1864 2999 1902 non
3029 1848 3222 1903 insoliti
3256 1858 3336 1904 est
3372 1866 3498 1904 usus
3522 1867 3538 1918 ;
3567 1851 3737 1908 dicere
3759 1870 3849 1909 au-

2281 1949 2409 2003 tem,
2439 1939 2500 1995 Si
2529 1941 2695 1994 inveni
2720 1942 2934 2012 gratiam
2964 1941 3014 1994 in
3059 1942 3219 1995 oculis
3252 1943 3369 2009 tuis,
3401 1941 3501 1999 hoc
3524 1955 3605 2000 est
3630 1945 3849 2000 adutira-

2281 2030 2406 2085 bile.
2439 2030 2783 2095 Benelicium,
2815 2032 3002 2102 inquit,
3034 2031 3152 2099 das,
3180 2048 3283 2086 non
3314 2035 3536 2104 accipis.
3565 2035 3695 2090 Vere
3719 2039 3852 2092 enim

2281 2122 2581 2192 hujusmodi
2629 2138 2715 2178 res
2765 2125 3095 2193 hospitalitas
3140 2134 3257 2193 est,
3309 2142 3410 2194 qua
3459 2129 3624 2198 magis
3674 2132 3855 2202 accipit

2279 2228 2436 2283 quam
2463 2213 2573 2279 dat,
2605 2214 2696 2283 qui
2741 2214 2884 2268 illam
2917 2225 3157 2285 prompte
3184 2226 3238 2271 et
3267 2217 3511 2272 alacriter
3540 2231 3764 2275 exercet.
3794 2226 3854 2276 At

2279 2320 2347 2359 ne
2372 2305 2491 2375 quis
2519 2306 2821 2360 auditorum
2859 2306 2987 2376 justi
3021 2309 3266 2362 virtutem
3298 2309 3565 2374 minuens,
3594 2311 3852 2368 existinu-t

2277 2411 2397 2450 eum
2424 2412 2648 2466 gnarum
2687 2397 2872 2466 quales
2901 2397 2974 2451 illi
3008 2399 3220 2464 fuerint,
3258 2401 3369 2454 lucc
3399 2401 3670 2471 loquutnm
3694 2419 3845 2460 esse:

2279 2501 2452 2556 neque
2475 2485 2639 2552 enim,
2660 2497 2716 2542 ut
2740 2503 2883 2557 sa-pe
2904 2487 3061 2542 etiam
3091 2490 3288 2544 dictum
3316 2499 3416 2554 est,
3438 2508 3683 2562 magnum
3705 2496 3849 2563 quid-

2275 2574 2397 2630 dam
2421 2577 2526 2631 tale
2543 2575 2747 2644 fuisset,
2780 2579 2823 2630 si
2855 2577 3032 2631 scicns
3058 2578 3276 2634 dixisset
3304 2596 3318 2645 ;
3347 2582 3442 2636 sed
3471 2583 3778 2639 admirabile
3800 2596 3850 2640 et

2275 2669 2592 2737 stupendum
2621 2681 2724 2736 est,
2749 2685 2869 2724 eum
2892 2672 3038 2740 quasi
3063 2670 3304 2728 homines
3329 2674 3707 2744 alloqucntem,
3731 2680 3848 2734 talia

2276 2759 2437 2813 verba
2470 2758 2632 2830 loqui.
2658 2759 2732 2813 Ne
2754 2760 3034 2815 admireris
3058 2765 3409 2834 antem.‘quod
3434 2781 3556 2820 cum
3582 2775 3687 2822 tres
3705 2783 3853 2824 exce-

2275 2852 2433 2920 perit,
2454 2850 2520 2904 ad
2551 2867 2709 2904 unum
2738 2867 2795 2905 se
2823 2863 3143 2908 convertert
3165 2856 3359 2923 justus,
3389 2856 3596 2926 dict-ns,
3624 2857 3849 2916 Domine.

2273 2941 2539 2997 Fortassis
2566 2943 2706 2998 enim
2751 2960 2884 2998 unus
2926 2944 3179 3000 iflustrior
3205 2948 3412 3003 cmteris
3438 2951 3760 3020 apparebat,
3787 2953 3848 3006 ad

2272 3048 2428 3103 quem
2472 3033 2895 3090 exhortationem
2948 3051 3096 3091 suam
3143 3041 3424 3093 convertit.
3445 3040 3644 3096 Deinde
3676 3053 3851 3099 autem

2272 3137 2394 3177 cum
2421 3124 2774 3193 progreditur,
2800 3141 3134 3182 communem
3165 3127 3289 3183 facit
3313 3144 3607 3186 sermonem
3631 3174 3645 3193 ,
3679 3143 3731 3186 et
3757 3135 3844 3188 in-

2270 3213 2382 3281 quit
2407 3232 2420 3265 :
2445 3213 2690 3268 Sumatur
2707 3232 2858 3285 aqua,
2884 3227 2931 3269 et
2952 3217 3116 3271 lavent
3145 3220 3294 3288 pedes
3319 3230 3493 3274 vestros
3511 3237 3527 3274 :
3548 3231 3603 3275 et
3632 3223 3851 3291 iterum,

2270 3305 2661 3377 Refrigeramini
2683 3310 2775 3362 sub
2799 3307 2996 3376 arbore,
3017 3320 3062 3364 et
3089 3312 3355 3366 comedetis
3380 3330 3578 3382 partem,
3602 3325 3645 3368 et
3678 3326 3853 3384 postea

2270 3397 2565 3464 transibitis,
2600 3398 2745 3469 cujus
2771 3400 2936 3471 gratia
2961 3399 3250 3455 declinastis
3274 3403 3340 3456 ad
3365 3419 3572 3474 puerum
3607 3417 3852 3460 oestrum.

2269 3487 2432 3543 Vides
2472 3489 2741 3560 quomodo
2781 3490 3030 3560 ignorans
3065 3493 3154 3563 qui
3193 3494 3296 3548 sint
3320 3536 3338 3560 ,
3365 3496 3514 3558 quasi
3555 3495 3857 3553 hominibus

2269 3578 2490 3649 loquens
2519 3581 2934 3647 transeuntibus,
2967 3581 3035 3636 ita
3066 3585 3331 3638 communi
3359 3585 3730 3641 exhortatione
3753 3592 3853 3642 uti-

2268 3679 2374 3736 tur,
2417 3671 2581 3726 semel
2626 3680 2785 3743 atque
2818 3674 3007 3728 iterum
3050 3690 3259 3729 servum
3289 3693 3349 3732 se
3378 3679 3616 3733 vocans?
3641 3682 3702 3733 lLt
3735 3680 3854 3734 vide

2265 3760 2534 3829 quomodo
2586 3761 2824 3830 praedicit
2869 3771 2922 3818 et
2964 3780 3164 3820 tuensm
3207 3781 3315 3820 sua:
3364 3770 3674 3823 tenuitatem
3705 3811 3720 3834 ,
3748 3771 3853 3823 itno

2265 3851 2512 3906 lautitias.
2558 3852 2832 3921 Sumatur,
2866 3856 3066 3926 inquit,
3109 3875 3270 3928 aqua,
3303 3868 3348 3912 ct
3377 3861 3543 3914 lavent
3584 3864 3734 3932 pedes
3778 3879 3861 3916 ee-

2263 3954 2394 3997 stros
2416 3987 2431 4010 ,
2475 3955 2520 3999 et
2564 3947 2929 4018 refrigeramiui
2969 3952 3060 4003 sub
3098 3951 3292 4006 arbore.
3322 3953 3458 4022 Quia
3487 3957 3630 4010 enim
3659 3957 3857 4028 fatigati

2263 4038 2414 4102 estis,
2438 4047 2490 4092 et
2515 4039 2736 4093 multum
2768 4041 2958 4095 tulistis
2978 4051 3188 4108 a'stnm,
3212 4045 3334 4100 ideo
3359 4062 3458 4101 oro
3474 4064 3542 4103 ne
3568 4059 3862 4118 puluerea-

2269 4129 2335 4182 tis
2364 4145 2576 4184 servum
2607 4142 2864 4186 vestrum.
2892 4133 3026 4188 Num
3056 4136 3196 4190 enim
3223 4153 3472 4209 magnum
3500 4141 3754 4210 quiddam
3777 4153 3864 4197 est

2266 4218 2317 4274 id
2343 4220 2482 4290 quod
2517 4235 2618 4290 ego
2655 4223 2928 4277 exhibeo?
2965 4225 3167 4296 Aquam
3205 4229 3351 4282 vobis
3384 4231 3560 4286 solum
3602 4245 3864 4302 praestare

2265 4325 2502 4380 possmn,
2535 4328 2638 4382 qua
2676 4313 2797 4367 lotis
2835 4315 3058 4384 pedibus
3086 4317 3276 4372 vestris
3303 4317 3403 4372 sub
3429 4319 3625 4376 arbore
3663 4321 3864 4392 fatiga-

2266 4400 2462 4456 tionem
2495 4403 2792 4471 deponatis.
2827 4403 3047 4475 Insuper
3089 4415 3144 4462 et
3182 4422 3381 4464 mensa:
3421 4408 3550 4466 dicit
3589 4412 3868 4480 speciem.

2263 4490 2340 4546 Ne
2367 4491 2590 4560 putetis,
2622 4494 2784 4564 inquit
2811 4537 2825 4561 ,
2851 4511 2937 4551 me
2961 4496 3240 4567 splendida
3269 4499 3416 4555 vobis
3441 4502 3825 4569 appositurum
3849 4545 3871 4567 ,

2265 4582 2347 4636 vel
2367 4583 2826 4639 candimentorum
2851 4586 3234 4654 diversitatem,
3263 4590 3344 4645 vel
3370 4589 3712 4658 epsoniorum
3760 4607 3879 4644 va-

2265 4673 2503 4727 rietatem
2538 4690 2550 4725 :
2584 4689 2771 4742 panem
2808 4677 3118 4744 comedetis,
3147 4692 3202 4736 et
3241 4682 3319 4737 sic
3343 4678 3636 4735 Transibitis
3657 4722 3674 4748 ,
3704 4684 3885 4752 cujus

2265 4767 2430 4836 gratia
2449 4768 2736 4822 decliuastis
2756 4769 2824 4822 ad
2850 4785 3048 4824 seruum
3079 4781 3313 4827 uestrum.

2337 4857 2389 4912 5.
2437 4857 2620 4912 Vidisti
2649 4860 2917 4928 quomodo
2962 4863 3121 4916 variis
3163 4863 3334 4918 utitur
3376 4863 3570 4929 modis,
3602 4864 3885 4933 precibus

2266 4950 2479 5005 vincere
2505 4959 2903 5020 prmtereuntcs,
2931 4963 2986 5007 et
3009 4954 3267 5024 gestibus,
3292 4963 3348 5010 et
3371 4955 3566 5019 verbis,
3591 4965 3647 5010 et
3667 4958 3890 5025 quavis

2267 5041 2473 5096 ratione
2505 5039 2774 5098 attrahere
2804 5057 2899 5097 eos
2927 5043 3145 5098 volens?
3171 5044 3409 5102 Primum
3453 5045 3618 5114 enim,
3661 5046 3888 5116 inquit,

2265 5131 2525 5198 adoravit,
2553 5131 2747 5188 deinde
2767 5133 3014 5190 dominos
3038 5145 3213 5201 vocat,
3236 5147 3289 5192 et
3307 5153 3368 5193 se
3398 5138 3570 5208 ipsum
3600 5153 3889 5202 semini;

2267 5230 2449 5292 postea
2479 5223 2606 5277 dicit
2628 5239 2746 5293 qum
2789 5224 2892 5278 illis
2917 5225 3251 5280 exhibiturus
3289 5227 3378 5292 sit,
3425 5239 3736 5282 extenuans
3785 5245 3892 5282 res

2264 5321 2322 5368 et
2347 5312 2496 5368 nihili
2516 5327 2635 5369 esse
2656 5312 2978 5384 significans.
3001 5316 3088 5370 Ait
3108 5316 3274 5382 enim,
3299 5318 3505 5387 Aquam
3527 5318 3663 5372 hanc
3689 5320 3898 5373 οιιιιιὶο

2266 5403 2366 5460 bus
2389 5405 2685 5474 expositam
2723 5404 2894 5461 habeo
2921 5405 2986 5460 ad
3028 5405 3281 5463 lavandos
3322 5407 3506 5478 pedes,
3538 5417 3592 5464 et
3631 5422 3897 5478 panem,

2233 5485 2243 5531 ἶ
2266 5505 2321 5552 et
2341 5505 2538 5551 tectum
2565 5496 2632 5551 ab
2659 5497 2870 5551 arbore.
2898 5497 2974 5553 Nc
3001 5499 3380 5569 parvifeceritis
3400 5515 3579 5556 meum
3614 5500 3904 5555 taberna-

2268 5589 2466 5656 culum,
2518 5601 2583 5645 ne
2612 5588 2962 5660 despexeritis
3005 5600 3353 5660 senectutem,
3396 5608 3463 5648 ne
3504 5593 3763 5647 renuatis
3818 5592 3903 5646 ad
