4070 6194
362 193 434 254 79
1426 205 1490 261 IN
1530 206 1681 264 CAP.
1719 203 1882 262 XVIII
1919 205 1961 259 G

2070 202 2163 258 ES.
2201 204 2433 266 IIOMIL.
2475 213 2610 269 xu.
3601 189 3744 284 ~asc.

335 316 432 370 ἐπὶ
464 313 546 381 τῷ
594 315 836 387 ὀνόματί
857 336 997 388 μου,
1034 320 1137 390 ἐμὲ
1180 320 1432 390 δέχεται.
1474 322 1803 392 Ἀκούωμεν,
1852 322 1992 388 ἀγα-

335 403 518 473 πητοὶ,
569 404 662 456 καὶ
701 403 924 470 ξενίζειν
975 407 1258 477 μέλλοντες
1298 408 1563 479 μηδέποτε
1623 406 1995 480 περιεργαζώ-

336 492 473 561 μεθα
500 504 548 556 ε,
579 492 681 557 τίς,
724 494 818 547 καὶ
861 495 1044 550 πόθεν.
1080 497 1140 549 Εἰ
1172 497 1280 570 γὰρ
1313 497 1470 551 τοῦτο
1500 498 1922 570 περιειργάσατο
1964 499 1991 550 6

333 579 696 651 πατριάρχης,
739 581 869 643 ίσως
893 581 957 636 ἂν
989 583 1302 655 διήμαρτεν.
1340 586 1476 638 Ἀλλ’
1504 586 1666 654 ἔγνω,
1701 586 1854 657 φησὶ,
1887 585 1994 639 τῶν

332 668 786 738 παραγενομένων
838 668 936 740 τὴν
985 669 1159 736 ἀξίαν.
1209 672 1380 725 Πόθεν
1426 672 1614 743 δῆλον;
1649 673 1773 736 Πῶς
1821 673 1879 726 δὲ
1925 673 1992 725 ἂν

330 752 488 806 τοῦτο
532 754 699 808 ποιῶν
741 755 1094 828 ἐθαυμάσθη;
1129 759 1202 810 Οὐ
1247 758 1356 829 γὰρ
1383 757 1524 812 οὕτω
1569 758 1878 830 θαυμαστὸν
1923 755 1992 830 ἦν

329 841 390 893 :6
422 841 522 911 τῆς
557 841 860 911 φιλοξενίας
903 843 1066 897 αὐτοῦ
1095 845 1621 917 περιεργασαμένου,
1650 845 1726 910 ὡς
1761 848 1875 912 νῦν,
1903 847 1991 900 ὅτε

328 928 537 996 ἀγνοῶν
567 929 710 993 τίνες
737 931 786 982 οί
825 931 1274 1002 παραγενόμενοι,
1312 933 1450 1002 μετὰ
1479 932 1747 1002 τοσαύτης
1791 935 1991 1006 προθυ-

331 1014 462 1084 μίας
508 1013 605 1068 καὶ
631 1016 795 1086 τιμῆς
835 1018 1099 1088 πρόσεισι,
1130 1019 1381 1090 καθάπερ
1411 1019 1626 1091 οἰκέτης
1674 1022 1985 1087 δεσπόταις,

331 1101 609 1171 μονονουχὶ
647 1102 820 1172 δεσμά
854 1104 940 1156 διὰ
991 1105 1099 1158 τῶν
1151 1104 1322 1173 λόγων
1371 1106 1552 1169 αὐτοῖς
1615 1107 1979 1178 περιϐάλλων,

327 1188 422 1240 καὶ
459 1188 666 1242 ἱκεσίαν
698 1190 833 1260 πρὸς
865 1190 1058 1254 αὐτοὺς
1094 1191 1429 1262 ποιούμενος,
1475 1191 1615 1246 ὥστε
1657 1194 1731 1264 μὴ
1761 1195 1986 1248 ἀνανεῦ-

328 1287 450 1340 σαι,
496 1275 628 1346 μηδὲ
683 1274 853 1347 ζημίᾳ
901 1280 966 1348 τῇ
1009 1279 1240 1352 μεγίστῃ
1293 1280 1627 1349 περιϐαλεῖν.
1664 1282 1819 1352 ’ᾙδει
1876 1283 1984 1350 γάρ

325 1357 513 1434 ὥσπερ
559 1363 819 1435 ἔπραττε·
868 1364 955 1418 διὰ
998 1365 1153 1418 τοῦτο
1194 1366 1287 1420 καὶ
1331 1367 1470 1437 μετὰ
1527 1368 1727 1438 πολλῆς
1789 1369 1986 1440 θερμό-

323 1463 483 1520 τητος
519 1447 617 1520 τὴν
651 1449 896 1505 ἐντεῦθεν
938 1451 1240 1523 ἐκαρποῦτο
1281 1453 1616 1524 περιουσίαν.
1662 1454 1801 1507 Ἀλλ’
1831 1455 1987 1508 ἀκού-

325 1552 506 1606 σωμεν
535 1536 696 1590 αὐτοῦ
724 1536 818 1590 τοῦ
861 1538 1218 1609 συγγραφέως
1245 1539 1352 1592 τῶν
1398 1541 1678 1612 ῥημάτων,
1723 1540 1872 1613 [416]
1918 1542 1983 1594 ἵν’

323 1622 469 1691 εἰδῇς
492 1622 520 1662 δ
540 1623 598 1674 ἐν
625 1622 906 1694 βαθυτάτῳ
935 1625 1082 1694 γήρᾳ
1101 1625 1394 1688 νεάζουσαν
1419 1625 1747 1697 προθυμίαν,
1773 1627 1866 1680 καὶ
1892 1627 1984 1680 τὸν

321 1707 547 1778 γέροντα
596 1708 871 1776 νεάζοντα,
903 1710 997 1762 καὶ
1041 1712 1320 1782 μονονουχὶ
1371 1714 1642 1784 περιχαρῆ
1675 1713 1980 1782 γινόμενον,

319 1794 412 1846 καὶ
443 1793 730 1864 νομίζοντα
759 1795 1029 1867 θησαυρὸν
1062 1798 1355 1869 εὑρηκέναι
1385 1799 1494 1853 τῶν
1525 1799 1982 1870 παραγενομένων

317 1880 416 1950 τὴν
453 1882 774 1950 παρουσίαν.
812 1883 1175 1953 Ἀναϐλέψας
1197 1885 1285 1950 δὲ,
1317 1887 1471 1957 φησὶ,
1502 1887 1626 1953 τοῖς
1654 1887 1982 1956 ὀφθαλμοῖς

319 1962 462 2032 εἶδε,
497 1968 595 2021 καὶ
629 1968 757 2021 ἰδοὺ
795 1969 948 2036 τρεῖς
979 1970 1194 2038 ἄνδρες
1233 1972 1401 2038 εἱστή
1412 1987 1618 2026 κεισαν
1642 1973 1841 2026 ἐπάνω
1878 1976 1981 2029 αὑ-

319 2053 445 2117 τοῦ,
476 2052 576 2107 καὶ
619 2053 759 2108 ἰδὼν
799 2055 1210 2124 προσέδραμεν
1241 2060 1328 2123 είς
1370 2058 1749 2126 συνάντησιν
1779 2060 1982 2126 αὐτοῖς

317 2139 437 2195 άπὸ
473 2140 583 2210 τῆς
617 2142 800 2210 θύρας
829 2141 938 2211 τῆς
965 2143 1203 2212 σκηνῆς
1231 2144 1437 2199 αὐτοῦ.
1469 2145 1662 2217 Τρέχει
1703 2147 1796 2200 καὶ
1826 2148 1980 2201 ἵπταο

316 2243 406 2282 ται
433 2230 462 2282 6
488 2229 666 2300 γέρων
685 2244 697 2259 ⁸
731 2225 838 2283 εῐδε
872 2230 981 2302 γὰρ
1006 2231 1103 2302 τὴν
1134 2231 1326 2304 θήραν,
1362 2232 1455 2287 καὶ
1481 2233 1667 2287 οὐδένα
1694 2234 1791 2305 τῆς
1822 2234 1980 2288 ἀσθε-

316 2314 463 2379 νείας
498 2314 654 2384 λόγον
699 2317 1082 2388 ποιησάμενος,
1127 2320 1218 2373 ἐπὶ
1247 2320 1344 2391 τὴν
1392 2320 1568 2392 ἄγραν
1616 2321 1836 2391 ἔδραμε,
1882 2323 1979 2376 καὶ

314 2403 414 2456 οὐκ
441 2403 696 2457 ἐκάλεσεν
733 2405 964 2472 οίκέτας,
1006 2408 1106 2460 οὑκ
1147 2407 1376 2474 ἐπέταξε
1411 2409 1580 2472 παιδὶ,
1615 2409 1767 2462 οὐδὲν
1810 2408 1976 2480 ῥᾴθυ-

317 2505 415 2560 μον
446 2491 775 2558 ἐπεδείξατο,
807 2493 942 2547 ἀλλὰ
969 2494 1035 2548 δι’
1071 2493 1265 2547 ἐαυτοῦ
1295 2495 1518 2566 έδραμε,
1566 2496 1848 2566 μονονουχὶ
1890 2496 1977 2549 λέ-

312 2591 451 2644 γων’
489 2578 662 2648 μέγας
700 2579 986 2651 θησαυρὸς,
1023 2582 1231 2653 μεγάλη
1267 2582 1645 2654 πραγματεία·
1685 2583 1751 2636 δι’
1781 2582 1973 2637 ἑαυτοῦ

310 2663 513 2735 ταύτην
555 2665 750 2734 ὀφείλω
806 2667 1265 2738 ἐμπορεύσασθαι,
1315 2669 1390 2741 μὴ
1431 2669 1761 2742 παραδράμῃ
1811 2689 1879 2741 με
1911 2670 1972 2724 τὸ

309 2753 531 2806 τοσοῦτο
573 2753 780 2825 κέρδος.
811 2754 920 2808 Καὶ
947 2755 1116 2809 ταῦτα
1145 2756 1313 2810 ἐποίει
1344 2758 1372 2810 6
1399 2757 1624 2823 δίκαιος,
1652 2758 1972 2830 ἀνθρώπους

307 2839 563 2907 ἀγνῶτας
589 2840 767 2904 ὁδίτας
801 2841 1035 2912 νομίζων
1062 2843 1434 2914 ὑποδέχεσθαι.

377 2926 438 2978 δ’.
460 2926 758 2996 Μάθωμεν,
789 2927 882 2982 καὶ
912 2928 1241 3001 ζηλὼσωμεν
1274 2931 1367 2984 τοῦ
1393 2931 1602 2989 δικαίου
1623 2931 1719 3003 τὴν
1744 2932 1964 3004 ἀρετήν.

319 3010 444 3065 Ἐὰν
470 3011 577 3084 γάρ
607 3012 749 3067 οὕτω
785 3014 1048 3086 ποιῶμεν,
1081 3017 1228 3080 είκὸς
1270 3019 1364 3072 καὶ
1409 3020 1554 3088 ἡμᾶς
1600 3036 1730 3073 ποτε
1777 3022 1966 3072 ἐπιτυο
2003 3081 2012 3090 υ

304 3103 420 3169 χεῖν
444 3100 702 3170 τοιαύτης
729 3102 902 3173 θήρας
921 3119 934 3134 ·
971 3103 1169 3174 μᾶλλον
1195 3105 1251 3158 δὲ
1278 3106 1369 3158 καὶ
1395 3106 1481 3158 ἀεὶ
1513 3107 1964 3178 ἐπιτυγχάνομεν,

303 3187 354 3239 εί
393 3184 729 3258 βουλοίμεθα.
753 3189 850 3243 Διὰ
895 3190 1002 3262 γὰρ
1031 3189 1187 3244 τοῦτο
1208 3192 1237 3243 6
1264 3191 1641 3263 φιλάνθρωπος
1667 3195 1963 3264 Δεσπότης,

301 3276 389 3328 ἵνα
426 3270 501 3342 μὴ
524 3272 768 3343 ὀκνῶμεν
793 3275 929 3345 πρὸς
961 3275 1060 3346 τὴν
1088 3277 1345 3344 τοιαύτην
1375 3278 1796 3349 φιλοφροσύνην,
1827 3283 1963 3350 μηδὲ

303 3358 800 3427 περιεργαζώμεθα
847 3361 972 3420 τοὺς
1022 3361 1344 3428 παριόντας,
1394 3363 1588 3429 φησίνο
1636 3366 1734 3426 Ὃς
1767 3364 1843 3415 ἂν
1874 3365 1967 3416 δέ-

303 3439 475 3504 ξηται
514 3440 622 3494 ἕνα
659 3441 778 3494 τῶν
817 3441 1158 3511 ἐλαχίστων
1196 3445 1419 3498 τούτων
1449 3447 1519 3498 ἐν
1550 3446 1630 3511 τῷ
1672 3446 1790 3516 ἐμῷ
1836 3449 1966 3502 ὀνό-

297 3541 456 3593 ματι,
496 3526 599 3595 ἐμὲ
631 3526 884 3596 δέχεται.
916 3528 1007 3598 Μὴ
1044 3529 1222 3582 τοίνυν
1265 3531 1402 3603 πρὸς
1446 3532 1543 3602 τὴν
1571 3534 1844 3590 εὐτέλειαν
1871 3536 1964 3589 τοῦ

303 3611 588 3682 παριόντος
616 3613 740 3683 ὅρα,
781 3613 913 3684 μηδέ
945 3614 1284 3687 ἐξευτελίσῃς
1316 3617 1478 3671 αὐτὸν
1507 3620 1571 3673 ἐκ
1607 3620 1717 3673 τῶν
1759 3621 1965 3692 ὁρωμέ-

299 3713 425 3761 νων,
451 3697 566 3750 άλλ’
595 3699 844 3769 ἐννόησον
872 3701 954 3754 ὅτι
985 3701 1075 3754 τὸν
1093 3703 1366 3774 Δεσπότην
1391 3705 1622 3776 ὑποδέχῃ
1642 3707 1732 3762 τὸν
1760 3709 1851 3761 σὸν
1874 3708 1962 3762 διὰ

298 3783 508 3840 τούτου.
537 3785 703 3840 Ὅταν
740 3785 848 3858 γὰρ
875 3786 962 3841 διά
999 3787 1060 3841 τὸ
1104 3788 1268 3842 αὐτοῦ
1303 3790 1473 3861 ὅνομα
1501 3793 1600 3863 τὴν
1632 3795 1713 3858 είς
1756 3796 1961 3849 ἐκεῖνον

199 3925 204 3936 ,
297 3869 592 3942 θεραπείαν
620 3873 892 3948 ἐπιδείξῃο
914 3875 1112 3930 ὡσανεὶ
1140 3876 1344 3932 ἐκεῖνον
1372 3879 1790 3950 ὑποδεξάμενος,
1818 3883 1960 3937 οὕτω

297 3957 441 4030 λήψῃ
489 3959 582 4014 τὸν
635 3961 844 4029 μισθόν.
891 3961 1005 4017 Κᾶν
1035 3963 1276 4034 ῥᾴθυμος
1320 3965 1500 4019 τοίνυν
1618 3967 1712 4021 καὶ
1754 3971 1960 4040 ὴμελη-

299 4045 457 4114 μένος
484 4047 512 4099 6
539 4046 639 4116 τῆς
682 4046 832 4119 παρὰ
861 4049 954 4102 σοῦ
989 4048 1385 4123 φιλοφροσύνης
1428 4053 1735 4120 ἀπολαύων,
1771 4057 1957 4126 μηδείς

296 4147 375 4184 σοι
405 4131 562 4201 λόγος
591 4131 780 4187 τούτου
821 4134 990 4189 ἔστω·
1029 4136 1432 4208 άπηρτισμένος
1463 4141 1579 4210 γάρΔ
1601 4157 1683 4194 σοι
1709 4142 1738 4194 6
1767 4141 1956 4210 μισθὸς

291 4217 572 4289 δοθήσεται
596 4219 684 4274 διὰ
704 4219 802 4292 τὴν
823 4223 901 4286 είς
927 4221 1018 4276 τὸν
1030 4224 1304 4295 Δεσπότην
1326 4226 1488 4296 τιμὴν
1509 4208 1666 4280 τοῦτο
1695 4208 1952 4294 ποιοῦντι,

289 4303 384 4356 καὶ
421 4303 670 4375 ζηλοῦντι
707 4309 802 4360 τοῦ
826 4310 1180 4382 ’πατριάρχου
1225 4312 1410 4365 τούτου
1451 4313 1551 4385 τὴν
1588 4314 1806 4387 ἀρετήν.
1843 4316 1953 4370 Καὶ

290 4387 452 4455 ιδὼν,
475 4393 628 4462 φησὶ,
659 4394 1070 4465 προσέδραμεν
1094 4399 1181 4464 είς
1206 4397 1584 4467 συνάντησιν
1609 4402 1811 4469 αὐτοῖς
1832 4403 1950 4458 ἀπὸ

285 4473 398 4543 τῆς
438 4477 623 4546 θύρας
666 4478 774 4548 τῆς
813 4481 1074 4552 σκηνῆς.
1107 4484 1302 4549 Καλῶς
1340 4487 1432 4540 καὶ
1468 4487 1527 4540 τὸ
1560 4489 1948 4560 Προσέδραμε

288 4563 636 4631 πρόσκειται,
672 4567 759 4620 ἵνα
805 4569 982 4642 μάθῃς
1019 4571 1100 4624 ὃτι
1131 4571 1207 4636 ὡς
1239 4573 1479 4643 ἀγνῶτες
1515 4574 1820 4647 παρῄεσαν,
1854 4577 1947 4631 καὶ

287 4648 386 4699 οὐκ
413 4647 477 4702 ἂν
501 4651 793 4723 αὐτόματοι
822 4651 983 4727 ἦλθον
1011 4657 1106 4712 ἐπὶ
1137 4659 1235 4731 τὴν
1265 4663 1487 4734 σκηνήν.
1527 4661 1625 4716 Διὰ
1651 4664 1830 4730 τοῦτο,
1859 4665 1946 4719 ἵνα

287 4734 363 4806 μὴ
401 4735 638 4813 διαφύγῃ
667 4743 830 4799 αὐτὸν
863 4747 925 4798 τὸ
955 4747 1320 4818 πνευματικὸν
1361 4749 1518 4803 τοῦτο
1551 4749 1761 4822 κέρδος,
1792 4754 1821 4805 6
1852 4770 1944 4821 γε-

283 4821 572 4892 γηρακὼς,
613 4829 642 4879 6
687 4831 1128 4904 πεπολιωμένος,
1167 4836 1196 4888 6
1241 4821 1632 4908 ἐκατονταέτης
1677 4840 1942 4909 προστρέ-

280 4925 393 4978 χει,
426 4911 519 4963 καὶ
549 4911 635 4965 διὰ
666 4917 758 4969 τοῦ
804 4918 1004 4990 δρόμου
1048 4920 1144 4991 τὴν
1190 4924 1497 4995 προθυμίαν
1541 4925 1932 4980 ἐπιδείκνυται.

283 4997 392 5083 Ιςαί
442 5001 811 5071 θεασάμενος
849 5009 1309 5078 προσεκύνησεν
1346 5013 1444 5066 ἐπὶ
1486 5013 1602 5080 τὴν
1648 5012 1799 5083 γῆν,
1842 5015 1941 5070 καί

279 5079 410 5138 εἷπε
434 5103 449 5115 ·
488 5088 666 5155 Κύριε
689 5129 704 5153 ,
732 5093 783 5144 εί
813 5094 927 5162 ἄρα
967 5092 1148 5164 εὗρον
1181 5097 1355 5166 χάριν
1380 5079 1666 5153 ἐναντίον.
1852 5101 1940 5171 μὴ

281 5171 582 5241 παρέλθῃς
613 5175 721 5228 τὸν
757 5181 939 5234 παῖδά
982 5197 1120 5236 σου.
1153 5184 1445 5253 Ληςςθήτω
1489 5185 1566 5254 δὴ
1601 5185 1790 5255 ὕδωρ,
1837 5188 1936 5242 καί

276 5259 630 5326 νιψάτωσαν
659 5264 800 5331 τοὺς
829 5269 1016 5335 πόδας
1042 5270 1228 5342 ὑμῶν,
1264 5271 1364 5324 καὶ
1397 5273 1780 5342 καταψύξατε
1817 5275 1935 5330 ὑπὸ

277 5344 342 5397 τὸ
369 5345 647 5415 δένδρον,
691 5352 792 5404 καὶ
828 5356 1095 5428 λήψομαι
1133 5359 1332 5427 ἄρτον,
1369 5359 1468 5413 καὶ
1508 5360 1798 5430 φάγεσθε,
1839 5364 1936 5417 καὶ

275 5432 418 5498 μετὰ
458 5434 636 5488 τοῦτο
679 5445 1160 5510 παρελεύσεσθε,
1202 5443 1275 5503 οὗ
1316 5448 1547 5502 εῖνεκεν
1587 5449 1934 5513 ἐξεκλίνατε

282 5521 425 5589 πρὸς
457 5523 565 5578 τὸν
593 5527 779 5582 παῖδα
809 5530 998 5599 ὑμῶν.
1032 5537 1205 5609 Πολλὴ
1232 5537 1341 5592 τῶν
1384 5537 1477 5592 τοῦ
1522 5538 1728 5592 δικαίου
1757 5542 1822 5610 ρη
1833 5540 1933 5610 μά-

334 5638 538 5722 :Sav“.
585 5654 893 5722 et_qua[u0r
935 5655 1344 5722 n|s_s.‘&xpﬁmpev,
1379 5661 1742 5722 ἀγαπητοὶ,·καὶ
1791 5662 1933 5722 μηδέ-

277 5718 388 5779 ξξοτε
431 5713 838 5774 περιεργαζώμιθα
862 5749 876 5774 ,
909 5717 1103 5765 omissis
1142 5713 1446 5779 iule'rpoSIIi's
1528 5713 1575 5762 ’Β
1621 5713 1816 5772 Coislili.
1844 5713 1933 5771 ’ἵνα

168 5774 172 5779 ’
273 5765 460 5828 ἴδωμεν.

515 5877 784 5940 Ριτκοι.
821 5881 936 5940 GR.
989 5881 1145 5944 LIII.

2097 338 2204 374 των
2234 326 2264 395 ἡ
2297 327 2593 401 ὑπερϐολή.
2629 333 2703 386 Οὑ
2735 333 2861 405 γάρ,
2912 335 2992 388 ὅτι
3029 335 3339 401 ὑπεδέξατο,
3393 338 3579 409 θαῦμα
3617 358 3746 395 τοσ-

2095 410 2249 468 οῦτον
2272 415 2370 484 τῆς
2398 417 2736 490 προθυμίας,
2760 421 2876 474 ἀλλ’
2909 423 2989 475 ὅτι
3032 425 3169 494 μετὰ
3199 424 3464 497 τοσαύτης
3494 428 3754 500 σπουδῆς,

2094 502 2188 553 καὶ
2226 502 2348 556 οῦτε
2393 505 2530 576 7:96;
2573 506 2672 578 τὴν
2722 509 2914 562 ἑαυτοῦ
2950 511 3163 580 ἡλικίαν
3188 512 3425 578 ἀπιδὼν,
3461 513 3584 568 οῦτε
3625 519 3755 586 πρὸς

2091 589 2220 652 τοὺς
2248 592 2540 662 παριόντας
2571 594 2591 662 (
2606 595 2735 658 ἴσως
2759 596 2867 668 γὰρ
2891 597 3000 652 νέοι
3026 599 3172 663 τινὲς
3209 601 3360 671 αύτῷ
3408 603 3760 671 κατεφαίνονο

2093 676 2195 744 το),
2230 678 2348 730 οὑδὲ
2377 680 2600 757 νομίσας
2633 683 2822 753 ἀρκεῖν
2850 684 2946 754 τὴν
2975 684 3061 738 διὰ
3097 688 3205 739 τῶν
3234 687 3408 756 λόγων
3437 688 3596 758 μόνον
3627 707 3759 761 προ-

2090 762 2316 834 τροπὴν,
2354 770 2800 838 Προσεκύνησε,
2829 773 3015 842 φησὶν,
3047 773 3146 826 ἐπὶ
3173 773 3290 842 τὴν
3313 774 3447 845 γῆν,
3476 779 3758 847 μονονουχὶ

2093 849 2486 918 καθικετεύων,
2522 856 2617 910 καὶ
2651 857 2886 928 σφοδρὰν
2919 859 3018 931 τὴν
3059 861 3403 932 παράκλησιν
3441 864 3753 933 προσάγων,

2091 935 2178 1018 ἵνα
2206 936 2356 1010 [417]
2382 939 2457 1010 μὴ
2492 944 2717 1014 νομισθῇ
2747 944 2930 1009 ἁπλῶς
2961 945 3255 1015 ἀφοσιώσει
3280 958 3301 986 ο
3332 949 3754 1018 προτρέπεσθαι.

2089 1017 2186 1071 Διὰ
2217 1018 2279 1090 δὴ
2316 1020 2473 1076 τοῦτο
2525 1026 2620 1078 καὶ
2651 1027 2684 1095 ὴ
2715 1025 2834 1080 θεία
2865 1026 3056 1099 Γραφὴ
3087 1017 3404 1083 δεικνύουσα
3432 1017 3526 1083 τοῦ
3550 1031 3756 1084 δικαίου

2088 1101 2186 1172 τὴν
2218 1101 2418 1174 πολλὴν
2472 1107 2566 1160 καὶ¹
2597 1108 2799 1175 ἄφατον
2833 1110 3052 1182 ἀρετὴν,
3097 1112 3260 1183 φησί·
3294 1114 3758 1180 Προσεκύνησεν

2087 1184 2185 1238 ἐπί
2213 1185 2328 1254 τὴν
2363 1185 2501 1257 γῆν,
2526 1189 2621 1243 καὶ
2644 1190 2734 1242 διὰ
2760 1189 2851 1244 τοῦ
2877 1193 3176 1264 σχήματος,
3207 1195 3299 1248 καὶ
3326 1195 3412 1248 διὰ
3438 1196 3547 1248 τῶν
3573 1196 3756 1266 ρημά-

2087 1283 2194 1320 των
2228 1269 2430 1340 πολλὴν
2458 1270 2558 1342 τὴν
2603 1270 2914 1344 θερμότητα
2945 1277 3403 1347 ἐπιδεικνύμενος,
3429 1277 3627 1347 πολλὴν
3658 1277 3756 1348 τὴν

2086 1351 2602 1424 ταπεινοφροσύνην,
2635 1355 2898 1426 μεγίστην
2935 1357 3033 1428 τὴν
3067 1358 3400 1428 φιλοξενίαν,
3432 1360 3634 1427 ἄφατον
3658 1357 3756 1429 τὴν

2087 1433 2436 1513 κηδεμονίαν.
2489 1436 2597 1490 Καὶ
2633 1439 3106 1507 προσκυνήσας,
3143 1443 3326 1513 φησὶν,
3362 1439 3522 1495 εἴπε·
3558 1441 3754 1508 Κύριε,

2085 1515 2137 1567 εὶ
2159 1515 2273 1581 ἄρα
2299 1510 2481 1584 εὗρον
2517 1517 2692 1587 χάριν
2718 1520 2993 1576 ἐναντίον
3028 1540 3162 1593 σου,
3191 1510 3275 1593 μὴ
3307 1524 3615 1592 παρέλθῃς
3649 1522 3758 1575 τὸν

2084 1596 2266 1651 παῖδά
2293 1612 2430 1654 σου.
2474 1600 2540 1652 Τί
2567 1601 2632 1655 ἄν
2661 1619 2744 1666 τις
2772 1603 2894 1656 κατ’
2918 1604 3074 1669 ἀξίαν
3099 1605 3246 1659 εἴποι
3274 1606 3366 1659 τοῦ
3396 1604 3604 1659 δικαίου
3629 1603 3753 1656 τού-

2084 1695 2208 1744 του;
2235 1680 2266 1750 ἢ
2301 1681 2418 1744 πῶς
2441 1683 2506 1737 ἄν
2539 1701 2621 1746 τις
2639 1684 2799 1739 αὑτὸν
2831 1688 3044 1758 μυρίοις
3073 1689 3331 1758 στόμασιν
3353 1687 3750 1758 ἐγκωμιάσειε;

2084 1758 2158 1812 T6
2190 1761 2289 1830 μὲν
2327 1762 2434 1834 γάρ
2467 1765 2662 1829 εἰπεῖν,
2703 1768 2912 1834 Κύριε,
2949 1768 3059 1821 τῶν
3088 1768 3476 1838 ἐγχωρούντων
3513 1767 3660 1821 ἐστί·
3691 1766 3754 1818 τὸ

2081 1839 2138 1893 δὲ
2185 1841 2382 1912 λέγειν,
2431 1847 2504 1900 EI
2542 1847 2654 1916 ἄρα
2683 1844 2863 1917 εὖρον
2901 1851 3078 1919 χάριν
3107 1852 3387 1906 ἐναντίον
3414 1865 3552 1915 σου,
3593 1848 3752 1902 τοῦτό

2081 1924 2199 1977 ἐστι
2225 1926 2286 1979 :6
2332 1928 2652 2000 παράδοξον.
2693 1933 2888 2002 Χάριν,
2917 1934 3068 2003 φησὶ.
3115 1935 3292 1998 δίδως,
3327 1934 3389 1987 οὐ
3435 1933 3748 2004 λαμϐάνεις.

2081 2005 2335 2060 Τοιοῦτον
2362 2010 2470 2080 γάρ
2505 2010 2722 2081 άληθῶς
2757 2015 2791 2084 ἡ
2840 2014 3134 2082 φιλοξενίαν
3167 2016 3366 2086 μᾶλλον
3398 2015 3684 2084 λαμϐάνει,
3715 2014 3748 2083 ἢ

2080 2088 2294 2142 δίδωσιν
2328 2092 2357 2143 6
2386 2091 2525 2159 μετὰ
2557 2093 2862 2165 προθυμίας
2895 2097 3063 2168 αὐτὴν
3087 2097 3545 2168 ἐπιδεικνύμενος.
3589 2095 3751 2148 Ἀλλά

2081 2171 2270 2241 μηδεὶς
2310 2174 2418 2229 τῶν
2446 2176 2615 2231 ταῦτα
2652 2178 2954 2233 ἀκουόντων
2986 2179 3371 2251 ὑποτεμνέσθω
3417 2179 3510 2233 τοῦ
3537 2179 3746 2232 δικαίου

2077 2251 2176 2323 τὴν
2204 2255 2424 2326 ἀρετὴν,
2453 2258 2547 2312 καὶ
2569 2258 2857 2330 νομιζέτω,
2887 2262 2967 2314 ὅτι
2997 2261 3151 2326 είδὼς
3172 2263 3314 2325 τίνες
3357 2262 3406 2316 οί
3437 2276 3747 2333 παραγεγο-

2077 2335 2250 2400 νότες,
2265 2338 2439 2392 ταῦτα
2453 2340 2769 2410 ἐφθέγγετο.
2787 2344 2919 2396 Ούδέ
2944 2344 3050 2414 γάρ
3068 2345 3151 2408 ἂν,
3172 2344 3351 2409 καθὼς
3375 2345 3470 2398 καὶ
3487 2343 3748 2406 πολλάκις

2077 2419 2310 2490 εἴρηται,
2332 2423 2476 2492 μέγα
2489 2441 2541 2476 τι
2557 2423 2712 2477 τοῦτο
2737 2420 2824 2495 ὴν,
2846 2428 2893 2479 εἰ
2929 2425 3083 2490 εἰδὼς
3099 2427 3268 2481 ταῦτα
3310 2427 3512 2495 ἔλεγεν⁶
3529 2426 3666 2481 ἀλλὰ
3686 2425 3747 2479 :6

2076 2501 2387 2573 θαυμαστὸν
2411 2505 2503 2558 καὶ
2520 2507 2822 2578 παράδοξον
2838 2510 2998 2562 τοῦτό
3033 2512 3200 2573 ἐστιν,
3231 2511 3311 2563 ὅτι
3342 2510 3416 2572 ὡς
3437 2507 3745 2580 ἀνθρώποις

2075 2587 2552 2658 προσφερόμενος,
2588 2587 2811 2644 τοιαῦτα
2854 2591 3149 2661 ἐφθέγγετο
3199 2591 3439 2663 ῥήματα.
3485 2591 3577 2662 Μὴ
3621 2591 3746 2645 θαυ-

2075 2669 2254 2738 μάσῃς
2282 2669 2337 2722 δὲ
2370 2671 2417 2723 εί
2463 2672 2629 2743 τριῶν
2673 2673 2840 2728 ὄντων
2882 2675 2989 2728 τῶν
3035 2673 3443 2746 ὑποδεχομένων
3489 2675 3564 2738 ὡς
3609 2675 3745 2747 πρὸς

2071 2750 2165 2803 ἕνα
2200 2753 2615 2824 προτεινόμενος
2661 2757 2690 2809 6
2736 2756 2944 2822 δίκαιος
2988 2757 3156 2826 λέγει,
3196 2759 3389 2828 Κύριε.
3430 2760 3590 2822 Ἴσως
3635 2758 3744 2828 γὰρ

2070 2831 2442 2905 ἐπιδοξότερός
2464 2853 2548 2899 τις
2569 2837 2677 2890 τῶν
2706 2837 2973 2892 ἐλθόντων
3011 2840 3203 2910 ἐφάνη,
3240 2841 3374 2911 πρὸς
3406 2835 3465 2892 δν
3504 2841 3744 2892 ποιεῖται

2071 2913 2163 2966 καὶ
2196 2915 2294 2985 τὴν
2329 2916 2694 2989 παράκλησιν.
2725 2915 2856 2972 Εἶτα
2885 2919 3091 2990 προῖὼν
3113 2924 3405 2974 κοινοποιεί
3443 2921 3533 2974 τὸν
3561 2921 3740 2988 λόγον,

2068 2997 2161 3049 καί
2191 3014 2324 3069 φησι
2344 3014 2357 3028 ·
2388 3001 2679 3068 Ληφθήτω
2726 3000 2802 3070 δὴ
2833 3002 3010 3071 ὕδωρ,
3067 3003 3164 3056 καὶ
3219 3003 3572 3072 νιψάτωσαν
3597 3005 3742 3071 τοὺς

2066 3078 2257 3143 πόδας
2288 3079 2488 3148 ὑμῶν·
2524 3081 2618 3134 καὶ
2662 3081 2842 3148 πάλιν,
2894 3085 3290 3152 Καταψύξατε
3328 3083 3446 3138 ὑπὸ
3480 3085 3546 3138 τὸ
3604 3084 3739 3140 δέν-

2065 3159 2228 3227 δρον,
2259 3161 2354 3215 καί
2383 3162 2645 3231 φάγεσθε
2676 3163 2876 3230 ἄρτον,
2903 3165 2998 3219 καὶ
3028 3165 3180 3233 μετὰ
3225 3165 3399 3220 τοῦτο
3445 3168 3737 3236 παρελεύ-

2065 3246 2268 3308 σεσθε,
2301 3240 2372 3298 οὗ
2403 3245 2634 3297 εἵνεκεν
2662 3245 3010 3307 ἐξεκλίνατε
3032 3247 3180 3314 πρὸς
3216 3247 3323 3300 τὸν
3343 3249 3525 3302 παῖδα
3550 3249 3734 3318 ὑμῶν.

2077 3321 2237 3402 Ὁρᾷς
2298 3324 2414 3385 πῶς
2445 3324 2546 3376 οὐκ
2594 3323 2748 3386 εἰδὼς
2783 3325 2925 3389 τίνες
2963 3327 3088 3391 εἰσὶ,
3123 3328 3396 3399 καθάπερ,
3428 3331 3734 3402 ἀνθρώποις

2064 3401 2440 3471 διαλεγόμενος
2469 3405 2778 3474 παριοῦσιν,
2799 3405 2941 3460 οὕτω
2965 3407 3147 3478 κοινὴν
3169 3409 3305 3480 7:96;
3334 3401 3541 3476 αὐτοὺς
3563 3417 3734 3467 ποιεῖ-

2063 3499 2152 3534 ται
2192 3483 2293 3554 τὴν
2324 3486 2657 3556 προτροπὴν,
2700 3487 2797 3540 καὶ
2829 3487 2976 3552 ἅπαξ
3007 3491 3099 3543 καὶ
3123 3491 3372 3563 δεύτερον
3403 3495 3568 3548 παῖδα
3601 3498 3729 3550 ἐαυ-

2062 3563 2152 3615 τὸν
2175 3564 2392 3632 καλῶν;
2424 3568 2533 3620 Καὶ
2556 3568 2657 3638 ὅρα
2687 3569 2803 3633 πῶς
2835 3570 3088 3642 προλέγει
3125 3573 3223 3643 τῆς
3254 3574 3531 3646 τραπέζης
3565 3578 3731 3632 αὑτοῦ

2061 3647 2160 3730 τὴν
2185 3646 2479 3716 εὐτέλειαν,
2516 3649 2714 3720 μᾶλλον
2735 3652 2792 3705 δὲ
2813 3651 2912 3723 τὴν
2938 3652 3303 3710 πολυτέλειαν.
3336 3658 3627 3726 Ληφθὴτω
3653 3661 3730 3730 δὴ

2061 3726 2236 3796 ὕδωρ,
2277 3731 2431 3799 φησὶ,
2477 3733 2575 3787 καὶ
2609 3733 2964 3801 νιψάτωσαν
2991 3736 3132 3803 τοὺς
3164 3738 3354 3804 πόδας
3391 3738 3578 3808 ὑμῶν,
3630 3726 3730 3797 καί

2060 3809 2444 3878 καταψύξατε
2469 3813 2588 3869 ὑπὸ
2611 3815 2677 3867 τὸ
2707 3814 2978 3884 δένδρον.
3023 3818 3240 3890 Ἐπειδὴ
3274 3821 3402 3890 γὰρ,
3447 3825 3598 3892 φησὶ,
3635 3841 3727 3878 κε-

2059 3893 2331 3963 κμήκατε,
2367 3895 2462 3949 καὶ
2481 3895 2648 3949 πολὺν
2674 3895 2762 3949 τὸν
2786 3897 3044 3952 καύσωνα
3083 3900 3431 3969 ὑπεμείνατε,
3462 3903 3549 3957 διὰ
3573 3907 3728 3960 τοῦτο

2058 3973 2194 4038 ἀξιῶ
2226 3974 2300 4046 μὴ
2349 3977 2637 4048 παρελθεῖν
2681 3979 2772 4033 τὸν
2819 3981 2982 4034 παῖδα
3029 3981 3202 4051 ὑμῶν.
3235 3983 3326 4053 Μὴ
3355 3983 3463 4054 γάρ
3497 3987 3642 4056 μέγα
3674 3993 3726 4042 τί

2057 4056 2173 4141 ἐστι
2219 4057 2443 4141 τὸγπαρ’
2476 4059 2610 4129 ἐμοῦ
2650 4063 2932 4133 γινόμενον
2966 4079 2980 4128 ;
3043 4064 3228 4134 ’Υδωρ
3264 4065 3372 4135 ἔχω
3428 4075 3726 4141 παρασχεῖν

2059 4138 2238 4208 μόνον,
2278 4140 2419 4212 ὑπὲρ
2467 4141 2561 4195 τοῦ
2595 4143 2920 4214 νιψαμένους
2951 4144 3054 4198 ὑπὸ
3081 4145 3140 4198 :6
3174 4146 3386 4216 δένδρον
3430 4138 3520 4203 τὸν
3558 4138 3722 4206 πολὺν

2056 4223 2204 4305 ὑμᾶς,
2223 4224 2466 4294 κάματον
2498 4227 2814 4282 ἀποθέσθαι.
2844 4224 2973 4283 Εἶτα
2999 4229 3094 4283 καὶ
3126 4231 3225 4302 τῆς
3265 4232 3546 4305 τραπέζης
3575 4235 3725 4304 λέγει

2052 4304 2150 4389 τὴν
2173 4304 2331 4361 ἰδέαν.
2363 4309 2454 4379 Μὴ
2483 4310 2736 4380 νομίσητε
2765 4311 3052 4376 πολυτελές
3103 4331 3155 4367 τι
3191 4304 3530 4386 παραθήσειν
3569 4319 3718 4389 ὑμῖν,

2052 4387 2550 4471 ῆ-καρυκευμάτων
2601 4393 2894 4459 ποικιλίαν,
2947 4393 2980 4466 ἢ
3021 4393 3168 4464 θψων
3209 4396 3506 4470 διαφοράν·
3556 4387 3720 4471 ἄρτον

2053 4469 2309 4537 φάγεσθε,
2335 4473 2428 4525 καὶ
2457 4471 2600 4526 οὕτω
2629 4477 3101 4542 Παρελεύσεσθε,
3137 4473 3209 4532 οὗ
3230 4469 3463 4533 εἵνεκεν
3487 4469 3720 4546 ἐξεκλέ-

2049 4569 2190 4606 νατε
2226 4554 2376 4620 πρὸς
2403 4555 2510 4608 τὸν
2528 4556 2710 4609 παῖδα
2733 4557 2919 4625 ὑμῶν.
3311 4552 3313 4555 ’

2119 4645 2179 4689 ε’.
2213 4636 2368 4700 Εἶδες
2403 4638 2812 4709 πῶςδιαφόροις
2835 4629 3366 4711 κέχρηταδτρόποις,
3399 4643 3717 4715 βουλόμενος

2046 4721 2364 4790 δυσωπῆσαι
2395 4721 2522 4784 τοὺς
2552 4721 2846 4790 παριόντας
2870 4721 2920 4784 ά,
2954 4721 3048 4776 καὶ
3067 4722 3156 4776 διά
3186 4722 3278 4776 τοῦ
3305 4726 3599 4795 σχήματος,
3621 4731 3715 4782 καὶ

2045 4803 2132 4854 διὰ
2163 4803 2272 4855 τῶν
2311 4803 2588 4874 ῥημάτων,
2610 4804 2704 4856 καὶ
2735 4803 2822 4856 διὰ
2845 4803 3060 4858 πάντων
3090 4805 3498 4861 ἐπισπάσασθαι
3519 4809 3713 4874 αὐτοὺς

2047 4884 2250 4950 θέλων;
2283 4885 2505 4955 Πρῶτον
2533 4885 2633 4955 μὲν
2660 4886 2789 4958 γάρ,
2825 4888 2978 4959 φησὶ,
3017 4889 3442 4960 προσεκύνησεν,
3473 4886 3591 4944 εἶτα
3617 4910 3712 4944 κυ-

2047 4965 2197 5031 ρίους
2217 4966 2390 5031 καλεῖ,
2416 4967 2510 5020 καὶ
2540 4967 2730 5021 ἐαυτὸν
2761 4969 2924 5023 παῖδα
2942 4986 2955 5000 °
2993 4967 3112 5024 εἶτα
3141 4971 3286 5040 λέγει
3317 4971 3377 5025 :6
3406 4971 3597 5041 μέλλον
3619 4973 3710 5026 ὑπ’

2049 5045 2209 5099 αὑτοῦ
2250 5047 2502 5115 γενέσθαι
2561 5051 2640 5114 είς
2681 5051 2899 5116 αὐτοὺς,
2953 5052 3300 5119 ἐξευτελίζων
3355 5053 3447 5106 καὶ
3497 5053 3710 5115 δεικνὺς

2041 5129 2191 5182 οὐδὲν
2223 5130 2364 5200 μέγα
2398 5129 2477 5184 ὃν.
2510 5131 2694 5204 ’Υδωρ
2731 5133 2860 5204 γάρ,
2890 5135 3043 5206 φησὶ,
3100 5134 3159 5188 τὸ
3207 5136 3372 5188 πᾶσιν
3427 5133 3708 5203 ἀνειμένον

2041 5209 2150 5279 ἔχω
2175 5213 2474 5282 παρασχεῖν
2505 5214 2584 5277 είς
2610 5216 2735 5278 τοὺς
2768 5215 2931 5280 πόδας
2958 5215 3132 5285 ὑμῶν,
3160 5216 3253 5269 καὶ
3281 5215 3466 5286 ἄρτον,
3497 5216 3587 5266 καὶ
3609 5211 3706 5285 τὴν

2039 5291 2147 5344 ἀπὸ
2167 5293 2266 5362 τῆς
2282 5293 2442 5362 δρυὸς
2472 5295 2699 5366 σκέπην.
2729 5295 2820 5366 Μὴ
2843 5296 2907 5368 δὴ
2935 5296 3301 5367 ἐξευτελίσητέ
3325 5315 3428 5366 μου
3452 5297 3550 5366 τὴν
3571 5311 3704 5365 σκη-

2100 5416 2124 5445 ο
2180 5414 2486 5478 Ἀφοσιώσει,
2529 5415 2864 5478 perfunctorie.
2904 5416 3007 5478 Hac
3032 5430 3152 5467 voce
3181 5418 3354 5468 eodem
3379 5429 3526 5465 sensu
3584 5416 3704 5467 infra

2040 5479 2195 5540 utitur
2231 5477 2652 5540 ChrysosAlomus':
2689 5491 2876 5540 πρωιιῖ
2907 5477 3189 5540 infrequens
3242 5479 3386 5539 hujus
3423 5492 3539 5527 usus
3576 5481 3704 5538 apud

2038 5539 2287 5601 docl‘orem
2315 5557 2336 5601 εΔ
2366 5538 2449 5597 qui
2486 5538 2646 5601 eli:m_I_
2679 5537 2990 5599 ἀφοσιοῦσθαι
3036 5537 3237 5601 usurpat
3281 5537 3573 5601 quandoque
3611 5537 3706 5600 pro

1969 5637 1974 5644 .
2041 5597 2372 5674 petfunclorig
2401 5609 2562 5674 a‘gctze.
2607 5597 3048 5674 lic'sychius‘lqnge
3095 5597 3273 5674 pii-tersi
3299 5597 3416 5674 h§us
3457 5597 3706 5672 in'terp'I-e-

2043 5659 2277 5710 lationem
2301 5659 2444 5723 aIII'rI
2464 5674 2474 5705 τ
2497 5659 2849 5723 άφοσιούμενοι,
2874 5661 2920 5723 έν
2939 5659 3183 5723 ὑποκρίσει
3208 5662 3507 5723 θωπεύοντες,
3530 5659 3704 5721 τιμῶν-

2037 5734 2129 5783 τεςζ
2165 5733 2252 5783 pet:
2294 5717 2643 5783 simulationem
2686 5717 2729 5770 c1
2771 5717 3091 5772 αιέιιίιιιίοηειὶι
3133 5726 3352 5783 colentes,
3401 5717 3697 5772 honorum“.

2102 5781 2126 5821 δ
2155 5780 2255 5831 Alii
2279 5781 2386 5835 τοὺς
2407 5780 2655 5843 παρόντας.
3334 5780 3394 5904 ΞΥ

3376 5871 3394 5904 ιι

3376 5871 3410 5908 ιι
