4084 6214
397 313 491 370 δε]
1421 301 1485 358 IN
1523 301 1676 358 CAP.
1719 299 1902 356 XVIII.
1942 299 2180 357 GENES.
2230 299 2457 356 HOMIL.
2502 301 2636 356 XLI.
3606 303 3722 358 ὅδε

394 423 820 481 exhortationem
839 435 1033 476 meam.
1059 417 1183 474 Scio
1205 426 1460 488 quantum
1479 416 1702 471 tuleritis
1725 415 1979 478 laborem,

395 517 640 588 conjecto
669 525 898 589 quantus
939 513 1007 570 sit
1032 510 1227 568 caloris
1254 518 1416 565 aestus
1445 518 1766 580 :proptcrea
1796 508 1985 577 paulu-

398 614 509 668 lum
536 625 632 665 vos
681 623 926 665 recreare
954 606 1095 661 volo.
1131 603 1262 672 Quis
1291 611 1438 672 pater
1467 603 1603 658 filios
1643 615 1772 657 suos
1803 609 1988 656 tenere

395 702 645 773 diligens,
674 707 876 754 tantam
904 698 1026 751 filiis
1053 695 1269 751 exhibet
1299 693 1703 764 benignitatem,
1737 698 1991 760 quantam

399 795 487 851 ille
520 793 714 864 ignotis
740 802 794 848 et
829 789 1140 861 peregrinis,
1171 796 1226 843 et
1272 801 1560 856 numquam
1586 783 1686 839 sibi
1731 781 1992 854 cognitis?

401 884 600 940 Verum
630 883 753 954 quia
811 896 1002 952 magna
1049 879 1324 934 alacritate
1377 877 1636 946 processit
1671 890 1732 930 ac
1773 883 1992 931 conten-

401 976 567 1042 tione,
613 983 932 1043 assequutus
962 981 1046 1028 est
1087 971 1446 1033 venationem,
1487 977 1542 1024 et
1579 967 1814 1036 prmdam
1853 967 1992 1022 intra

398 1070 533 1124 retia
575 1067 1130 1136 coneludere'potuit.
1164 1064 1228 1120 Et
1270 1065 1525 1129 dixerunt,
1557 1062 1762 1133 inquit:
1796 1062 1885 1118 Sic
1913 1064 1992 1132 fa-

398 1161 603 1226 ciemus,
635 1167 687 1215 ut
727 1158 919 1213 dixisti.
951 1156 1108 1214 Senis
1150 1155 1410 1213 excitatus
1439 1162 1523 1210 est
1542 1153 1793 1223 juvenilis
1819 1153 1988 1223 vigor.

402 1249 455 1304 In
498 1251 764 1315 manibus,
797 1248 988 1320 inquit,
1018 1247 1191 1303 habeo
1220 1247 1548 1309 thesaurum,
1597 1244 1809 1299 divitias
1838 1259 1992 1299 asse-

399 1352 598 1412 qmrtus
627 1357 769 1408 sum,
814 1339 1106 1395 senectutis
1142 1338 1447 1392 obliviscar.
1480 1337 1547 1392 Et
1587 1335 1704 1389 vide
1742 1350 1866 1390 cum
1896 1349 1993 1388 ex-

400 1431 687 1487 sultantem
713 1432 765 1485 in
806 1445 993 1502 opere,
1037 1439 1091 1487 et
1129 1429 1281 1501 quasi
1303 1443 1419 1500 pra:
1459 1427 1652 1498 gaudio
1681 1427 1988 1492 saltantem,

401 1522 621 1593 perinde
649 1532 810 1596 atque
835 1524 1001 1579 multa
1033 1522 1168 1578 bona
1201 1523 1254 1576 in
1281 1521 1534 1576 manibus
1562 1519 1799 1587 afferret,
1833 1520 1903 1574 ita
1935 1534 1994 1574 se

400 1614 781 1670 obluctantem.
807 1614 862 1670 6.
894 1613 957 1669 Et
995 1615 1266 1684 festinavit,
1304 1613 1493 1682 inquit,
1525 1611 1779 1666 Abraham
1818 1613 1869 1666 in
1914 1621 1994 1665 ta-

401 1703 746 1759 bernaculum.
780 1703 949 1768 Sicut,
988 1703 1202 1774 quando
1237 1703 1304 1758 ad
1332 1702 1671 1758 venationem
1699 1702 1992 1758 contende-

403 1794 514 1861 bat,
547 1794 870 1865 siguificavit
919 1795 1036 1866 ejus
1078 1795 1411 1850 alacritatem
1452 1805 1507 1852 et
1537 1795 1772 1850 laborem
1813 1795 1991 1850 divina

400 1883 699 1953 Scriptura,
723 1883 907 1940 dicens
937 1903 951 1940 :
985 1884 1218 1940 Accurrit
1237 1894 1403 1939 autem
1427 1885 1482 1938 in
1503 1901 1763 1940 occursum
1785 1901 1993 1939 eorum:

402 1974 475 2028 ita
505 1983 560 2029 et
579 1989 722 2029 nunc
745 1974 870 2044 quia
899 1975 1029 2030 vidit
1056 1977 1222 2041 viros,
1250 1985 1306 2032 et
1331 1975 1380 2030 id
1407 1975 1550 2046 quod
1575 1977 1794 2044 optabat
1814 1976 1992 2044 perfe-

401 2065 492 2128 cit,
528 2079 702 2134 neque
741 2065 820 2118 sic
859 2065 928 2119 ab
963 2065 1237 2120 alacritate
1277 2065 1523 2130 desistit;
1550 2065 1650 2120 sed
1687 2067 1856 2135 magis
1887 2064 1994 2121 fer-

403 2163 616 2209 ventem
643 2153 879 2208 declarat
920 2168 1180 2219 amorem,
1226 2169 1400 2224 neque
1435 2155 1556 2224 quia
1588 2169 1806 2210 securus
1853 2164 1988 2222 erat,

403 2245 526 2300 ideo
555 2245 1001 2315 fitnegligentior.
1031 2243 1086 2300 Id
1112 2245 1255 2315 quod
1285 2245 1439 2300 nobis
1462 2243 1769 2316 frequenter
1792 2248 1990 2314 evenit,

408 2346 464 2393 et
493 2337 754 2408 principio
784 2336 942 2392 valde
979 2335 1201 2392 studiosi
1247 2352 1469 2391 sumus:
1497 2336 1709 2408 quando
1733 2346 1911 2393 autem
1939 2339 1993 2393 in

405 2428 677 2500 negotium
716 2436 932 2484 ventum
975 2437 1082 2495 est,
1132 2442 1241 2482 non
1283 2444 1377 2498 par
1423 2428 1656 2484 studium
1700 2429 1992 2486 afferimus.

409 2521 605 2577 Verum
632 2521 810 2592 justus
853 2536 960 2577 non
989 2522 1090 2588 sic,
1139 2521 1235 2577 sed
1261 2521 1430 2592 quid?
1463 2520 1658 2578 Iterum
1687 2523 1902 2578 festinat
1941 2533 1996 2579 et

405 2621 676 2683 properat,
705 2621 760 2667 et
783 2613 948 2667 currit
963 2613 1113 2668 senio
1133 2611 1407 2668 confectus
1421 2613 1478 2668 in
1507 2614 1903 2670 tabernaculum
1927 2615 1994 2668 ad

403 2702 638 2770 Sarram,
670 2700 738 2755 Et
767 2703 896 2757 dixit
933 2703 981 2758 ei
1008 2719 1027 2757 :
1054 2702 1314 2770 Accelera,
1342 2713 1389 2759 et
1425 2705 1580 2759 misce
1601 2713 1700 2760 tres
1734 2721 1994 2760 mensuras

402 2795 604 2849 similw.
630 2795 922 2850 Considera
943 2795 1213 2865 quomodo
1250 2805 1305 2851 et
1337 2797 1553 2854 Sarram
1578 2797 1873 2853 venationis
1901 2812 1992 2853 so-

403 2884 540 2940 ciam
569 2885 814 2953 assumit,
839 2894 894 2941 et
916 2885 1185 2956 quomodo
1209 2901 1329 2942 eam
1353 2886 1548 2953 erudit,
1573 2895 1632 2942 ut
1654 2902 1808 2942 suam
1827 2889 1990 2944 imite-

405 2983 489 3029 tur
516 2974 788 3030 virtutem.
820 2974 1032 3030 Etenim
1078 2984 1133 3030 et
1163 2975 1307 3030 illam
1339 2975 1524 3031 incitat
1557 2992 1626 3032 ne
1669 2976 1848 3032 officio
1893 2991 1992 3033 suo

404 3066 736 3136 negligenter
773 3065 1043 3137 fungatur,
1089 3066 1204 3133 sed,
1241 3066 1497 3134 Accelera,
1530 3067 1719 3136 inquit.
1752 3066 1991 3138 Magnam

402 3156 814 3227 negotiationem
857 3157 1131 3228 assequuti
1179 3172 1386 3224 sumus,
1436 3172 1504 3213 ne
1548 3157 1836 3227 perdamus
1875 3158 1994 3215 the-

400 3261 640 3314 saurum,
679 3245 772 3302 sed
797 3247 1052 3312 Accelera,
1082 3257 1130 3302 et
1172 3248 1322 3302 misce
1346 3257 1447 3302 tres
1474 3264 1734 3303 mensuras
1783 3249 1986 3304 simila.

403 3336 668 3403 Quoniam
694 3337 901 3393 sciebat
929 3336 1054 3392 boni
1092 3337 1270 3404 operis
1309 3336 1750 3404 magnitudinem,
1784 3339 1993 3392 volebat

402 3430 524 3483 vitae
559 3444 672 3483 suae
713 3430 914 3484 sociam
954 3430 1117 3483 etiam
1165 3427 1524 3482 retribuendze
1571 3427 1836 3483 mercedis
1873 3443 1994 3483 esse

402 3519 735 3587 participem.
767 3518 942 3586 Quare
983 3518 1148 3581 enim,
1187 3516 1275 3572 die
1322 3516 1474 3583 mihi,
1505 3517 1636 3572 nulli
1676 3518 1990 3573 ancillarum

405 3612 508 3666 hoc
545 3610 818 3681 praecepit,
850 3609 943 3666 sed
972 3609 1125 3665 uxori
1151 3619 1256 3664 tam
1286 3619 1549 3678 provectae
1587 3610 1798 3666 aetatis?
1826 3626 1994 3664 nona-

400 3704 546 3774 ginta
582 3702 728 3759 enim
777 3717 1042 3757 annorum
1090 3708 1228 3756 erat.
1279 3699 1394 3756 Non
1440 3710 1696 3771 repugnat
1743 3701 1993 3757 mandato

401 3797 584 3862 Sarra,
620 3795 717 3852 sed
755 3809 938 3866 parem
961 3794 1121 3849 etiam
1157 3793 1271 3862 ipsa
1308 3792 1639 3848 alacritatem
1677 3791 1852 3849 atl‘ert.
1878 3793 1991 3848 Au-

401 3889 551 3944 diant
575 3887 694 3954 viri,
721 3886 939 3941 audiant
963 3884 1218 3940 mulieres
1242 3902 1256 3938 :
1285 3882 1382 3938 viri
1408 3882 1646 3952 quidem,
1676 3883 1836 3937 utsic
1866 3898 1991 3940 suas

347 3975 357 3984 ’
401 3981 812 4037 contubernales
859 3977 1129 4044 erudiant,
1173 3986 1228 4031 ut
1264 3976 1310 4031 si
1349 3974 1564 4045 quando
1605 3975 1883 4044 spirituale
1908 3977 1990 4032 lu-

402 4087 552 4128 crum
579 4071 796 4136 incidat,
843 4085 910 4125 ne
941 4083 1036 4140 per
1062 4067 1287 4124 famulos
1313 4066 1415 4122 hoc
1446 4067 1742 4137 perficiant,
1771 4067 1864 4123 sed
1897 4083 1993 4138 per

402 4163 610 4232 seipsos
636 4161 833 4217 faciant
859 4160 1038 4216 omnia
1065 4176 1078 4224 ;
1103 4158 1354 4215 mulieres
1390 4169 1594 4227 autem,
1639 4165 1698 4214 ut
1736 4157 1987 4214 festinent

398 4253 584 4323 iuvare
623 4252 766 4307 viros
800 4251 854 4306 in
886 4259 992 4306 tam
1035 4249 1189 4305 bonis
1233 4249 1506 4319 operibus,
1553 4257 1610 4306 et
1649 4264 1756 4305 non
1793 4249 1988 4306 erube-

402 4353 555 4399 scant
574 4342 987 4411 hospitalitatem
1019 4340 1072 4396 in
1096 4339 1304 4410 aliquos
1327 4355 1601 4406 exercere,
1623 4340 1832 4412 illisque
1859 4357 1990 4398 con-

399 4448 592 4504 gruum
623 4433 863 4504 prtcbere
893 4431 1251 4487 ministerium
1278 4449 1292 4486 :
1320 4431 1417 4487 sed
1447 4431 1720 4488 imitentur
1765 4433 1982 4489 Sarram

400 4525 656 4592 vetulam,
687 4525 740 4580 in
767 4533 910 4579 tanta
935 4533 1154 4581 senecta
1176 4525 1410 4580 laborem
1440 4524 1665 4581 libenter
1695 4527 1984 4596 suscipien-

404 4627 532 4684 tem,
553 4626 609 4673 et
630 4615 946 4671 famularum
967 4630 1126 4685 opera
1156 4615 1543 4685 perficientcm.

476 4709 743 4766 Invenitur
766 4709 820 4764 in
843 4718 1080 4764 ornatum
1107 4709 1395 4765 mulierum.
1421 4741 1491 4752 -—
1520 4711 1714 4768 Verum
1739 4714 1853 4770 seio
1877 4714 1988 4770 fore

407 4808 466 4855 ut
491 4802 666 4858 nullus
696 4803 832 4860 ferat
857 4817 920 4858 ea
948 4817 1068 4872 qua:
1107 4817 1136 4856 a
1174 4803 1330 4859 nobis
1353 4803 1622 4860 dicuntur.
1652 4804 1806 4861 Nunc
1844 4806 1987 4862 enim

409 4908 596 4948 omnes
620 4896 772 4962 plane
799 4895 1069 4952 contraria
1093 4896 1176 4951 via
1207 4896 1477 4962 incedunt,
1503 4907 1560 4954 et
1604 4897 1767 4952 multa
1798 4899 1986 4953 mulie-

407 4999 526 5039 rum
561 4993 643 5039 est
683 4986 955 5054 mollities,
1005 5001 1270 5056 omneque
1328 4989 1562 5044 studium
1603 4988 1657 5042 in
1705 4987 1850 5042 cultu
1899 5004 1988 5044 ve-

406 5076 588 5143 stium,
617 5075 671 5130 in
707 5079 884 5136 aureis
919 5079 1259 5136 ornamentis
1301 5089 1358 5134 ct
1401 5079 1687 5136 monilibus
1714 5087 1872 5148 atque
1898 5094 1990 5134 ex-

407 5177 563 5222 terno
581 5175 794 5234 ornatu,
819 5170 1012 5226 anima:
1039 5184 1167 5226 vero
1193 5169 1335 5224 nulla
1364 5179 1446 5225 est
1469 5185 1616 5225 cura.
1644 5167 1829 5240 Neque
1853 5169 1990 5224 Pau-

407 5259 491 5314 lus
515 5272 608 5312 eas
630 5270 948 5329 commovet,
989 5260 1174 5318 dicens
1199 5277 1211 5314 :
1243 5258 1364 5315 Non
1391 5261 1444 5314 in
1467 5260 1687 5315 crinibus
1715 5261 1879 5326 tortis,
1913 5261 1989 5315 est

399 5362 552 5408 nstro,
580 5349 661 5402 uel
681 5351 987 5418 margaritis,
1011 5353 1086 5409 uel
1108 5361 1402 5421 sumptuosa
1427 5360 1556 5407 ueste
1580 5350 1659 5420 (Ι.
1681 5349 1811 5405 Tim.
1831 5351 1887 5405 2.
1907 5353 1986 5420 9).

409 5440 540 5494 \‘ide
568 5440 802 5496 animam
840 5440 977 5497 hanc
1007 5444 1181 5513 ipsum
1225 5443 1417 5499 caelum
1455 5443 1822 5516 attingentem,
1852 5462 1987 5516 quo-

406 5531 565 5588 modo
591 5546 697 5586 non
717 5533 923 5603 putavit
943 5533 1213 5605 indignum
1237 5550 1298 5592 se
1323 5546 1376 5591 et
1395 5534 1519 5600 vile,
1545 5537 1706 5592 etiam
1727 5536 1794 5592 de
1818 5538 1986 5607 capil-

403 5623 580 5676 lorum
605 5625 936 5680 ornamentis
978 5625 1286 5684 admonere.
1318 5628 1504 5683 Merito
1530 5646 1540 5681 :
1565 5643 1726 5683 omne
1767 5630 1909 5685 enim
1937 5632 1985 5684 ei

405 5710 642 5769 studium
663 5724 782 5773 erat
807 5716 860 5772 in
895 5715 1182 5774 excolenda
1210 5720 1401 5776 anima.
1433 5719 1563 5788 Quia
1601 5719 1756 5791 igitur
1787 5721 1986 5777 sciebat

2102 413 2215 471 haec
2239 415 2466 470 maxime
2491 416 2684 470 animre
2707 414 2994 486 perniciem
3025 429 3300 486 generare,
3327 417 3448 473 ideo
3473 434 3580 473 non
3618 436 3672 476 re
3696 454 3703 463 -

2098 505 2228 577 fugit
2253 506 2340 560 illa
2373 505 2563 562 atl‘erre
2592 522 2712 577 quae
2739 507 3129 563 conveniebant
3164 507 3232 564 ad
3262 507 3564 566 docendum
3591 525 3686 566 eas

2095 612 2214 668 quae
2241 597 2332 652 illo
2353 599 2538 653 morbo
2561 597 2905 663 laborabant;
2935 598 3030 656 sed
3056 599 3225 670 inquit
3259 619 3272 655 :
3300 600 3356 657 Si
3381 602 3460 655 vis
3481 601 3699 664 θωπί..

2098 703 2224 743 vero
2253 695 2304 743 te
2333 699 2524 744 ornatu
2545 689 2684 756 cole,
2708 705 2864 759 quem
2888 690 3044 747 decet
3070 691 3464 762 mulierespias
3491 711 3506 747 :
3537 693 3691 749 bonis

2100 791 2150 836 te
2171 781 2423 852 operibus
2451 796 2606 836 orna.
2637 781 2734 837 llic
2769 783 2964 838 anima:
3007 784 3182 841 cultus
3221 795 3325 852 est,
3357 784 3444 841 hic
3470 801 3502 841 a
3531 787 3692 840 nullis

2099 874 2336 928 externis
2365 874 2772 937 condemnatur.
2800 874 2942 932 hunc
2982 877 3159 934 nullus
3186 878 3486 950 deprzedari
3533 889 3682 950 pote«

2101 967 2190 1033 rit,
2226 966 2312 1023 hic
2338 975 2596 1037 perpetuo
2625 977 2804 1023 manet
2836 976 2980 1023 tutus
3009 979 3062 1025 et
3090 970 3313 1041 integer.
3347 972 3390 1026 Δ
3418 972 3564 1027 cultu
3590 987 3686 1026 an-

2101 1067 2208 1114 tem
2249 1068 2472 1116 externo
2510 1059 2788 1116 innumera
2817 1061 3062 1117 oriuntur
3095 1063 3236 1117 mala
3270 1063 3542 1118 :nondum
3571 1064 3697 1119 dico

2099 1150 2292 1206 anima:
2318 1161 2660 1218 nocumenta,
2705 1154 3064 1224 arrogantiam
3095 1171 3214 1226 qua:
3262 1156 3387 1212 inde
3425 1157 3684 1223 nascitur,

2101 1239 2409 1310 despectum
2452 1242 2700 1310 proximi,
2748 1242 2939 1298 fastum
2983 1243 3226 1315 spiritus,
3277 1246 3470 1302 anima:
3504 1262 3692 1304 comt-

2103 1331 2360 1401 ptionem,
2389 1332 2724 1403 voluptatum
2754 1333 3055 1390 illicitarum
3106 1351 3366 1403 examen;
3407 1336 3503 1393 sed
3542 1337 3695 1394 facile

2101 1421 2348 1492 diripitur
2381 1423 2470 1477 ille
2506 1422 2678 1479 cultus
2715 1433 2770 1479 et
2802 1423 3122 1481 famulorum
3154 1427 3486 1498 malignitate
3521 1427 3690 1483 latro-

2105 1528 2338 1582 numque
2366 1513 2593 1581 insidiis,
2625 1529 2834 1571 necnon
2875 1517 3326 1588 sycophantarum
3370 1519 3686 1585 calumniis;

2101 1614 2157 1660 et
2198 1605 2402 1660 inﬁnita
2444 1608 2581 1662 mala
2633 1606 2875 1664 invenire
2925 1609 2977 1664 in
3023 1625 3091 1666 eo
3123 1610 3266 1676 licet,
3308 1627 3373 1668 ac
3409 1622 3693 1683 perpetuas

2101 1697 2502 1753 amaritudines.
2531 1699 2692 1769 Atqui
2722 1699 2880 1756 Sarra
2906 1701 3024 1756 talis
3056 1716 3161 1756 non
3200 1713 3353 1768 erat;
3383 1703 3477 1758 sed
3509 1719 3692 1759 verum

2102 1788 2411 1858 possidebat
2441 1798 2686 1844 ornatum
2711 1808 2725 1845 :
2748 1790 2869 1846 ideo
2892 1800 2947 1846 et
2970 1791 3128 1862 digna
3153 1791 3250 1846 fuit
3272 1793 3572 1862 patriarcha
3597 1812 3612 1849 :
3637 1806 3695 1850 et

2100 1879 2240 1932 sicut
2279 1877 2368 1933 ille
2403 1877 2696 1945 festinavit,
2724 1889 2779 1934 et
2815 1879 2870 1934 in
2911 1880 3308 1938 tabernaculum
3338 1884 3591 1947 cucurrit,
3620 1885 3690 1938 ita

2101 1979 2156 2024 et
2199 1969 2311 2038 ipsa
2353 1983 2546 2039 magno
2583 1970 2762 2026 studio
2808 1969 2932 2028 fecit
2974 1986 3093 2042 quae
3123 1971 3379 2042 imperata
3423 1984 3594 2040 erant,
3639 1985 3694 2030 et

2105 2059 2319 2114 miscuit
2350 2068 2457 2115 tres
2506 2075 2785 2115 mensuras
2824 2061 3034 2116 similae.
3074 2062 3203 2116 Nam
3234 2065 3354 2133 quia
3396 2073 3503 2119 tres
3533 2077 3690 2120 erant

2101 2151 2192 2220 qui
2224 2150 2575 2219 advenerant,
2608 2161 2714 2206 tres
2746 2166 3022 2207 mensuras
3045 2153 3206 2222 jussit
3247 2155 3482 2220 misceri,
3530 2164 3587 2211 ut
3612 2156 3687 2210 ci-

2105 2242 2208 2298 tius
2233 2257 2397 2312 panes
2433 2250 2767 2313 pararentur.
2797 2243 2865 2297 Et
2893 2253 2949 2298 ut
2978 2244 3078 2300 hoc
3109 2246 3384 2314 praecepit,
3423 2246 3490 2300 ad
3521 2247 3685 2302 boves

2103 2334 2216 2404 ipse
2263 2334 2454 2390 iterum
2493 2336 2729 2390 cucurrit
2765 2334 2834 2408 (υ.
2880 2334 2959 2407 7).
2988 2337 3034 2392 0
3079 2339 3228 2393 senis
3251 2337 3620 2408 iuventutem!
3661 2358 3694 2396 o

2101 2425 2294 2482 animat
2328 2425 2600 2496 vigorem!
2631 2425 2802 2481 currit
2843 2425 2912 2479 ad
2957 2426 3141 2493 hovcs,
3175 2437 3230 2482 et
3279 2444 3385 2482 non
3428 2432 3688 2499 permittit

2101 2519 2330 2587 aliquem
2360 2517 2674 2573 famulorum
2702 2532 2768 2573 eo
2791 2532 3042 2588 pergere:
3067 2533 3161 2588 per
3181 2519 3359 2574 omnia
3385 2530 3695 2578 monstrans

2103 2610 2167 2663 iis
2195 2609 2285 2679 qui
2325 2609 2672 2676 advenerant,
2702 2621 2900 2679 quanta
2945 2609 3212 2680 voluptate
3252 2611 3499 2679 perfusus
3525 2624 3690 2680 esset,

2101 2710 2155 2756 et
2181 2701 2364 2770 quanti
2399 2700 2600 2757 faceret
2629 2715 2816 2756 eorum
2847 2701 3207 2770 praesentiam,
3239 2716 3297 2757 se
3317 2717 3402 2770 lue
3431 2703 3575 2759 hunc
3597 2720 3693 2772 pro

2105 2791 2354 2845 thesauro
2378 2792 2575 2846 habere
2600 2791 2882 2848 honorem.
2916 2791 2980 2845 Et
3007 2793 3224 2862 accepit,
3253 2793 3441 2862 inquit,
3473 2795 3686 2849 vitulum

2105 2884 2342 2938 tenellam
2369 2892 2416 2938 et
2473 2883 2678 2938 bonum.
2736 2883 2851 2953 Ipse
2895 2899 2989 2953 per
3029 2885 3374 2954 semetipsum
3427 2885 3691 2942 delectum

2102 2973 2248 3038 fecit,
2280 2983 2334 3029 et
2361 2974 2619 3044 Optimum
2654 2975 2744 3044 qui
2778 2974 2964 3028 aderat
2987 2984 3263 3045 acceptum
3312 2991 3480 3045 puero
3506 2975 3687 3041 dedit,

2104 3078 2158 3122 et
2201 3068 2353 3122 illum
2401 3083 2613 3139 quoque
2640 3077 2814 3137 urget,
2849 3075 2907 3122 ut
2955 3068 3072 3122 sine
3123 3083 3268 3122 mora
3290 3078 3545 3138 quantum
3579 3069 3694 3124 fieri

2103 3166 2279 3227 potest
2302 3166 2642 3227 approperct.

2174 3251 2228 3304 6.
2267 3250 2650 3305 Animadverte
2688 3250 2957 3318 quomodo
2999 3250 3176 3304 omnia
3221 3266 3342 3304 cum
3391 3250 3690 3316 velocitate,

2101 3355 2224 3394 cum
2247 3342 2474 3395 ferventi
2503 3341 2801 3405 alacritate,
2834 3355 2955 3394 cum
2992 3340 3279 3406 hilaritate,
3325 3357 3446 3396 cum
3476 3344 3690 3412 gaudio,

2099 3443 2221 3483 cum
2271 3442 2462 3497 magna
2481 3427 2816 3496 jucunditate
2855 3429 3004 3482 fiant.
3058 3428 3124 3483 Et
3155 3431 3406 3500 festinavit
3441 3448 3568 3500 puer
3601 3434 3695 3486 hoc

2103 3519 2291 3588 facere.
2329 3515 2514 3585 Neque
2539 3514 2626 3570 hic
2645 3529 2809 3572 senex
2835 3516 3082 3586 quiescit,
3112 3517 3210 3573 sed
3234 3519 3426 3575 iterum
3451 3520 3502 3574 in
3530 3522 3694 3576 mini-

2100 3607 2196 3662 stri
2222 3607 2466 3664 ordinem
2491 3607 2699 3664 transit.
2729 3608 2783 3664 8.
2817 3607 2884 3663 Et
2903 3618 2958 3662 ut
2977 3610 3171 3680 accepit
3199 3610 3437 3682 butyrum
3465 3623 3512 3666 et
3536 3612 3693 3668 lac-et

2099 3699 2332 3767 uitulum,
2363 3715 2511 3770 quem
2551 3709 2881 3767 mactaverat,
2912 3701 3150 3770 apposuit
3191 3702 3313 3756 illis.
3344 3703 3437 3758 Sic
3466 3719 3562 3774 per
3601 3721 3692 3761 se-

2101 3791 2387 3860 metipsum
2425 3791 2606 3848 omnia
2633 3791 2763 3848 facit
2805 3803 2859 3848 et
2900 3793 3139 3862 apponit.
3169 3793 3240 3850 Et
3263 3810 3440 3867 neque
3469 3795 3687 3867 dignum

2099 3883 2450 3953 semetipsum
2475 3884 2686 3944 censuit
2714 3884 2806 3954 qui
2835 3884 3141 3942 consideret
3167 3901 3290 3942 cum
3318 3889 3418 3955 eis,
3455 3890 3552 3946 sed
3583 3892 3692 3948 illis

2099 3974 2505 4031 comedentibus
2538 3973 2789 4030 adstabat
2813 3975 2930 4044 ipse
2959 3976 3060 4030 sub
3086 3978 3301 4032 arbore.
3343 3976 3389 4034 0
3420 3981 3690 4051 magnitu~

2099 4065 2277 4121 dinem
2321 4064 2730 4134 hospitalitatis!
2773 4081 2808 4121 o
2845 4066 3160 4123 humilitatis
3203 4070 3610 4129 excellentiam!
3655 4093 3688 4128 o

2099 4167 2332 4213 mentem
2357 4156 2648 4213 admodum
2691 4159 3025 4230 religiosam!
3057 4160 3304 4217 adstabat
3344 4167 3686 4221 centonarius

2099 4253 2260 4308 homo
2283 4253 2687 4310 comedentibus
2717 4254 2845 4310 illis.
2871 4254 2996 4310 Mihi
3025 4255 3235 4311 videtur
3259 4265 3386 4312 tunc
3413 4273 3525 4329 pra:
3553 4275 3685 4330 gau-

2097 4345 2187 4400 dio
2201 4345 2582 4415 alacritateque
2612 4345 2800 4410 multa,
2830 4345 3193 4402 imbecillitate
3215 4362 3310 4402 sua
3331 4347 3686 4421 factus‘supe-

2099 4437 2227 4501 rior,
2276 4447 2332 4492 et
2371 4436 2537 4492 robur
2559 4437 2830 4508 quoddam
2868 4440 3161 4510 accepisse.
3194 4439 3350 4512 Saepe
3377 4443 3520 4499 enim
3549 4460 3682 4500 con-

2097 4529 2275 4585 suevit
2316 4530 2566 4585 alacritas
2610 4529 2826 4596 animae,
2873 4531 2918 4586 si
2954 4533 3170 4602 quando
3214 4535 3462 4591 rehorata
3506 4536 3683 4601 fuerit,

2097 4621 2310 4676 vincere
2331 4619 2574 4690 corporis
2602 4620 3047 4677 imbecillitatem.
3075 4621 3259 4679 Stabat
3283 4626 3441 4694 igitur
3462 4629 3682 4696 patriar-

2097 4710 2195 4766 cha
2223 4710 2374 4780 quasi
2402 4709 2654 4776 famulus,
2686 4710 2789 4766 hoc
2815 4725 3026 4767 summo
3067 4713 3255 4767 honeri
3287 4715 3512 4779 habens,
3542 4721 3684 4787 quod

2099 4801 2452 4871 prmsentibus
2475 4800 2822 4868 ministraret,
2862 4812 2916 4858 et
2959 4801 3227 4858 solaretur
3251 4805 3460 4862 itineris
3498 4821 3684 4865 eorum

2098 4895 2355 4949 laborem.
2403 4892 2593 4948 Vidisti
2643 4905 2844 4965 quanta
2887 4895 3019 4965 justi
3069 4894 3453 4968 hospitalitas?
3501 4899 3686 4971 Neque

2095 4986 2236 5039 enim
2267 4985 2368 5040 hoc
2389 4984 2562 5040 solum
2582 4985 2887 5054 considera,
2913 4986 3058 5058 quod
3077 5001 3242 5059 panes
3271 4994 3607 5061 proposuerit
3623 5004 3677 5049 et

2098 5075 2363 5130 vitulum:
2392 5075 2486 5132 sed
2538 5075 2666 5131 illud
2710 5077 2918 5148 cogita,
2963 5092 3084 5133 cum
3135 5088 3338 5147 quanto
3383 5080 3586 5138 honore
3630 5094 3685 5138 ct

2095 5175 2294 5236 quanta
2320 5166 2580 5223 modestia
2621 5166 2856 5224 exhibita
2902 5169 2970 5223 sit
3000 5168 3353 5239 hospitalitas.
3397 5172 3510 5228 Non
3548 5173 3686 5230 sicut

2097 5258 2273 5325 multi,
2295 5258 2386 5330 qui
2416 5258 2609 5328 siquid
2651 5259 2760 5314 tale
2796 5257 3041 5325 fecerint,
3073 5261 3387 5329 superbiant
3421 5272 3476 5316 et
3501 5263 3683 5334 despio

2095 5349 2243 5405 ciunt
2287 5360 2562 5420 susceptos
2603 5350 2864 5421 hospites,
2895 5366 2964 5406 eo
2991 5349 3137 5422 quod
3181 5353 3534 5409 ministerium
3579 5355 3686 5412 Illis

2097 5442 2400 5499 exhibeant.
2433 5443 2545 5498 Hoc
2573 5452 2753 5498 autem
2783 5441 3008 5512 perinde
3033 5451 3138 5509 est,
3171 5458 3235 5498 ac
3262 5444 3307 5498 si
3333 5444 3454 5515 quis
3473 5445 3685 5502 divitias

2095 5544 2383 5606 congreget
2418 5543 2472 5589 et
2517 5533 2898 5590 circumferat:
2927 5544 2983 5589 et
3023 5550 3144 5590 cum
3179 5535 3476 5609 collegerit.
3505 5539 3684 5593 onmia

2096 5627 2253 5681 simul
2287 5644 2316 5683 e
2341 5627 2586 5682 manilms
2610 5627 2875 5696 projiciat.
2911 5629 3165 5699 Quisquis
3195 5631 3342 5685 enim
3385 5646 3506 5686 cum
3536 5647 3686 5687 arro-

2100 5722 2278 5790 gantia
2325 5730 2576 5792 operatur
2619 5720 2907 5791 quidpiam,
2968 5732 3020 5781 et
3070 5722 3148 5777 sic
3201 5720 3325 5777 facit
3375 5727 3525 5793 quasi
3569 5725 3684 5793 plus
