4084 6214
457 268 563 322 5δὸ

455 382 718 452 ιιι-ωὺετθι
748 394 902 449 quam
927 379 1210 449 acciperet,
1241 381 1412 436 nescit
1436 380 1560 451 quid
1587 378 1743 434 faciat
1772 395 1784 432 τ
1813 376 2035 448 proinde

456 485 510 527 υι
535 471 857 536 mercedem,
882 485 1000 541 qua:
1031 472 1153 527 hinc
1182 473 1510 543 proveniret,
1533 471 1813 542 disperdit.
1844 471 2040 524 Verum

457 567 627 635 iustus
659 565 749 620 ille
785 565 962 619 sciens
1005 563 1133 634 quid
1187 573 1515 634 operaretur,
1569 578 1664 634 per
1704 559 1880 617 omnia
1925 577 2042 632 qua:

458 656 701 722 faciebat,
729 655 1044 710 ostendebat
1071 655 1398 710 alacritatem
1427 656 1640 710 mentis.
1673 655 1743 709 Et
1765 663 2043 724 postquam

456 747 673 815 largiter
699 755 754 801 et
781 760 969 816 magna
999 745 1266 800 hilaritate
1294 745 1578 800 seminavit
1603 744 2038 814 hospitalitatem,

453 837 636 892 statim
682 844 736 890 et
765 835 1069 904 manipulos
1107 835 1408 890 uberrimos
1434 836 1676 890 messuit.
1707 834 1838 889 Nam
1866 834 1954 888 ubi
1978 849 2039 889 ea

455 941 576 996 qute
603 941 670 981 ex
719 941 778 981 se
825 934 980 982 erant
1026 926 1284 996 implevit,
1316 935 1372 982 et
1407 925 1542 980 nihil
1573 925 1940 996 prtetermisit,
1981 938 2044 979 ac

457 1019 616 1074 tinem
642 1026 984 1090 acceperunt,
1007 1033 1125 1089 quae
1147 1017 1214 1073 ad
1240 1017 1654 1090 hospitalitatem
1683 1017 2039 1088 pertinebant,

457 1110 835 1180 declarataque
860 1109 1103 1180 fuitjusti
1127 1109 1294 1164 virtus
1323 1126 1336 1163 :
1372 1118 1499 1165 tunc
1532 1109 1750 1165 demum
1783 1117 1840 1164 ut
1870 1109 2044 1164 disce-

457 1212 542 1257 ret
589 1202 763 1271 justus
815 1211 1136 1272 quantorum
1179 1211 1234 1256 et
1281 1202 1516 1272 qualium
1574 1201 1833 1257 bonorum
1883 1216 2041 1257 causa

455 1293 617 1348 fuerit
658 1293 1012 1363 hospitalitas,
1050 1292 1358 1350 manifestat
1402 1307 1463 1349 se
1497 1294 1542 1349 is
1589 1293 1681 1364 qui
1724 1293 2040 1360 advenerat,

458 1397 618 1456 atque
655 1386 906 1455 paulatim
939 1386 1144 1457 justum
1180 1401 1293 1442 sua:
1329 1386 1746 1457 magnitudinem
1793 1386 2044 1457 potentize

459 1477 637 1532 docet.
667 1476 800 1532 Nam
831 1477 922 1533 ubi
947 1478 1075 1533 vidit
1103 1492 1224 1534 eum
1256 1485 1486 1533 stantem
1517 1477 1657 1547 apud
1685 1492 1959 1548 quercum,
1991 1486 2045 1532 et

463 1568 655 1624 stando
697 1584 946 1640 magnum
1002 1569 1264 1625 honorem
1317 1579 1373 1626 et
1425 1570 1778 1625 ministerium
1827 1568 2040 1635 ail'erre,

458 1660 596 1714 dixit
635 1660 683 1714 ei
712 1678 723 1712 :
756 1660 812 1715 9.
847 1659 946 1714 Ubi
990 1669 1061 1714 est
1108 1660 1270 1717 Sarra
1309 1677 1439 1715 uxor
1484 1661 1608 1714 tua?
1636 1660 1826 1716 Statim
1866 1670 2043 1716 autem

461 1767 558 1819 per
584 1750 1053 1821 interrogationem
1091 1751 1449 1808 subindieavit
1492 1752 1541 1807 ei
1586 1767 1646 1808 se
1691 1767 1796 1807 non
1829 1768 1951 1809 esse
1978 1768 2044 1808 ex

461 1842 769 1911 vulgaribus
789 1841 1042 1911 aliquem,
1075 1851 1260 1911 utpote
1288 1843 1376 1911 qui
1399 1852 1451 1897 et
1478 1843 1657 1897 uxoris
1685 1843 1825 1897 illius
1850 1859 2044 1900 nomen

465 1935 651 1990 sciret.
703 1935 798 1991 llle
853 1942 1030 1989 autem
1077 1934 1282 2004 inquit:
1314 1933 1446 1988 Ecce
1489 1935 1542 1988 in
1587 1935 1929 1990 tabernaculo.
1977 1935 2046 1990 Et

460 2026 584 2094 quia
624 2025 828 2090 statim,
861 2032 1131 2095 tamquam
1157 2025 1321 2092 Dcus,
1353 2025 1682 2096 polliciturus
1711 2035 1826 2082 erat
1855 2027 1903 2082 ci
1929 2043 2048 2097 qua:

460 2131 622 2187 supra
663 2125 906 2172 naturam
933 2125 1110 2184 erant,
1138 2126 1357 2188 propter
1386 2117 1490 2173 hoc
1515 2126 1570 2174 et
1594 2118 1824 2174 dicendo
1849 2134 2046 2174 nomen

462 2207 639 2263 Sarrae
677 2207 994 2279 signitlcavit
1031 2223 1189 2280 supra
1234 2209 1505 2265 hominem
1549 2224 1668 2266 esse
1705 2225 1827 2266 eum
1857 2211 1946 2282 qui
1995 2209 2048 2266 in

465 2298 864 2354 tabernaculum
892 2299 1009 2369 ejus
1037 2298 1348 2363 diverterat.
1379 2299 1466 2355 10.
1494 2299 1764 2355 Revertens
1789 2300 1940 2366 enim,
1970 2302 2050 2356 in-

463 2389 600 2457 quit,
629 2390 823 2442 veniam
863 2389 930 2443 ad
961 2397 1010 2444 te
1033 2389 1308 2444 secundum
1348 2401 1545 2461 tempus
1583 2390 1678 2444 hoc
1711 2390 1764 2444 in
1802 2391 1972 2456 horas,
2004 2401 2051 2444 et

466 2478 664 2534 habebit
689 2480 854 2548 ﬁlium
882 2478 1047 2535 Sarra
1067 2495 1196 2534 uxor
1215 2488 1322 2534 tua.
1353 2479 1494 2535 Ecce
1527 2479 1907 2550 hospitalitatis
1938 2483 2051 2537 fru-

467 2578 610 2635 ctus,
639 2583 766 2625 ecce
793 2569 1087 2625 alacritatis
1119 2570 1262 2625 illius
1289 2569 1440 2626 mine
1468 2585 1698 2638 merces,
1741 2586 1867 2627 ecce
1905 2571 2051 2626 labo-

471 2675 593 2717 rum
618 2659 792 2716 Sarrze
829 2660 1230 2717 retributiones.
1263 2659 1369 2715 Illa
1405 2671 1594 2725 autem,
1637 2662 1827 2732 inquit,
1861 2663 2052 2717 audivit

459 2752 615 2821 juxta
643 2753 825 2808 ostium
846 2752 1175 2819 tabernaculi,
1197 2761 1336 2806 stans
1365 2761 1475 2822 post
1495 2752 1642 2807 illud.
1677 2753 1762 2808 12.
1787 2751 1855 2808 Et
1879 2763 1934 2806 ut
1959 2754 2054 2807 hoc

467 2845 678 2912 audivit,
707 2846 817 2900 risit
840 2861 1030 2911 secum,
1071 2845 1241 2900 dicens
1264 2863 1283 2900 :
1311 2843 1554 2899 Nondum
1583 2845 1783 2916 quidem
1808 2845 1931 2899 mihi
1957 2845 2052 2914 fuit

469 2951 624 3004 usque
648 2951 818 3001 nunc;
847 2935 1082 2989 dominus
1107 2942 1273 2988 autent
1299 2949 1437 2989 meus
1455 2950 1626 2988 senex.
1657 2933 1724 2989 Et
1753 2942 1809 2988 ut
1835 2942 2055 2990 excu5et

473 3027 650 3081 divina
679 3027 951 3096 Scriptura
979 3026 1218 3094 Sarram,
1243 3026 1388 3096 prius
1416 3025 1757 3095 significavit:
1778 3026 1861 3081 11.
1893 3026 2057 3080 Abra-

475 3118 595 3170 ham
621 3125 788 3170 autem
827 3125 872 3171 et
917 3116 1080 3172 Sarra
1104 3116 1354 3186 progressi
1381 3125 1521 3170 erant
1552 3117 1605 3169 in
1634 3117 1806 3170 diebus
1840 3119 1964 3170 suis.
1993 3118 2058 3172 Et

475 3223 650 3277 neque
688 3206 790 3261 hoc
823 3213 1070 3261 contenta
1107 3205 1290 3274 adjicit
1318 3222 1330 3258 :
1359 3205 1426 3258 Et
1465 3204 1715 3259 desierant
1745 3206 1922 3261 Sarrae
1948 3208 2058 3274 ﬁeri

473 3292 757 3354 muliebria.
805 3298 1084 3356 Arefactus
1131 3304 1267 3363 erat,
1315 3297 1504 3366 inquit,
1560 3295 1710 3363 fons,
1761 3308 2059 3353 excmcatus

473 3390 682 3456 oculus,
715 3388 926 3444 ofﬁcina
973 3389 1087 3458 ipsa
1127 3396 1242 3444 erat
1287 3387 1488 3442 inutilis
1525 3385 1683 3442 facta.
1713 3386 1795 3442 Ad
1820 3403 1939 3458 quae
1976 3405 2058 3445 re-

475 3483 708 3552 spiciens
751 3480 932 3546 Sarra,
977 3480 1244 3551 cogitabat
1282 3479 1424 3550 apud
1458 3481 1800 3550 semetipsam
1849 3489 2059 3536 aetatem

479 3587 636 3628 suam
679 3581 733 3628 et
759 3578 1090 3626 senectutem
1125 3569 1441 3640 patriarcha:
1467 3569 1538 3643 (υ.
1569 3569 1683 3640 12).
1709 3569 1905 3624 Verum
1934 3570 2060 3626 dum

477 3663 572 3720 illa
599 3665 737 3718 intra
768 3662 1166 3718 tabernaculum
1190 3663 1260 3716 ita
1298 3661 1514 3732 cogitat,
1543 3660 1588 3716 is
1616 3662 1707 3731 qui
1743 3663 1845 3717 scit
1869 3677 2061 3717 arcana

474 3754 694 3826 mentis,
717 3753 1086 3812 demonstrare
1113 3751 1297 3811 volens
1323 3761 1378 3810 et
1401 3752 1612 3813 virtutis
1654 3765 1765 3811 suae
1789 3753 2063 3812 excellen-

478 3850 629 3914 tiam,
675 3855 732 3902 et
778 3848 910 3902 nihil
958 3846 1225 3902 occultum
1270 3860 1330 3901 se
1369 3845 1556 3910 latere,
1612 3844 1742 3901 dicit
1788 3846 2060 3902 Abrahm:

478 3941 569 3995 15.
604 3937 708 3995 Cur
749 3938 863 3992 risit
905 3937 1071 3993 Sarra
1095 3937 1235 4008 apud
1280 3937 1521 4006 seipsam,
1552 3935 1723 3992 dicens
1751 3951 1771 3991 :
1798 3935 2065 4010 Numquid

477 4048 590 4087 uere
608 4031 806 4103 pariam
821 4031 848 4087 7
871 4046 964 4102 ego
988 4039 1159 4084 autem
1184 4029 1346 4084 senui.
1375 4027 1502 4084 Haec
1525 4027 1667 4084 enim
1695 4029 1782 4084 illa
1809 4028 1948 4100 apud
1975 4044 2064 4084 se-

480 4121 765 4192 metipsum
816 4120 1102 4192 cogitabat.
1159 4119 1249 4175 14.
1304 4117 1447 4174 Num
1489 4118 1816 4190 impossibile,
1873 4119 2063 4190 inquit,

479 4212 622 4282 apud
657 4212 820 4266 Deum
846 4211 1088 4266 uerbum?
1115 4209 1256 4266 Ecce
1284 4210 1562 4266 manifeste
1585 4210 1818 4280 seipsum
1843 4209 2062 4282 detegit.

482 4304 598 4360 Non
643 4305 811 4370 scitis,
852 4302 1043 4372 inquit,
1086 4316 1194 4368 me,
1233 4309 1438 4356 natura:
1480 4300 1739 4355 Dominus
1776 4315 1898 4355 cum
1936 4301 2059 4367 sim,

485 4395 665 4450 omnia
706 4407 867 4464 posse
906 4390 1121 4461 quando
1161 4390 1407 4457 voluero,
1453 4397 1509 4445 et
1552 4399 1819 4445 mortuam
1859 4405 2068 4462 quoque

485 4483 700 4538 vulvam
750 4480 1029 4537 fecundam
1073 4489 1128 4537 et
1172 4481 1343 4552 partui
1383 4479 1627 4537 idoneam
1678 4479 1890 4537 facere?
1927 4480 2067 4537 Num

484 4573 827 4644 impossibile,
891 4572 1098 4644 inquit,
1164 4571 1306 4642 apud
1361 4571 1527 4626 Deum
1589 4572 1824 4644 aliquid?
1881 4573 2070 4629 Nonne

491 4665 671 4722 omnia
721 4663 856 4720 facio
901 4671 958 4719 et
999 4662 1352 4718 transformo?
1399 4677 1580 4717 nonne
1618 4664 1743 4718 vita:
1782 4671 1837 4719 et
1881 4664 2070 4720 mortis

488 4763 810 4826 potestatem
855 4755 1063 4811 habeo?
1091 4753 1235 4808 Num
1259 4755 1566 4824 impossibile
1607 4765 1677 4810 est
1711 4755 1906 4823 aliquid
1931 4755 2071 4824 apud

490 4846 698 4902 Deum?
727 4845 914 4902 Nonne
949 4846 1095 4916 prius
1133 4845 1234 4900 hoc
1279 4845 1546 4916 pollicitus
1583 4845 1740 4901 sum?
1782 4845 1919 4901 Num
1975 4861 2070 4916 po-

489 4945 598 4991 test
629 4935 898 5006 quidpiam
927 4949 954 4987 a
982 4950 1070 4990 me
1101 4933 1298 4990 dictum
1325 4951 1431 4990 non
1470 4937 1523 4991 in
1561 4950 1694 5006 opus
1716 4938 1902 4992 exire?
1929 4938 2066 4992 Audi

461 5083 463 5086 .
490 5027 672 5096 igitur,
703 5024 844 5096 quod
870 5023 937 5079 In
967 5035 1189 5095 tempore
1210 5027 1304 5080 hoc
1329 5037 1552 5082 reuertar
1570 5028 1638 5081 ad
1663 5037 1710 5082 te
1739 5029 1792 5082 in
1818 5029 1991 5096 horas,
2025 5040 2072 5084 et

490 5120 586 5174 erit
624 5118 799 5174 Sarra:
827 5118 987 5188 ﬁlius.
1034 5119 1318 5190 Postquam
1363 5129 1652 5185 revertero,
1704 5119 1893 5190 inquit,
1939 5129 2072 5175 tem-

488 5225 622 5280 pore
650 5209 770 5276 hoc,
805 5217 930 5266 tunc
954 5210 1090 5266 sciet
1110 5226 1170 5266 re
1198 5211 1312 5279 ipsa
1345 5210 1508 5266 Sarra
1535 5209 1678 5280 quod
1708 5224 1879 5280 neque
1908 5225 2069 5267 sene-

489 5310 609 5356 ctus
630 5300 680 5357 ei
699 5300 973 5356 obstaculo
1002 5299 1184 5368 fuerit,
1207 5315 1383 5371 neque
1411 5300 1662 5356 sterilitas
1690 5317 1705 5356 :
1734 5301 1830 5356 sed
1848 5301 2071 5358 verbum

490 5404 672 5444 meum
703 5405 809 5444 non
834 5390 1030 5460 poterit
1047 5390 1254 5446 irritum
1276 5390 1447 5457 reddi,
1479 5399 1533 5447 et
1557 5401 1740 5462 partus
1760 5406 1877 5448 eam
1907 5393 2069 5450 doce-

489 5478 571 5534 bit
595 5494 778 5534 eorum
810 5496 927 5550 quae
954 5496 984 5535 a
1012 5496 1098 5536 me
1122 5481 1263 5538 dicta
1304 5491 1429 5536 sunt
1462 5483 1775 5552 potentiam.
1803 5484 2071 5542 Caeterum

493 5577 553 5621 ut
577 5569 666 5623 illa
697 5570 917 5637 audivit,
949 5585 1120 5642 neque
1140 5572 1229 5627 illa
1252 5587 1371 5642 qua:
1395 5574 1651 5644 cogitaret
1679 5591 1798 5633 esse
1823 5580 2071 5647 prtesenti

495 5660 722 5729 occulta,
761 5662 847 5718 15.
897 5661 1112 5734 Negavit
1152 5663 1361 5720 dicens:
1391 5663 1512 5723 Non
1555 5667 1662 5722 risi.
1703 5667 1886 5725 Timor
1929 5671 2071 5728 enim

1171 266 1225 323 S.
1267 265 1543 324 JOANNIS
1581 262 2051 324 CIIRYSOSTOMI
2094 263 2408 321 ARCHIEP.
2451 266 2982 327 CONSTANTINOP.

3634 279 3740 336 58!

2151 391 2495 438 concusserat
2533 384 2650 454 ejus
2692 394 2946 442 mentem.
2993 387 3281 460 Propterea
3323 388 3594 462 Scriptura
3638 396 3746 452 hoc

2151 478 2320 525 totum
2362 471 2654 529 infirmitati
2695 475 2812 546 ejus
2853 477 3089 533 tribuens
3127 477 3317 551 inquit,
3362 481 3564 539 Timore
3599 489 3744 541 enim

2149 563 2415 630 perterrita
2450 565 2570 636 fuit.
2611 565 2805 621 Verum
2847 569 3144 638 patriarcha
3177 571 3305 629 dicit
3342 574 3391 628 ei
3415 590 3433 631 :
3457 573 3596 643 Non,
3649 584 3742 634 sed

2148 653 2324 709 risisti.
2351 653 2430 710 Ne
2459 664 2630 726 putes,
2665 657 2854 728 inquit,
2884 659 3009 716 licet
3036 661 3088 715 in
3115 661 3296 720 animo
3323 662 3437 720 htec
3466 673 3730 724 tractave-

2149 743 2243 810 ris,
2275 753 2328 800 et
2355 745 2408 800 in
2438 748 2647 802 occulto
2685 748 2889 815 riseris,
2923 750 3038 805 haec
3058 765 3220 822 posse
3244 753 3495 810 abscondi
3531 756 3597 812 ab
3619 759 3742 827 ejus

2149 837 2236 906 qui
2269 837 2488 892 advenit
2508 839 2706 895 virtute
2730 847 2785 894 et
2816 839 3062 897 scientia.
3098 842 3277 914 Itaque
3303 859 3499 917 negare
3536 846 3737 903 factum

2149 930 2277 996 noli,
2307 945 2374 986 ne
2416 930 2582 986 addas
2619 932 2687 987 ad
2730 942 3034 1002 peccatum.
3066 933 3252 1005 Magna
3296 939 3438 992 enim
3471 937 3629 997 hodie
3666 942 3738 997 ab

2152 1017 2253 1075 hac
2277 1019 2637 1090 hospitalitate
2665 1023 2819 1078 nobis
2848 1025 3166 1093 provenient
3188 1011 3347 1081 bona.

2219 1111 2272 1166 7.
2317 1109 2533 1166 Moralis
2578 1113 2880 1169 exhortatio.
2915 1115 3160 1172 —Hunc
3207 1116 3476 1173 imitemur
3521 1133 3742 1190 onmes,

2147 1211 2202 1258 et
2225 1217 2467 1273 magnam
2501 1218 2748 1274 geramus
2775 1204 3150 1276 hospitalitatis
3175 1222 3358 1264 curam
3384 1227 3399 1264 :
3429 1224 3531 1265 non
3560 1220 3618 1267 ut
3648 1212 3742 1269 llu-

2148 1306 2336 1348 xorum
2358 1301 2413 1349 et
2434 1294 2854 1364 corruptibilium
2896 1295 3300 1354 retributionem
3323 1299 3497 1355 solum
3519 1303 3745 1372 accipis-

2147 1398 2268 1438 mus
2287 1424 2302 1449 ,
2325 1384 2420 1439 sed
2447 1392 2503 1438 ut
2526 1400 2847 1455 reponamus
2875 1387 3027 1442 nobis
3052 1387 3211 1444 etiam
3241 1389 3619 1446 immortalium
3649 1394 3746 1449 bo-

2148 1487 2336 1528 norum
2363 1473 2686 1531 fruitionem.
2726 1476 2856 1532 Nam
2880 1480 2924 1532 si
2948 1479 3048 1533 hoc
3085 1478 3305 1534 facimus
3325 1523 3340 1548 ,
3361 1496 3460 1537 nos
3478 1482 3637 1538 etiam
3659 1483 3746 1540 hic

2147 1563 2414 1619 Christum
2441 1567 2790 1636 suscipiemus
2813 1609 2830 1637 ,
2861 1576 2917 1624 et
2943 1569 3194 1640 suscipiet
3220 1571 3380 1626 etiam
3427 1573 3542 1642 ipse
3569 1589 3663 1630 nos
3690 1576 3741 1630 in

2149 1657 2510 1714 mansionibus
2547 1659 2650 1716 illis
2674 1675 2792 1730 qua:
2817 1660 2885 1716 ab
2905 1669 3106 1716 aeterno
3133 1671 3441 1732 prmparatae
3469 1675 3591 1721 sunt
3619 1665 3748 1720 dili-

2147 1746 2389 1817 gentibus
2417 1747 2586 1817 ipsum
2607 1792 2622 1816 ,
2662 1748 3041 1820 audiemusque
3069 1750 3138 1805 ab
3163 1766 3228 1806 eo
3267 1769 3281 1806 :
3319 1751 3522 1819 Venite,
3549 1756 3748 1808 benedi-

2150 1839 2218 1891 cti
2234 1836 2416 1895 Patris
2439 1841 2562 1905 mei,
2589 1840 2642 1894 in
2663 1841 2987 1895 hereditatem
3013 1843 3224 1913 accipite
3255 1853 3590 1912 prtepamlum
3612 1848 3752 1901 vobis

2150 1943 2358 1997 regnum
2382 1929 2444 1981 ab
2467 1930 2659 1999 origine
2683 1931 2860 1985 mundi
2878 1930 3090 2002 (Matth.
3113 1933 3202 1987 25.
3229 1933 3436 2002 35.56).
3451 1933 3608 2004 Cujus
3627 1949 3749 2006 gra-

2153 2018 2223 2072 tia
2264 2028 2316 2074 et
2370 2029 2588 2090 propter
2636 2021 2806 2091 quid?
2833 2021 3041 2076 Esurivi
3092 2022 3257 2092 enim,
3290 2031 3336 2076 et
3374 2023 3578 2079 dedistis
3627 2026 3750 2078 mihi

2153 2109 2498 2163 manducare:
2531 2110 2664 2165 sitivi
2685 2153 2701 2178 ,
2731 2119 2778 2166 et
2816 2113 3025 2180 potestis
3054 2129 3132 2166 me
3155 2128 3175 2166 :
3225 2114 3517 2184 peregrinus
3560 2115 3660 2185 fui,
3703 2126 3747 2169 et

2153 2201 2423 2270 collegistis
2441 2203 2614 2258 me:in
2630 2220 2825 2259 carcere
2849 2206 2946 2276 fui,
2967 2215 3012 2260 et
3036 2205 3272 2260 invisistis
3300 2223 3396 2261 me.
3417 2207 3553 2274 Quid
3580 2209 3751 2265 minus

2154 2291 2435 2348 molestum
2481 2308 2638 2363 quam
2691 2293 2842 2350 haec?
2885 2295 3022 2350 Num
3067 2295 3308 2368 praecipit
3347 2297 3498 2353 nobis
3545 2301 3751 2355 curiose

2152 2381 2378 2437 scrutari
2408 2391 2464 2437 et
2511 2383 2800 2454 inquirere,
2842 2384 3154 2456 quibusnam
3205 2385 3522 2442 deberemus
3565 2399 3744 2443 curam

2153 2471 2444 2528 exhibere?
2481 2473 2558 2528 Tu
2604 2475 2747 2544 quod
2783 2484 2929 2531 tuum
2961 2484 3075 2546 est,
3108 2476 3304 2547 inquit,
3339 2477 3584 2548 ostende,
3631 2479 3751 2536 licet

2154 2561 2393 2633 abiectus
2437 2574 2492 2622 et
2517 2567 2638 2622 vilis
2662 2567 2750 2634 sit,
2804 2579 2863 2624 ut
2893 2579 3144 2640 apparet,
3176 2584 3332 2638 quem
3388 2568 3536 2628 foves
3567 2591 3581 2627 :
3636 2589 3751 2644 qua:

2155 2657 2298 2710 enim
2319 2655 2372 2710 in
2399 2656 2517 2712 illos
2538 2657 2671 2713 facta
2691 2668 2834 2728 sunt,
2860 2674 2961 2730 ego
2979 2669 3038 2716 ut
3062 2661 3191 2716 mihi
3217 2664 3314 2734 ipsi
3337 2663 3472 2718 facta
3503 2678 3749 2734 agnosco.

2157 2748 2444 2818 Propterea
2463 2748 2667 2804 addidit
2689 2767 2702 2803 :
2724 2749 2789 2805 In
2809 2761 3052 2819 quantum
3077 2753 3266 2824 fecistis
3287 2755 3374 2808 uni
3391 2758 3602 2825 fratrum
3624 2772 3752 2810 meo-

2158 2852 2276 2890 rum
2303 2838 2655 2906 minimarum,
2683 2839 2808 2892 mihi
2835 2840 3019 2909 fecistis
3049 2839 3208 2913 (Ibid.
3232 2858 3282 2898 υ.
3305 2844 3418 2914 40).
3452 2843 3611 2914 Igitur
3635 2858 3752 2898 cum

2161 2935 2305 3005 tanta
2333 2943 2398 2983 ex
2430 2927 2786 3000 hOSpitalitate
2822 2932 2929 2986 sint
2961 2931 3102 2987 lucra
3124 2972 3140 2998 ,
3169 2948 3274 2988 non
3323 2944 3749 3001 contemnamus,

2161 3019 2257 3077 scd
2279 3014 2522 3089 quotidie
2567 3020 2724 3090 hujus
2757 3021 2909 3076 bonae
2937 3023 3309 3093 negotiationis
3337 3039 3536 3080 merces
3561 3024 3752 3080 inferre

2161 3111 2489 3182 Studeamus,
2543 3114 2772 3169 scientes
2821 3115 3100 3171 Dominum
3147 3124 3383 3172 nostrum
3431 3117 3746 3171 alacritatem

2163 3216 2428 3272 magnam,
2476 3216 2581 3257 non
2625 3203 2865 3258 ciborum
2913 3205 3120 3274 pondus
3147 3208 3742 3277 requirere,nonmen-

2163 3304 2275 3350 eam
2303 3297 2688 3360 sumptuosam,
2719 3292 2814 3347 sed
2857 3304 3090 3349 mentem
3116 3293 3373 3361 hilarem,
3404 3311 3505 3350 nou
3553 3304 3758 3350 tantum

2165 3381 2521 3436 ministerium
2552 3398 2582 3436 a
2611 3383 2768 3437 nudis
2795 3384 2992 3450 verbis,
3023 3384 3118 3440 sed
3139 3387 3410 3440 caritatem
3438 3399 3468 3439 a
3494 3399 3624 3454 puro
3643 3386 3756 3439 sin-

2165 3485 2397 3542 ceroque
2444 3473 2626 3528 corde.
2657 3473 2859 3530 Idcirco
2908 3485 2964 3531 et
3016 3477 3228 3547 sapiens
3265 3477 3478 3548 quidam
3521 3477 3761 3532 diceliat:

2168 3561 2354 3616 Melior
2389 3579 2553 3618 sermo
2573 3580 2724 3634 quam
2745 3581 2926 3621 munus
2958 3567 3143 3639 (Eccli.
3175 3569 3260 3624 18.
3289 3569 3402 3640 16).
3446 3569 3598 3640 Saepe
3623 3570 3764 3624 cnim

2168 3655 2432 3712 sermonis
2453 3656 2766 3728 obsequium
2796 3657 2963 3731 magis
2985 3670 3193 3716 recreat
3217 3660 3541 3733 indigentem
3564 3703 3580 3729 ,
3608 3677 3763 3732 quam

2169 3750 2371 3806 donum
2394 3751 2587 3821 ipsum.
2618 3751 2743 3807 llaec
2777 3767 2899 3807 cum
2927 3753 3157 3809 sciamus
3177 3795 3191 3821 ,
3225 3770 3293 3811 ne
3317 3755 3485 3810 simus
3529 3754 3768 3810 difﬁciles

2169 3857 2292 3914 erga
2323 3857 2416 3899 eos
2455 3845 2546 3915 qui
2574 3843 2639 3898 ad
2669 3859 2768 3901 nos
2794 3844 3053 3901 accedunt
3077 3864 3090 3901 :
3119 3845 3213 3902 sed
3243 3847 3288 3904 si
3327 3845 3656 3918 potuerimus
3682 3861 3776 3918 eo:

2171 3951 2290 3991 rum
2318 3937 2550 4007 impiam
2572 3937 2849 3992 sublevare
2870 3979 2884 4003 ,
2910 3937 3014 3995 hoc
3037 3937 3291 3994 faciamus
3318 3953 3441 3994 cum
3455 3937 3647 4010 gaudio
3674 3937 3763 3992 lze-

2173 4029 2393 4100 titiaque
2427 4045 2618 4100 magna
2647 4046 2660 4084 :
2693 4045 2797 4087 non
2821 4039 2877 4086 ut
2918 4031 3214 4102 praebentes
3243 4031 3442 4103 aliquid
3461 4073 3478 4098 ,
3511 4031 3604 4087 sed
3630 4039 3686 4087 ut
3705 4031 3771 4085 ab

2172 4119 2250 4176 eis
2274 4120 2502 4176 maxima
2528 4121 2849 4193 accipientes
2881 4139 2894 4176 :
2922 4123 3062 4193 quod
3110 4123 3154 4179 si
3201 4137 3305 4180 non
3352 4138 3639 4194 possumus
3658 4163 3676 4191 ,
3708 4137 3772 4178 ne

2172 4214 2339 4270 simus
2366 4215 2542 4285 asperi
2570 4215 2622 4270 in
2676 4230 2770 4270 eos
2799 4233 2812 4270 :
2844 4214 2939 4271 sed
2967 4216 3144 4272 verbis
3165 4215 3351 4270 saltem
3375 4215 3575 4270 eorum
3596 4229 3770 4272 curam

2173 4321 2426 4376 agamus,
2489 4315 2544 4363 et
2589 4320 2709 4362 cum
2761 4306 3165 4363 mansuetudine
3205 4306 3625 4377 respondeamus
3670 4307 3766 4361 eis.

2173 4394 2349 4463 Quare
2385 4397 2527 4452 enim
2553 4395 2685 4453 dure
2707 4397 2997 4467 compellans
3037 4397 3185 4453 eum?
3229 4396 3366 4452 Num
3415 4397 3598 4469 cogit?
3646 4410 3770 4450 num

2175 4487 2285 4542 vim
2312 4486 2478 4542 facit?
2507 4487 2674 4554 Orat,
2703 4489 2982 4559 supplicat,
3014 4488 3294 4546 obsecrat:
3323 4489 3412 4559 qui
3451 4496 3620 4541 autem
3647 4482 3766 4538 hmc

2177 4576 2338 4643 facit,
2366 4577 2688 4632 contumelia
2713 4577 2903 4648 dignus
2932 4592 3037 4632 non
3067 4585 3167 4633 est.
3200 4577 3339 4644 Quid
3375 4576 3519 4639 dico,
3554 4581 3670 4629 orat
3711 4581 3770 4627 et

2175 4665 2461 4736 supplicat?
2490 4666 2766 4721 Innumcra
2811 4667 2947 4722 bene
2975 4676 3293 4738 apprecatur
3312 4709 3327 4734 ,
3352 4673 3404 4721 et
3446 4662 3562 4718 hate
3588 4663 3766 4717 omnia

2181 4756 2308 4812 facit
2335 4771 2433 4827 pro
2454 4771 2559 4810 uno
2589 4756 2748 4812 obolo
2766 4797 2781 4824 ,
2812 4772 2984 4827 neque
3011 4766 3188 4813 tamen
3217 4757 3366 4812 illum
3390 4767 3684 4826 erogamus.
3712 4753 3778 4807 Et

2177 4865 2337 4920 quam
2380 4863 2728 4920 assequemur
2757 4849 3006 4905 veniam?
3036 4865 3194 4921 quam
3235 4849 3549 4905 habebimus
3593 4845 3777 4900 defen-

2177 4943 2418 4999 sionem?
2448 4943 2552 5013 lpsi
2594 4943 2808 5014 quidem
2837 4944 3074 5015 quotidie
3115 4944 3312 4998 lautam
3341 4955 3582 4998 mensam
3629 4938 3783 4995 nobis

2178 5036 2369 5105 apponi
2401 5049 2682 5102 curamus,
2727 5045 2782 5092 et
2829 5051 2974 5106 saepe
3004 5036 3122 5106 plus
3151 5050 3315 5106 quam
3344 5047 3472 5090 usus
3522 5029 3783 5102 requirit,

2181 5127 2538 5184 insumimus:
2571 5129 2675 5186 illis
2715 5145 2842 5186 vero
2879 5145 3054 5200 neque
3079 5143 3305 5200 parvum
3324 5127 3452 5200 quid
3493 5124 3787 5182 communi-

2179 5234 2384 5287 camus,
2407 5220 2564 5291 idque
2579 5236 2698 5276 cum
2717 5222 2992 5277 innumera
3015 5221 3150 5277 bona
3168 5234 3262 5290 per
3278 5219 3376 5274 hos
3401 5232 3500 5273 nos
3515 5215 3788 5271 habituros

2179 5319 2573 5380 exspectemus.
2636 5311 2740 5368 Sed
2785 5326 2820 5368 o
2871 5326 3116 5382 magnam
3183 5309 3474 5366 desidiam!
3525 5306 3786 5375 Quantam

2180 5401 2322 5454 enim
2377 5401 2502 5457 hinc
2535 5402 2797 5472 iacturam
2847 5401 3106 5459 facimus?
3147 5409 3402 5472 quantum
3433 5398 3567 5453 lucri
3597 5412 3627 5452 e
3668 5409 3782 5449 ma-

2182 5492 2335 5547 nibus
2390 5494 2589 5549 nostris
2663 5495 2924 5549 excedere
2992 5491 3384 5563 permittimus?
3439 5487 3789 5545 Occasionem

2181 5593 2378 5637 nostrae
2405 5583 2594 5638 salutis
2630 5600 2660 5638 a
2684 5585 2789 5639 Deo
2819 5584 2973 5640 nobis
2997 5585 3173 5639 datam
3203 5581 3589 5647 amandamus,
3619 5592 3796 5646 neque

2181 5674 2498 5742 Cogitamus,
2528 5676 2606 5732 vel
2650 5676 2700 5732 in
2750 5686 2927 5733 mente
2987 5689 3262 5733 versamus
3308 5674 3430 5730 hinc
3472 5671 3793 5744 parvitatem
