4070 6194
432 215 537 271 583

447 327 588 381 Ἀλλ’
612 329 639 382 6
670 328 724 382 δέ
754 327 960 390 δίκαιος
994 317 1148 389 οὗτος
1179 323 1332 386 εἰδὼς
1384 326 1524 396 ὅπερ
1560 321 1881 393 εἰργάζετο,
1921 320 2014 374 διὰ

436 412 542 464 τῶν
569 411 867 480 γινομένων
901 410 1156 462 ἀπάντων
1185 408 1389 459 ἐδείκνυ
1413 407 1510 474 τῆς
1541 406 1720 475 ψυχῆς
1745 404 1844 474 τὴν
1876 420 2015 474 προ-

436 491 655 561 θυμίαν.
693 492 800 543 Καὶ
838 490 1023 560 ἐπειδὴ
1052 491 1189 558 μετά
1219 488 1495 557 δαψιλείας
1531 489 1624 540 καὶ
1675 486 1872 556 πολλῆς
1916 487 2018 552 τῆς

446 574 757 644 ἱλαρότητος
786 573 1004 642 ἔσπειρε
1036 572 1134 640 τὴν
1162 569 1496 639 φιλοξενίαν,
1546 569 1884 640 παραχρῆμα
1921 567 2017 620 δα-

435 658 584 722 ψιλεῖ
633 658 698 724 τῇ
737 656 880 724 χειρὶ
933 655 1003 707 τά
1052 654 1341 724 δράγματα
1374 653 1605 723 ἐδέχετο.
1647 651 1864 724 Ἐπειδὴ
1914 651 2020 720 γὰρ

439 740 652 794 ἅπαντα
671 738 739 790 τά
767 739 895 806 παρ’
923 737 1115 789 ἐαυτοῦ
1143 737 1453 806 ἐπλήρωσε,
1510 737 1605 788 καὶ
1639 736 1790 788 οὐδὲν
1819 737 2020 802 ἐγκατ-

436 823 646 884 έλιπεν,
681 820 817 874 ἀλλὰ
843 821 994 884 τέλος
1028 819 1185 873 ἔλαϐε
1212 819 1276 873 τά
1301 821 1396 890 τῆς
1418 819 1740 888 φιλοξενίας,
1770 819 1860 870 καὶ
1879 815 2018 870 ἐδεί-

436 903 540 974 χθη
573 902 666 956 τοῦ
695 903 904 956 δικαίου
934 905 967 973 ή
1001 903 1170 975 ἀρετή
1196 919 1211 933 ο
1270 903 1394 954 τότε
1422 901 1607 955 λοιπὸν
1633 943 1648 965 ,
1684 901 1770 953 ἵνα
1817 900 1960 970 μάθῃ
1991 901 2020 952 ὁ

436 985 642 1048 δίκαιος
689 985 818 1038 οἴων
852 985 1102 1055 ἐπέτυχε,
1155 984 1249 1037 καὶ
1287 984 1407 1037 ὅσον
1455 983 1605 1054 αύτῷ
1639 984 1746 1037 τῶν
1802 982 2020 1050 ἀγαθῶν

438 1067 585 1120 αίτία
618 1067 909 1137 γεγένηται
938 1069 972 1136 ή
1001 1068 1100 1136 τῆς
1135 1066 1437 1135 φιλοξενίας
1475 1065 1729 1128 ὑπόθεσις
1747 1107 1762 1132 ,
1790 1065 2022 1118 ἐκκαλύ-

439 1166 561 1201 πτει
591 1149 782 1202 ἐαυτὸν
800 1151 828 1201 6
850 1148 1260 1219 παραγεγονὼς,
1294 1148 1387 1201 καὶ
1417 1147 1558 1201 κατὰ
1589 1148 1782 1218 μικρὸν
1805 1147 2017 1200 ὑποδεί-

439 1248 592 1284 κνυσι
627 1231 706 1301 τῷ
727 1232 919 1302 δικαίῳ
954 1234 1055 1302 τῆς
1112 1232 1317 1296 οἰκείας
1345 1231 1625 1302 δυνάμεως
1669 1229 1730 1283 τὸ
1770 1229 2015 1300 μέγεθος.

449 1312 594 1366 Ἰδὼν
619 1315 727 1386 γάρ
765 1315 927 1368 αὑτὸν
958 1315 1285 1386 παρεστῶτα
1316 1315 1468 1387 παρὰ
1494 1314 1590 1386 τὴν
1623 1313 1754 1385 δρῦν
1775 1353 1790 1375 ,
1817 1314 1910 1365 καὶ⁵
1933 1312 2019 1367 6:5:

435 1397 534 1466 τῆς
591 1397 833 1461 στάσεως
866 1397 962 1468 τὴν
997 1398 1199 1469 πολλὴν
1227 1399 1395 1470 τιμὴν
1447 1398 1541 1452 καὶ
1575 1398 1674 1468 τὴν
1721 1396 2019 1468 θεραπείαν

435 1478 896 1549 ἐπιδεικνύμενον,
915 1480 1048 1549 φησὶ
1065 1480 1200 1551 πρὸς
1223 1481 1386 1534 αὐτόν
1405 1496 1419 1510 ·
1449 1479 1574 1534 Ποῦ
1590 1480 1785 1548 Σάρρα
1805 1481 1842 1548 ἠ
1865 1478 2016 1548 γυνιὶ

435 1575 552 1613 σου
566 1577 584 1622 ;
643 1562 857 1624 Εὐθέως
897 1562 985 1615 διά
1029 1563 1126 1632 τῆς
1177 1563 1499 1634 ἐρωτήσεως
1523 1561 1818 1633 παρῄνιξεν
1847 1560 2014 1630 αύτῷ,

433 1643 648 1706 δεικνὺς
671 1643 746 1705 ὡς
776 1644 874 1713 οὐχ
907 1645 936 1697 6
959 1644 1137 1714 τυχών
1165 1646 1311 1698 ἐστιν
1342 1647 1371 1699 6
1416 1643 1836 1716 παραγεγονὼς,
1869 1645 1922 1696 εἴ
1951 1660 2016 1712 γε

435 1727 528 1778 καὶ
561 1725 660 1795 τῆς
688 1727 948 1794 γυναικὸς
981 1726 1146 1780 αὑτοῦ
1191 1728 1288 1799 τὴν
1329 1729 1696 1798 προσηγορίαν
1726 1719 2010 1796 ἠπίστατο.

447 1808 503 1858 ὐ
535 1807 592 1860 δέ
645 1825 809 1876 φησιν
833 1823 844 1834 ’
887 1810 1031 1862 Ἰδοὺ
1056 1811 1124 1862 ἐν
1148 1810 1224 1878 τῇ
1252 1809 1476 1878 σκηνῇ.
1531 1811 1641 1863 Καὶ
1670 1811 1792 1863 ἐπεὶ
1824 1809 2015 1880 ἔμελλε

431 1889 634 1951 λοιπὸν,
659 1891 735 1952 ώς
766 1890 918 1953 Θεὸς,
965 1891 1341 1960 ὑπισχνεῖσθαι
1375 1891 1524 1963 αύτῷ
1560 1892 1629 1945 τά
1659 1892 1800 1958 ὑπὲρ
1833 1893 2014 1960 φύσιν,

344 2039 358 2050 α
430 1971 520 2025 διά
545 1971 702 2024 τοῦτο
733 1973 825 2025 καὶ
853 1973 932 2043 τῷ
955 1975 1129 2026 εἰπεῖν
1155 1974 1251 2044 τὴν
1285 1975 1652 2045 προσηγορίαν
1677 1976 1773 2046 τῆς
1804 1975 2016 2046 Σάρρας

432 2054 728 2124 ἐσήμανεν,
753 2055 833 2107 61:
863 2055 1004 2124 ὑπὲρ
1030 2054 1314 2124 ἄνθρωπόν
1345 2059 1493 2110 ἐστιν
1525 2057 1554 2108 6
1580 2057 1658 2120 είς
1683 2058 1780 2127 τὴν
1815 2057 2016 2129 σκηνὴν

431 2135 594 2189 αὐτοῦ
618 2136 930 2206 καταχθείς.
968 2137 1472 2206 Ἐπαναστρέςεων
1495 2137 1602 2208 γάρ
1625 2178 1640 2204 ,
1681 2139 1866 2210 φησιν,
1894 2140 2018 2206 ἥξω

431 2218 580 2285 πρὸς
616 2219 692 2272 σὲ
729 2219 878 2273 κατὰ
916 2219 1022 2272 τὸν
1058 2219 1270 2287 καιρὸν
1307 2218 1524 2275 τοῦτον
1559 2223 1647 2288 είς
1682 2221 1859 2288 ὥρας,
1914 2223 2013 2276 καὶ

428 2303 550 2366 ἔξει
604 2303 740 2357 υἱὸν
795 2303 996 2371 Σάρρα
1031 2305 1070 2372 ἡ
1116 2301 1270 2373 γυνή
1310 2319 1462 2357 σου·
1534 2305 1666 2358 Ἰδοὺ
1713 2306 1810 2374 τῆς
1867 2305 2018 2373 φιλο-

430 2383 608 2449 ξενίας
643 2385 692 2438 οί
730 2386 973 2456 καρποὶ,
1019 2386 1127 2439 ἰδοὺ
1161 2386 1259 2456 τῆς
1291 2385 1598 2456 προθυμίας
1633 2386 1732 2458 τῆς
1764 2388 2013 2440 ἐπιτετα-

430 2468 601 2537 μένης
639 2470 667 2521 6
709 2469 930 2539 μισθὸς,
978 2468 1085 2522 ἰδοὺ
1127 2469 1235 2521 τῶν
1274 2470 1536 2539 καμάτων
1573 2469 1674 2540 τῆς
1715 2471 1930 2542 Σάρρας
1959 2474 2014 2524 αί

424 2549 670 2618 ἀμοιϐαί.
724 2551 959 2617 Ἐκείνη
1009 2549 1099 2616 δέ,
1151 2551 1354 2620 φησὶν,
1403 2550 1634 2619 ἤκουσε
1681 2558 1842 2621 παρὰ
1901 2554 2016 2621 τὴν

427 2634 616 2700 θύραν
651 2632 762 2701 τῆς
799 2632 1063 2702 σκηνῆς,
1103 2633 1345 2687 ἑστῶσα
1382 2633 1655 2691 ὄπισθεν.
1690 2637 1801 2691 Καὶ
1836 2637 2013 2691 τοῦτο

425 2717 769 2780 ἀκούσασα,
795 2717 1050 2785 ἐγέλασε
1074 2719 1206 2771 καθ’
1231 2717 1478 2786 ἑαυτὴν,
1497 2719 1769 2788 λέγουσα
1787 2738 1800 2750 ο
1840 2722 2014 2774 Οὔπω

423 2797 539 2866 μέν
571 2817 672 2865 pr:
707 2798 956 2869 γέγονεν
991 2799 1105 2866 ἓως
1139 2802 1245 2855 τοῦ
1283 2802 1433 2856 νῦνο
1475 2805 1509 2856 ὀ
1545 2803 1617 2856 δὲ
1654 2805 1860 2872 κύριός
1892 2822 2013 2873 μου

424 2883 845 2950 πρεσϐύτερος.
886 2883 996 2936 Καὶ
1035 2884 1124 2938 ἵνα
1149 2884 1558 2957 ἀπολογήσηται
1593 2888 1626 2956 ή
1666 2887 1786 2942 θεία
1819 2888 2011 2960 Γραφὴ

424 2963 565 3034 ὑπὲρ
611 2965 710 3034 τῆς
758 2965 1013 3036 Σάρρας,
1061 2966 1409 3037 προλαϐοῦσα
1458 2970 1873 3042 ἐπεσημήνατο,
1930 2971 2012 3025 61:

436 3047 681 3117 Ἀϐραὰμ
734 3047 802 3101 δὲ
838 3049 934 3102 καὶ
965 3049 1198 3118 Σάρρα,
1252 3053 1684 3121 προϐεϐηκότες
1727 3050 1889 3125 ἦσαν
1942 3055 2012 3108 ἐν

423 3133 552 3199 ταῖς
589 3133 832 3201 ἡμέραις
857 3134 1074 3192 αὐτῶν.
1103 3138 1210 3188 Καὶ
1236 3137 1356 3189 οῦδέ
1387 3151 1413 3178 ει
1451 3139 1614 3210 μέχρι
1634 3139 1822 3193 τούτου
1853 3140 2006 3212 ἔστη,

422 3215 558 3267 ἀλλά
576 3214 726 3286 [421]
760 3234 947 3287 φησιν’
994 3217 1270 3282 Ἐξέλιπε
1306 3219 1374 3272 δὲ
1404 3220 1602 3288 Σάρρᾳ
1643 3223 1911 3290 γίνεσθαι
1939 3226 2010 3280 τὰ

420 3297 746 3364 γυναικεῖα.
799 3299 1187 3368 Ἐξηραμμένη
1247 3295 1336 3368 ἦν,
1387 3301 1573 3368 φησὶν,
1625 3303 1658 3370 ή
1697 3304 1888 3374 πηγὴ,
1924 3323 2010 3358 τε-

419 3379 668 3446 τύφλωτο
697 3380 724 3430 6
751 3378 1048 3446 ὀφθαλμὸς,
1087 3379 1221 3430 αὐτὸ
1253 3379 1313 3430 τὸ
1343 3381 1700 3452 ἐργαστήριον
1732 3379 1800 3453 ἦν
1832 3401 2009 3456 πεπη-

421 3461 686 3530 ρωμένον.
724 3460 802 3511 Δι’
830 3459 858 3511 6
891 3457 1152 3529 ἀφορῶσα
1190 3460 1327 3530 πρὸς
1365 3461 1599 3534 ταῦταή
1643 3463 1850 3536 Σάρρα,
1887 3467 2006 3520 καθ’

419 3543 618 3612 ἑαυτὴν
642 3541 914 3609 ἐλογίζετο
937 3542 1037 3612 τήν
1066 3558 1128 3593 τε
1167 3543 1367 3612 ἐαυτῆς
1394 3544 1628 3614 ήλικίαν,
1663 3547 1724 3599 τό
1752 3565 1808 3600 τε
1832 3549 2006 3620 γῆρας

417 3625 512 3676 τοῦ
539 3623 901 3694 πατριάρχου.
921 3624 1061 3676 Ἀλλ’
1089 3625 1306 3695 ἐκείνης
1327 3626 1466 3680 κατά
1486 3628 1585 3695 τὴν
1611 3631 1813 3702 σκηνήν
1835 3631 2007 3686 ταῦτα

417 3707 793 3777 λογιζομένης,
823 3708 853 3759 6
888 3705 957 3759 τὰ
985 3706 1274 3779 ἀπόρρητα
1301 3709 1401 3780 τῆς
1429 3709 1665 3776 διανοίας
1703 3713 2003 3786 ἐπιστάμε-

417 3807 526 3854 νος,
556 3789 724 3854 δεῖξαι
755 3788 1078 3859 βουλόμενος
1105 3792 1201 3843 καὶ
1233 3791 1332 3861 τῆς
1358 3792 1563 3857 οίκείας
1589 3794 1872 3866 δυνάμεως
1905 3798 2004 3870 τὴν

417 3873 746 3944 ὑπερϐολὴν,
782 3873 878 3927 καὶ
906 3873 990 3926 61:
1018 3873 1173 3925 οὐδὲν
1202 3873 1366 3928 αὐτὸν
1410 3874 1662 3932 λανθάνει
1701 3880 1808 3933 τῶν
1833 3883 2004 3954 ἀπορ-

419 3957 621 4024 ρἧωνο
657 3956 792 4025 φησὶ
844 3954 982 4026 πρὸς
1043 3955 1136 4008 τὸν
1187 3957 1455 4028 Ἀϐραάμε
1495 3960 1561 4013 Τί
1611 3961 1700 4016 ὅτι
1745 3963 2003 4032 ἐγέλασε

417 4036 614 4105 Σάρρα
632 4038 701 4090 ἐν
721 4035 908 4104 ἑαυτῇ
918 4035 1207 4106 λέγουσα·
1225 4033 1297 4093 *Α
1298 4038 1378 4108 pd
1394 4058 1460 4109 γε
1478 4042 1713 4111 ἀληθῶς
1727 4045 1967 4116 τέξομαι
1981 4089 1996 4112 ,

413 4119 530 4189 ἐγὼ
559 4119 628 4172 δέ
662 4118 981 4188 τετήρηκα.
1018 4119 1203 4174 Ταῦτα
1245 4123 1353 4199 γάρ
1391 4125 1572 4195 ἐκείνη
1604 4127 1662 4179 ἐν
1691 4128 1856 4199 ἑαυτῇ
1884 4131 2000 4184 ἐλο-

414 4202 614 4268 γίζετο.
651 4201 748 4268 Μὴ
783 4200 1088 4264 ἀδυνατεῖ,
1124 4203 1277 4272 φησὶ,
1309 4195 1474 4272 Ξταρὰ
1511 4204 1590 4271 τῷ
1641 4209 1762 4274 Θεῷ
1792 4195 1959 4281 ῤ’ἧμα
1979 4230 1999 4277 ;

427 4281 840 4364 Ἰδοὸῗφανερῶς
877 4283 1067 4364 ἐαυτὸν
1089 4283 1440 4356 ἐξεκάλυψεν.
1473 4288 1586 4342 Οὐκ
1621 4290 1764 4357 ἴστε,
1795 4298 1957 4364 φησὶν
1979 4337 1996 4364 ,

412 4365 495 4448 61:
524 4363 628 4448 τῆς
659 4364 874 4448 φύσεως
895 4363 973 4448 ὢν
1003 4367 1282 4438 Δεσπότης
1327 4369 1503 4423 πάντα
1545 4371 1808 4444 δύναμαι,
1853 4363 1996 4448 ειπερ

412 4447 480 4499 ἂν
514 4445 782 4516 βουληθῶ,
819 4447 914 4500 καὶ
957 4448 1055 4519 τήν
1082 4451 1450 4520 νεκρωθεῖσαν
1481 4456 1694 4526 μήτραν
1725 4445 1996 4531 ζωογονή-

413 4546 524 4593 σαι,
557 4531 652 4584 καὶ
683 4531 994 4600 ἐπιτηδείαν
1042 4537 1482 4603 κατασκευάσαι;
1527 4540 1623 4608 Μὴ
1669 4541 1992 4608 ἀδυνατεῖ,

412 4614 594 4682 φησὶν,
631 4614 936 4668 ἀδύνατόν
975 4632 1030 4668 τι
1054 4615 1134 4681 τῷ
1168 4617 1290 4682 Θεῷ
1314 4618 1380 4686 ιτς
1435 4621 1572 4691 Οὐχὶ
1611 4623 1786 4678 πάντα
1821 4626 1990 4691 ποιῶ,

413 4694 508 4744 καὶ
544 4697 961 4765 μετασκευάξω;
1005 4700 1124 4770 οὐχὶ
1168 4702 1312 4773 ζωῆς
1345 4702 1438 4755 καὶ
1472 4703 1704 4759 θανάτου
1745 4708 1992 4773 ἐξουσίαν

413 4774 551 4859 ἔχως
584 4779 678 4844 Μὴ
718 4780 1007 4834 ἀδυνατεῖ
1042 4783 1203 4850 παρὰ
1251 4783 1331 4849 τῷ
1377 4784 1498 4851 Θεῷ
1543 4787 1666 4842 πᾶν
1690 4789 1858 4859 ῥῆμα
1871 4809 1891 4858 ;
1915 4795 1990 4848 Ού

413 4857 624 4948 φθάσας
655 4859 1070 4948 ύμπεσχόμην-δὴ
1103 4864 1300 4948 τοῦτο;
1332 4869 1424 4938 Μή
1479 4857 1715 4941 ἐγχωρεῖ
1754 4857 1814 4948 τὸ
1860 4857 1990 4948 παρ’

409 4940 546 5012 ἐμοῦ
577 4941 739 5011 ῥηθὲν
773 4946 846 5014 μὴ
874 4947 954 5007 είς
981 4945 1140 5015 ἔργον
1168 4947 1380 5016 ἐλθεῖν;
1421 4940 1853 5022 ’Λκουείτοίνύν,
1907 4940 1989 5014 61:

405 5024 508 5111 ιξις
542 5025 650 5076 τὸν
687 5027 893 5111 καιρὸν
933 5028 1150 5111 τοῦτον
1195 5030 1554 5102 ἀναστρέψω
1595 5037 1744 5103 πρὸς
1785 5041 1862 5094 σὲ
1901 5047 1988 5111 εἰς

407 5105 585 5195 ύιοας,
621 5108 718 5195 καὶ
749 5108 921 5195 ἐσται
949 5110 1026 5181 τῇ
1062 5111 1261 5182 Σάρῤᾳ
1292 5116 1439 5181 υίός.
1486 5117 1760 5186 Ἐπειδὰν,
1801 5105 1986 5195 φησὶν,

407 5188 729 5274 ἀναστρέψω
761 5191 904 5244 κατὰ
929 5195 1022 5247 τὸν
1065 5195 1252 5266 καιρὸν
1281 5196 1499 5263 τοῦτον,
1551 5201 1673 5255 τότε
1720 5188 1986 5274 γνώσεται

404 5269 493 5363 διά
509 5270 631 5363 ’τῶν
659 5275 1020 5363 ’πραγμάτων
1061 5281 1094 5350 ή
1152 5281 1366 5352 Σάρρα,
1408 5283 1491 5336 61:
1536 5284 1658 5340 οὔτε
1708 5269 1768 5342 τὸ
1807 5291 1985 5363 γῆρας

403 5355 574 5439 αύτῆς
602 5356 829 5439 κώλυμα
858 5361 1162 5430 γενήσεται,
1194 5364 1318 5418 οὔτε
1353 5366 1386 5437 ή
1421 5367 1726 5439 στείρωσις·
1761 5355 1897 5428 ἀλλά
1923 5355 1984 5431 τὸ

585 5437 644 5489 τὸ
665 5438 805 5530 ἐμὸν
834 5440 1186 5530 ἀπαράϐατον
1224 5447 1408 5514 ἔσται,
1442 5437 1594 5505 καὶ.ήὸ
1625 5454 1783 5519 τόκος
1813 5458 1981 5530 αὐτήν

400 5517 597 5608 διδάξει
625 5519 899 5608 τῶν-παρ’
930 5525 1062 5592 ἐμοῦ
1099 5529 1372 5600 ῥηθέντων
1417 5533 1515 5604 τήν
1551 5517 1802 5608 δύναμιν.
1849 5517 1978 5595 Εἷτά

401 5600 596 5695 ἐκείνη-
627 5604 927 5670 ἀκούσασα,
961 5608 1042 5661 61:
1094 5611 1218 5666 οὔτε
1268 5615 1333 5669 τά
1364 5617 1422 5670 ἐν
1563 5600 1770 5694 διανοίᾳ
1803 5626 1976 5695 αύτῆς

462 5685 507 5770 ἶὶ
701 5687 860 5770 δειλῇ..
893 5697 967 5770 fall
989 5692 1208 5770 'qujn'que
1247 5684 1972 5770 [ηεεέπροϐεϐηκότες·ἡμερῶν.

419 5746 508 5820 ξ(καί
537 5748 662 5798 οὐδέ.
731 5749 924 5801 "Cuisl.
952 5746 1207 5806 hiéinffa:
1247 5761 1326 5816 Μή
1371 5746 1752 5830 ἀδῒλζιάὶὲέ”’τὶᾱιξ›ἰ
1773 5746 1975 5838 ἓξῖὃῖᾧ

419 5820 569 5852 πυαε
1817 5819 1828 5833 ο

417 5835 542 5864 .11.:1."
555 5842 569 5864 ,

1418 209 1483 265 IN
1522 209 1674 265 CAP.
1716 205 1880 263 XVIII
1920 205 2170 262 GENES.
2217 205 2448 264 "OMIL.
2497 206 2639 263 XLI.

3597 207 3702 262 386

2123 321 2414 390 κινηθέντα
2433 321 2590 374 ἔλαθε
2620 297 2728 375 τὸτί
2744 319 3008 390 παρόντα,
3039 317 3386 386 Ἠρνήσατο,
3409 319 3699 388 λέγουσιν

2123 405 2246 456 οὐκ
2272 403 2554 471 ἐγέλασα.
2607 404 2666 455 '0
2699 403 2808 471 γάρ
2850 401 3012 469 φόϐος
3042 401 3353 456 κατέσεισεν
3391 401 3560 470 αὐτῆς
3604 402 3703 472 τὴν

2119 483 2375 538 διάνοιαν.
2417 485 2515 538 Διά
2544 484 2702 538 τοῦτο
2731 487 2796 555 τῇ
2847 483 3100 553 ἀσθενείᾳ.
3142 483 3312 554 αὐτῆς
3344 484 3378 552 ἠ
3417 483 3608 557 Γραφή
3643 485 3705 538 τὸ

2121 568 2229 620 πᾶν
2261 567 2583 638 λογιζομένη
2614 569 2800 639 φησὶν,
2846 566 3142 636 Ἐφοϐήθη
3186 565 3317 635 γάρ.
3371 565 3509 618 Ἀλλ’
3547 569 3575 619 6
3601 585 3704 620 πα·

2119 649 2385 721 τριάρχης
2421 651 2553 721 φησὶ
2584 651 2719 722 πρὸς
2749 650 2934 722 αὐτὴν,
2975 650 3121 719 Οὐχὶ
3143 690 3157 713 ,
3194 647 3355 703 ἀλλὰ
3386 649 3700 718 ἐγέλασας.

2120 733 2210 802 Μή
2233 733 2480 803 νομίσῃς,
2510 735 2698 802 φησὶν,
2737 736 2784 786 εί
2828 734 2922 804 καὶ
2978 735 3036 786 ἐν
3082 732 3290 803 διανοίᾳ
3327 730 3502 785 ταῦτα
3551 732 3706 787 €606-

2120 812 2316 879 λεύσω,
2356 815 2452 868 καὶ
2503 815 2644 868 κατά
2695 813 2756 867 τὸ
2800 814 3022 884 λεληθὸς
3053 814 3266 882 γέλωτα
3301 815 3576 884 ἐποιήσω,
3623 815 3704 868 61:

2119 896 2212 949 τοῦ
2262 896 2704 968 παραγενομένου
2757 898 2856 968 τήν
2900 897 3130 968 δύναμιν
3167 897 3350 950 λαθεῖν
3400 893 3564 967 εἶχες.
3611 898 3704 967 Μὴ

2119 978 2298 1032 τοίνυν
2327 979 2492 1050 ἀρνοῦ
2513 980 2573 1034 16
2598 980 2840 1049 γεγονὸς,
2861 980 2995 1050 μηδὲ
3028 980 3346 1051 προσθήκην
3376 981 3610 1052 ἐργάζου
3627 979 3706 1050 τῷ

2121 1063 2503 1134 ἁμαρτήματι.
2541 1063 2770 1132 Μεγάλα
2804 1063 2914 1134 γὰρ
2948 1062 3096 1134 ἡμᾶς
3145 1063 3382 1134 σήμερον
3406 1062 3705 1127 διαδέξεται

2120 1145 2330 1212 ἀγαθά,
2375 1145 2812 1216 τῆςφιλοξενίας
2854 1148 2983 1216 ἡμῖν
3026 1144 3232 1199 τούτων
3267 1145 3486 1198 πάντων
3527 1145 3705 1208 αίτίας

2127 1228 2441 1298 γινομένης.

2190 1310 2255 1374 ζ’.
2274 1311 2472 1364 Τοῦτον
2491 1310 2726 1376 ἅπαντες
2746 1330 2800 1383 μι
2812 1310 3132 1382 μησώμεθα,
3152 1311 3246 1363 καὶ
3259 1309 3456 1381 πολλήν
3469 1311 3596 1382 περὶ
3608 1311 3707 1384 τὴν

2120 1391 2422 1460 φιλοξενίαν
2457 1403 2480 1431 ε
2516 1394 2614 1464 τὴν
2663 1395 2900 1464 σπουδὴν
2936 1392 3254 1462 ποιώμεθα,
3314 1393 3412 1464 οὐχ
3462 1393 3550 1447 ἵνα
3597 1394 3706 1448 τῶν

2119 1475 2398 1546 ἐπικήρων
2426 1476 2629 1530 τούτων
2672 1478 2764 1531 καὶ
2797 1476 3168 1549 φθειρομένων
3199 1475 3454 1546 λάϐωμεν
3484 1475 3582 1548 τὴν
3610 1478 3706 1531 ἀν-

2118 1556 2318 1610 τίδοσιν
2355 1558 2534 1628 μόνον,
2589 1558 2702 1612 ἀλλ’
2739 1561 2825 1613 ἵνα
2865 1559 2960 1612 καὶ
3004 1559 3111 1611 τῶν
3162 1557 3445 1612 ἀθανάτων
3485 1558 3706 1627 ἀγαθῶν

2119 1637 2216 1708 τὴν
2255 1640 2552 1692 ἀπόλαυσιν
2591 1642 2806 1705 ἐαυτοῖς
2852 1639 3204 1712 ἀποθώμεθα.
3243 1640 3370 1695 Ἐὰν
3399 1641 3507 1713 γὰρ
3543 1641 3705 1695 τοῦτο

2121 1721 2383 1792 ποιῶμεν,
2410 1723 2785 1794 ὑποδεξόμεοα
2799 1725 2893 1777 καὶ
2911 1725 3070 1794 ἡμεῖς
3086 1723 3322 1778 ἐνταῦθα
3339 1725 3429 1778 τὸν
3444 1727 3487 1778 Χ
3499 1724 3702 1795 ριστὸν,

2119 1806 2213 1859 καὶ
2242 1806 2557 1872 ὑποδέξεται
2591 1810 2738 1878 ἡμᾶς
2779 1811 2871 1862 καὶ
2899 1808 3060 1872 αὐτὸς
3092 1811 3148 1862 ἐν
3183 1811 3301 1871 ταῖς
3339 1811 3526 1878 μοναῖς
3558 1809 3705 1861 ἐκεί-

2118 1905 2237 1951 ναις
2257 1892 2376 1952 ταῖς
2423 1891 2856 1960 ήτοιμασμέναις
2904 1893 3016 1954 τοῖς
3061 1889 3346 1958 ἀγαπῶσιν
3385 1890 3569 1954 αὑτὸν,
3611 1892 3706 1944 καὶ

2118 1971 2462 2042 ἀκουσόμεθα
2491 1974 2620 2043 παρ’
2649 1973 2833 2026 αὐτοῦ·
2870 1973 3075 2037 Δεῦτε,
3099 1975 3154 2026 ot
3179 1974 3569 2042 εὐλογημένοι
3600 1975 3705 2028 τοῦ

2117 2051 2348 2116 Πατρός
2383 2067 2522 2119 μου,
2558 2050 3053 2122 κληρονομήσατε
3091 2051 3204 2120 τὴν
3251 2052 3706 2123 ἡτοιμασμένην

2120 2133 2260 2202 ὑμῖν
2302 2135 2631 2198 ,βασιλείαν
2673 2137 2792 2192 ἀπὸ
2844 2138 3184 2206 καταϐολῆς
3234 2139 3489 2208 κόσμου.
3547 2139 3703 2202 Τίνος

2117 2216 2302 2269 ἕνεκεν
2327 2219 2421 2272 καὶ
2446 2218 2534 2272 διά
2555 2220 2643 2286 τί;
2679 2221 3001 2275 Ἐπείνασα
3027 2221 3158 2290 γὰρ,
3197 2223 3295 2275 καὶ
3321 2221 3578 2276 ἐδώκατέ
3601 2241 3703 2291 μοι

2117 2303 2346 2374 φαγεῖνο
2380 2305 2668 2375 ἐδίψησα,
2701 2307 2798 2361 καί
2821 2308 3142 2362 ἐποτίσατέ
3172 2325 3269 2377 με·
3307 2307 3484 2376 ξένος
3517 2309 3700 2378 ήμην,

2115 2389 2214 2440 καί
2247 2387 2622 2458 συνηγάγετέ
2647 2406 2738 2455 με·
2771 2390 2842 2443 ἐν
2863 2389 3133 2459 φυλακῇ,
3161 2392 3251 2444 καί
3277 2390 3703 2460 ἐπεσκέψασθέ

2111 2487 2207 2538 με.
2235 2470 2299 2522 Τί
2326 2471 2533 2526 τούτων
2581 2472 3090 2543 ἀνεπαχθέστερονς
3139 2475 3230 2544 Μὴ
3283 2473 3392 2543 γάρ
3444 2475 3705 2540 ἐπέταξεν

2115 2555 2246 2624 ήμῖν
2277 2553 2738 2626 περιεργάζεσθαι
2775 2554 2928 2626 [429.]
2954 2555 3048 2608 καί¹
3074 2555 3546 2627 πολυπραγμονεῖν
3575 2559 3702 2622 τοὺς

2116 2639 2242 2706 παρ’
2270 2637 2426 2707 ἡμῶν
2465 2637 2758 2708 μέλλοντας
2791 2637 3191 2706 θεραπεύεσθαι
3215 2655 3231 2703 ;
3274 2639 3346 2692 Σὺ
3376 2640 3438 2692 τὸ
3465 2639 3663 2694 σαυτοῦ
3684 2680 3700 2704 ,

2115 2721 2299 2790 φησὶν,
2329 2721 2624 2788 ἐπίδειξαι,
2663 2721 2766 2774 κᾶν
2795 2717 3018 2788 εύτεῖὴς
3056 2718 3114 2794 ᾖ,
3159 2719 3261 2774 κᾶν
3295 2722 3702 2793 ἀπερριμμένος

2115 2802 2257 2855 κατά
2287 2803 2347 2855 τὸ
2385 2804 2750 2872 φαινόμενον·
2798 2803 2866 2855 τά
2909 2803 3015 2871 γὰρ
3063 2805 3143 2866 είς
3177 2803 3396 2868 τούτους
3443 2807 3702 2876 γινόμενα

2113 2881 2223 2949 ἐγώ
2265 2882 2593 2952 οίκειοῦμαι.
2627 2883 2726 2936 Διά
2772 2883 2928 2935 τοῦτο
2980 2882 3338 2954 προσέθηκεν·
3397 2886 3521 2954 Ἐφ’
3551 2885 3704 2939 ὅσον

2112 2963 2433 3029 ἐποιήσατε
2464 2965 2553 3018 ἐνὶ
2584 2963 2702 3018 τῶν
2727 2964 3010 3033 ἀδελφῶν
3033 2981 3155 3034 μου
3188 2965 3308 3020 τῶν
3336 2967 3697 3038 ἐλαχίστων,

2112 3047 2237 3116 ἐμοὶ
2261 3048 2602 3116 ἐποιήσατε.
2642 3048 2732 3118 Μὴ
2762 3048 2940 3102 τοίνυν
2979 3047 3072 3101 τοῦ
3107 3049 3216 3102 ἀπὸ
3253 3049 3352 3119 τῆς
3398 3050 3699 3119 φιλοξενίας

2111 3131 2366 3184 τοσούτου
2420 3131 2644 3202 κέρδους
2694 3129 3088 3201 ἐπιγενομένου
3152 3134 3695 3204 καταφρονήσωμεν,

2110 3212 2246 3266 ἀλλά
2273 3213 2395 3266 καθ’
2425 3213 2665 3280 ἑκάστην
2705 3213 2918 3281 ἡμέραν
2953 3213 3358 3282 ἐμπορεύεσθαι
3398 3215 3497 3286 τήν
3526 3216 3696 3288 καλήν

2107 3292 2312 3361 ταύτην
2337 3293 2608 3362 ἐμπορίαν
2645 3293 3055 3364 σπουδάζωμεν,
3088 3295 3289 3359 είδότες
3327 3297 3406 3350 61:
3432 3298 3462 3350 6
3493 3301 3695 3355 Δεσπό·

2108 3393 2208 3446 της
2251 3379 2280 3429 6
2307 3376 2576 3446 ήμέτερος
2626 3377 2933 3447 προθυμίας
2967 3377 3263 3447 δαψίλειαν,
3287 3381 3348 3433 ού
3391 3380 3692 3453 βρωμάτων

2107 3460 2269 3526 ὄγκον
2292 3461 2530 3521 ἀπαιτεῖ,
2559 3459 2619 3512 ού
2649 3459 2928 3532 τράπεζαν
2962 3460 3250 3532 πολυτελῆ,
3292 3463 3427 3518 ἀλλά
3462 3466 3691 3537 γνώμην

2112 3541 2322 3612 ἱλαρὰν,
2375 3543 2437 3595 06
2472 3541 2770 3614 θεραπείαν
2804 3543 2989 3606 ἁπλῶς
3014 3543 3114 3614 τὴν
3151 3545 3242 3599 διὰ
3280 3546 3390 3601 τῶν
3429 3549 3690 3620 ῥημάτων

2113 3624 2290 3694 μόνον,
2325 3624 2462 3678 ἀλλά
2507 3626 2601 3678 καὶ
2644 3625 2742 3696 τήν
2792 3626 2902 3680 ἀπὸ
2946 3627 3172 3698 καρδίας
3225 3631 3318 3682 καὶ
3367 3631 3689 3702 εἰλικρινοῦς

2107 3707 2345 3768 διανοίας
2371 3707 2611 3780 ἀγάπην.
2661 3709 2762 3764 Διά
2813 3709 2973 3764 τοῦτο
3016 3709 3112 3764 καί
3159 3729 3245 3775 τις
3287 3714 3448 3784 σοφὸς
3494 3715 3646 3784 ἔλεγε
3671 3733 3687 3749 ο

2106 3789 2406 3856 Ιφεῖσσον
2455 3791 2659 3859 λόγος,
2714 3793 2753 3856 ἢ
2805 3792 2999 3858 δόσις.
3054 3793 3320 3859 Πολλάκις
3369 3797 3477 3868 γάρ
3529 3799 3687 3868 λόγου

2107 3871 2554 3952 θεραπείαγπλέον
2586 3874 2682 3942 τῆς
2704 3873 2904 3937 δόσεως
2931 3875 3268 3947 ἀνεκτήσατο
3293 3877 3384 3932 τὸν
3407 3879 3683 3952 δεόμενον.

2106 3952 2293 4007 Ταῦτα
2343 3951 2438 4007 οὖν
2491 3955 2690 4019 εἰδότες
2750 3956 3018 4027 μηδέποτε
3065 3951 3509 4032 δυσχεραίνωμεν
3552 3965 3688 4036 πρὸς

2103 4039 2229 4101 τοὺς
2257 4037 2599 4108 προσιόνταςο
2648 4039 2762 4092 ἀλλ’
2810 4041 2876 4094 ἂν
2929 4041 3027 4112 μὲν
3067 4041 3386 4115 δυνηθῶμεν
3419 4061 3684 4118 παραμυ-

2105 4121 2313 4175 θεῖσθαι
2343 4120 2522 4173 αὐτῶν
2542 4120 2641 4193 τήν
2665 4121 2874 4186 πενίαν,
2896 4123 3056 4178 τοῦτο
3079 4126 3325 4196 ποιῶμεν
3353 4129 3490 4198 μετά
3512 4132 3686 4202 χαρᾶς

2104 4207 2217 4283 καὶ-
2235 4205 2436 4276 πολλῆς
2486 4207 2586 4277 τῆς
2633 4205 3015 4277 εὐφροσύνης,
3056 4207 3153 4278 οὐχ
3190 4209 3266 4274 ὼς
3312 4211 3680 4283 παρέχοντες,

2098 4277 2218 4342 ἀλλ’
2244 4289 2320 4353 ώς
2341 4289 2410 4343 τά
2437 4288 2666 4360 μέγιστα
2698 4288 3097 4360 κερδαίνοντεςο
3131 4277 3180 4344 εί
3204 4292 3260 4344 δέ
3285 4295 3360 4364 μή
3381 4277 3680 4366 δυνάμεθα,

2100 4371 2177 4441 μὴ
2226 4371 2622 4444 τραχυνώμεθα
2667 4371 2804 4443 πρὸς
2853 4373 3070 4438 αύτούς·
3101 4375 3238 4431 ἀλλά
3287 4377 3390 4431 κᾶν
3443 4379 3543 4451 τήν
3594 4381 3681 4436 διὰ

2097 4451 2190 4504 τοῦ
2219 4453 2377 4523 λόγου
2400 4455 2693 4526 θεραπείαν
2722 4457 3072 4528 παρέχωμεν,
3098 4461 3193 4514 καὶ
3211 4462 3348 4531 μετά
3382 4464 3679 4531 ἐπιεικείας

2097 4535 2280 4618 αύτοῖς
2329 4537 2774 4609 ἀποκρινώμεθα.
2827 4541 2986 4603 Τίνος
3037 4542 3146 4613 γὰρ
3200 4543 3388 4598 ἕνεκεν
3434 4551 3679 4618 τραχέως

2095 4617 2244 4688 αὐτῷ
2271 4620 2590 4691 προσφέρῃ;
2635 4620 2726 4688 Μὴ
2761 4619 2870 4692 γὰρ
2907 4622 3242 4690 ἀναγκάζεις
3296 4626 3370 4697 μὴ
3404 4629 3514 4698 γάρ
3541 4617 3675 4699 ίβιά-

2095 4699 2275 4764 ζεται;
2309 4700 2496 4766 Ἀξιοῖ,
2525 4701 2777 4769 ἱκετεύει,
2813 4705 3140 4773 παρακαλεῖ·
3159 4708 3188 4759 6
3207 4707 3263 4760 δέ
3284 4707 3457 4764 ταῦτα
3481 4713 3672 4777 ποιῶν,

2094 4785 2194 4854 οὐχ
2225 4783 2436 4854 ὕϐρεως
2469 4786 2636 4849 ἄξιος.
2692 4785 2756 4837 Τί
2798 4785 2961 4854 λέγω,
3011 4787 3152 4853 ἀξιοῖ
3197 4792 3290 4844 καὶ
3323 4796 3670 4864 παρακαλεῖς

2092 4868 2278 4950 Μυρία
2300 4866 2613 4939 ἐπεύχεται,
2642 4871 2737 4923 καὶ
2769 4870 2946 4924 πάντα
2972 4872 3145 4926 ταῦτα
3194 4879 3339 4930 ποιεῖ
3381 4879 3522 4950 ὑπὲρ
3551 4881 3670 4946 ἐνὸς

2090 4949 2300 5011 ὀϐολοῦ,
2349 4951 2443 5004 καὶ
2484 4951 2606 5004 ούδέ
2651 4951 2838 5006 τοῦτον
2881 4956 3208 5026 προϊέμεθα.
3246 4959 3355 5012 Καὶ
3409 4949 3566 5026 ποίας
3602 4963 3670 5018 ἂν

2096 5032 2358 5103 τύχοιμεν
2381 5033 2735 5105 συγγνώμης;
2769 5035 2926 5090 ποίαν
2954 5036 3011 5090 δέ
3050 5040 3311 5110 σχοίημεν
3349 5043 3666 5113 ἀπολογίαν,

2087 5115 2243 5200 αὐτοὶ
2272 5114 2370 5186 μὲν
2412 5115 2556 5170 οὕτω
2609 5117 2731 5172 καθ’
2773 5119 3011 5190 ἑκάστην
3045 5123 3258 5194 ἡμέραν
3295 5125 3491 5196 δαψιλῆ
3533 5129 3667 5200 τρά-

2087 5197 2259 5284 πεζαν
2281 5200 2738 5284 παρατιθέμενοι,
2755 5201 2850 5254 καὶ
2877 5201 3132 5267 πολλάκις
3155 5207 3252 5277 τὴν
3279 5209 3468 5278 χρείαν
3497 5197 3664 5284 ύπερ-

2085 5279 2378 5344 ϐαίνοντες,
2418 5282 2645 5346 ἐκείνοις
2697 5283 2756 5336 δέ
2805 5284 2940 5353 μηδέ
2989 5286 3084 5339 τοῦ
3133 5289 3387 5356 τυχόντος
3445 5279 3663 5363 μεταδι-

2083 5363 2280 5447 δύντες,
2327 5365 2425 5418 καὶ
2467 5363 2640 5418 ταῦτα
2686 5367 2860 5435 μυρία
2907 5367 3085 5435 ἀγαθά
3133 5370 3222 5422 διὰ
3267 5371 3456 5426 τούτου
3504 5392 3663 5447 κομι-

2082 5444 2295 5530 ζόμενοι
2319 5463 2334 5512 ;
2376 5447 2515 5500 Ἀλλ’
2544 5447 2589 5500 ὢ
2619 5448 2716 5518 τῆς
2741 5447 2941 5518 πολλῆς
2970 5449 3274 5520 ρᾳθυμίαςε
3305 5449 3408 5508 Οἷα
3431 5458 3541 5530 γὰρ
3564 5444 3658 5514 ἀπ’

2080 5530 2251 5615 αὐτῆς
2272 5529 2614 5615 ζημιούμεθα
2633 5547 2649 5597 ;
2671 5531 2908 5615 καὶὲὃσον
2932 5531 3123 5615 κέρδος
3148 5534 3213 5585 ἐκ
3240 5535 3348 5589 τῶν
3373 5529 3656 5615 ἡμετέρων

2082 5612 2280 5695 χειρῶν
2307 5612 2632 5695 προϊέμεθα;
2651 5613 2786 5695 ῌΚαὶ
2825 5613 2924 5695 τὴν
2955 5613 3208 5669 ὑπόθεσιν
3237 5618 3332 5688 τῆς
3377 5612 3646 5695 σωτηρίας

2088 5693 2242 5764 ἡμῶν
2271 5694 2369 5763 τὴν
2400 5694 2548 5762 παρὰ
2581 5693 2676 5748 τοῦ
2714 5694 2847 5748 Θεοῦ
2883 5697 3012 5766 ἡμῖν
3049 5702 3482 5770 παρασχεθεῖσαν
3511 5693 3652 5764 ἀπο.

2149 5841 2168 5869 τ
2198 5837 2346 5887 Savil.
2365 5842 2414 5888 el
2441 5844 2632 5902 septem
2661 5854 2774 5890 mss.
2791 5841 2869 5888 καὶ
2893 5841 3124 5900 τοσαύτην
3152 5846 3253 5908 περὶ
3272 5850 3352 5907 τὴν
3379 5850 3467 5910 φιλ.
