4080 6308
600 316 643 365 τ
1658 308 1667 313 ’
2047 294 2211 353 PliEl

2261 293 2429 351 ΛΤΚ).
3840 296 3872 349 8

696 400 1125 481 Homiliarum
1151 418 1305 478 ergo
1341 399 1407 481 in
1437 399 1940 481 Genesim,quas
1963 400 2029 461 in
2059 402 2568 481 Quadragesima
2614 401 2962 481 habuerat,
2999 416 3263 463 cursum
3309 401 3767 481 interpellavit,
3813 412 3883 467 ut

615 479 680 561 in
715 477 1108 561 hebdomada
1136 477 1355 561 salicta
1376 478 1509 561 de}
1519 479 1638 539 uda
1669 485 1731 561 et
1759 477 1836 561 de
1871 498 2061 561 cruce
2094 477 2353 561 ageret:
2380 498 2456 542 ac
2485 481 2892 561 continenter
2926 478 3003 540 de
3033 477 3510 561 resurrectione
3540 525 3557 552 ,
3597 497 3880 561 moxque
3926 526 3929 527 ν

616 557 694 619 de
737 558 904 618 Actis
937 558 1386 637 Apostolorum
1412 600 1429 630 ,
1461 558 1848 618 intermixtis
1866 557 2412 637 admonitionibus
2438 560 2520 621 ad
2540 576 2650 620 eos
2680 560 2792 637 qui
2827 576 3035 637 nuper
3059 560 3357 635 baptismi
3395 561 3669 637 gratiam
3699 557 3881 623 accc.-

617 644 867 718 pcﬁrant.
900 636 1180 696 Humilia
1219 653 1368 695 vero
1397 636 1677 718 secunda
1708 638 1784 698 de
1815 636 1975 718 Juda
2008 637 2333 718 proditore
2359 639 2539 698 Tum.
2570 638 2651 708 Il,
2691 636 2789 718 his
2821 636 3297 718 verbisincipit,
3347 636 3635 718 Volebam
3660 638 3737 698 de
3757 658 3882 718 pa-

616 715 893 795 triarcha
922 732 1525 795 rursursermanem
1575 714 1790 795 habere
1822 735 1843 783 ;
1881 714 2132 777 ιιοείοεῐ
2156 761 2173 789 ,
2203 716 2281 777 de
2314 718 2681 778 Abrahamu
2709 760 2725 787 ,
2757 716 2835 776 de
2870 732 3001 792 quo
3039 715 3104 775 in
3144 717 3473 795 trigesima
3501 714 3781 778 secunda
3814 720 3878 779 in

615 792 1212 875 Genesimoho‘milia
1260 809 1624 875 sermonem
1669 794 2025 868 habuerat,
2057 801 2421 873 postquam
2463 795 2819 863 homiliam,
2852 795 2993 875 ipso
3024 792 3355 875 narrante,
3386 795 3476 875 ab
3516 795 3630 854 illo
3670 812 3880 873 argu-

615 878 830 931 mento
875 872 1187 931 abstinuit
1221 872 1652 948 aliquantum,
1683 877 1755 932 ut
1797 889 1995 950 supra
2039 872 2428 934 memoratas
2481 874 2827 934 conciones
2868 872 3154 933 haberet.
3212 872 3555 933 Homiliam
3588 872 3784 950 porro
3804 876 3879 936 de

610 969 802 1009 cruce
851 966 1045 1026 quam
1085 966 1277 1027 supra
1305 957 1612 1011 memorat
1638 964 1721 1011 an
1745 951 2098 1014 habeamus
2136 953 2453 1013 incertum
2502 959 2629 1023 est;
2665 951 2988 1011 nescimus
3029 950 3198 1009 enim
3229 968 3313 1010 an
3354 966 3431 1011 ea
3457 952 3767 1013 alterutra
3798 955 3881 1015 sit

612 1046 839 1087 earum
868 1042 1033 1104 quas
1066 1028 1346 1088 secundo
1371 1030 1571 1087 Tomo
1597 1029 1934 1090 edidimus.
1987 1031 2270 1091 Humilia
2304 1048 2458 1091 vero
2486 1030 2563 1090 de
2591 1029 3065 1093 resurrectione
3091 1044 3289 1105 quam
3325 1028 3637 1089 edidimus
3676 1032 3879 1091 Tomo

610 1105 889 1186 secundo
938 1123 1080 1186 qua;
1135 1106 1304 1186 hunc
1365 1107 1619 1166 titulum
1676 1108 1910 1177 habet,
1956 1117 2183 1169 contra
2238 1108 2549 1179 Ebriosus
2603 1118 2657 1167 et
2705 1107 2779 1167 de
2831 1107 3307 1186 Resurrectione
3339 1127 3356 1178 ;
3392 1107 3527 1178 illa,
3582 1109 3875 1186 inquam,

610 1183 870 1243 humilia
904 1185 1123 1264 eadem
1171 1185 1309 1260 ipsa
1339 1191 1606 1264 estquae
1654 1193 2048 1249 memoratur
2088 1205 2287 1264 supra
2318 1189 2381 1247 in
2413 1188 2555 1247 loco
2585 1188 2719 1257 illo,
2753 1204 2834 1245 ex
2867 1185 3192 1263 trigesima
3231 1186 3416 1245 tertia
3460 1185 3524 1244 in
3579 1183 3877 1248 Genesim

612 1268 937 1341 excerpto,
960 1263 1132 1340 quod
1175 1263 1267 1322 sic
1318 1262 1644 1323 evidenter
1671 1267 2006 1340 probatur.
2044 1266 2117 1327 In
2166 1262 2286 1327 hac
2331 1267 2407 1326 de
2458 1264 2933 1327 resurrectione
2964 1262 3274 1341 humilia;
3304 1265 3413 1324 ubi
3446 1264 3522 1324 de
3566 1266 3878 1327 ebrietate

610 1340 817 1402 multa
842 1341 1156 1413 edisserit,
1191 1342 1322 1401 haec
1351 1342 1441 1402 ait
1473 1354 1627 1401 num’
1684 1344 1713 1401 1
1752 1342 2216 1404 :Abstineamus
2236 1344 2311 1404 ab
2339 1344 2624 1405 ebrietate
2658 1364 2673 1402 ε
2710 1360 2839 1402 non
2863 1342 3028 1409 dico,
3057 1340 3469 1402 abstineamus
3498 1362 3534 1400 a
3558 1345 3727 1410 riuo,
3774 1347 3879 1406 sed

600 1423 679 1482 ab
715 1420 1007 1479 ebrietate
1025 1419 1475 1500 abstineamus;
1504 1439 1631 1479 non
1651 1421 1865 1483 pinum
1889 1422 2078 1500 efﬁcit
2110 1420 2456 1500 ebrietatem
2482 1430 2515 1479 ι’
2537 1431 2623 1479 est
2657 1422 2816 1479 enim
2844 1421 2960 1480 Dei
2986 1429 3299 1487 creatura;
3332 1421 3449 1481 Dei
3468 1438 3665 1499 porro
3698 1440 3881 1482 crea—

603 1522 751 1567 tura
774 1502 933 1565 nihil
961 1502 1151 1583 efficit
1176 1502 1342 1583 mali.
1360 1499 1485 1583 sed
1504 1500 1794 1583 voluntas
1821 1499 2096 1583 maligna
2126 1501 2315 1583 e[ﬁcit
2346 1499 2715 1583 ebrietatem.
2749 1501 2899 1562 Haec
2926 1508 3138 1583 autem
3163 1506 3360 1563 verba
3414 1521 3573 1575 mire
3622 1520 3871 1583 conso-

601 1591 759 1645 nant
814 1597 957 1644 cum
992 1577 1127 1641 illis
1181 1578 1522 1641 Cuncionis
1566 1578 1786 1655 primas
1849 1578 1913 1636 in
1983 1577 2366 1653 principium
2419 1578 2784 1655 Actorum,
2856 1579 3021 1637 tertii
3079 1580 3259 1637 Tomi
3335 1597 3512 1638 num.
3568 1584 3602 1645 2
3647 1600 3662 1639 :
3724 1582 3871 1650 Ναη

605 1670 753 1723 sunt
784 1661 987 1739 igitur
1011 1659 1240 1719 malum
1267 1656 1526 1739 divitia,
1560 1654 1663 1716 sed
1690 1654 2051 1739 illegitimus
2082 1671 2287 1713 earum
2317 1673 2465 1714 usus
2498 1665 2581 1739 est
2610 1654 2863 1715 malum.
2902 1656 3004 1739 git
3027 1656 3189 1739 sicut
3244 1674 3441 1739 nuper
3483 1657 3555 1717 de
3579 1656 3872 1719 ebrietate

599 1739 784 1802 verba
812 1732 1066 1827 vinciens
1112 1754 1239 1797 non
1260 1735 1478 1827 uinum
1502 1732 1900 1827 accusabam;
1932 1733 2154 1812 quippe
2181 1733 2541 1827 cum'omnis
2571 1743 2858 1794 creatura
2888 1735 3004 1825 Dei
3032 1734 3194 1827 bono
3227 1732 3346 1827 sit;
3365 1753 3500 1813 qua:
3543 1754 3838 1827 cum-gra-

601 1811 845 1885 liarum'
858 1816 1101 1876 actione
1124 1814 1483 1893 percipitur
1516 1835 1535 1874 :
1564 1812 1667 1871 sed
1691 1813 1917 1893 malum
1940 1830 2143 1877 usum,
2176 1817 2299 1893 etc.
2320 1811 2471 1893 Haec
2494 1811 2709 1893 itaque
2732 1813 2955 1883 concio
2978 1858 2994 1883 ,
3032 1818 3101 1893 ut
3131 1814 3307 1893 illud,
3334 1811 3567 1893 nuper,
3601 1811 3842 1893 indicat

601 1897 819 1958 habita
850 1895 967 1955 fuit
996 1889 1218 1970 paucis
1249 1889 1472 1952 diebus
1504 1895 1649 1969 post
1696 1890 1871 1970 illam
1916 1894 2141 1970 contra
2180 1891 2485 1970 ebriosos
2531 1896 2591 1970 e_t
2634 1889 2709 1949 de
2742 1891 3257 1970 resurrectione,
3288 1890 3350 1949 id
3394 1889 3565 1968 quod
3594 1892 3861 1952 miritice

596 1980 915 2036 consonat
940 1967 1085 2031 cum
1128 1971 1240 2029 illo
1280 1986 1477 2046 supra
1502 1967 1698 2030 allato
1731 1969 1871 2046 loco
1895 1986 1972 2027 ex
2007 1967 2285 2028 Humilia
2311 1967 2388 2025 33
2426 1967 2493 2026 in
2538 1968 2837 2028 Genesim
2888 1987 2903 2026 :
2934 1968 3159 2028 Postea
3211 1967 3604 2030 illucescente
3630 1971 3860 2030 Resur-

596 2052 892 2113 rectionis
923 2049 1044 2121 die,
1071 2047 1486 2109 necessarium
1518 2054 1650 2107 erat
1671 2054 1739 2105 ut
1762 2045 1834 2105 de
1862 2046 2310 2105 resurrectione
2329 2046 2585 2106 Domini
2614 2046 2937 2105 caritatem
2967 2054 3230 2107 vestram
3256 2047 3606 2108 duceremus
3630 2068 3649 2107 :
3678 2056 3736 2107 et
3759 2067 3865 2108 se-

592 2128 920 2210 quentibus
947 2126 1159 2189 diebus
1194 2140 1413 2210 per_ea
1441 2124 1747 2210 miracula
1774 2170 1787 2188 ,
1825 2141 1957 2210 qua:
2013 2131 2160 2210 tunc
2188 2125 2353 2202 facta
2408 2132 2578 2210 sunt,
2626 2125 3101 2210 resurrectionis
3149 2124 3594 2210 demonstratio
3634 2127 3865 2187 itm

592 2201 913 2289 afferenda
944 2215 1096 2289 erat;
1130 2201 1378 2284 quando
1407 2204 1591 2289 etiam
1620 2203 2063 2289 Apostolorum
2090 2201 2247 2289 {tcta
2276 2203 3110 2289 emplanarecapimusjnde
3138 2201 3313 2289 uobis
3344 2203 3644 2289 continua
3664 2222 3864 2283 appo-

594 2279 812 2347 n'e'ntes
844 2279 1160 2349 convicia",
1199 2290 1257 2342 et
1301 2280 1530 2360 crebris
1572 2279 2005 2360 continuisque
2034 2279 2849 2360 admonitionibus‘e03,7qui
2893 2298 3095 2358 nuper
3138 2280 3428 2359 baptismi
3456 2279 3719 2360 gratiam
3744 2279 3861 2346 ac-

594 2370 885 2436 ceperant
909 2408 924 2431 .
964 2361 1384 2422 exhortantes.
1415 2359 1567 2420 Inde
1603 2374 1753 2418 vero
1789 2359 2079 2433 quadam
2113 2358 2478 2436 necessario
2506 2357 2834 2420 inferenda
2868 2357 3160 2420 videntur
3183 2357 3476 2436 {nempe
3510 2360 3859 2420 Homiliam

594 2383 625 2425 ο
706 2382 885 2424 πονιτ
909 2408 924 2431 ,
964 2382 1384 2422 exnortames.
1416 2382 1567 2420 mue
1603 2382 1753 2418 Υθΐυ
1789 2382 2079 2433 (ιυωυεηη
2113 2382 2478 2418 necessario
2506 2382 2834 2420 llllel'EllGa
2868 2382 3160 2420 vmcntur
3183 2403 3200 2430 ς
3237 2382 3463 2436 nempe
3510 2382 3859 2420 nomulam

592 2382 771 2504 ilﬁm
803 2446 1030 2503 contra
1063 2440 1351 2501 ebriosos
1380 2443 1444 2497 et
1469 2438 1545 2499 de
1577 2437 2047 2514 resurrectione
2087 2435 2309 2496 eodem
2341 2452 2517 2496 anno
2556 2436 2837 2497 habitam
2865 2437 3065 2498 fuisse
3088 2455 3221 2514 quo
3251 2437 3416 2498 dicta
3447 2443 3544 2499 est
3572 2438 3859 2501 Humilia

590 2520 665 2613 ιεεε
694 2520 862 2613 inde
893 2515 1620 2613 Proditoreztﬁdmus
1638 2513 2227 2613 29?}.“1'i'f‘lji‘li‘fi
2245 2531 2525 2613 ames
2551 2518 2970 2613 5999953911“?
3009 2516 3349 2613 iiekusﬁe
3381 2516 3869 2613 ξεξμττθοίίιξηα

588 2598 791 2661 dictas
822 2592 1019 2658 fuisse
1045 2611 1191 2673 quas
1217 2595 1351 2674 jam
1382 2611 1512 2653 non
1543 2597 1805 2653 exstant
1821 2612 1850 2674 _:
1891 2597 2087 2669 atque
2114 2592 2335 2662 eadem
2370 2594 2537 2674 serie
2563 2592 2874 2674 Homilias
2910 2595 2987 2674 de
3021 2595 3192 2655 Actis
3221 2594 3861 2674 Apostolorum,sive

586 2676 665 2737 de
691 2676 1007 2755 principio
1064 2670 1370 2755 Acto'iuim
1402 2689 1615 2755 2υίιιιιβ
1646 2670 1868 2755 paucis
1892 2677 2039 2746 post
2085 2672 2621 2755 resurrectionem
2677 2672 2902 2755 diebus
2959 2670 3446 2755 haberiedapta:
3477 2677 3650 2755 sunt.
3697 2673 3859 2755 Inde

591 2749 788 2817 etiam
818 2749 1083 2832 planum
1111 2758 1209 2812 est
1236 2750 1549 2832 Homilies
1579 2750 1646 2832 in
1672 2750 1828 2832 Acta
1854 2766 1987 2808 non
2006 2766 2171 2832 ‘esse
2208 2749 2362 2832 illud
2393 2767 2555 2832 opus
2596 2750 2917 2832 in'omnia
2952 2751 3408 2832 Apostolorum
3463 2754 3644 2832 Acta,
3677 2753 3858 2830 quod

586 2834 654 2893 in
676 2826 850 2893 torno
874 2832 912 2891 9
931 2830 1178 2899 edetur,
1197 2828 1498 2908 quodque
1523 2827 1603 2888 ad
1627 2827 1969 2891 conciones
1996 2826 2740 2908 Constantinopolitanas
2770 2826 3176 2891 referendum
3202 2835 3343 2902 est;
3372 2844 3522 2893 nam
3550 2826 3675 2891 illa;
3696 2826 3861 2891 cun-

585 2911 805 2973 ciones
838 2926 1084 2971 annum
1140 2905 1270 2968 fere
1328 2908 1653 2985 integrum
1682 2913 2085 2985 occuparunt
2116 2905 2277 2985 :ha:
2301 2914 2514 2985 autem
2558 2905 2775 2966 decem
2809 2924 3080 2967 numero
3112 2911 3399 2984 tempore
3426 2924 3465 2969 a
3493 2909 3740 2970 Pascha
3769 2908 3859 2970 ad

587 2982 1571 3078 Ascensiouem”interourrente
1597 2982 2032 3077 habitarsunt.
2068 2984 2371 3078 Alioquin
2416 3001 2569 3045 vero
2611 2985 2907 3078 idip‘sum.
2943 2985 3144 3078 clare_
3166 2982 3544 3078 testiﬁcatur
3575 2985 3863 3078 Chryso-

589 3072 837 3128 stomus
871 3066 1152 3127 Humilia
1180 3064 1400 3142 eadem
1437 3063 1735 3142 primain
1760 3061 2144 3142 principium
2171 3064 2471 3122 Actorum
2502 3080 2680 3142 num.
2712 3062 2773 3142 _3,
2802 3062 2911 3122 ubi
2943 3064 3078 3123 haec
3126 3064 3399 3142 legimus
3438 3084 3453 3122 :
3490 3061 3861 3142 Superiori-

582 3144 695 3206 bus
719 3144 934 3206 diebus
962 3142 1131 3221 apud
1159 3160 1267 3202 vos
1290 3141 1360 3202 de
1402 3138 1770 3221 apostolicis
1788 3138 2015 3221 perbis,
2044 3139 2234 3221 deque
2277 3141 2649 3221 euangelicis
2688 3140 3115 3221 disseruimus,
3169 3138 3306 3221 cum
3351 3142 3435 3221 de
3466 3138 3640 3203 Juda
3666 3141 3858 3204 verba

582 3158 695 3206 aus
719 3158 934 3206 diebus
962 3158 1130 3221 apud
1159 3160 1267 3202 vos
1290 3158 1360 3202 ae
1402 3158 1770 3221 apostolicis
1794 3158 2015 3209 verbis,
2044 3158 2234 3219 aeque
2277 3158 2649 3278 evanjettcis
2688 3158 3115 3208 disseruimus,
3169 3160 3306 3201 cum
3351 3158 3425 3202 ae
3466 3158 3640 3203 Juaa
3666 3158 3858 3204 verba

579 3224 911 3304 faceremus
943 3242 958 3281 :
992 3222 1393 3304 disseruimus
1409 3228 1474 3304 _et
1505 3220 1577 3280 de
1614 3217 1997 3304 propneticis
2030 3238 2048 3286 ;
2082 3216 2382 3304 hodierno
2414 3219 2508 3304 __ie
2536 3219 2817 3304 volumus
2846 3218 2935 3304 de_
2963 3220 3139 3304 Actis
3184 3220 3637 3304 Apostolorum
3663 3221 3863 3304 verba

581 3296 804 3381 facere.
832 3306 963 3381 etc.
998 3299 1309 3381 Advertas
1340 3298 1534 3381 etiam
1566 3296 1866 3381 velim,_in
1889 3297 2096 3381 prima
2118 3301 2180 3357 et
2200 3298 2385 3381 tertia
2414 3298 2694 3358 Humilia
2724 3298 2790 3357 in
2838 3296 3253 3381 principium:
3280 3300 3586 3381 Actorum
3621 3300 3853 3381 haberi

582 3375 1090 3455 admonitionem
1132 3376 1213 3438 ad
1244 3377 1390 3436 illos
1413 3375 1523 3455 qui
1550 3391 1758 3455 nuper
1788 3375 2086 3455 baptismi
2115 3375 2387 3453 gratiam
2425 3384 2827 3453 acceperant,
2864 3382 2933 3435 ut
2966 3375 3206 3455 dicitur
3235 3377 3301 3435 in
3331 3377 3475 3455 loco
3515 3394 3717 3455 supra
3744 3379 3851 3439 al-

579 3459 709 3518 lato
740 3474 821 3518 ex
853 3454 1186 3535 trigesima
1219 3455 1403 3535 tertia
1435 3452 1808 3535 homiliain
1832 3452 2154 3535 Genesim’.
2177 3452 2595 3535 Perspicuum
2621 3456 2817 3533 igitur
2846 3462 2942 3535 est
2967 3454 3282 3535 Homilias
3312 3455 3377 3514 in
3408 3452 3735 3535 Genesim,
3766 3457 3854 3518 de

574 3536 740 3614 Juda
764 3531 1090 3614 proditore
1121 3577 1137 3605 ,
1170 3533 1328 3614 e_t_in
1363 3534 1529 3614 Acta
1554 3531 1689 3614 sive
1717 3532 1782 3589 in
1806 3531 2191 3614 principium
2234 3532 2541 3614 Actorum
2572 3531 2706 3594 una
2756 3532 3342 3614 serieeodemque
3366 3550 3540 3614 anno
3586 3533 3850 3597 habitas

577 3610 798 3675 fuisse.
835 3613 949 3673 Hm
971 3628 1169 3690 porro
1195 3610 1486 3690 Humilia:
1515 3610 1586 3690 in
1625 3611 1782 3671 Acta
1806 3610 2023 3690 decem
2052 3627 2323 3690 numero
2351 3610 2550 3690 fuere,
2581 3628 2812 3690 nempe
2838 3613 3129 3690 quinque
3157 3612 3222 3670 in
3250 3612 3635 3690 principium
3655 3614 3855 3674 Acto—

576 3709 747 3763 rum,
781 3686 1058 3768 quarum
1080 3689 1377 3751 secundm
1421 3689 1703 3749 maxima
1734 3704 1880 3765 pars
1910 3687 2174 3749 interiit.
2207 3686 2499 3768 Quatuor
2526 3689 2679 3748 item
2704 3686 3001 3751 Humilia;
3022 3686 3108 3749 de
3140 3686 3494 3751 mutatione
3511 3691 3852 3753 nominum

576 3770 643 3829 in
672 3767 983 3846 hac’serie
1012 3768 1351 3846 ponendae,
1379 3768 1537 3846 quia
1568 3772 2027 3846 argumentum
2063 3811 2079 3840 ,
2108 3771 2186 3846 ut
2217 3767 2433 3828 videre
2474 3772 2592 3838 est,
2645 3768 2924 3827 sumitur
2950 3844 2953 3846 ί
2983 3785 3064 3827 ex
3096 3768 3265 3828 libro
3309 3769 3614 3828 Actorum
3642 3788 3659 3839 ;
3698 3770 3856 3832 licet

573 3848 744 3909 enim
776 3845 842 3908 in
869 3843 1101 3925 quarta
1139 3846 1297 3907 illud
1320 3845 1540 3925 primm
1560 3844 1639 3925 ad
1660 3843 2058 3925 Corinthios,
2078 3845 2317 3925 Paulus
2338 3854 2614 3925 uocatus,
2647 3852 2793 3925 etc_.,
2814 3844 3112 3925 explicet,
3141 3852 3596 3925 argumentum
3628 3853 3849 3909 tamen

619 3928 866 3986 riorum
890 3922 1292 3986 'concionum
1322 3922 1427 3983 ’ibi
1456 3924 1697 4001 passim
1728 3923 2166 4001 prosequitur.
2214 3922 2330 3984 His
2364 3924 2643 4002 homiliis
2677 3922 3119 4002 adjungendus
3149 3922 3369 3985 Sermo
3400 3925 3506 3985 ille
3535 3942 3745 3985 nonus
3776 3927 3846 3987 in

628 4004 871 4065 enesim
896 4049 912 4076 ,
942 4003 1205 4065 ultimus
1243 4020 1471 4079 nempe
1504 4018 1730 4063 eorum
1747 4018 2154 4081 sermonum,
2182 4003 2294 4081 qui
2325 4007 2471 4080 post
2499 4001 2577 4060 67
2599 4001 2909 4081 humilius
2928 4003 3177 4081 priores
3220 4002 3520 4081 locantur
3541 4046 3557 4074 ,
3595 4004 3850 4081 quique

568 4083 649 4144 ad
680 4084 938 4143 illarum
960 4083 1022 4141 in
1052 4082 1207 4144 Acta
1234 4078 1644 4142 homiliarum
1665 4080 1896 4141 seriem
1925 4078 2067 4139 ideo
2101 4078 2423 4156 pertinere
2449 4083 2688 4157 potest,
2714 4087 2787 4139 ut
2810 4078 3029 4142 videas
3058 4080 3125 4140 in
3152 4081 3395 4141 Μοιιίιο
3412 4080 3491 4142 ad
3517 4078 3845 4145 eumdem.

568 4162 798 4223 Decem
829 4162 1046 4238 itaque
1075 4160 1387 4222 Homilias
1418 4159 1485 4219 in
1510 4160 1668 4238 Acta
1704 4163 1860 4219 tunc
1883 4158 2135 4238 habitas
2176 4158 2385 4238 dicere
2410 4174 2797 4238 possumus-

640 4235 1070 4316 Exploratum
1121 4256 1275 4317 ergo
1316 4242 1412 4298 est
1438 4282 1453 4309 ,
1481 4244 1554 4317 ut
1581 4237 1899 4317 diximus,
1928 4236 2072 4317 illas
2102 4236 2397 4297 homilias
2418 4235 2663 4317 eodem
2711 4253 2843 4317 quo
2887 4236 3031 4317 illas
3062 4235 3129 4297 in
3161 4236 3460 4317 Genesim
3488 4253 3685 4310 anno,
3715 4253 3849 4299 ea—

565 4314 839 4394 demqne
868 4318 935 4376 in
961 4319 1145 4388 urbe,
1183 4314 1434 4378 habitas
1470 4314 1689 4375 fuisse.
1718 4314 2068 4394 Antiochia;
2100 4332 2287 4394 vero,
2319 4331 2404 4376 an
2434 4314 2986 4393 Constantinopoli
3021 4316 3253 4377 habita)
3282 4314 3539 4388 fuerint,
3571 4333 3701 4375 non
3733 4325 3840 4379 est

563 4393 1243 4473 quud’perquiramus;
1276 4394 1535 4472 quando
1581 4395 1644 4452 in
1694 4393 1987 4473 secundas
2034 4393 2322 4453 Humilia;
2350 4394 2414 4453 in
2464 4394 2847 4473 principium
2881 4396 3183 4455 Actorum
3229 4395 3537 4468 exordio,
3568 4394 3841 4472 perinde.

565 4472 760 4551 atque
792 4474 857 4533 in
884 4472 1069 4533 titulo
1094 4474 1324 4535 dicitur
1345 4491 1485 4534 eam
1528 4474 1590 4530 in
1632 4472 1843 4531 Palma
1869 4516 1883 4543 ,
1913 4490 2025 4531 seu
2060 4473 2121 4530 in
2161 4473 2354 4531 veteri
2380 4472 2649 4551 ecclesia
2678 4472 2959 4533 habitam
2990 4473 3183 4535 fuisse
3209 4493 3223 4531 :
3249 4490 3395 4551 qua:
3422 4474 3627 4540 Palma
3658 4474 3844 4535 cele-

566 4550 695 4611 bris
747 4552 1145 4614 Antiochcna
1187 4552 1450 4612 ecclesia
1487 4556 1645 4619 erat,
1697 4555 1770 4608 ut
1823 4568 2010 4610 nemo
2049 4552 2269 4610 nescit.
2323 4551 2386 4611 ld
2432 4550 2603 4627 quod
2639 4552 2831 4610 etiam
2877 4551 3188 4629 probatur
3212 4550 3297 4612 ex
3330 4552 3515 4612 initio
3540 4552 3845 4614 Humilia:

564 4629 951 4690 duodecima:
974 4630 1039 4689 in
1064 4630 1385 4698 Genesim,
1410 4630 1519 4687 ubi
1552 4630 1640 4689 ait
1665 4646 1732 4688 se
1760 4646 2016 4689 cursum
2039 4630 2447 4708 humiliarum
2470 4630 2534 4708 in
2556 4629 2725 4708 hunc
2746 4630 3086 4707 Scripturae
3103 4632 3340 4689 librum
3361 4632 3841 4708 interpellasse,

565 4714 633 4767 ut
658 4724 766 4768 eos
785 4709 1377 4769 commonefaceret.
1407 4708 1516 4783 qui
1543 4709 1809 4768 aberant
1837 4724 1873 4767 a
1901 4708 2081 4767 caula
2113 4707 2370 4776 Christi,
2402 4713 2464 4766 et
2490 4706 2742 4767 Iudaeos
2770 4710 3204 4781 sectabantur,
3233 4707 3294 4767 id
3320 4716 3438 4782 est,
3463 4706 3843 4771 Iudaeorum

564 4786 878 4923 jfjunium
931 4787 1343 4865 jejunabant;
1378 4804 1523 4844 nam
1585 4786 1647 4845 in
1695 4785 2193 4863 Quadragesima
2249 4792 2311 4845 et
2357 4786 2583 4922 jlejunii
2619 4790 2903 4862 tempore
2948 4786 3013 4845 hi
3059 4804 3390 4848 sermones
3422 4793 3573 4848 sunt
3607 4788 3844 4851 habiti.

624 4865 938 4923 uiusmodi
963 4870 1176 4923 autem
1199 4865 1422 4923 morbo
1449 4865 1827 4923 laborabant
1850 4864 2111 4923 quidam
2134 4864 2359 4923 Antioc
2410 4881 2701 4923 enorum.
2725 4864 3031 4923 adversus
3055 4882 3219 4923 unus
3243 4866 3434 4923 etiam
3457 4866 3844 4923 concionem

624 4865 938 4942 ujusmodi
963 4864 1176 4925 autem
1199 4865 1422 4923 morbo
1449 4865 1827 4924 laborabant
1850 4864 2111 4942 quidam
2134 4864 2701 4933 Antiochenurum,
2725 4864 3031 4925 adversus
3055 4882 3219 4942 quos
3243 4866 3434 4927 etiam
3457 4866 3845 4927 concionem

565 4940 783 5023 habuit
813 4942 1331 5023 ChrysostomusA
1351 4958 1523 5001 anno
1551 4941 1690 5023 386,
1724 4942 1842 5023 cui
1878 4940 2111 5023 titulus
2126 4961 2152 5023 _:
2172 4942 2492 5023 Adversus
2522 4960 2621 5023 eos
2654 4940 3155 5023 quiJudaeorum
3175 4942 3491 5021 jejunium
3507 4944 3843 5023 jejunum.

558 5022 989 5102 Quamobrem
1015 5038 1173 5102 cum»
1191 5021 2034 5102 deConstantinopo_l_itanis_
2054 5020 2212 5102 nihil
2259 5020 2623 5102 hujusmudi
2663 5020 2972 5102 scriptum
3014 5020 3321 5102 occurrat
3355 5020 3606 5102 uspiam
3632 5065 3650 5092 ,
3687 5022 3851 5084 hinc

560 5100 855 5176 sequitur
884 5100 1233 5160 Antiochite
1267 5098 1379 5158 has
1412 5098 1750 5158 conciones
1779 5098 1975 5159 dictas
2008 5099 2204 5158 fuisse
2233 5143 2247 5168 ,
2282 5099 2449 5176 quod
2482 5117 2564 5159 ex
2594 5100 2978 5176 supradictis
3002 5099 3136 5179 jam
3167 5101 3412 5177 liquido
3437 5098 3853 5179 comprobet-

560 5188 692 5237 tum
732 5186 847 5237 est.

1375 5277 1403 5345 ᾗ
1435 5278 1509 5336 ll.
1545 5277 1682 5351 Quo
1713 5295 1876 5336 anno
1913 5276 2198 5339 Humilia:
2228 5277 2295 5337 in
2321 5276 2601 5337 Genesim
2632 5276 2855 5339 habitae
2880 5278 3031 5340 sint.

636 5420 853 5479 Restat
877 5425 944 5478 ut
964 5435 1326 5495 quaeramus
1345 5417 1422 5477 de
1442 5436 1613 5478 anno
1634 5435 1765 5495 quo
1784 5418 1877 5478 ha:
1904 5418 2194 5478 Humilia:
2214 5419 2278 5478 in
2303 5419 2601 5479 Genesim
2618 5424 2770 5479 sunt
2791 5419 3048 5481 habitas.
3076 5421 3217 5495 Qua
3240 5423 3303 5480 in
3328 5440 3395 5483 re
3415 5439 3530 5483 nos
3561 5423 3844 5487 omnino

560 5499 801 5558 luerere
826 5497 1121 5581 fatemur.
1135 5496 1318 5581 git-ca
1346 5496 1513 5581 hanc
1531 5500 1948 5581 quaestionem
1971 5514 2242 5581 operose
2272 5497 2567 5581 edisserit
2583 5498 2679 5557 vir
2695 5500 3174 5581 sagacissimus,
3194 5502 3613 5579 omniumque
3636 5501 3845 5581 longe

562 5576 1103 5656 accuratissimus,
1135 5575 1821 5656 Tillmnontius,_cuju_s
1857 5577 2045 5656 verba
2076 5576 2299 5656 Latine
2339 5576 2643 5636 translata
2676 5575 2917 5637 referre
2946 5595 3027 5637 ne
3059 5579 3293 5656 pigeat.

640 5680 667 5708 (ι
693 5654 872 5734 Quod
900 5660 1141 5730 spectat
1169 5670 1433 5734 annum,
1457 5671 1588 5729 quo
1620 5653 1716 5734 hic
1751 5654 2036 5734 Humilia:
2065 5654 2499 5734 sunthabitaa,
2534 5656 2789 5715 nonnisi
2818 5653 3189 5734 conjectura
3210 5658 3419 5717 dicere
3449 5675 3837 5733 possumus.

564 5734 706 5792 Illas
732 5733 1221 5809 Chrysostomus
1254 5733 1490 5792 habere
1533 5732 1721 5810 coepit
1769 5733 2103 5793 Dominica
2150 5732 2468 5811 jejunium
2519 5732 2957 5816 prmcedente,
2980 5742 3050 5795 ut
3098 5753 3214 5813 per
3251 5732 3841 5816 Quadragesimam
