4080 6308
1765 528 3410 589 w

197 551 1968 617 Μ

1060 784 1482 876 SANCTI.
1575 778 1999 869 PATRIS
2093 733 2530 860 NOSTBI

495 1007 1414 1194 JOANNIS
1551 978 3115 1180 CHRYSOSTOMI

1271 1319 1739 1438 OPERA
1820 1311 2320 1428 OMNIA.

664 1765 902 1825 SERMO
936 1759 1469 1822 ADMONITORIUS
1516 1757 1652 1817 SUB
1687 1752 1976 1844 INITIUH
2009 1746 2308 1808 δΑΝϐΤίΕ
2346 1740 2947 1813 ΩΗΑΟΗΑΟΕΒΙΠΔ.

705 2007 984 2064 IIOMILIA
1023 2005 1252 2062 PRIMA.

266 2189 309 2241 l.
333 2185 550 2241 Gaudeo
570 2196 628 2240 et
650 2185 801 2239 laztor
820 2184 1018 2238 videns.
1032 2182 1188 2237 hodie
1214 2182 1491 2237 ecclesiam
1513 2182 1606 2236 Dei
1634 2181 1773 2236 lilio-

205 2292 303 2330 runi
325 2291 541 2329 suorum
575 2273 913 2329 multitudine
937 2273 1135 2337 ornari,
1164 2287 1366 2340 vosque
1388 2286 1578 2330 omnes
1612 2273 1775 2326 multa

206 2381 310 2420 cum
328 2367 661 2435 jucunditate
688 2365 1044 2420 concurrisse.
1069 2363 1201 2418 Nam
1223 2378 1344 2418 cum
1370 2362 1574 2417 alacres
1602 2363 1777 2418 vultus

207 2468 392 2513 vestros
437 2458 674 2520 intueor,
718 2455 1021 2522 voluptatis,
1065 2453 1260 2524 quaain
1286 2452 1563 2507 animabus
1589 2452 1779 2506 vestris

204 2561 294 2608 αιι.
322 2548 684 2619 coniecturam
715 2546 867 2618 capio
893 2545 1175 2602 maximam
1205 2561 1219 2600 :
1251 2543 1696 2617 quemadmodum
1725 2551 1782 2601 et

205 2640 401 2707 sapiens
441 2640 708 2708 quispiam
755 2638 984 2702 dicebat,
1032 2636 1195 2692 Corde
1240 2638 1442 2691 laetante
1475 2640 1596 2690 viret
1626 2637 1781 2706 facies

212 2727 382 2796 (Prae.
415 2729 503 2784 l5.
535 2729 659 2798 l3).
696 2729 990 2798 Eapropter
1028 2735 1083 2781 et
1121 2728 1233 2795 ipse
1260 2728 1418 2782 hodie
1443 2726 1640 2797 ingenti
1663 2726 1780 2780 ala-

207 2818 377 2871 critate
402 2818 637 2880 surrexi,
667 2833 770 2872 una
804 2817 1076 2872 vobiscum
1107 2817 1301 2870 la-titiae
1331 2814 1783 2885 illiusspiritualis

214 2909 461 2976 particeps
489 2906 723 2972 futurus,
753 2915 808 2962 et
832 2906 1020 2961 volens
1047 2907 1304 2959 adventus
1328 2914 1524 2958 sancta:
1548 2903 1784 2972 Quadra-

213 2996 434 3062 gesimaa,
465 2997 713 3063 remedii,
744 2996 978 3066 inquam,
1013 2996 1304 3049 animarum
1335 3003 1656 3059 nostrarum,
1686 3007 1783 3046 vo-

214 3083 287 3137 bis
323 3085 666 3138 annuntiator
708 3099 848 3139 esse.
893 3083 1201 3139 Communis
1225 3083 1370 3137 enim
1398 3091 1638 3137 nostrum
1668 3097 1786 3137 om—

216 3175 345 3226 nium
389 3175 678 3236 Dominus.
708 3175 871 3228 veluti
895 3185 1044 3243 pater
1073 3175 1207 3230 illius
1228 3187 1412 3227 amans
1430 3214 1447 3239 ,
1483 3173 1701 3242 cupiens
1725 3187 1787 3228 ea

215 3279 321 3332 quae
357 3279 610 3334 umquam
659 3265 1052 3334 peccaverimus
1077 3265 1314 3330 abluere,
1355 3264 1489 3318 hanc
1517 3264 1670 3318 nobis
1698 3279 1792 3334 per

217 3364 439 3406 sanemm
461 3354 724 3423 jejunium
751 3354 1080 3407 curationem
1103 3353 1393 3407 adinvenit.
1422 3353 1609 3407 Nullus
1636 3355 1792 3423 igitur

221 3453 451 3505 mestus,
486 3445 665 3497 nullus
694 3444 860 3498 tristis
889 3452 1161 3511 appareat,
1189 3443 1282 3497 sed
1312 3458 1500 3498 omnes
1525 3445 1794 3499 exsultent

219 3545 266 3590 et
285 3537 561 3607 gaudeant,
597 3554 658 3593 ac
681 3536 904 3608 gloriam
927 3535 1238 3593 reicranLin
1265 3537 1560 3590 animarum
1588 3545 1797 3590 nostra-

221 3646 324 3683 rum
348 3643 673 3694 curatorem,
695 3634 784 3702 ιιιιί
810 3633 948 3687 hanc
965 3637 1216 3701 optimam
1239 3630 1392 3688 nobis
1408 3632 1612 3698 aperuit
1633 3631 1791 3693 viam,

220 3729 270 3773 et
306 3722 444 3776 illius
493 3723 778 3777 adventum
825 3740 1012 3794 magna
1058 3739 1176 3778 cum
1215 3725 1487 3779 alacritate
1513 3721 1792 3792 accipiant.

221 3811 614 3867 Coniundantur
650 3814 894 3884 gentiles,
936 3815 1136 3882 pudore
1163 3832 1222 3870 se
1251 3815 1449 3869 abdant
1476 3813 1666 3878 Judmi,
1714 3811 1795 3866 vi-

223 3899 396 3955 dentes
424 3915 664 3956 nostratn
685 3906 956 3957 caritatem
985 3905 1134 3957 hilari
1162 3904 1335 3958 studio
1356 3904 1496 3958 illius
1512 3905 1795 3959 adventum

224 3993 534 4047 salutintem
558 4009 622 4047 ac
648 3995 1018 4062 excipientem,
1052 3995 1365 4063 discantquc
1398 4009 1491 4063 per
1515 3994 1798 4063 experien-

227 4083 363 4144 tiam,
403 4093 663 4153 quantum
695 4085 831 4140 inter
859 4100 957 4139 nos
981 4086 1050 4140 sit
1090 4096 1143 4140 et
1173 4086 1317 4155 ipsos
1345 4085 1701 4140 intervallum.
1735 4084 1803 4140 Et

229 4172 291 4224 illi
318 4175 536 4242 quidem
567 4174 728 4229 ferias
758 4177 1000 4230 et'lestas
1027 4178 1303 4231 nominent
1325 4178 1659 4243 ebrietatem,
1683 4193 1803 4232 om-

230 4273 446 4330 nemque
475 4265 634 4317 aliam
667 4265 1144 4333 intemperantiam,
1175 4281 1237 4321 ac
1265 4265 1636 4335 turpitudines,
1671 4281 1804 4336 quas

231 4355 508 4409 Verisitttilc
537 4368 619 4409 cst
646 4372 740 4410 eos
787 4358 908 4412 inde
937 4357 1252 4413 contrahere
1283 4375 1296 4412 :
1329 4367 1384 4411 at
1424 4357 1662 4413 Ecclesia
1711 4358 1805 4413 Dei

226 4458 287 4495 ca
329 4462 447 4514 quae
491 4447 595 4499 illis
637 4448 858 4503 adversa
899 4459 1041 4514 sunt,
1087 4464 1275 4518 nempe
1297 4450 1576 4517 jejunium,
1607 4449 1807 4504 ventris

232 4531 558 4602 despectum,
591 4546 644 4590 et
669 4552 854 4592 omnes
880 4539 1011 4592 alias
1036 4540 1255 4594 virtutes
1289 4540 1428 4594 illius
1453 4541 1697 4604 comites,
1730 4539 1806 4593 l’e-

235 4624 332 4677 rias
375 4627 629 4694 appellet.
680 4626 771 4680 llas
800 4629 939 4681 enim
969 4645 1106 4682 ver-.e
1134 4629 1278 4684 ferite
1308 4640 1450 4694 sunt,
1484 4631 1571 4685 ubi
1608 4632 1812 4685 anima-

235 4730 343 4769 runt
369 4720 538 4782 salus,
571 4718 655 4773 ubi
685 4735 780 4786 pax
817 4729 870 4772 et
906 4721 1184 4775 concordia
1215 4732 1315 4785 est,
1345 4722 1430 4776 ubi
1457 4725 1630 4776 omnis
1657 4721 1812 4790 hujus

239 4804 355 4858 vita:
385 4819 674 4876 apparatus
703 4809 963 4878 abigitur;
996 4810 1084 4864 ubi
1129 4812 1350 4873 clamor,
1376 4820 1431 4864 et
1458 4813 1731 4874 tumultus,
1760 4818 1814 4864 et

238 4907 521 4963 euquoruni
549 4899 841 4964 discursus,
872 4910 925 4953 et
947 4899 1201 4968 pecudum
1229 4903 1618 4954 mactationese
1640 4901 1814 4954 medio

239 4987 492 5039 tolluntur
523 5004 537 5039 :
580 4989 730 5056 quies
773 5004 899 5041 vero
939 4992 1131 5054 omnis,
1163 5003 1217 5044 et
1244 4994 1612 5060 tranquillitas,
1642 5001 1697 5046 et
1724 5008 1814 5046 ca-

239 5075 381 5142 ritas,
412 5086 470 5131 et
486 5078 758 5144 gaudium,
777 5091 831 5133 et
858 5095 977 5147 pax,
1004 5089 1058 5134 et
1075 5084 1444 5144 mansuetudo,
1468 5094 1522 5137 et
1543 5085 1816 5137 innumera

241 5163 368 5219 bona
400 5185 495 5236 pro
516 5167 618 5220 illis
645 5169 694 5220 in
724 5185 819 5222 usu
850 5179 988 5222 sunt.

307 5257 617 5310 (.‘oncionum
637 5275 778 5312 verus
801 5261 919 5326 ﬁnis
941 5271 984 5312 et
1013 5277 1229 5315 tuus.-—
1243 5263 1315 5316 De
1337 5263 1426 5316 illo
1453 5265 1609 5332 igitur
1628 5278 1815 5334 pauca,

241 5347 484 5414 obsecro,
513 5349 720 5403 caritati
766 5363 957 5404 vestra:
993 5353 1376 5421 colloquantur,
1410 5353 1566 5424 idque
1594 5357 1818 5423 primunt

242 5450 507 5506 rogemus,
540 5447 596 5493 ut
625 5455 900 5495 sermones
945 5441 1061 5494 illos
1089 5452 1299 5495 ιιοςιτος
1326 5442 1529 5511 placide
1566 5444 1825 5512 suscipia-

112 5541 218 5611 χ
246 5528 331 5591 tis,
377 5544 483 5598 quo
521 5530 759 5592 domum,
810 5530 1032 5585 {rut-tum
1076 5532 1356 5602 quemdam
1387 5532 1643 5603 insignem
1671 5549 1820 5588 assc-

223 5658 252 5707 η
299 5635 328 5656 ··
357 5621 410 5686 ti,
458 5621 706 5676 redeatis.
752 5621 935 5691 Neque
963 5623 1104 5676 enim
1153 5631 1358 5677 temere
1405 5631 1459 5676 et
1496 5621 1688 5677 frustra
1720 5623 1823 5678 huc

230 5742 344 5782 cm“-
385 5712 605 5774 “uimus,
638 5721 692 5766 nt
722 5728 858 5765 unus
876 5712 1085 5780 quidem
1114 5714 1378 5783 loquatur,
1397 5713 1531 5774 alius
1555 5729 1682 5767 vero
1706 5729 1823 5782 qua:

219 5612 492 5898 Aw
521 5803 792 5873 plausibus
822 5805 1068 5875 excipiat,
1110 5815 1164 5859 et
1192 5805 1270 5859 sic
1302 5803 1423 5861 hinc
1451 5803 1776 5861 excedamus
1805 5820 1818 5858 :

230 5712 605 5783 ωιιτδιιιὶιιιιις,
638 5721 692 5766 ιιι
722 5728 858 5765 unus
876 5712 1085 5780 quidem
1114 5714 1378 5783 loquatur,
1397 5713 1531 5774 alius
1555 5729 1682 5767 vero
1706 5729 1823 5782 qua:

241 5803 492 5876 ολωυῆειι·
521 5803 792 5873 plausibus
822 5805 1068 5875 excipiat,
1110 5815 1164 5859 et
1192 5805 1270 5859 sic
1302 5803 1423 5861 hinc
1451 5803 1776 5861 excedamus
1805 5820 1818 5858 :

437 5893 470 5936 ἦ

1877 2007 1972 2062 sed
2013 2017 2068 2060 ut
2113 2014 2168 2060 et
2205 2021 2303 2061 nos
2343 2006 2647 2076 frugiferum
2686 2008 2937 2076 quiddam
2965 2018 3017 2063 et
3055 2008 3209 2064 saluti
3275 2019 3467 2067 vestrae

1880 2096 2213 2151 conducibile
2258 2098 2557 2167 loquamur,
2606 2107 2660 2150 et
2709 2113 2804 2151 vos
2849 2099 2997 2153 lucro
3026 2113 3056 2154 e
3085 2099 3240 2154 dictis
3271 2103 3468 2154 nostris

1878 2193 2119 2255 accepto,
2146 2195 2199 2241 et
2226 2187 2417 2255 amplze
2447 2187 2687 2240 utilitatis
2713 2187 2939 2242 fructum
2968 2188 3129 2253 nacti,
3159 2189 3280 2242 hinc
3309 2203 3470 2243 exea-

1883 2278 1969 2331 tis.
2004 2277 2242 2332 Ecclesia
2268 2292 2399 2332 sane
2437 2278 2648 2332 ofticina
2676 2280 2916 2347 quaedam
2947 2289 3024 2335 est
3057 2280 3332 2335 medicina:
3355 2280 3472 2349 spi-

1881 2368 2124 2435 ritualis;
2171 2378 2227 2422 et
2271 2384 2364 2424 eos
2403 2369 2493 2439 qui
2539 2368 2644 2423 huc
2693 2371 2931 2434 veniunt,
2978 2378 3188 2438 oportet
3217 2385 3322 2422 non
3347 2378 3472 2423 ante

1883 2457 2098 2510 domum
2140 2456 2339 2522 redire,
2380 2474 2540 2528 quam
2583 2459 2671 2512 ubi
2713 2474 2944 2527 congrua
2987 2459 3221 2514 remedia
3249 2473 3473 2527 accepe-

1885 2547 2013 2611 rint,
2060 2546 2254 2616 illaque
2297 2548 2410 2602 suis
2441 2548 2748 2602 vulneribus
2776 2549 3133 2604 adliilmerint.
3184 2548 3316 2604 Nam
3343 2563 3476 2616 quo-

1885 2636 2048 2694 modo
2072 2638 2256 2696 audire
2282 2640 2478 2704 solum,
2511 2649 2564 2693 et
2590 2641 2841 2708 operibus
2871 2642 2999 2695 nihil
3028 2649 3301 2708 pnestare,
3344 2639 3475 2695 nihil

1888 2730 2219 2801 profuturum
2247 2733 2336 2798 sit,
2371 2729 2493 2786 andi
2521 2730 2732 2786 beatum
2767 2730 2984 2788 Paulum
3014 2731 3279 2788 dicculem
3306 2749 3321 2787 :
3354 2729 3476 2785 Non

1887 2822 2020 2876 enim
2062 2823 2318 2876 auditores
2361 2824 2482 2892 legis
2508 2825 2641 2893 justi
2687 2834 2804 2877 sunt
2851 2825 2988 2893 apud
3009 2823 3196 2889 Deum,
3238 2825 3326 2878 sed
3356 2823 3479 2893 legis

1887 2914 2102 2980 factores
2122 2911 2540 2980 justi/icabuntur
2567 2911 2743 2981 (Rom.
2773 2913 2829 2966 2.
2865 2914 2976 2978 l3).
3005 2913 3072 2966 Et
3087 2913 3330 2967 Christus
3345 2928 3477 2967 oon-

1889 3001 2152 3056 cionando
2175 3001 2422 3056 dicebat:
2457 3001 2578 3055 Non
2620 3002 2782 3056 omnis
2810 3004 2897 3071 qui
2925 3003 3044 3056 dicit
3082 3005 3207 3057 mihi
3245 3002 3478 3067 Domine,

1890 3085 2127 3154 Domine,
2157 3090 2365 3143 intrabit
2394 3091 2445 3143 in
2468 3107 2676 3160 regnum
2709 3091 2966 3156 (telorum,
2995 3092 3084 3146 sed
3117 3092 3204 3159 qui
3229 3092 3349 3163 facit
3389 3107 3480 3145 uo—

1893 3176 2132 3230 luntatem
2174 3177 2346 3231 Patris
2387 3180 2484 3232 mei
2525 3181 2610 3247 qui
2646 3180 2700 3234 in
2746 3181 2882 3235 ca'lis
2919 3191 2990 3233 est
3039 3180 3249 3248 (Matth.
3281 3182 3331 3234 7.
3357 3181 3478 3251 2|).

1894 3267 2056 3337 Igitur
2106 3268 2356 3332 scientes,
2405 3268 2606 3332 dilecti,
2658 3270 2855 3324 nullam
2887 3271 3166 3326 utilitatem
3197 3286 3262 3325 ex
3296 3271 3482 3324 auditu

1894 3374 2036 3420 esse,
2076 3358 2181 3412 nisi
2231 3359 2365 3413 bona
2396 3374 2556 3426 Opera
2585 3370 2889 3430 sequantur,
2923 3376 2989 3413 ne
3027 3361 3194 3415 simus
3214 3359 3486 3415 auditores

1895 3451 2191 3517 dumtaxat,
2220 3451 2314 3505 sed
2342 3451 2502 3506 etiam
2532 3451 2780 3519 factores,
2807 3468 2912 3522 quo
2949 3453 3058 3522 ipsa
3086 3467 3246 3521 opera
3275 3466 3483 3506 sermo-

1898 3556 1994 3596 nes
2036 3543 2308 3610 Sequentia
2358 3543 2537 3596 multa:
2586 3543 2740 3596 nobis
2797 3542 3004 3597 lidueize
3073 3543 3181 3596 sint
3244 3541 3479 3595 occasio.

1900 3631 2129 3685 Proinde
2171 3631 2433 3699 explicitis
2476 3641 2665 3686 vestrae
2717 3631 2908 3687 mentis
2952 3632 3176 3697 sinibus,
3205 3645 3486 3686 sermones

1899 3722 1966 3777 de
1985 3721 2189 3790 jejunio
2209 3719 2480 3790 suscipite.
2511 3722 2582 3789 Et
2605 3720 3046 3790 quemadmodum
3077 3730 3275 3776 castam
3303 3735 3488 3789 quam-

1901 3813 2022 3868 dam
2050 3822 2104 3868 et
2133 3814 2412 3885 ingenuam
2443 3827 2692 3884 sponsam
2720 3813 2947 3877 ducturi,
2984 3812 3230 3869 thalamis
3256 3811 3490 3879 undique

1904 3906 2168 3977 tapetibus
2209 3909 2433 3973 ornatis,
2461 3909 2724 3977 domoqu
2751 3919 2855 3962 tota
2887 3917 3124 3977 purgata,
3156 3918 3209 3961 et
3248 3908 3490 3976 iugi-essu

1904 3999 2152 4053 omnibus
2192 4000 2484 4053 inhonestis
2521 3998 2725 4053 ancillis
2771 3999 3074 4063 interdicto,
3107 3999 3157 4052 in
3189 4000 3490 4054 cubiculum

1906 4089 2049 4144 illam
2081 4090 2458 4144 introducunt:
2493 4091 2602 4159 pari
2645 4089 2804 4144 modo
2830 4091 3021 4145 vellem
3049 4090 3208 4143 etiam
3235 4106 3362 4154 vos,
3395 4106 3492 4143 ex-

1909 4192 2127 4250 purgata
2173 4190 2350 4236 mente
2394 4191 2588 4243 vestra,
2637 4180 2860 4250 valeque
2906 4181 3109 4235 deliciis
3139 4189 3192 4235 et
3221 4181 3496 4234 voracitati

1909 4272 2072 4338 dicto,
2107 4281 2327 4326 matrem
2377 4272 2611 4325 omnium
2658 4272 2939 4337 bonorum,
2968 4282 3020 4324 et
3048 4269 3334 4340 pudicitiae,
3361 4271 3494 4323 alia—

1913 4377 2138 4432 rumque
2166 4361 2416 4415 virtutum
2460 4363 2697 4415 omnium
2741 4363 3066 4431 magistram,
3095 4360 3377 4429 jejunium.
3416 4360 3499 4412 iu-

1914 4468 2094 4523 quam,
2126 4452 2388 4520 explicitis
2415 4461 2605 4506 vestra:
2648 4451 2842 4504 mentis
2886 4450 3090 4504 sinibus
3121 4450 3413 4517 suscipere,
3445 4459 3502 4502 ut

1913 4555 1965 4597 et
1994 4557 2087 4596 vos
2115 4542 2302 4610 majori
2324 4541 2590 4594 d‘ruamini
2633 4541 2920 4609 voluptate,
2962 4553 3010 4593 et
3044 4539 3171 4592 illud
3199 4554 3499 4606 congruen-

1917 4642 2022 4688 tem
2049 4633 2200 4687 vobis
2226 4648 2376 4686 snam
2407 4632 2719 4685 medicinam
2761 4632 3016 4685 conferat.
3065 4630 3196 4686 Nam
3237 4631 3281 4684 si
3313 4628 3504 4683 medici

1917 4727 2197 4795 pharniaczi
2243 4725 2372 4778 dare
2414 4723 2674 4786 volentes,
2720 4731 2776 4778 ut
2803 4722 3076 4791 putridum
3105 4731 3159 4776 et
3196 4730 3503 4787 corruptum

1920 4817 2196 4871 humorem
2239 4824 2553 4883 expurgem.
2603 4828 2631 4865 a
2673 4813 2934 4881 corporali
2963 4812 3064 4866 hoc
3089 4811 3209 4866 cibo
3238 4811 3508 4864 abstinere

1922 4906 2253 4975 prtl‘Cipllllll,
2296 4904 2366 4957 ita
2411 4914 2464 4955 ιιι
2510 4903 2777 4970 pliarmaei
2809 4900 3059 4955 emt-acia:
3089 4917 3191 4953 non
3221 4901 3289 4954 sit
3325 4899 3506 4952 obsta-

1920 4997 2124 5060 culum,
2153 4993 2245 5048 sed
2272 4992 2501 5062 operari,
2542 5007 2796 5061 suamque
2844 4992 2948 5043 vim
2983 4992 3106 5044 illud
3135 4991 3302 5060 possit
3323 5002 3508 5047 osten-

1921 5087 2084 5140 dere:
2132 5087 2299 5138 multo
2340 5083 2506 5153 magis
2548 5082 2698 5137 nobis
2739 5082 3011 5152 spirituale
3054 5082 3157 5137 hoc
3193 5080 3506 5142 remedium,

1925 5179 2026 5233 hoc
2056 5189 2158 5240 cst,
2206 5177 2485 5230 utilitatem
2529 5190 2648 5244 qua:
2678 5191 2740 5228 ex
2765 5175 2968 5242 jejunio
3011 5183 3113 5238 est,
3158 5172 3507 5242 suscepturis,

1927 5271 2182 5324 tenuitate
2208 5269 2376 5323 victus
2402 5278 2637 5321 nostram
2668 5277 2900 5321 mentem
2929 5281 3245 5337 expurgare,
3273 5275 3324 5319 et
3349 5263 3514 5318 levio-

1928 5376 2038 5416 rem
2071 5360 2291 5414 reddere
2320 5359 2586 5420 convenit,
2621 5365 2678 5412 ut
2706 5373 2772 5412 ne
2801 5355 3057 5411 ebrietate
3094 5356 3336 5410 demersa
3373 5353 3516 5408 utili-

1930 5460 2114 5514 tatem,
2137 5467 2255 5520 quae
2281 5466 2343 5502 ex
2375 5450 2464 5503 illo
2496 5449 2758 5518 provenit,
2786 5447 3003 5500 adimat.

1997 5542 2055 5596 9..
2097 5542 2262 5595 Porro
2291 5541 2402 5594 scio
2429 5540 2640 5610 quidem
2673 5538 2786 5594 fore
2817 5547 2873 5592 ut
2901 5538 3080 5592 multis
3098 5551 3182 5603 ea,
3204 5551 3324 5606 qure
3355 5532 3513 5588 hodie

1929 5649 1958 5687 a
1990 5633 2144 5689 nobis
2167 5631 2390 5688 dicenda
2432 5641 2576 5697 sunt,
2609 5631 2741 5684 mira
2769 5628 3081 5684 videantur:
3111 5625 3228 5693 sed,
3268 5623 3513 5691 obsecro,

2000 5810 2014 5843 ι
2051 5805 2241 5858 coisliu.
2265 5813 2317 5858 et
2339 5813 2442 5858 tres
2458 5805 2556 5867 alii,
2574 5811 2764 5857 nostite.
