4080 6308
511 390 578 445 23
1253 391 1310 449 8.
1349 389 1626 448 JOANNIS
1661 387 2135 447 CHRYSOSTOIII
2171 387 2492 446 ABCIIIEP.
2530 390 3060 448 CONSTANTINOP.
3699 391 3771 447 21

509 525 576 565 ne
599 506 970 565 comnetndini
1019 515 1216 563 temere
1254 504 1572 572 serviamus,
1615 504 1708 559 sed
1755 504 1961 559 ratione
1997 516 2083 557 res

508 610 715 658 tiostras
757 601 1116 658 instituamus.
1157 598 1417 668 Numquid
1460 599 1607 656 enim
1655 597 1784 652 lucri
1820 595 2086 666 quidpiam

504 708 571 747 cs
584 693 893 763 quotidiana
923 692 1137 761 crapula
1153 690 1372 760 jugique
1390 688 1648 744 ebrietate
1675 687 1824 742 nobis
1847 686 2090 740 accedit?

511 770 576 838 Et
600 783 724 850 quid
753 783 874 838 dico
898 781 1137 837 lucrum?
1163 780 1512 834 Imomullum
1541 780 1787 832 damnum
1809 789 1863 832 et
1883 778 2089 847 jactura

510 872 861 926 intolerabilis
913 871 1035 925 inde
1082 879 1442 938 exspectatur.
1499 871 1629 923 Cum
1680 867 1906 936 primum
1949 865 2088 920 enim

512 978 661 1017 tuens
693 963 974 1017 vinolentia
1007 961 1170 1016 multa
1194 960 1349 1017 fuerit
1383 961 1589 1025 obruta,
1619 960 1795 1019 statim
1824 971 1875 1014 et
1899 960 1951 1013 in
1975 959 2091 1028 ipso

512 1053 663 1106 initio
709 1051 927 1115 utilitas,
971 1058 1094 1121 qua
1139 1067 1169 1105 a
1209 1050 1414 1121 jejunio
1459 1061 1561 1114 est,
1611 1049 1906 1120 repellitur.
1954 1049 2089 1116 Quid

512 1142 654 1195 enim
673 1139 963 1205 insuavius,
980 1141 1088 1207 die,
1113 1141 1354 1204 obsecro,
1383 1139 1507 1208 quid
1535 1142 1658 1194 item
1686 1141 1911 1209 turpius,
1934 1155 2090 1210 quam

512 1245 633 1285 cum
660 1245 829 1300 usque
856 1223 925 1284 ad
963 1230 1189 1285 mediam
1220 1239 1432 1284 noctem
1473 1245 1743 1285 meracum
1789 1231 2089 1295 sorbentes,

513 1321 614 1374 sub
636 1335 904 1384 auroram,
929 1319 1058 1373 solis
1069 1319 1256 1388 jubare
1280 1321 1508 1385 oriente,
1530 1320 1707 1373 vinum
1730 1320 1881 1390 quasi
1908 1334 2092 1374 recens

517 1411 778 1480 ingestum
806 1412 1029 1482 spirant,
1053 1422 1106 1466 et
1132 1413 1534 1466 occurrentibus
1558 1412 1770 1481 quidem
1800 1411 2090 1480 iujucundi,

517 1503 776 1557 ministris
803 1516 932 1556 vero
958 1501 1285 1570 despiciendi
1314 1511 1592 1570 apparent,
1621 1511 1676 1555 et
1696 1499 2003 1555 derideantur
2028 1501 2094 1553 ab

516 1594 782 1657 omnibus,
808 1595 896 1663 qui
920 1596 1081 1648 modo
1105 1594 1231 1663 quid
1260 1595 1444 1649 deceat
1464 1595 1544 1648 vel
1569 1595 1753 1648 leviter
1773 1594 2092 1663 intelligunt,

516 1693 573 1738 et
616 1700 724 1752 pra:
761 1684 1011 1740 omnibus
1051 1685 1174 1750 illis,
1214 1684 1425 1754 quando
1469 1692 1683 1753 propter
1707 1684 1921 1738 nimiam
1954 1685 2092 1736 illam

517 1783 572 1828 et
600 1774 934 1828 immodicam
980 1764 1507 1844 intempestivaqu
1543 1789 1605 1829 ac
1634 1773 1874 1829 inutilem
1905 1774 2099 1828 intem-

519 1864 812 1932 perantiam
858 1865 911 1921 in
966 1879 1027 1919 se
1052 1864 1283 1918 divinam
1314 1878 1604 1934 provocant
1642 1865 2096 1934 indignationem?

520 1953 737 2020 Ebrioai,
783 1955 948 2019 enim,
995 1955 1182 2022 inquit,
1236 1971 1441 2024 regnant
1495 1953 1590 2008 Dei
1638 1971 1739 2009 non
1777 1955 2099 2024 possidebunt

519 2042 598 2114 (l.
627 2043 747 2098 Cor.
777 2043 833 2098 ϐ.
866 2044 978 2113 l0).
1005 2043 1141 2111 Quid
1172 2045 1329 2115 igitur
1371 2044 1474 2098 illis
1514 2045 1760 2099 miserius
1801 2045 1976 2104 fuerit,
2010 2044 2098 2113 qui

518 2134 590 2190 ob
617 2149 844 2202 parvam
886 2143 940 2188 et
965 2136 1314 2204 perniciosam
1344 2136 1666 2205 voluptatem
1695 2151 1726 2189 a
1756 2136 1902 2205 regni
1935 2136 2097 2189 vesti-

522 2223 659 2278 bulis
697 2222 1022 2295 ejiciuntur?
1063 2224 1202 2280 absit
1242 2233 1419 2279 autem
1466 2233 1524 2278 ut
1562 2227 1678 2294 quis
1703 2241 1769 2281 ex
1803 2226 1864 2279 iis
1894 2226 1982 2295 qui
2015 2225 2100 2279 hic

520 2323 899 2378 convenerunt,
949 2313 1048 2369 hoc
1095 2314 1282 2368 morbo
1321 2314 1610 2383 implicitus
1637 2315 1704 2369 sit
1733 2333 1747 2369 :
1779 2314 1872 2369 sed
1899 2312 2098 2367 utinam

523 2406 668 2459 omni
711 2420 834 2460 cum
875 2403 1176 2474 frugalitate
1203 2414 1258 2459 et
1293 2405 1618 2459 continentia
1661 2405 1820 2460 etiam
1868 2404 1968 2459 hoc
2016 2403 2102 2459 die

521 2493 810 2562 convivati,
839 2505 892 2549 et
920 2509 951 2550 a
975 2503 1288 2564 tempestate
1313 2509 1376 2549 ac
1403 2495 1657 2564 procella,
1685 2511 1842 2564 quam
1869 2495 2102 2550 ebrietas

521 2600 778 2656 generare
800 2587 957 2650 solet,
987 2585 1214 2651 liberati,
1243 2585 1295 2640 iu
1325 2596 1533 2653 portum
1560 2587 1854 2640 animarum
1891 2595 2101 2642 nostra-

522 2692 662 2742 rum,
688 2677 967 2746 jejunium,
1000 2676 1235 2747 inquam,
1257 2677 1523 2747 appellere
1545 2678 1834 2747 contingat,
1860 2685 1919 2731 ut
1938 2677 2103 2731 multa

520 2776 643 2824 eum
682 2767 924 2822 ubertate
963 2767 1102 2822 illius
1139 2767 1275 2822 bona
1301 2768 1551 2837 consequi
1595 2768 1875 2837 possimus.
1920 2768 2103 2823 Enim-

524 2873 654 2916 vero
672 2861 809 2914 sicut
831 2859 1046 2929 crapula
1072 2860 1304 2914 humano
1327 2861 1513 2929 generi
1553 2859 1952 2916 innumerorum
1995 2874 2106 2913 ina-

528 2951 699 3006 lorum
724 2965 883 3006 causa
913 2960 996 3006 est
1021 2959 1073 3006 et
1099 2950 1286 3013 fomes.
1317 2951 1389 3006 ita
1417 2951 1576 3006 etiam
1597 2951 1860 3022 jejunium
1881 2951 2105 3006 ventris-

523 3057 630 3113 que
658 3041 928 3111 neglectus
970 3041 1206 3096 omnium
1238 3041 1392 3096 nobis
1417 3042 1677 3097 bonorum
1716 3057 1927 3113 semper
1947 3056 2105 3096 causa

526 3131 643 3187 fuit.
687 3130 818 3186 Nam
857 3131 999 3187 Deus
1025 3146 1146 3186 cum
1172 3133 1239 3184 ab
1263 3131 1413 3186 initio
1453 3131 1720 3187 hominem
1759 3131 2105 3199 condidisset,

527 3232 584 3278 et
605 3223 768 3278 sciret
788 3235 911 3277 eum
938 3220 1039 3276 hoc
1065 3220 1302 3276 remedio
1320 3219 1389 3275 ad
1416 3221 1606 3275 animae
1630 3221 1852 3277 salutem
1881 3221 2105 3276 multum

530 3315 730 3372 habere
763 3327 919 3384 opus.
967 3314 1144 3368 statim
1187 3322 1244 3369 et
1284 3312 1336 3367 in
1367 3313 1627 3383 principio
1669 3311 1771 3367 hoc
1800 3313 2104 3368 mandatum

533 3403 704 3475 primo
727 3393 936 3473 parenti
954 3401 1130 3478 dedit,
1151 3402 1334 3457 dicens
1362 3421 1376 3454 :
1407 3401 1482 3456 De
1507 3401 1646 3456 omni
1684 3402 1842 3474 ligno,
1879 3405 2011 3474 quod
2033 3414 2108 3456 est

525 3486 879 3569 iw‘ﬁaradiso
897 3534 913 3560 ,
955 3493 1264 3550 comedenda
1317 3493 1578 3556 contedes;
1638 3494 1701 3548 de
1748 3494 1886 3564 ligno
1943 3505 2109 3546 autem

514 3581 751 3640 scientia
801 3585 919 3639 boni
949 3591 999 3639 et
1039 3579 1183 3652 ntali,
1229 3601 1292 3640 tte
1322 3585 1594 3639 ωηιεόαώ
1623 3586 1687 3638 de
1729 3585 1842 3654 ipso
1870 3584 2022 3651 (Gen.
2051 3585 2106 3639 2.

529 3670 644 3746 16).
671 3675 788 3731 ιω
808 3675 1010 3743 dicere,
1037 3676 1150 3731 Hoc
1173 3676 1414 3742 comede,
1446 3676 1546 3731 hoc
1584 3692 1652 3730 ne
1677 3677 1946 3740 comedas,
1973 3677 2110 3745 jeju-

533 3768 606 3823 uii
653 3765 818 3838 ﬁgura
853 3776 988 3823 erat.
1029 3768 1198 3822 Porro
1239 3782 1359 3822 cum
1405 3767 1508 3824 hoc
1549 3769 1852 3823 mandatum
1897 3784 2111 3823 servare

533 3861 878 3932 oportuisset,
933 3859 1037 3916 hoc
1080 3869 1258 3916 tamen
1309 3859 1400 3914 ille
1444 3875 1548 3914 non
1594 3859 1757 3915 fecit:
1786 3859 1880 3915 sed
1912 3862 2113 3914 ventris

534 3950 943 4023 intemperantia
990 3951 1179 4018 victus,
1227 3960 1283 4006 et
1323 3951 1800 4022 transgressionem
1839 3959 2110 4021 operatus,

534 4041 602 4101 ad
626 4053 853 4102 mortem
880 4041 1264 4102 condemnatus
1284 4051 1385 4102 est.
1407 4042 1667 4114 Quoniam
1687 4041 1828 4103 enim
1855 4041 2118 4116 malignus

536 4137 625 4193 ille
651 4135 861 4192 damon
889 4146 943 4192 et
971 4138 1137 4192 nostri
1162 4139 1375 4210 generis
1423 4140 1665 4193 inimicus
1716 4139 1845 4193 vidit
1887 4139 2114 4206 primum

537 4237 810 4299 [urentem
833 4227 887 4300 in
915 4229 1162 4299 paradiso
1193 4237 1522 4296 versantem,
1549 4231 1816 4299 vitamque
1845 4229 1986 4283 illam
2014 4229 2116 4282 mi-

535 4317 690 4373 seria
736 4327 1008 4387 expertem
1034 4356 1052 4385 ,
1099 4330 1156 4373 et
1210 4334 1332 4373 eum
1374 4319 1464 4388 qui
1510 4319 1718 4388 corpori
1763 4319 1841 4374 sic
1879 4326 2115 4377 annexus

519 4401 671 4476 'uat,
717 4416 983 4481 tamquam
1026 4412 1269 4482 angelum
1300 4427 1461 4481 super
1488 4419 1686 4466 terram
1724 4425 1902 4481 agere,
1933 4409 2117 4465 volens

539 4486 688 4556 illum
730 4501 1070 4571 supplantare
1107 4510 1162 4556 et
1204 4501 1435 4571 dejicere
1462 4501 1776 4572 ampliorum
1804 4501 2111 4570 promissio-

541 4604 667 4644 num
710 4604 826 4659 spe,
867 4590 1012 4644 illum
1057 4591 1217 4646 etiam
1258 4591 1323 4645 iis
1368 4606 1487 4658 quae
1529 4591 1580 4645 iu
1620 4591 1862 4644 manibus
1891 4590 2117 4646 habebat

540 4678 806 4748 spoliavit.
854 4677 1078 4733 Tantum
1121 4688 1206 4733 est
1244 4678 1440 4732 malum
1469 4695 1572 4733 non
1599 4693 1658 4733 se
1682 4680 1955 4735 continere
1981 4681 2114 4734 intra

543 4768 788 4838 proprios
840 4769 1054 4834 limites,
1098 4769 1194 4825 sed
1245 4770 1535 4840 majoribus
1585 4770 1812 4825 inhiare.
1868 4772 1936 4826 Et
1979 4772 2116 4827 istud

543 4861 714 4929 ipsum
763 4860 977 4931 sapiens
1015 4860 1226 4932 quidam
1275 4861 1552 4916 declarans
1600 4861 1812 4918 dicebat
1853 4881 1866 4917 :
1916 4862 2120 4917 Invidia

542 4959 712 5006 autem
747 4951 933 5018 diaboli
977 4967 1111 5005 mors
1149 4952 1350 5006 intravit
1389 4952 1440 5006 in
1467 4952 1710 5007 mundam
1735 4952 1893 5023 (Sep.
1919 4953 1971 5007 2.
2001 4953 2116 5023 24).

549 5027 733 5114 Vides,
756 5040 970 5107 dilecte,
1014 5042 1281 5111 quomodo
1308 5043 1375 5098 ab
1411 5043 1561 5097 initio
1603 5045 1782 5098 statim
1809 5060 1879 5098 es
1905 5047 2120 5113 crapula

546 5146 691 5188 mors
731 5130 1024 5206 ingressam
1066 5132 1290 5187 habuit?
1327 5130 1614 5187 Considera
1645 5144 1819 5189 autem
1851 5135 2039 5190 iterum
2067 5144 2122 5190 et

546 5232 666 5295 post
690 5221 806 5294 haec
839 5213 1069 5279 divinam
1103 5222 1431 5293 Scripturam
1470 5223 1695 5278 subinde
1721 5224 1942 5280 delicias
1971 5227 2121 5279 incu-

544 5322 750 5370 santem
774 5329 839 5370 ac
856 5313 1120 5369 dicentem
1149 5314 1337 5377 alicubi
1365 5332 1380 5370 :
1406 5312 1553 5368 Sedit
1582 5315 1800 5383 populus
1818 5315 2124 5369 manducare

548 5415 594 5458 et
634 5405 819 5468 bibere.
861 5415 910 5458 et
949 5414 1271 5459 surrexerunt
1310 5405 1485 5458 ludere
1522 5403 1715 5475 (Ea-od.
1762 5405 1848 5460 32.
1889 5405 1971 5474 6);
1996 5405 2123 5461 alibi

549 5508 713 5549 vero:
756 5493 825 5546 Et
871 5495 1105 5558 condit,
1147 5505 1197 5549 et
1238 5493 1377 5560 bibit,
1422 5503 1469 5552 et
1495 5495 1835 5566 impinguatns
1855 5506 1947 5562 est,
1974 5506 2021 5551 et
2045 5498 2125 5550 in-

548 5592 824 5648 erusatas,
852 5573 899 5637 et
921 5584 1250 5641 recaleitroail
1274 5584 1487 5640 dilectus
1521 5584 1696 5656 (Deut.
1729 5585 1819 5641 32.
1849 5587 1963 5656 l5),
1988 5587 2124 5654 Quin

551 5689 606 5737 et
622 5657 979 5735 Sodomorum
1001 5676 1185 5732 incola:
1206 5676 1647 5748 indeprecabilem
1667 5677 1811 5731 illam
1848 5678 1981 5732 iram
2007 5692 2126 5732 cum

555 5789 620 5828 ex
654 5769 774 5828 aliis
798 5770 953 5828 malis
976 5779 1088 5827 tum
1114 5768 1238 5826 hinc
1263 5770 1364 5829 sibi
1390 5771 1799 5828 accersiverunt.
1825 5769 1961 5826 Audi
1982 5770 2125 5828 enim

2196 502 2513 572 prophetam
2527 503 2788 560 dicentem
2818 521 2833 558 :
2867 503 2990 559 "ac
3011 505 3248 574 iniquitas
3264 504 3777 575 Sodommm,qnad

2192 594 2244 646 in
2270 596 2498 649 satietate
2517 610 2703 664 panum
2729 594 3049 648 lascivieoant
3070 593 3282 664 (Emit.
3309 595 3397 649 l6.
3425 593 3539 666 d9).
3564 595 3783 650 Morbus

2191 683 2334 738 enim
2383 684 2470 740 ille
2506 686 2656 755 quasi
2696 685 2844 740 radix
2889 694 2944 739 et
2970 683 3094 768 fons
3115 685 3328 756 quidam
3359 687 3620 742 malorum
3656 702 3777 741 οιιμ

2193 776 2338 830 nium
2364 784 2468 830 est.

2264 865 2317 920 3.
2354 864 2622 937 Jejunium
2667 867 2896 933 exemplo
2935 877 3224 922 sanctorum
3263 869 3666 957 commendetur.
3689 893 3778 912 ο·-

2198 956 2382 1012 Vidisti
2403 957 2633 1028 crapula:
2655 959 3070 1013 nocumentum?
3096 956 3234 1012 Vide
3251 957 3410 1012 etiam
3429 956 3617 1026 jejunii
3641 973 3780 1027 pra:-

2194 1049 2337 1102 clara
2368 1048 2623 1103 facinora.
2653 1049 3012 1120 Quadraginta
3037 1049 3156 1105 dies
3196 1065 3316 1103 cum
3343 1051 3640 1120 jejunasset
3667 1067 3780 1106 ma-

2164 1208 2166 1210 ,
2194 1155 2329 1209 guns
2349 1140 2543 1206 Moses,
2564 1140 2695 1210 legis
2718 1140 2922 1194 tabulas
2938 1143 3180 1210 accipere
3202 1140 3371 1209 potuit
3394 1159 3408 1194 :
3430 1149 3486 1195 et
3504 1142 3784 1210 quoniam,

2197 1239 2254 1284 ut
2275 1229 2570 1296 descendit,
2594 1230 2722 1284 vidit
2745 1229 2926 1301 populi
2952 1229 3307 1298 iniquitatem.
3336 1245 3467 1300 quas
3485 1245 3606 1285 cum
3631 1238 3785 1284 tanto

2195 1323 2405 1388 studio,
2435 1331 2490 1378 et
2508 1322 2848 1386 assiduitate,
2893 1324 3135 1391 accipere
3178 1322 3342 1391 potuit
3368 1365 3384 1387 ,
3417 1338 3508 1376 eas
3545 1323 3783 1392 abjeetas

2197 1414 2452 1467 contrivit
2489 1412 2701 1483 (Exod.
2732 1413 2824 1467 24.
2857 1413 2958 1478 ιὸς
2990 1423 3038 1466 et
3062 1413 3149 1468 31.
3185 1412 3287 1478 l8;
3315 1423 3364 1466 et
3389 1412 3478 1468 32.
3510 1411 3650 1483 l9),
3682 1414 3781 1467 ab-

2198 1503 2416 1558 surdum
2446 1517 2566 1557 esse
2592 1515 2846 1567 censeris,
2878 1502 3085 1557 ebrium
3115 1512 3169 1556 et
3196 1504 3650 1571 praevaricatorem
3685 1521 3784 1571 pn-

2199 1593 2378 1661 pulum
2405 1593 2549 1663 leges
2576 1607 2604 1645 a
2643 1593 2868 1648 Domino
2894 1593 3135 1647 conditas
3160 1593 3418 1662 accipere.
3448 1593 3786 1662 Quapropter

2197 1685 2374 1740 denuo
2412 1684 2755 1753 quadraginta
2789 1684 2994 1738 dierum
3017 1683 3221 1752 jejunio
3248 1698 3384 1753 opus
3405 1683 3586 1739 habuit
3613 1684 3788 1737 admi-

2198 1775 2396 1830 randus
2421 1775 2506 1829 ille
2535 1775 2812 1844 propheta,
2843 1783 2899 1828 ut
2927 1774 3128 1828 tabulas
3166 1784 3382 1843 preptcr
3411 1775 3649 1840 ipsorum
3679 1773 3788 1827 ini-

2200 1867 2452 1934 quitatem
2479 1867 2733 1920 contritas
2760 1868 2948 1919 iterum
2971 1879 3200 1933 superne
3221 1875 3461 1934 receptas
3479 1865 3793 1934 deportaret

2203 1957 2406 2027 (Exod.
2449 1957 2538 2012 34.
2579 1955 2711 2026 28).
2750 1957 2988 2016 Totidem
3032 1957 3237 2011 dierum
3267 1957 3524 2026 jejunium
3577 1965 3633 2012 et
3675 1972 3775 2010 mar

2200 2065 2335 2119 gnus
2361 2047 2539 2103 Helias
2567 2048 2819 2117 transegit
2837 2088 2852 2113 ,
2893 2048 3159 2114 vitataque
3188 2047 3374 2102 mortis
3404 2047 3703 2119 tyrannide,
3733 2059 3788 2102 ct

2201 2157 2360 2195 curru
2389 2140 2543 2208 igneo
2583 2140 2732 2208 quasi
2779 2140 2830 2192 in
2869 2138 3056 2191 caelum
3089 2145 3303 2205 raptus,
3339 2139 3498 2191 etlam
3539 2153 3706 2205 usque
3735 2138 3792 2191 in

2205 2233 2340 2286 hanc
2358 2230 2500 2295 diem
2529 2239 2754 2284 mortem
2781 2243 2886 2283 non
2914 2237 3165 2296 expertus
3188 2236 3270 2282 est
3312 2229 3387 2299 (3.
3420 2228 3548 2298 Reg.
3582 2229 3669 2283 l9.
3705 2228 3788 2300 8).

2206 2321 2298 2375 Vir
2324 2335 2535 2396 quoque
2573 2319 2980 2385 desideriorum,
3008 2328 3224 2389 peracto
3252 2320 3539 2373 multorum
3577 2319 3788 2374 dierum

2200 2411 2404 2482 jejunio
2428 2452 2444 2476 ,
2485 2411 2856 2474 admirandam
2897 2409 3039 2465 illam
3078 2411 3335 2464 visionem
3367 2419 3554 2465 nactus
3582 2420 3697 2478 est,
3735 2421 3791 2466 ct

2207 2504 2418 2558 leonum
2450 2503 2683 2559 furorem
2711 2505 3039 2575 compescuit
3067 2506 3118 2560 in
3149 2507 3435 2575 oviumque
3477 2515 3790 2561 mansuetu-

2204 2594 2383 2650 dinem
2408 2595 2568 2651 vertit
2593 2594 2768 2664 (Dan.
2800 2596 2888 2651 10.
2919 2595 3012 2666 3),
3041 2610 3145 2650 non
3167 2605 3408 2650 naturam
3431 2604 3785 2661 commutatis,

2205 2686 2300 2742 sed
2317 2687 2522 2742 feritate
2539 2696 2787 2742 manente
2805 2688 3097 2757 appetitum
3109 2695 3367 2741 mutatum
3381 2685 3657 2742 cohibens.
3678 2685 3792 2740 Hoc

2201 2778 2406 2849 jejunio
2420 2787 2474 2833 et
2489 2778 2731 2834 Ninivita:
2749 2779 2853 2844 nsi,
2875 2779 3196 2834 sententiam
3221 2779 3426 2833 Domini
3443 2787 3785 2842 revocarunt,

2207 2870 2500 2925 efficientes
2527 2879 2591 2924 ut
2608 2880 2713 2925 tam
2735 2870 2974 2938 jumenta
3002 2884 3162 2940 quam
3189 2868 3433 2923 homines
3460 2869 3585 2923 illud
3614 2870 3790 2924 susci-

2207 2973 2428 3032 perent,
2458 2975 2512 3018 et
2547 2964 2624 3016 sic
2651 2962 3000 3017 abscedentes
3026 2961 3388 3031 unusquisque
3423 2975 3454 3014 a
3493 2961 3647 3014 malis
3673 2969 3791 3015 stn-

2207 3053 2330 3118 diis,
2358 3053 2424 3107 ad
2453 3052 2790 3109 clementiam
2819 3053 3185 3106 universorum
3217 3050 3497 3106 Dominmn
3529 3065 3789 3119 provoca-

2210 3152 2330 3197 rent
2369 3141 2553 3212 (Jonc
2579 3143 2632 3197 3.
2660 3141 2752 3212 7).
2794 3141 2860 3196 Et
2884 3141 3011 3210 quid
3040 3141 3180 3195 circa
3210 3155 3392 3196 servos
3423 3140 3646 3196 ulterius
3671 3155 3794 3196 ver-

2210 3233 2343 3288 sor?
2390 3231 2592 3287 Etenim
2625 3246 2901 3302 possemus
2937 3239 2991 3286 et
3015 3229 3151 3286 alios
3181 3228 3436 3300 plurimos
3460 3244 3793 3285 commemo-

2212 3339 2332 3378 rare
2359 3333 2407 3377 et
2427 3325 2480 3378 in
2511 3323 2712 3389 Veteri,
2736 3332 2790 3378 et
2811 3323 2864 3376 in
2886 3321 3034 3376 Novo
3051 3321 3394 3375 Testamento
3420 3335 3516 3389 per
3530 3320 3792 3390 jejunium

2209 3414 2538 3478 celebratos;
2571 3428 2754 3468 verum
2787 3427 2967 3481 operae
2993 3411 3218 3481 pretium
3239 3420 3342 3477 est,
3375 3420 3434 3464 ut
3459 3411 3522 3466 ad
3547 3426 3794 3465 commu-

2213 3519 2333 3557 nem
2380 3503 2547 3557 nostri
2590 3504 2825 3558 omnium
2867 3502 3148 3558 Dominum
3191 3501 3486 3557 veniamus.
3537 3501 3795 3558 Dominus

2213 3594 2354 3648 enim
2401 3602 2583 3648 noster
2608 3593 2767 3648 Jesus
2792 3593 3055 3647 Camsrus
3079 3601 3135 3647 et
3162 3593 3276 3662 ipse
3303 3591 3648 3663 quadraginta
3674 3592 3796 3648 die-

2215 3700 2328 3738 rum
2359 3684 2636 3752 prmmisso
2659 3683 2883 3752 jejunio,
2915 3684 2994 3738 sic
3019 3693 3290 3738 certamen
3313 3692 3496 3738 contra
3521 3683 3795 3738 diabolum

2215 3790 2494 3844 aggressus
2513 3783 2595 3829 cst
2625 3773 2836 3845 (Matth.
2870 3775 2925 3828 4.
2952 3773 3034 3843 2),
3058 3773 3410 3845 omnibusque
3443 3774 3596 3829 nobis
3616 3789 3799 3829 exem-

2218 3864 2361 3933 plum
2390 3864 2530 3919 dedit
2551 3905 2567 3929 ,
2599 3874 2656 3918 ut
2685 3880 2784 3935 per
2809 3865 2936 3919 illud
2963 3880 3254 3929 armemur,
3295 3874 3351 3919 et
3387 3880 3456 3920 ex
3502 3863 3596 3919 illo
3633 3865 3799 3920 robur

2217 3970 2507 4019 sumamus,
2535 3965 2592 4010 ut
2610 3956 2674 4009 ad
2705 3970 2931 4025 pugnam
2948 3965 3132 4011 contra
3150 3955 3422 4011 diabolum
3445 3955 3792 4013 instruamur.

2221 4048 2288 4099 At
2316 4045 2402 4099 hic
2427 4043 2670 4098 fortassis
2696 4045 2962 4114 rogaverit
2983 4046 3244 4117 quispiam
3271 4060 3457 4100 eorum
3480 4047 3569 4116 qui
3593 4048 3800 4102 acutius

2219 4135 2433 4205 vident,
2480 4143 2535 4195 et
2583 4136 2892 4193 excitatione
2920 4136 3098 4190 animo
3127 4146 3249 4190 sunt
3290 4154 3305 4190 :
3342 4151 3507 4205 quare
3537 4137 3755 4191 totidem
3778 4177 3797 4204 ,

2218 4240 2350 4300 quot
2371 4231 2533 4295 servi,
2555 4229 2672 4284 dies
2697 4224 2951 4284 Dominus
2971 4225 3216 4299 jejunare
3241 4226 3586 4300 conspicitur,
3617 4234 3672 4284 et
3697 4242 3802 4285 nu—

2222 4336 2429 4375 merum
2472 4321 2620 4374 illum
2665 4336 2768 4374 non
2815 4319 3237 4390 transgreditur?
3267 4317 3380 4374 Non
3420 4319 3523 4373 hoc
3566 4327 3798 4386 temere,

2220 4425 2392 4480 neque
2417 4409 2631 4475 frustra,
2664 4411 2771 4463 imo
2800 4423 2928 4464 vero
2955 4409 3224 4478 sapienter
3251 4417 3307 4462 et
3333 4422 3429 4478 pro
3459 4407 3712 4463 inell‘abiii
3736 4414 3802 4460 it-

2221 4501 2323 4554 lius
2343 4500 2664 4569 benignitate
2690 4499 2882 4554 factum
2904 4508 3005 4554 est.
3034 4498 3234 4568 Nempe
3254 4514 3320 4552 ne
3344 4498 3684 4553 existimetur
3704 4513 3802 4567 ap-

2221 4601 2471 4662 parenter
2502 4601 2705 4656 tantum
2735 4591 3016 4646 advenisse
3035 4630 3052 4656 ,
3085 4599 3140 4644 et
3167 4604 3271 4644 non
3297 4580 3651 4658 assumpsisse
3677 4603 3801 4644 car-

2222 4683 2486 4749 nem,-vel
2527 4692 2678 4738 extra
2703 4681 2988 4736 humanam
3012 4695 3132 4735 esse
3160 4689 3424 4746 naturam,
3455 4689 3673 4748 propter
3699 4677 3805 4734 hoe

2222 4774 2372 4829 illum
2402 4773 2574 4842 ipsum
2613 4787 2892 4826 numerum
2915 4769 3149 4840 jejunat,
3197 4783 3370 4838 neque
3409 4769 3542 4822 alios
3577 4768 3661 4822 his
3686 4767 3804 4822 die-

2224 4864 2323 4918 bus
2347 4861 2560 4931 adjicit,
2594 4861 2673 4916 sic
2701 4860 2883 4915 volens
2918 4858 3375 4913 contentiosorum
3421 4856 3804 4926 impudentiam

2226 4953 2457 5008 frenare.
2489 4952 2619 5006 Nam
2650 4953 2694 5006 si
2723 4951 2884 5006 rebus
2910 4950 2980 5004 ita
3013 4949 3212 5018 gestis,
3257 4947 3472 5018 quidam
3512 4949 3804 5002 etiamnum

2227 5045 2324 5098 ista
2355 5043 2498 5114 loqui
2527 5042 2755 5107 audent,
2783 5041 2882 5095 nisi
2910 5040 3098 5094 horum
3138 5039 3391 5106 prmscius
3418 5037 3556 5091 hanc
3583 5036 3685 5090 illis
3711 5051 3804 5088 an-

2226 5151 2339 5189 sam
2376 5134 2695 5194 ademisset,
2727 5130 2850 5201 quid
2896 5145 3001 5183 non
3049 5127 3225 5182 dicere
3267 5126 3572 5196 aggressuri
3616 5127 3814 5181 erant?

2230 5224 2354 5280 Ideo
2379 5224 2548 5279 noluit
2574 5224 2753 5292 plures
2795 5217 2912 5274 dies
2948 5219 3225 5288 jejunare,
3266 5215 3362 5271 sed
3393 5214 3612 5270 totidem
3632 5254 3649 5279 ,
3678 5223 3809 5282 quot

2228 5318 2370 5374 servi
2395 5335 2409 5372 :
2432 5327 2563 5372 utre
2593 5315 2704 5384 ipsa
2723 5311 3071 5375 noscrudiat,
3089 5325 3148 5364 se
3167 5306 3355 5364 eadem
3383 5324 3483 5376 qua
3525 5322 3624 5362 nos
3648 5320 3809 5359 carne

2228 5411 2481 5465 amictum
2524 5416 2578 5462 et
2601 5423 2632 5461 ι
2660 5416 2846 5460 Μιιιη
2898 5411 3077 5458 nostra
3109 5408 3422 5456 extraneum
3469 5416 3574 5454 non
3860 5462 3875 5476 .

2300 5500 2357 5555 4.
2399 5499 2660 5552 Caeterum
2706 5494 2957 5564 quoniam
2986 5507 3016 5546 a
3044 5490 3197 5545 nobis
3235 5489 3658 5545 demonstratum
3688 5487 3869 5578 avg“.

2232 5606 2390 5661 quam
2412 5601 2600 5659 magna
2625 5587 2697 5672 sit
2717 5585 2907 5656 jejunii
2935 5585 3034 5648 vis,
3062 5592 3118 5637 et
3139 5581 3602 5675 quam-multiplex
3625 5571 3748 5675 ηιξ(
3777 5571 3867 5655 mc;

2235 5680 2452 5744 utilitas,
2482 5667 2643 5747 idque
2658 5675 2906 5746 exemplo
2924 5688 3199 5728 servorum
3219 5687 3283 5727 ac
3307 5670 3512 5724 Domini
3533 5667 3669 5730 estis?
3686 5696 3861 5743 οειοη,

2240 5788 2395 5840 sum;
2435 5770 2558 5827 ideo
2597 5768 2820 5827 obsecro
2857 5767 3130 5824 car‘tatem
3179 5774 3440 5827 vestram,
3481 5768 3539 5813 ut
3582 5773 3599 5808 ν
3662 5785 3855 5836 διοσηα
