4080 6308
259 335 332 392 15

256 450 522 498 quantum
554 457 624 498 ex
660 445 758 499 illo
777 446 1182 520 sitlucrum,vne
1202 452 1488 510 utilitatem
1510 463 1737 523 tantam,
1762 473 1883 529 quae

251 545 319 585 es
350 531 447 585 illo
471 546 732 603 paratur,
765 554 861 608 per
876 529 1134 595 desidiam
1164 546 1464 612 repellazis,
1487 563 1663 616 neque
1679 552 1884 605 contri~

1501 345 1567 402 ΙΝ
1605 342 1756 400 CAP.
1801 340 1842 394 1.
1883 334 2132 393 GENES.
2172 331 2409 389 IIOMIL.
2449 331 2514 386 ll.

1991 464 2134 503 mmn
2161 446 2385 510 habens,
2419 445 2548 500 nihil
2574 444 2891 507 subsistens,
2922 444 3053 498 nihil
3078 443 3272 508 fixum;
3301 442 3399 497 sed
3420 445 3590 514 magis

1986 558 2142 611 quam
2167 539 2445 594 ﬂuminum
2468 537 2668 592 ﬂuenta
2698 537 3078 607 prartercurrit,
3109 536 3386 605 nudosque
3411 550 3473 588 ac
3494 550 3588 588 Su-

256 625 476 681 stesnini
506 638 751 698 propter
775 631 918 686 illius
943 634 1258 702 adventum,
1288 638 1382 692 sed
1406 640 1684 706 gaudeatis
1712 651 1765 696 et
1792 659 1849 698 es

1985 631 2066 684 los
2096 624 2350 698 relinquit
2389 643 2485 683 eos
2509 628 2597 696 qui
2645 626 2748 681 illis
2793 628 3058 681 inhiant'.
3102 624 3261 694 Atqui
3292 624 3584 692 Spiritualia

258 731 490 795 sultetis,
520 736 834 792 secundum
862 735 1071 790 beatum
1101 733 1342 796 Paulum,
1367 729 1632 784 dicentem
1655 746 1667 780 :
1695 727 1874 793 Quan-

253 833 303 873 ta
327 834 578 878 maternus
605 838 785 881 noster
809 828 958 880 homo
983 823 1340 892 corrumpitur,
1374 830 1514 874 tanto
1539 821 1765 872 internus
1794 833 1875 870 re-

255 925 471 967 novatur
498 915 578 984 (2.
615 916 741 971 Cor.
770 919 825 972 ι.
860 915 971 986 16).
999 915 1264 985 Jejunium
1285 914 1426 966 enim
1454 913 1647 965 anima:
1677 917 1877 962 nostrae

252 1003 581 1058 alimentum
605 1014 716 1070 est,
740 1018 794 1060 et
815 1007 953 1060 sicut
972 1005 1264 1074 corporalis
1288 1003 1387 1055 iste
1409 1002 1560 1056 cibus
1581 1000 1876 1068 impingunt

253 1110 474 1164 corpus,
513 1097 593 1150 ita
640 1108 696 1150 et
722 1097 986 1166 jejunium
1014 1095 1243 1148 animam
1277 1093 1591 1146 habiliorem
1631 1089 1795 1146 efficit
1819 1097 1873 1144 et

253 1187 618 1241 valentiorem
637 1229 654 1253 ,
687 1189 833 1243 leves
859 1188 906 1242 ei
935 1201 1136 1257 pennas
1163 1193 1332 1254 parat,
1367 1192 1424 1237 ut
1449 1183 1500 1236 in
1531 1182 1759 1236 sublime
1789 1180 1872 1235 fe-

253 1287 421 1339 ratur,
452 1288 510 1330 et
541 1294 762 1333 summa
787 1278 1133 1347 contemplari
1159 1286 1351 1346 queat,
1381 1274 1868 1344 voluptatibusque,

251 1382 304 1423 et
332 1370 597 1426 omnibus
623 1387 752 1441 quae
779 1372 832 1424 in
861 1370 962 1444 hoc
993 1371 1192 1424 mundo
1234 1369 1497 1422 habentur
1522 1367 1724 1430 suavia,
1756 1365 1870 1432 ipsa

251 1464 317 1511 sit
345 1460 605 1528 superior
629 1463 674 1513 ⁸.
705 1461 772 1514 Et
794 1460 1239 1529 quemadmodum
1267 1459 1492 1512 leviores
1517 1471 1687 1511 naves
1702 1455 1868 1509 maria

254 1547 498 1602 velocius
543 1559 868 1609 transeunt,
899 1559 1083 1604 contra
1122 1549 1300 1602 multis
1339 1547 1592 1602 oneribus
1632 1557 1868 1616 gravata:

252 1639 722 1708 submerguntur,
774 1642 843 1693 ita
869 1640 1130 1709 jejunium
1175 1639 1388 1708 quidem
1436 1638 1690 1693 leviorem
1739 1636 1866 1691 red-

248 1728 384 1782 deus
412 1740 687 1792 mentem,
739 1730 903 1785 efficit
947 1740 1007 1784 ut
1051 1730 1255 1784 facilius
1288 1729 1442 1798 hujus
1484 1729 1608 1782 vita:
1649 1729 1866 1798 pelagus

252 1821 627 1886 transmittat,
657 1831 710 1876 et
741 1823 792 1876 in
821 1823 1010 1875 caelum
1039 1837 1103 1876 ac
1131 1823 1360 1878 caelestia
1391 1822 1664 1890 suspiciat,
1695 1830 1754 1875 et
1781 1821 1866 1873 ui-

252 1912 339 1964 hili
371 1912 536 1966 faciat
561 1914 875 1982 praesentia,
898 1915 992 1968 sed
1015 1926 1072 1969 ut
1098 1915 1311 1969 umbras
1331 1925 1384 1968 et
1408 1915 1611 1967 somnia
1634 1911 1864 1982 diffuge-

253 2019 308 2054 re
334 2016 586 2058 censeat.
608 2006 809 2060 Verum
827 2005 1058 2060 ebrietas
1080 2015 1131 2060 et
1150 2007 1363 2076 crapula
1385 2006 1687 2074 degravaus
1712 2020 1864 2059 men-

253 2103 380 2155 tem.
421 2103 479 2148 et
514 2095 857 2165 impinguans
885 2112 1098 2166 corpus.
1144 2098 1408 2166 captivam
1439 2095 1560 2151 facit
1591 2095 1859 2161 animam,

252 2183 491 2254 undique
525 2185 676 2239 illam
720 2203 1068 2256 oppugnans,
1099 2203 1268 2257 neque
1297 2188 1424 2242 sinit
1462 2187 1684 2241 rationis
1718 2187 1864 2257 judi-

250 2272 389 2326 cium
428 2274 650 2329 firmum
696 2278 1010 2343 consistere,
1043 2278 1137 2332 sed
1186 2278 1408 2347 impellit
1434 2287 1493 2331 ut
1542 2278 1595 2331 in
1621 2291 1862 2347 praeceps

253 2361 476 2427 feratur,
523 2373 583 2420 et
610 2367 791 2421 omnia
819 2377 1004 2422 contra
1035 2368 1300 2438 propriam
1331 2367 1556 2422 salutem
1584 2380 1856 2438 operetur.

255 2453 436 2518 Igitur,
465 2456 677 2523 dilecti,
709 2472 778 2511 ne
797 2458 1033 2528 segniter
1062 2458 1399 2514 instituamus
1432 2472 1496 2512 ea
1521 2474 1640 2527 qua!
1667 2459 1735 2513 ad
1766 2471 1856 2512 sa-

253 2543 414 2600 lutem
458 2559 704 2603 nostram
748 2550 1009 2615 attinent;
1058 2550 1152 2604 scd
1192 2552 1422 2605 scientes
1467 2560 1664 2620 quanta
1718 2552 1856 2606 mala

255 2635 376 2692 hinc
403 2641 560 2694 nasci
591 2641 840 2706 soleant,
872 2640 1137 2713 fugiamus
1180 2642 1432 2698 damnum
1474 2644 1617 2714 quod
1657 2660 1725 2699 ex
1764 2645 1854 2699 illa

255 2730 522 2796 provenit.
551 2731 738 2802 Neque
765 2733 905 2788 enim
934 2735 988 2790 in
1018 2750 1153 2789 nova
1183 2736 1298 2805 lege
1326 2736 1498 2790 solum
1521 2777 1537 2802 ,
1567 2736 1657 2791 ubi
1684 2737 1856 2806 majus

253 2833 392 2873 vera:
422 2821 786 2893 philosophias
813 2825 1070 2889 studium,
1107 2827 1311 2897 majora
1337 2829 1645 2893 certamina,
1677 2832 1855 2900 magni

253 2909 501 2976 sudores,
532 2912 702 2966 multa
743 2912 943 2978 bravia,
977 2925 1030 2969 et
1059 2915 1357 2971 ineffabiles
1385 2932 1619 2982 coronae,
1650 2919 1852 2974 deliciis

255 3000 405 3053 nobis
431 3001 795 3070 interdicitur,
826 3005 922 3059 sed
949 3007 1108 3060 etiam
1141 3007 1193 3061 in
1222 3009 1410 3069 veteri.
1439 3008 1654 3076 quando
1681 3011 1851 3064 .Iudaii

253 3088 426 3144 adhuc
458 3093 668 3146 umbra:
708 3093 1044 3160 assidebam,
1075 3105 1126 3150 et
1154 3097 1384 3151 lucerna:
1409 3108 1562 3152 erant
1585 3099 1728 3153 affixi
1752 3141 1766 3162 ,
1798 3109 1882 3155 ρι-

253 3181 393 3234 velut
433 3184 588 3249 pueri
619 3185 709 3252 qui
741 3184 878 3240 lacte
903 3187 1229 3254 nutriuntur,
1262 3189 1340 3242 sic
1364 3189 1617 3258 paulatim
1646 3189 1847 3244 educa-

252 3269 462 3335 bantur,
494 3290 672 3345 neque
699 3284 826 3330 tunc
847 3277 1289 3345 permittebantur
1312 3279 1519 3333 deliciis
1540 3296 1750 3335 vacare.
1782 3281 1848 3337 Et

254 3378 319 3417 ne
345 3365 669 3420 existimetis
694 3382 792 3422 nos
817 3376 1020 3424 temere
1047 3369 1265 3425 delicias
1292 3384 1604 3428 accusantes
1634 3377 1732 3429 ista
1763 3377 1846 3429 di-

251 3467 371 3508 cere
395 3496 411 3520 ,
445 3456 632 3512 audite
676 3459 991 3529 prophetam
1034 3463 1110 3516 sic
1149 3463 1453 3532 loquentem
1486 3482 1499 3517 :
1544 3464 1631 3519 Va
1669 3467 1733 3520 iis
1761 3471 1846 3537 qui

251 3547 447 3600 veniunt
476 3549 547 3601 ad
577 3548 710 3603 diem
737 3552 961 3616 malum,
991 3552 1293 3607 dormientes
1320 3555 1374 3608 in
1420 3555 1558 3610 lectis
1591 3557 1841 3624 eburneis,

251 3643 294 3686 et
321 3636 638 3693 lasciuientes
661 3640 714 3693 in
744 3642 914 3695 stratis
937 3643 1061 3707 suis,
1093 3644 1406 3699 comedentes
1433 3647 1605 3701 Iiwdos
1634 3664 1697 3702 ea
1723 3666 1840 3719 gre-

249 3726 408 3792 gibus,
438 3739 484 3781 et
514 3730 699 3784 vitulos
724 3747 788 3785 ea:
812 3733 978 3787 medio
1001 3743 1342 3788 armentorum
1380 3736 1639 3804 lactentes,
1667 3739 1842 3794 biben-

251 3825 317 3869 tes
337 3818 639 3889 defwcatum
668 3823 837 3875 vinum
857 3864 872 3884 ,
899 3835 944 3877 et
973 3826 1204 3893 pretiosis
1229 3829 1491 3897 unguentis
1518 3831 1672 3895 uncti,
1695 3834 1842 3903 quasi

251 3909 428 3961 stantia
455 3910 567 3963 luet:
605 3910 837 3965 arbitrati
858 3923 995 3981 sunt,
1017 3923 1069 3969 et
1095 3931 1194 3970 non
1221 3918 1364 3986 quasi
1389 3920 1632 3990 fugientia
1664 3922 1840 3992 (Amos

251 3993 299 4048 6.
329 3998 470 4066 5-5).
503 3999 725 4055 Vidistis
765 4011 1018 4071 quantam
1051 4006 1446 4061 accusationem
1477 4020 1662 4063 contra
1705 4012 1842 4065 deli-

252 4086 355 4142 cias
381 4089 570 4143 afferat
601 4092 860 4161 propheta
880 4134 896 4159 ,
928 4093 1089 4164 idque
1127 4111 1246 4151 cum
1288 4097 1488 4171 Judmis
1521 4100 1795 4156 disserens
1816 4141 1832 4168 ,

250 4179 487 4246 stupidis,
524 4179 765 4250 ingratis,
788 4191 844 4237 et
864 4181 1100 4256 quotidie
1127 4188 1294 4259 ventri
1314 4189 1554 4244 deditis?
1581 4191 1838 4248 Conside-

251 4276 357 4324 rate
383 4271 527 4324 enim
568 4273 852 4329 verborum
892 4275 1220 4347 diligentiam
1255 4298 1268 4333 :
1297 4296 1417 4335 cum
1445 4285 1587 4337 enim
1620 4285 1833 4348 illorum

251 4360 598 4429 vituperasset
636 4366 905 4436 crapulam
949 4379 1000 4422 ct
1043 4369 1379 4426 immodicam
1431 4375 1831 4444 temulentiam,

252 4459 367 4506 tunc
387 4454 624 4509 subdidit
654 4475 666 4508 :
696 4456 855 4523 Quasi
880 4461 1065 4512 stantia
1084 4461 1313 4514 arbitrati
1338 4475 1473 4530 sunt,
1499 4475 1545 4518 et
1568 4483 1666 4518 non
1687 4470 1833 4536 quasi

249 4540 486 4612 fugientia
506 4562 524 4599 :
545 4557 744 4600 tantum
766 4564 871 4603 non
906 4552 1215 4616 ostendens,
1240 4555 1463 4623 gutturis
1483 4565 1536 4609 et
1568 4557 1828 4613 lahiorum

251 4641 392 4689 tenus
422 4651 544 4690 esse
569 4637 774 4692 fruendi
801 4641 1149 4710 voluptatem,
1171 4653 1226 4698 et
1255 4645 1390 4698 ultra
1424 4662 1526 4700 non
1555 4651 1822 4717 progredi.

313 4723 484 4779 Fluxa
510 4727 1045 4785 humaniorem":
1076 4737 1422 4792 natura.—At
1441 4739 1684 4808 voluptas
1707 4742 1827 4809 qui-

247 4813 354 4868 dem
378 4819 558 4872 brevis
581 4830 682 4884 est,
710 4835 772 4873 ac
798 4825 1136 4890 temporaria,
1164 4825 1317 4878 dolor
1341 4837 1516 4882 autem
1543 4842 1828 4900 perpetuus

245 4914 294 4959 et
317 4906 419 4964 fine
445 4923 654 4964 carens.
686 4909 754 4963 Et
780 4910 924 4978 huic,
960 4911 1148 4982 inquit,
1180 4930 1299 4969 cum
1331 4921 1655 4987 experientia
1684 4923 1825 4977 didi-

244 5001 424 5064 ceriut,
464 4999 621 5066 Quasi
649 5003 834 5054 stantia
873 5004 1101 5057 arbitrati
1129 5015 1246 5058 sunt
1275 5010 1449 5060 omnia
1471 5051 1486 5075 ,
1521 5019 1573 5063 et
1598 5028 1822 5067 manen-

246 5089 326 5154 tia,
350 5101 399 5144 et
429 5108 530 5144 non
559 5094 706 5162 quasi
732 5095 996 5164 fugientia,
1025 5096 1126 5152 hoc
1146 5107 1248 5162 est,
1271 5102 1555 5168 avolantia,
1588 5113 1642 5157 et
1667 5121 1734 5159 ne
1755 5107 1821 5161 ad

243 5190 562 5236 momentum
612 5184 827 5254 quidem
879 5191 1260 5255 permanentia.
1316 5191 1458 5246 Talia
1513 5198 1653 5250 enim
1698 5211 1823 5254 sunt

243 5273 405 5324 omnia
455 5274 680 5328 humana
722 5284 777 5330 et
817 5279 1046 5331 carnalia
1082 5296 1092 5330 :
1126 5280 1358 5335 nondum
1403 5295 1548 5341 recte
1591 5287 1820 5342 advene-

240 5371 372 5421 runt,
404 5370 458 5415 et
483 5363 761 5418 avolarunt
792 5384 804 5419 :
836 5367 1133 5422 istiusmodi
1161 5381 1282 5425 sunt
1301 5373 1524 5438 deliciae,
1551 5377 1818 5433 istiusmo-

243 5448 284 5503 Ji
325 5453 552 5507 humana
599 5456 765 5524 gloria
806 5469 860 5512 et
907 5461 1173 5526 potentia:
1230 5464 1526 5521 istiusmodi
1576 5467 1813 5541 divitim;

241 5535 522 5598 istiusmodi
554 5547 804 5601 universa
836 5547 992 5619 hujus
1032 5552 1152 5606 vita:
1179 5557 1525 5626 prosperitas,
1557 5561 1688 5616 nihil
1719 5535 1813 5618 fir;

242 5675 321 5751 tu:
335 5675 525 5751 coisltn.
546 5679 673 5749 hunc
696 5694 896 5732 sensum
916 5684 1060 5735 effert
1075 5725 1088 5747 ,
1112 5686 1426 5751 voluptatibus
1448 5699 1494 5743 et
1519 5691 1608 5745 hoc
1630 5703 1811 5749 munda

233 5743 323 5790 ipsa
345 5743 405 5786 sit
422 5743 660 5795 superior.

1986 737 2089 776 nou
2120 731 2246 775 sunt
2285 721 2406 774 talia
2430 759 2448 784 ,
2489 719 2585 774 sed
2627 733 2783 773 secus
2811 735 2873 772 ac
2900 719 3114 772 diverso
3144 717 3303 771 modo
3349 717 3547 784 habent
3567 757 3582 783 ,

1982 827 2143 882 quam
2190 811 2274 866 illa
2311 828 2323 866 :
2353 822 2477 865 sunt
2521 811 2662 864 enim
2698 812 2846 863 firma
2867 851 2880 873 ,
2913 809 3234 870 immobilia,
3263 803 3585 862 vicissitudi-

1986 917 2104 954 nem
2140 918 2244 956 non
2274 901 2609 970 accipientis,
2636 901 2701 954 ad
2732 916 2890 954 omne
2914 900 3170 953 sarculum
3198 913 3255 953 se
3289 899 3584 952 extenden-

1983 992 2076 1045 tia.
2104 991 2326 1058 Quanta:
2364 991 2522 1059 igitur
2550 1005 2656 1044 non
2682 989 2845 1044 fuerit
2872 989 3158 1044 dementia:
3198 989 3434 1042 nutantia
3458 1003 3580 1041 cum

1983 1081 2345 1135 immobilibus
2373 1091 2706 1135 commutare
2736 1099 2751 1136 τ
2786 1080 3094 1150 temporalia
3124 1094 3245 1133 cum
3273 1080 3338 1133 iis
3373 1093 3495 1148 quae
3527 1079 3578 1132 in

1981 1174 2232 1228 sa-culum
2260 1173 2512 1227 duratura
2557 1184 2719 1236 sunt;
2763 1182 3023 1244 perpetuo
3066 1173 3334 1226 manentia
3363 1187 3485 1226 cum
3515 1171 3579 1224 iis

1978 1280 2096 1334 qum
2135 1265 2380 1327 avolant;
2411 1274 2465 1318 et
2491 1280 2553 1318 ea
2591 1280 2709 1335 quae
2751 1265 2904 1319 nobis
2935 1265 3039 1318 illic
3069 1280 3229 1334 grave
3256 1265 3577 1333 supplicium

1980 1357 2215 1426 paritura
2235 1364 2380 1420 sunt,
2407 1371 2527 1409 cum
2557 1356 2621 1409 iis
2640 1371 2758 1424 quae
2781 1357 2831 1409 in
2854 1355 3031 1410 futuro
3052 1357 3251 1410 saeculo
3269 1355 3574 1410 felicitatem

1977 1462 2238 1501 summam
2269 1446 2538 1500 afferunt?
2566 1446 2712 1510 Hinc.
2741 1448 2987 1512 obsecro,
3019 1448 3196 1501 omnia
3224 1448 3578 1502 consideran-

1979 1546 2079 1601 tes,
2109 1538 2306 1599 dilecti,
2343 1553 2696 1606 magnamque
2719 1539 2905 1592 salutis
2937 1549 3135 1594 nostra:
3160 1554 3342 1593 curam
3375 1540 3576 1601 haben-

1977 1637 2092 1690 tes.
2133 1644 2482 1698 aspernemur
2523 1630 2742 1684 delicias
2768 1641 2823 1685 et
2864 1631 3078 1684 inutiles
3124 1640 3178 1685 et
3206 1631 3571 1698 perniciosas;

1974 1718 2633 1790 amplcxcmurjejunium,
2649 1736 2970 1790 omnemque
2987 1721 3141 1775 alium
3159 1722 3570 1790 philosophiam,

1973 1819 2028 1864 et
2056 1826 2299 1880 magnam
2325 1813 2445 1866 vita:
2469 1812 2821 1868 esbibeamus
2841 1815 3216 1880 mutationem,
3245 1830 3307 1868 ac
3332 1815 3574 1884 quotidie

1973 1901 2038 1954 ad
2065 1901 2270 1970 agenda
2294 1902 2429 1955 bona
2461 1917 2624 1972 opera
2661 1902 2972 1958 festinemus
3005 1923 3016 1956 :
3047 1915 3106 1959 ut
3133 1920 3254 1959 cum
3288 1921 3382 1974 per
3411 1921 3573 1961 omne

1974 2005 2184 2063 tempus
2209 2005 2408 2049 sancta:
2440 1997 2874 2067 Quadragcsimae
2904 1999 3210 2068 spirituales
3239 2015 3448 2055 merces
3479 2015 3573 2054 nc-

1969 2086 2152 2152 gotiati
2182 2085 2460 2154 fuerimus,
2486 2099 2540 2141 et
2560 2089 2754 2141 multas
2775 2089 3025 2142 virmtum
3047 2089 3256 2145 divitias
3286 2105 3573 2160 congesse-

1970 2176 2156 2240 rimus,
2188 2177 2264 2231 sic
2293 2193 2595 2231 mereamur
2624 2188 2677 2233 et
2706 2178 2771 2232 ad
2812 2189 3055 2235 sanctum
3090 2183 3295 2236 Domini
3323 2183 3462 2236 diem
3491 2181 3569 2254 (τι)

1969 2268 2266 2335 pervenire,
2300 2276 2492 2322 etcum
2523 2269 2713 2323 fiducia
2761 2271 2827 2324 ad
2857 2271 3186 2324 tremendam
3224 2282 3278 2327 et
3316 2273 3569 2340 spiritua-

1964 2356 2070 2410 lem
2121 2373 2358 2412 mensam
2391 2362 2647 2413 accedere
2671 2401 2686 2424 ,
2721 2362 3109 2430 participesque
3142 2363 3252 2414 fieri
3285 2379 3403 2414 cum
3438 2378 3566 2431 pura

1965 2449 2291 2504 conscientia
2332 2450 2677 2507 ineffabilium
2707 2453 2916 2505 illorum
2961 2463 3016 2506 et
3061 2455 3436 2508 immortalium
3468 2453 3567 2507 ho-

1967 2554 2179 2604 uorum,
2209 2552 2270 2594 ac
2302 2540 2508 2609 impleri
2537 2558 2597 2595 ea
2622 2559 2741 2611 qua!
2771 2544 2915 2597 illinc
2945 2548 3190 2614 provenit
3218 2547 3409 2614 gratia,
3445 2562 3564 2615 prc-

1964 2631 2115 2683 cihus
2137 2641 2190 2685 et
2212 2631 2594 2689 intercessione
2609 2651 2818 2700 eorum,
2842 2640 2931 2706 qui
2961 2640 3270 2705 placuerunt
3290 2640 3388 2708 ipsi
3410 2640 3564 2694 Chri-

1963 2729 2048 2774 sto
2075 2723 2324 2776 clementi
2364 2724 2473 2778 Deo
2517 2737 2736 2794 nostro,
2765 2743 2886 2782 cum
2927 2744 3034 2798 quo
3076 2730 3215 2784 Patri
3257 2747 3320 2785 ac
3346 2732 3563 2800 Spiritui

1962 2823 2147 2865 sancto
2171 2814 2336 2881 gloria
2364 2855 2379 2879 ,
2411 2816 2690 2885 imperium
2714 2859 2728 2878 .
2762 2818 2954 2886 honor,
2985 2837 3127 2875 nunc
3152 2831 3208 2876 et
3236 2837 3470 2893 semper,
3509 2833 3562 2882 ct

1963 2902 2014 2955 in
2045 2903 2238 2956 smcula
2269 2905 2607 2960 saeculorum.
2643 2909 2834 2962 Amen.

2569 2997 2845 3053 HOMILIA
2890 3000 2952 3054 ll.

2034 3082 2099 3136 In
2123 3085 2392 3140 creationis
2435 3088 2741 3157 principium
2769 3108 2787 3144 :
2821 3090 2874 3143 In
2905 3093 3168 3160 principio
3198 3092 3321 3148 fecit
3350 3095 3490 3150 Deus

2298 3179 2485 3232 caelum
2513 3190 2567 3234 et
2590 3190 2785 3236 terram
2808 3185 2828 3214 ’
2855 3184 3009 3250 (Gen.
3048 3187 3096 3239 l.
3126 3186 3198 3256 l).

2030 3267 2081 3319 ί.
2131 3267 2350 3323 Vestros
2393 3286 2496 3338 ego
2522 3271 2681 3327 hodie
2706 3275 2965 3330 amabiles
2997 3277 3209 3332 intuens
3240 3281 3442 3346 vultus,
3472 3280 3556 3333 iu-

1955 3358 2100 3425 genti
2130 3361 2402 3428 voluptate
2432 3363 2676 3431 impleor.
2717 3365 2930 3422 Etenim
2956 3384 3024 3423 ne
3056 3380 3232 3438 patres
3257 3372 3471 3440 quidem
3497 3372 3556 3425 fi-

1955 3451 2146 3504 liorum
2172 3441 2416 3507 amantes
2446 3463 2650 3508 tantum
2678 3458 2916 3524 gaudent
2943 3474 3006 3511 ac
3037 3459 3285 3514 laetantur
3320 3462 3554 3516 circum-

1952 3543 2218 3596 stantibus
2240 3544 2341 3597 illis
2365 3585 2379 3607 ,
2411 3554 2466 3599 et
2491 3547 2596 3599 alio
2618 3547 2638 3577 ³
2668 3549 2899 3616 quodam
2929 3549 3124 3606 decore
3152 3553 3556 3624 ministerioque

1952 3631 2273 3699 voluptatem
2301 3635 2399 3689 sibi
2449 3635 2793 3694 efferentibus
2816 3683 2830 3704 ,
2855 3651 3114 3709 quantum
3139 3659 3239 3713 ego
3264 3659 3407 3700 nunc
3426 3661 3554 3713 gau-

1950 3723 2054 3778 deo
2080 3732 2135 3778 et
2180 3725 2354 3791 latter,
2384 3728 2507 3792 quia
2555 3729 2710 3784 video
2753 3742 2988 3787 vestrum
3033 3735 3364 3803 spiritualem
3411 3737 3552 3792 hunc

1949 3823 2149 3868 castum
2173 3823 2280 3869 tam
2308 3819 2619 3887 compositis
2639 3823 2948 3891 ornatisqne
2970 3825 3206 3877 moribus
3229 3825 3313 3878 hic
3334 3827 3549 3894 adesse.

1947 3917 2002 3962 et
2031 3909 2317 3963 immodico
2344 3911 2593 3966 audiendi
2620 3912 2827 3982 eloquia
2855 3914 3032 3969 divina
3058 3916 3328 3989 desiderio
3359 3919 3551 3989 ﬂagra-

1946 4014 2027 4064 re,
2082 4001 2510 4077 contemptisque
2561 4003 2867 4062 carnalibus
2905 3987 3098 4074 epulis,
3153 4007 3219 4060 ad
3270 3987 3549 4078 spirituale

1945 4091 2244 4164 convivium
2275 4093 2623 4158 contendere,
2657 4104 2711 4148 et
2736 4110 2796 4150 re
2828 4096 2937 4164 ipsa
2963 4099 3315 4166 comprobare
3342 4100 3545 4156 dictum

1946 4177 2076 4234 illud
2126 4179 2334 4234 Domini
2369 4200 2380 4233 :
2419 4181 2538 4235 Non
2589 4184 2641 4235 in
2673 4200 2803 4252 pane
2831 4185 2939 4238 solo
2980 4187 3104 4239 vivet
3148 4188 3334 4255 homo,
3365 4190 3454 4244 sed
3491 4191 3543 4244 in

1943 4273 2081 4324 omni
2117 4273 2264 4326 verba
2307 4273 2442 4344 quod
2479 4275 2733 4344 egreditur
2762 4293 2851 4346 per
2880 4294 2936 4331 os
2973 4276 3072 4331 Dei
3115 4278 3331 4350 (Matth.
3369 4283 3424 4336 4.
3457 4283 3540 4352 4).

1943 4361 2184 4429 Agedum
2213 4373 2265 4416 ct
2295 4378 2393 4418 nos
2420 4367 2906 4434 quoque'agricolas
2932 4367 3201 4424 imitemur
3225 4389 3237 4424 :
3267 4388 3330 4426 ac
3349 4389 3542 4442 quem-

1942 4453 2228 4506 admodum
2262 4454 2336 4507 illi
2364 4456 2528 4508 sicubi
2562 4472 2746 4524 agrum
2778 4472 3144 4530 repurgatum,
3174 4471 3226 4516 et
3254 4465 3321 4516 ab
3341 4462 3540 4520 herba-

1940 4560 2057 4597 rum
2089 4546 2426 4598 nocumentis
2455 4546 2677 4600 liberum
2708 4548 2957 4615 viderint,
2992 4551 3219 4606 ubertim
3248 4559 3534 4613 Seminant:

1939 4635 2010 4689 ita
2039 4636 2292 4704 quoniam
2321 4652 2461 4690 nunc
2491 4639 2766 4705 spiritualc
2797 4639 2900 4694 hoc
2931 4655 3171 4697 nostrmu
3201 4663 3410 4713 arvum,
3442 4649 3535 4706 Dei

1935 4729 2124 4795 gratia,
2157 4744 2346 4798 purum
2393 4740 2474 4783 est
2517 4732 2584 4782 ab
2612 4733 2977 4787 affectionibus
3019 4751 3136 4804 quae
3181 4738 3538 4797 iuterturbare

1936 4821 2197 4883 solebant,
2230 4822 2495 4876 sublatum
2520 4840 2729 4894 quoque
2750 4836 2832 4879 est
2856 4843 2885 4880 e
2911 4829 3086 4882 medio
3110 4832 3393 4900 voluptatis
3423 4845 3534 4890 stu-

1934 4914 2104 4980 dium,
2135 4924 2188 4968 et
2215 4931 2472 4985 nusquam
2503 4919 2752 4986 procella,
2776 4934 3038 4990 nusquam
3069 4931 3357 4992 tempestas
3383 4931 3532 4997 cogi-

1936 5008 2189 5060 tationum
2215 5049 2229 5071 ,
2263 5007 2353 5060 sed
2399 5010 2752 5077 tranquillitas
2782 5023 2836 5065 et
2867 5028 3055 5082 magna
3108 5015 3261 5083 quies
3289 5021 3483 5073 mentis
3509 5062 3527 5086 ,

1932 5113 2049 5167 qu;e
2067 5098 2356 5166 spiritualia
2381 5115 2486 5167 pra:
2507 5102 2811 5156 carnalibus
2833 5105 3014 5158 animo
3033 5108 3285 5177 concipit,
3305 5119 3358 5164 et
3377 5115 3528 5181 quasi

1931 5191 2218 5257 assumptis
2243 5190 2338 5243 alis
2370 5205 2537 5260 usque
2574 5194 2625 5246 in
2657 5195 2844 5248 malum
2883 5194 3054 5263 ipsum
3077 5239 3091 5263 ,
3126 5209 3183 5251 ut
3211 5200 3280 5253 ita
3310 5201 3485 5255 dicam
3505 5245 3524 5271 ,

1928 5282 2212 5340 subvolat;
2247 5284 2427 5350 paucis
2449 5283 2606 5338 hodie
2626 5284 2765 5354 apud
2792 5274 3066 5343 caritatem
3089 5298 3318 5346 vestram
3347 5292 3523 5350 disse-

1951 5515 1961 5526 .
1992 5456 2009 5487 ³
2044 5453 2208 5526 coisl.,
2231 5457 2479 5518 nudosque
2513 5471 2572 5507 ac
2596 5457 2718 5509 solos
2739 5474 2820 5511 nos
2862 5456 3516 5526 retmquit..4tquispiritua-

1925 5516 2008 5609 Iw;
2028 5525 2353 5643 £(aigisliniatuis
2374 5579 2537 5629 addit:
2569 5587 2715 5630 Terra
2754 5591 2913 5634 autem
2944 5583 3193 5640 invisibilis
3229 5602 3335 5641 erat
3367 5600 3414 5643 et
3448 5594 3520 5643 iit-

2254 5701 2453 5761 omittit,
2476 5701 2590 5761 alio,
2615 5713 2773 5754 recte.

1985 5762 2059 5820 (α)
2093 5769 2189 5812 ttoc
2211 5771 2288 5814 est
2303 5772 2520 5814 sanctum
2545 5766 2734 5815 Pascha.
