4080 6308
548 366 624 428 τι
1333 364 1391 424 S.
1431 361 1710 420 ιοΑΝΝιε
1745 358 2141 419 ϐιιιιῖεοδτο

2255 357 2572 416 ARCHIEP.
2605 355 3146 415 οοΝετΑΝτιΝοι).
3754 356 3824 412 98

555 494 738 540 mnus
757 521 774 544 ,
805 491 859 536 et
903 479 1157 558 appositis
1198 477 1486 549 Scriptura:
1533 477 1725 532 divina:
1777 475 2130 546 dogmatibus,

555 571 830 629 subtiliora
860 571 1018 627 hodie
1060 569 1207 624 adire
1235 583 1389 624 sensa
1421 576 1711 623 tentemus.
1739 566 1872 622 Nam
1907 566 1955 619 si
1989 579 2135 620 nunc

558 660 662 718 hoc
691 677 797 716 non
841 661 1144 724 fecerimus,
1173 669 1294 712 cum
1320 657 1580 727 jejunium
1625 665 1707 712 est
1747 665 1802 710 et
1842 654 1979 724 gulae
2004 667 2136 708 con-

557 759 827 821 temptus,
854 759 910 804 et
950 757 1093 804 tanta
1133 746 1389 802 bonarum
1430 747 1806 817 cogitationum
1831 745 2131 799 serenitas:

561 830 774 912 quando
804 839 927 895 talia
952 847 1146 893 vestra!
1169 837 1377 892 caritati
1403 849 1670 906 apponere
1697 833 1989 904 poterimus
2008 832 2032 884 τ
2054 834 2135 885 Αη

561 947 682 986 cum
703 931 928 987 aderunt
955 928 1162 984 delicia:
1185 969 1200 993 ,
1225 927 1638 982 comessationes
1658 965 1672 989 ,
1701 933 1755 978 et
1776 937 1963 993 magna
1988 921 2134 977 desi-

558 1023 646 1078 dia
663 1019 844 1089 l'Quin
865 1029 989 1075 tunc
1013 1035 1186 1089 neque
1213 1019 1310 1088 ipsi
1335 1059 1351 1084 ,
1381 1024 1441 1071 ut
1467 1031 1560 1086 par
1591 1025 1694 1083 est,
1723 1015 1826 1071 hoc
1860 1015 2134 1080 faciemus,

562 1127 735 1182 neque
759 1123 858 1164 vos
879 1108 1078 1179 aliquid
1097 1123 1282 1164 eorum
1312 1122 1430 1176 quae
1453 1106 1716 1172 dicentur,
1745 1106 1900 1176 quasi
1923 1120 1954 1158 a
1981 1113 2135 1160 tene-

559 1201 670 1259 bris
692 1189 1004 1272 quibusdam
1022 1216 1052 1254 a
1078 1198 1451 1270 cogitationum
1480 1197 1712 1268 procella
1739 1196 2022 1263 submersi,
2039 1211 2136 1252 ea-

560 1292 740 1362 cipere
764 1285 1024 1362 poteritis.

635 1379 1044 1451 Quodregeat‘utc
1076 1387 1271 1448 tempus
1303 1386 1478 1450 optant
1501 1376 1845 1432 contionibus.
1881 1406 1954 1416 —
1988 1374 2138 1431 Nunc

565 1480 745 1524 autem
776 1478 986 1539 tempus
1023 1466 1122 1523 hoc
1141 1508 1158 1533 ,
1188 1468 1232 1522 si
1259 1468 1399 1539 quod
1429 1467 1571 1522 aliud
1599 1506 1615 1531 ,
1656 1465 1807 1522 hisce
1843 1464 2140 1534 disciplinis

563 1560 793 1616 maxime
816 1560 1060 1615 idoneum
1086 1568 1202 1618 est:
1235 1559 1447 1630 quando
1781 1570 1892 1612 non
1913 1557 2140 1625 insurgit

560 1647 816 1703 adversus
841 1645 1112 1702 doniinam
1132 1688 1148 1712 ,
1175 1646 1269 1701 sed
1314 1645 1542 1701 libenter
1567 1644 1670 1700 fert
1692 1644 1926 1700 habenas
1942 1685 1960 1710 ,
1985 1643 2140 1700 facile

561 1737 928 1806 persuadetur,
951 1735 1173 1790 multam
1202 1750 1385 1805 pmse
1404 1735 1510 1791 fert
1541 1735 1918 1799 obedientiam,
1936 1734 2138 1791 incom-

561 1829 763 1898 positos
804 1828 980 1881 carnis
1007 1837 1185 1880 metus
1207 1828 1532 1896 compescit,
1557 1834 1613 1879 ct
1646 1826 1782 1880 intra
1811 1839 1937 1880 suos
1961 1834 2141 1880 manet

562 1920 836 1974 terminos.
875 1918 1146 1988 ieiunium
1190 1918 1333 1973 enim
1375 1926 1455 1973 est
1495 1918 1790 1971 animarum
1837 1926 2138 1970 nostrarum

563 2010 934 2078 tranquillitas,
963 2022 1148 2063 senum
1171 2007 1355 2073 decor,
1379 2006 1777 2062 adulescentum
1800 2005 2138 2076 paedagogus,

559 2100 943 2156 continentium
1007 2098 1255 2168 magister
1278 2136 1294 2162 ,
1347 2096 1487 2166 quod
1554 2110 1766 2151 omnem
1823 2103 2035 2151 aetatem
2085 2102 2142 2150 et

562 2202 746 2244 sexum
771 2190 921 2258 quasi
945 2188 1242 2243 diademate
1260 2187 1487 2257 quodam
1517 2194 1688 2241 ornat.
1727 2185 1994 2256 Nusquam
2040 2184 2143 2240 ho-

565 2278 652 2332 die
687 2280 969 2341 tumultus,
1003 2277 1089 2332 vel
1129 2277 1330 2331 clamor
1353 2317 1366 2341 ,
1396 2277 1479 2330 vel
1505 2276 1742 2331 carnium
1787 2275 2138 2341 coucisiones,

565 2367 646 2421 vel
666 2381 954 2436 eoquorum
983 2365 1292 2421 discursus:
1322 2364 1418 2419 sed
1448 2367 1625 2419 omnia
1654 2365 1741 2418 illa
1782 2364 2026 2419 abierunt
2045 2401 2062 2426 ,
2087 2372 2143 2418 et

566 2458 681 2514 hac
707 2458 893 2512 civitas
915 2457 1190 2512 honestam
1217 2455 1524 2525 quamdam.
1554 2456 1910 2512 continentem
1931 2495 1946 2520 ,
1973 2461 2028 2509 et
2049 2468 2141 2508 so.

564 2550 732 2605 briatn
765 2558 1059 2603 matronam
1102 2548 1357 2602 imitatur.
1400 2545 1547 2603 Unde
1574 2563 1694 2602 cum
1733 2562 1942 2602 mecum
1968 2547 2141 2616 cogito

567 2641 891 2711 repentinam
921 2639 1266 2694 mutationem
1305 2637 1461 2693 hodie
1495 2637 1684 2694 factam
1709 2647 1764 2693 ct
1804 2647 1988 2708 repeto
2025 2653 2142 2693 me-

568 2733 734 2787 moria
753 2732 984 2788 hesterni
1000 2731 1106 2787 dici
1126 2731 1595 2801 perturbationem,
1619 2729 1871 2795 admiror,
1889 2739 1943 2785 et
1960 2729 2144 2784 obstu-

568 2836 728 2892 peseo
745 2821 931 2892 jejunii
960 2821 1096 2875 vires
1121 2829 1176 2875 et
1203 2819 1512 2889 potentiam,
1546 2817 1814 2891 quomodo
1833 2811 1885 2872 t’n
1905 2818 2145 2886 singulo-

570 2924 684 2968 rum
712 2911 1061 2967 conscientias
1087 2912 1378 2980 ingressum
1400 2951 1415 2975 ,
1448 2908 1904 2964 transformaverit
1940 2909 2142 2977 cogita-

569 3005 741 3059 tiones
766 3043 781 3068 ,
829 3003 1197 3074 expurgaverit
1250 3011 1478 3057 mentem
1505 3042 1520 3064 ,
1579 3016 1686 3055 non
1743 3001 2143 3070 magistratuum

571 3104 773 3148 tantum
795 3134 809 3156 ,
832 3093 924 3148 sed
958 3102 1013 3148 et
1040 3092 1363 3162 privatorum
1387 3110 1401 3145 :
1431 3107 1538 3146 non
1581 3090 1868 3145 liberorum
1903 3098 2104 3145 tantum
2125 3129 2141 3155 ,

571 3184 664 3238 sed
685 3191 738 3237 et
757 3198 1030 3238 servorum
1063 3195 1078 3235 :
1110 3197 1213 3236 non
1240 3183 1472 3236 virorum
1498 3189 1722 3246 tantum,
1753 3180 1846 3236 sed
1870 3192 1926 3234 et
1953 3183 2144 3236 mulie-

570 3282 851 3339 rum;non
888 3273 1108 3329 divitum
1155 3281 1395 3338 tantum,
1438 3272 1533 3327 sed
1565 3281 1619 3327 et
1662 3286 1990 3342 pauperum;
2037 3287 2143 3327 non

573 3380 758 3420 eorum
785 3373 987 3419 tantum
1014 3365 1104 3434 qui
1125 3364 1363 3420 Grecam
1390 3364 1620 3433 linguam
1650 3363 1820 3418 edocti
1849 3372 2003 3428 sunt,
2050 3363 2143 3418 sed

578 3465 631 3509 et
661 3454 1025 3510 barbarorum.
1065 3454 1168 3510 Sed
1198 3454 1322 3525 quid
1349 3453 1469 3508 dico
1496 3454 1895 3523 magistratuum
1941 3462 1996 3509 et
2034 3455 2146 3525 pri-

575 3546 850 3599 vatorum?
881 3545 1050 3599 Etiam
1061 3545 1176 3616 ejus
1194 3547 1209 3577 ¹
1233 3546 1318 3615 qui
1344 3545 1586 3598 diadema
1610 3553 1796 3613 gestat,
1818 3545 2062 3599 similiter
2091 3553 2147 3599 ut

573 3634 795 3688 aliorum
817 3675 833 3698 ,
860 3635 1234 3689 conscientiam
1275 3635 1339 3687 ad
1373 3634 1507 3688 hanc
1527 3633 1880 3688 obedientiam
1921 3633 2141 3688 iniit-xit.

579 3723 684 3778 Nec
723 3723 879 3779 hodie
907 3724 1070 3777 ullum
1099 3724 1384 3778 discrimen
1430 3725 1565 3778 inter
1595 3739 1830 3778 mensam
1883 3723 2058 3777 divitis
2094 3734 2148 3778 et

576 3815 860 3884 pauperis:
893 3815 984 3868 sed
1026 3816 1216 3883 ubique
1259 3815 1472 3884 frugalis
1507 3816 1678 3870 victus
1717 3825 1803 3869 est
1827 3855 1840 3878 ,
1878 3816 2081 3870 alienus
2115 3830 2144 3868 τι

574 3905 696 3959 luxu
721 3914 774 3957 et
794 3913 1068 3973 apparatu,
1102 3904 1392 3974 maiorique
1431 3906 1585 3959 hodie
1610 3906 1879 3974 voluptate
1901 3905 1966 3959 ad
1995 3923 2145 3961 men-

571 4009 681 4047 satn
707 4006 914 4049 tenuem
937 3997 1127 4065 quique
1142 3995 1416 4058 accedunt,
1444 4011 1598 4064 quam
1629 3995 1833 4065 pridem
1863 4011 1982 4049 cum
2012 3997 2150 4048 mul-

573 4094 622 4136 ta
650 4086 870 4138 delicata
900 4087 1092 4149 edulia,
1115 4087 1442 4154 multumque
1463 4087 1641 4139 viuum
1665 4101 1931 4139 meracum
1952 4102 2149 4156 propo-

574 4176 813 4230 nebatur.

641 4268 695 4320 ‘2.
742 4268 972 4328 Vidistis,
1004 4268 1201 4328 dilecti,
1229 4283 1295 4320 ex
1327 4267 1454 4335 ipsis
1479 4267 1745 4334 prmludiis
1759 4266 1944 4336 jejuuii
1974 4268 2145 4321 virtu-

571 4371 676 4414 tem
702 4367 755 4412 et
781 4360 1107 4428 potentiam?
1134 4357 1330 4412 Idcirco
1370 4367 1423 4412 et
1467 4359 1578 4426 ipse
1618 4358 1800 4426 majori
1845 4357 2000 4412 hodie
2039 4360 2148 4411 ala-

571 4449 776 4514 critate,
805 4465 962 4519 quam
990 4459 1166 4515 antea,
1188 4463 1465 4502 sermones
1502 4447 1778 4517 aggredior
1808 4465 1821 4499 :
1860 4448 2035 4501 sciens
2060 4463 2146 4502 me

573 4540 624 4595 in
652 4541 827 4610 pingui
858 4539 1218 4609 profundoque
1242 4554 1367 4592 arvo
1387 4539 1764 4592 scminatnrutn
1785 4581 1800 4603 ,
1824 4539 1961 4607 quod
1994 4539 2147 4592 nobis

574 4630 888 4685 multifarios
914 4630 1110 4684 fructus
1137 4642 1232 4698 pro
1255 4629 1542 4682 seminibus
1571 4628 1885 4681 concreditis
1906 4629 2145 4695 protinus

572 4721 796 4777 reddere
826 4721 1034 4789 poterit.
1078 4719 1351 4773 Discamus
1382 4719 1557 4787 igitur,
1590 4720 1634 4772 si
1667 4718 1856 4786 placet,
1889 4719 2014 4786 quid
2048 4733 2144 4773 ve-

571 4814 668 4868 lint
693 4814 791 4866 sihi
813 4813 967 4865 verba
1001 4812 1136 4865 beati
1157 4811 1316 4864 Musis
1348 4810 1503 4864 hodie
1531 4810 1686 4863 lecta.
1722 4808 1826 4863 Sed
1853 4809 2106 4863 attendite
2128 4849 2140 4873 ,

571 4905 828 4965 obsecro,
866 4902 1146 4971 diligenter
1190 4900 1272 4953 his
1309 4917 1427 4970 qum
1470 4915 1498 4952 a
1530 4901 1682 4954 nobis
1721 4898 1964 4953 dicuntur
1995 4917 2007 4953 :
2037 4915 2142 4953 non

573 4995 712 5048 enim
745 5003 922 5049 nostra
950 4995 1001 5048 in
1029 4993 1262 5047 medium
1289 4990 1594 5057 offerimus,
1629 4989 1722 5044 sed
1761 4990 1846 5044 illa
1880 4991 1989 5058 ipsa
2025 5006 2144 5060 quae

573 5087 725 5140 nobis
752 5085 927 5140 divina
956 5087 1121 5154 gratia
1151 5085 1203 5138 iu
1232 5094 1461 5137 vestram
1493 5082 1812 5135 concesserit
1841 5083 2142 5135 utilitatem.

569 5180 695 5242 Quae
723 5186 898 5230 autem
938 5177 1050 5229 ha-c
1089 5173 1252 5227 sunt?
1310 5171 1373 5225 In
1399 5171 1647 5241 principio
1703 5171 1817 5237 fecit
1874 5169 2012 5222 Deus
2047 5186 2142 5222 ειε-

572 5268 676 5319 lum
707 5279 749 5318 et
779 5276 982 5319 terram.
1024 5263 1208 5317 Merito
1230 5264 1313 5316 hic
1337 5261 1623 5322 dubitatur,
1653 5273 1807 5326 quam
1835 5259 1902 5311 ob
1929 5275 2142 5312 causam

572 5357 753 5410 beatus
797 5357 894 5409 iste
939 5357 1226 5424 pmpheta,
1259 5355 1345 5422 qui
1384 5354 1542 5406 etiam
1577 5353 1689 5419 ipse
1719 5350 1898 5404 multis
1937 5351 2142 5403 saeculis

571 5458 691 5518 post
737 5450 1054 5502 creationem
1101 5446 1279 5500 mundi
1325 5447 1489 5505 vixit,
1540 5444 1654 5496 lucc
1694 5441 1847 5496 nobis
1891 5451 2138 5509 exponat.

570 5539 706 5594 Sane
735 5554 837 5593 non
871 5550 1067 5592 temere
1095 5539 1193 5589 hoc
1223 5537 1349 5603 agit,
1384 5549 1481 5588 nec
1511 5533 1723 5585 fruStra.
1769 5530 1975 5584 Etenim
2008 5529 2142 5584 Deus

632 5676 647 5704 ι
681 5673 890 5721 t:nistm..
914 5671 1033 5732 quid
1070 5669 1178 5718 dico
1199 5670 1560 5731 magistrutumn
1582 5673 1626 5716 et
1650 5664 1940 5728 privatorum
1961 5670 2002 5714 rt
2025 5662 2142 5715 (ttio-

570 5749 672 5783 rum
696 5739 716 5784 ἐν
742 5741 890 5782 utam
910 5731 1035 5791 ejus,
1065 5741 1156 5779 etc.

2233 468 2461 530 humani
2489 477 2701 546 generis
2737 474 2985 531 conditor
3004 516 3020 540 ,
3046 473 3116 529 ab
3145 475 3296 530 initio
3328 489 3423 545 per
3463 474 3697 544 seipsntn
3726 473 3819 528 ho-

2237 565 2470 621 minibus
2494 566 2841 637 loquebatur,
2870 581 2937 620 eo
2956 581 3062 636 quo
3092 567 3337 622 homines
3358 576 3602 635 poterant
3637 566 3827 621 audire

2239 659 2418 711 modo.
2459 656 2550 713 Sic
2572 659 2712 712 enim
2739 657 2807 713 ad
2831 658 3000 712 Adam
3027 659 3200 722 venit;
3226 659 3304 712 sic
3332 657 3463 713 Cain
3500 659 3823 728 increpavit;

2238 745 2316 799 sic
2334 761 2454 800 cum
2478 744 2589 800 Noe
2611 748 2860 815 loquutus
2887 757 2997 813 est;
3022 747 3100 802 sic
3122 747 3261 816 apud
3293 746 3560 801 Abraham
3585 747 3826 817 hospita-

2243 845 2326 890 tus
2342 845 2443 891 est.
2485 832 2555 890 At
2603 837 2690 891 ubi
2719 838 2772 905 in
2797 837 3047 892 malitiam
3079 851 3322 906 magnam
3349 852 3510 891 omne
3545 836 3822 908 hopiiuunt

2238 939 2406 995 genus
2443 928 2687 995 prorupit
2709 967 2723 988 ,
2761 940 2931 995 neque
2957 936 3079 980 tunc
3103 940 3223 980 sese
3265 935 3430 978 totum
3457 927 3526 980 ah
3550 925 3823 980 hominum

2237 1029 2438 1086 genere
2464 1016 2658 1070 avertit
2681 1014 3131 1084 Opifexomnium
3166 1037 3178 1072 :
3211 1016 3303 1070 sed
3328 1015 3449 1085 quia
3470 1030 3564 1070 sua
3596 1016 3827 1071 familia-

2243 1105 2402 1160 ritate
2431 1115 2614 1174 postea
2653 1104 2854 1179 indigni
2885 1106 3006 1161 facti
3025 1106 3247 1163 fuerunt
3265 1149 3282 1174 ,
3304 1108 3493 1162 iterum
3522 1123 3673 1162 suam
3697 1122 3825 1178 erga

2240 1196 2360 1252 illos
2383 1198 2668 1252 amicitiam
2691 1197 2943 1254 innovare
2971 1199 3175 1260 volens.
3205 1201 3355 1267 quasi
3395 1201 3552 1271 longe
3592 1200 3830 1256 absenti-

2243 1287 2342 1344 bus
2370 1289 2554 1344 literas
2587 1291 2766 1355 mittit,
2797 1291 3172 1345 eonciliatnrus
3187 1291 3286 1344 sibi
3319 1291 3620 1346 universam
3648 1287 3826 1346 homio

2243 1395 2371 1435 num
2393 1389 2656 1435 naturam.
2683 1379 2751 1435 Et
2775 1381 2872 1434 has
2894 1381 3107 1450 quidem
3136 1381 3315 1435 literas
3340 1379 3485 1435 dedit
3506 1380 3668 1447 Deus,
3685 1389 3829 1435 attu-

2241 1471 2305 1526 lit
2329 1462 2506 1526 autem
2535 1470 2730 1526 loses.
2768 1471 2907 1539 Quid
2960 1471 3117 1542 igitur
3168 1471 3351 1526 dicunt
3397 1471 3479 1525 har
3523 1471 3730 1527 literae?
3759 1470 3827 1525 fit

2241 1561 2490 1632 principio
2510 1561 2796 1632 fecit’Dm
2859 1563 3042 1617 calent
3084 1573 3131 1616 et
3167 1571 3374 1616 terram.
3413 1561 3704 1617 Considera
3760 1562 3815 1616 ill

2244 1653 2348 1708 hoc
2368 1694 2384 1717 ,
2415 1655 2718 1719 carissime,
2750 1667 2909 1723 quam
2937 1653 3265 1707 admirabilis
3290 1661 3344 1707 et
3378 1653 3604 1706 eximius
3628 1653 3694 1707 sit
3723 1652 3829 1707 iste

2242 1743 2520 1814 propheta.
2563 1743 2681 1798 Alii-
2712 1743 2853 1797 enim
2897 1742 3394 1812 omnesvprophette
3440 1756 3507 1796 ea
3553 1740 3824 1804 dixerunt,

2243 1835 2326 1890 vel
2350 1849 2471 1905 qua:
2499 1834 2680 1889 multis
2713 1842 2895 1903 postea
2945 1832 3275 1902 temporibus
3304 1833 3474 1885 futura
3508 1840 3663 1886 erant
3688 1870 3706 1895 ,
3742 1828 3826 1885 vel

2243 1941 2362 1996 qua:
2383 1925 2564 1980 statim
2584 1933 2837 1980 eventura
2861 1935 3042 1979 essent
3061 1939 3076 1976 :
3107 1922 3293 1978 beatus
3315 1932 3492 1977 autem
3520 1922 3640 1988 iste,
3670 1930 3828 1976 nauis

2243 2027 2364 2070 cum
2387 2015 2497 2083 jam
2523 2013 2690 2069 multa
2715 2013 2897 2068 mundi
2915 2014 3228 2069 transissent
3251 2011 3466 2077 secula,
3495 2010 3683 2066 ducem
3707 2025 3829 2065 sor-

2247 2104 2374 2159 titus
2397 2119 2683 2174 supernam
2712 2104 2984 2159 dexteram
3016 2106 3056 2169 ’,
3087 2102 3276 2174 dignus
3303 2113 3384 2159 est
3401 2103 3632 2170 habitus,
3657 2113 3714 2157 ut
3736 2103 3824 2158 illa

2245 2196 2398 2252 nobis
2423 2196 2648 2259 diceret,
2669 2211 2787 2266 qua:
2813 2207 2936 2251 ante
2951 2206 3127 2249 ortum
3144 2209 3297 2250 suum
3319 2196 3554 2249 omnium
3570 2194 3830 2249 Dominus

2245 2288 2584 2343 formarent.
2626 2288 2830 2344 Idcirco
2872 2288 2955 2343 his
2989 2288 3173 2357 incipit
3210 2287 3388 2342 verbis
3420 2308 3433 2343 :
3465 2285 3533 2340 In
3578 2281 3831 2356 principio

2245 2379 2363 2448 fecit
2381 2377 2519 2433 Deus
2535 2379 2716 2433 calum
2743 2389 2789 2431 et
2815 2388 2998 2432 terram
3025 2393 3044 2431 :
3078 2377 3224 2447 quasi
3255 2377 3321 2431 ad
3348 2392 3534 2431 omnes
3562 2393 3661 2432 nos
3682 2376 3827 2431 clara

2244 2482 2376 2524 voce
2393 2469 2606 2532 clamet,
2638 2477 2692 2523 et
2710 2469 2884 2523 dicat:
2912 2468 3050 2522 Num
3075 2468 3146 2522 ab
3177 2468 3480 2522 hominibus
3503 2467 3702 2522 doceor
3721 2508 3737 2532 ,
3771 2477 3832 2522 ut

2245 2559 2360 2616 haec
2384 2559 2614 2630 loquar?
2642 2558 2689 2613 is
2715 2560 2827 2629 ipse
2848 2559 2936 2628 qui
2969 2557 3080 2612 haec
3096 2573 3227 2613 "cum
3255 2573 3360 2612 non
3384 2567 3585 2625 essent,
3605 2556 3744 2621 fecit,
3772 2564 3834 2612 ιιι

2248 2661 2448 2714 essent,
2478 2651 2708 2721 linguam
2739 2665 2911 2704 meam
2939 2649 3003 2702 ad
3051 2648 3234 2704 isthzcc
3271 2647 3566 2703 enarranda
3601 2648 3828 2717 impulit.

2249 2742 2410 2815 Igitur
2433 2744 2675 2807 obsecro,
2703 2744 2775 2797 ita
2804 2742 3186 2806 auscultemus,
3213 2741 3284 2795 ita
3317 2740 3514 2795 nostris
3540 2728 3834 2793 ratiociniis

2247 2837 2463 2908 longum
2488 2837 2605 2890 vale
2623 2836 2883 2899 dicamus,
2914 2834 3065 2911 quasi
3095 2833 3208 2888 haec
3237 2849 3340 2886 non
3355 2837 3464 2901 jam
3484 2848 3514 2886 a
3542 2831 3704 2893 lose,
3733 2831 3828 2884 sed

2247 2947 2344 3000 per
2372 2930 2602 2999 linguam
2626 2927 2788 2982 Hosis
2816 2926 2884 2981 ab
2913 2927 3029 2995 ipso
3069 2925 3438 2979 universorum
3487 2923 3596 2977 Deo
3639 2920 3828 2976 audia-

2248 3037 2387 3076 mus.
2429 3019 2715 3074 Ratiocinia
2733 3017 2874 3072 enim
2901 3017 3158 3070 hominum
3186 3015 3363 3068 timida
3380 3023 3499 3068 sunt
3521 3055 3535 3078 ,
3565 3013 3754 3081 inquit,
3785 3023 3832 3066 et

2248 3113 2453 3167 incerto:
2478 3109 2802 3181 cogitationes
2829 3123 3001 3161 eorum
3039 3105 3192 3177 (Sap.
3215 3105 3268 3160 9.
3295 3104 3407 3173 14).
3434 3102 3600 3158 Grato
3641 3100 3832 3156 admo-

2247 3203 2375 3259 dum
2403 3202 2582 3257 animo
2611 3202 2932 3270 accipiamus
2957 3213 3076 3268 qua:
3102 3197 3349 3252 dicuntur
3370 3235 3386 3258 ,
3418 3211 3486 3250 ne
3525 3193 3833 3265 progredia-

2251 3309 2370 3349 mur
2401 3293 2538 3346 ultra
2566 3305 2728 3362 quam
2752 3291 2856 3345 fert
2881 3301 3146 3344 mensurae
3175 3294 3370 3340 nostra:
3396 3284 3660 3350 tenuitas,
3697 3297 3834 3338 neve

2249 3385 2510 3438 curiosius
2535 3397 2653 3452 qua:
2697 3394 2858 3450 supra
2905 3395 3002 3434 nos
3030 3386 3156 3432 sunt
3197 3376 3510 3446 indagemus
3541 3392 3553 3427 :
3587 3374 3638 3429 id
3688 3372 3832 3444 quod

2250 3473 2488 3526 veritatis
2525 3471 2782 3527 hostibus
2816 3470 3014 3532 evenit,
3055 3467 3145 3538 qui
3174 3467 3455 3521 voluerunt
3482 3465 3707 3536 propriis
3741 3479 3833 3519 ra-

2251 3562 2482 3615 tiociniis
2511 3547 2756 3615 universa
2777 3558 3099 3630 expendere,
3133 3573 3235 3612 non
3266 3557 3560 3625 cogitantes
3587 3555 3835 3624 impossi-

2251 3652 2354 3707 bile
2402 3666 2523 3708 esse
2575 3651 2820 3706 humana:
2881 3658 3083 3703 natura:
3135 3647 3228 3701 Dei
3281 3647 3546 3722 opiﬁcium
3623 3645 3836 3713 penitus

2251 3743 2547 3810 explorare.
2589 3741 2748 3809 Quid,
2773 3742 3008 3810 inquam,
3054 3738 3144 3793 Dei
3170 3737 3461 3806 opiﬁcium,
3499 3751 3620 3791 cum
3663 3752 3836 3805 neque

2251 3829 2499 3894 hominis,
2523 3833 2611 3902 qui
2637 3832 2789 3885 nobis
2819 3839 3002 3884 natura
3033 3839 3289 3898 cognatus
3315 3837 3429 3894 est,
3458 3836 3600 3881 artes
3624 3828 3838 3894 penitus

2254 3922 2486 3990 indagari
2515 3923 2760 3990 possint?
2809 3921 2901 3974 Dic
2947 3920 3126 3986 enim,
3171 3933 3369 3988 quzeso,
3422 3918 3687 3986 quomodo
3737 3930 3838 3983 per

2253 4013 2568 4068 metallicam
2596 4022 2761 4065 artem
2790 4013 2905 4065 auri
2932 4020 3116 4063 natura
3135 4009 3427 4063 conﬂatur?
3456 4009 3534 4062 vei
3569 4007 3838 4076 quomodo

2254 4106 2371 4159 vitri
2397 4107 2598 4174 puritas
2612 4121 2677 4160 ex
2707 4120 2865 4158 arena
2895 4103 3159 4157 eflicitnr?
3186 4085 3381 4156 Verum
3407 4116 3508 4154 non
3535 4100 3696 4153 habes
3715 4115 3839 4168 quae

2253 4197 2419 4250 dicas.
2461 4196 2516 4251 Si
2549 4197 2707 4265 igitur
2731 4196 2845 4248 btet:
2876 4210 2994 4264 qua:
3023 4206 3146 4247 ante
3182 4195 3365 4248 oculos
3393 4203 3511 4246 sunt
3540 4192 3705 4260 posita
3733 4233 3748 4256 ,
3780 4200 3840 4245 et.

2252 4303 2369 4357 qua}
2396 4301 2493 4356 per
2519 4286 2609 4340 Dei
2642 4285 3016 4354 benignitatem
3053 4284 3283 4337 humana
3329 4291 3579 4353 operatur
3621 4282 3837 4349 sapicno

2253 4381 2340 4442 tia,
2368 4378 2587 4448 intelligi
2616 4387 2905 4447 nequeunt,
2937 4391 3104 4445 quam
3135 4376 3244 4430 Deo
3267 4378 3381 4445 ipso
3409 4373 3546 4429 facta
3575 4383 3718 4433 sunt,
3738 4389 3841 4427 cu-

2251 4470 2487 4524 riositate
2515 4478 2601 4524 tua
2624 4469 2877 4537 inquires,
2908 4467 3104 4520 homo?

2323 4559 2406 4612 Ex
2433 4560 2671 4612 creaturis
2701 4569 2892 4611 creator
2916 4558 3311 4624 agnoscitur.-—
3334 4555 3503 4621 Quam
3531 4556 3838 4624 assequeris

2251 4650 2502 4704 veniam?
2526 4663 2627 4717 qua
2657 4658 2708 4701 te
2737 4648 2970 4701 tueberis
2997 4647 3333 4710 defensione,
3365 4647 3433 4698 ita
3460 4645 3744 4708 insaniens,
3779 4655 3841 4701 ut

2251 4758 2367 4810 qua:
2397 4755 2556 4808 supra
2596 4749 2796 4793 natura:
2824 4748 2925 4792 tua:
2949 4749 3162 4807 captum
3204 4749 3351 4800 sunt,
3386 4736 3712 4806 Speculeris?
3742 4738 3828 4789 lii-

2251 4847 2372 4887 cere
2392 4835 2531 4887 enim
2561 4848 2623 4885 ea
2645 4847 2760 4902 quae
2789 4841 2911 4885 sunt
2935 4846 3002 4885 ex
3029 4831 3264 4897 subjecta
3285 4830 3502 4884 materia
3526 4844 3644 4883 esse
3673 4825 3835 4893 facta,

2249 4936 2302 4978 et
2333 4940 2435 4978 non
2464 4923 2724 4990 confiteri,
2763 4923 2998 4977 omnimn
3031 4923 3285 4990 Opiﬁcem
3333 4936 3395 4975 ea
3425 4936 3489 4975 ex
3518 4921 3683 4973 nihilo
3710 4936 3837 4972 cre-

2249 5017 2443 5081 avisse,
2487 5015 2816 5084 desipientia:
2859 5022 3112 5067 extremae
3161 5013 3366 5080 signum
3413 5010 3589 5063 fuerit.
3640 5010 3837 5063 Beatus

2252 5107 2426 5176 itaque
2456 5108 2711 5176 propheta
2738 5106 2856 5169 iste,
2887 5105 3185 5158 obturando
3215 5102 3572 5170 insipientium
3601 5117 3713 5166 ora,
3739 5118 3837 5154 au-

2249 5201 2546 5268 spicaturus
2587 5199 2797 5260 librum,
2825 5197 2900 5250 sic
2927 5197 3120 5264 carpit:
3160 5195 3225 5248 In
3265 5195 3512 5263 principio
3541 5194 3656 5261 fecit
3696 5192 3838 5245 Deus

2250 5293 2429 5342 cwlum
2459 5299 2504 5341 et
2530 5298 2733 5341 terram.
2772 5287 2904 5339 Cum
2943 5287 3098 5356 igitur
3135 5285 3303 5347 audis,
3340 5284 3503 5346 Fecit,
3535 5283 3661 5335 nihil
3691 5283 3834 5335 aliud

2251 5383 2384 5434 ultra
2414 5380 2678 5433 curiosius
2715 5394 2893 5448 qurere
2932 5401 2943 5432 :
2988 5378 3078 5430 sed
3113 5377 3329 5428 humum
3374 5385 3638 5443 spectans,
3678 5375 3838 5428 dictis

2253 5471 2408 5525 fidem
2441 5469 2594 5524 habe.
2625 5468 2754 5523 Nam
2787 5470 2923 5523 Deus
2945 5470 3130 5536 estqui
3155 5468 3329 5522 omnia
3357 5467 3497 5529 facit,
3517 5477 3566 5518 et
3598 5467 3646 5517 in
3674 5465 3832 5517 alium

2252 5565 2475 5620 formam
2504 5572 2691 5629 mutat,
2720 5577 2780 5616 ac
2806 5562 3095 5616 secundum
3119 5561 3442 5615 voluntatem
3474 5574 3625 5614 suam
3656 5565 3852 5611 omnia

2318 5723 2334 5755 ι
2368 5721 2575 5780 mislin.,
2604 5733 2858 5781 supernam
2878 5720 3146 5782 potentiam.
