4080 6308
165 401 236 459 τί
1398 399 1463 457 IN
1503 401 1656 459 CAP.
1697 400 1715 454 ι
1785 398 1883 457 σε]

1990 396 2031 454 5.
2074 395 2305 454 ιιοιιιι..
2344 397 2406 454 ιι.
2655 426 2721 472 ρ
3569 402 3641 455 ιιι

172 533 291 571 τινα
314 515 696 590 διαλεχθῶμεν
730 518 863 589 πρὸς
907 516 1008 588 τὴν
1044 517 1319 589 ὑμετέραν
1350 517 1595 587 ἀγάπην,
1648 516 1744 570 καὶ
1775 516 1859 569 λε·

179 602 458 673 πτοτέρων
495 602 743 671 σήμερον
767 598 1268 671 κατατολμήσωμεν
1311 596 1620 668 νοημάτων,
1651 598 1720 650 τά
1752 597 1861 650 ἀπὸ

136 732 149 743 ,
179 684 292 737 τῶν
330 682 491 737 θείων
544 681 780 754 Γραφῶν
812 680 1208 751 παρατιθέντες
1245 680 1375 751 ὑμῖν
1404 678 1731 749 διδάγματα.
1796 678 1861 731 Et

180 765 292 836 γάρ
324 764 401 837 μὴ
434 762 531 818 νῦν
550 764 713 817 τοῦτο
745 763 1099 834 ποιήσαιμεν,
1132 765 1223 816 ὅτε
1254 762 1476 831 νηστεία
1500 762 1595 814 καὶ
1623 758 1861 829 γαστρὸς

181 846 479 919 ὑπεροψία,
522 847 620 900 καὶ
640 845 875 916 τοσαύτη
908 844 1021 898 τῶν
1040 844 1219 916 ὁρθῶν
1244 842 1524 913 λογισμῶν
1560 843 1593 914 ή
1626 842 1860 912 γαλήνη,

182 932 319 985 πότε
370 929 733 1001 δυνησῶμεθα
780 928 953 982 ταῦτα
1007 928 1335 1000 παραθεῖναι
1382 924 1463 999 [8]
1498 928 1567 997 τῇ
1616 924 1863 996 ὑμετέρᾳ

181 1011 415 1085 ἀγάπης
450 1011 579 1065 Ὅτε
614 1010 795 1082 τρυφὴ
827 1011 923 1063 καὶ
957 1010 1237 1081 ἀδηφαγία
1266 1011 1360 1063 καὶ
1398 1009 1569 1079 πολλή
1608 1011 1642 1079 ή
1698 1008 1862 1080 ρᾳθυ-

185 1094 326 1165 μίας
367 1092 527 1148 Ἀλλά
564 1092 689 1146 τότε
716 1090 841 1145 οὐτε
874 1094 1029 1147 αὐτοὶ
1064 1093 1225 1148 τοῦτο
1268 1095 1497 1157 δεόντως
1542 1093 1863 1163 ποιήσομεν,

180 1176 309 1231 οὐτε
342 1177 502 1247 ὑμεῖς
530 1174 822 1245 δυνήσεσθε
849 1174 1100 1248 καθάπερ
1121 1175 1227 1230 ὐπὸ
1249 1175 1447 1245 ἀχλύος
1474 1175 1620 1237 τινὸς
1639 1174 1736 1243 τῆς
1758 1173 1866 1226 τῶν

182 1259 469 1329 λογισμῶν
494 1255 665 1329 ζάλης
687 1256 1220 1330 καταϐαπτιζόμενοι
1244 1258 1502 1324 δέξασθαί
1523 1274 1575 1311 τι
1599 1256 1709 1309 τῶν
1723 1255 1870 1324 λεγο-

263 1357 393 1395 νων.

188 1341 482 1487 μὲἇυξΐδι,
507 1421 556 1474 εί
581 1420 673 1475 καί
702 1437 834 1474 ποτε
864 1411 1075 1485 ἄλλοτε,
1100 1423 1290 1492 καιρὸς
1317 1418 1425 1474 τῶν
1439 1418 1696 1474 τοιούτων
1727 1417 1871 1471 διδα-

184 1506 441 1576 γμάτων,
468 1507 556 1559 ὅτε
579 1506 679 1559 οὐκ
711 1504 791 1559 ἔτι
813 1502 1387 1573 κατεξανίσταταιτῆς
1416 1502 1660 1574 κυρίαςή
1685 1499 1868 1570 δούλη,

185 1585 305 1641 ἀλλ’
344 1587 560 1657 εὐήνιος
581 1586 847 1657 γενομένη
876 1584 1076 1656 πολλὴν
1125 1586 1226 1657 τὴν
1253 1584 1427 1639 πειθὼ
1474 1585 1572 1639 καὶ
1603 1583 1704 1655 τήν
1764 1583 1869 1636 ὐπ-

186 1667 362 1739 ακοὴν
382 1667 774 1731 ἐπιδείκνυται,
799 1667 867 1721 τά
886 1668 1233 1740 σκιρτήματα
1253 1667 1353 1738 τῆς
1383 1667 1587 1740 σαρκὸς
1604 1681 1873 1720 καταστο-

191 1748 425 1818 ρέσασα,
455 1750 549 1803 καὶ
598 1750 693 1802 ἐπὶ
724 1749 832 1802 τῶν
862 1750 1080 1804 οἰκείων
1122 1751 1265 1821 ὅρων
1321 1748 1579 1820 μένουσα.
1629 1746 1874 1818 Νηστεία

187 1829 300 1901 γάρ
328 1831 479 1883 ἔστιν
505 1833 539 1902 ή
563 1831 771 1902 γαλήνη
797 1830 905 1883 τῶν
937 1830 1224 1902 ἡμετέρων
1261 1829 1473 1901 ψυχῶν,
1502 1831 1537 1901 ή
1576 1828 1686 1882 τῶν
1709 1843 1875 1896 γεγη-

193 1914 444 1983 ρακότων
467 1912 755 1982 εὐκοσμία,
794 1913 828 1983 ή
861 1913 969 1966 τῶν
995 1913 1132 1966 νέων
1169 1913 1538 1983 παιδαγωγὸς,
1574 1912 1608 1984 ή
1638 1911 1747 1964 τῶν
1771 1926 1876 1963 σω-

190 1994 539 2065 φρονούντων
558 1994 895 2059 διδάσκαλος,
915 1997 949 2064 ή
971 1996 1151 2061 πᾶσαν
1168 1995 1385 2067 ήλικίαν
1405 1996 1499 2049 καὶ
1524 1994 1688 2063 φύσιν
1702 1991 1875 2046 καθά-

190 2091 303 2144 περ
354 2074 647 2146 διαδήματί
697 2093 802 2129 τινι
833 2076 1279 2148 κατακοσμοῦσα.
1323 2075 1580 2147 Οὐδαμοῦ
1634 2072 1876 2146 σήμερον

189 2154 446 2227 θόρυϐος.
484 2156 607 2211 οὐδὲ
666 2159 907 2229 κραυγὴ,
960 2159 1085 2212 οὐδὲ
1126 2158 1307 2229 κρεῶν
1356 2157 1693 2221 κατακοπαὶ,
1754 2155 1876 2209 οὐδὲ

193 2238 482 2309 μαγείρων
508 2237 732 2311 δρόμοιο
766 2240 903 2294 ἀλλά
933 2241 1112 2294 πάντα
1147 2242 1332 2294 ἐκεῖνα
1387 2239 1753 2309 ἀπελήλαται,
1784 2237 1879 2292 καὶ

190 2319 517 2390 εὐσχήμονά
544 2337 668 2374 τινα
719 2323 813 2377 καὶ
840 2326 1073 2394 κοσμίαν
1094 2326 1188 2377 καὶ
1216 2323 1473 2395 σώφρονα
1522 2321 1815 2393 ἐλευθέραν
1841 2321 1877 2391 ἡ

192 2399 351 2464 πόλις
380 2403 514 2472 ήμῖν
536 2406 784 2475 μιμεῖται
808 2405 925 2459 νῦν.
948 2404 1122 2459 Ὅταν
1139 2406 1249 2476 γὰρ
1278 2407 1518 2475 ἑννοήσω
1548 2405 1647 2475 τὴν
1672 2402 1881 2477 ἀθρόαν

193 2484 513 2555 μεταϐολὴν
562 2486 661 2557 τὴν
704 2489 944 2559 σήμερον
998 2486 1527 2560 γεγενημένην,)ιαὶ
1577 2485 1883 2555 λογίσωμαι

191 2570 301 2639 τῆς
322 2570 581 2641 χθεσινῆς
605 2573 821 2643 ήμέρας
853 2574 953 2646 τὴν
980 2574 1395 2628 ἀκαταστασίαν
1414 2612 1429 2637 ,
1462 2572 1749 2644 θαυμάζω,
1788 2572 1883 2625 καὶ

192 2652 578 2725 ὶκπλήττομαι
597 2654 696 2724 τῆς
722 2657 977 2726 νηστείας
997 2657 1097 2726 τὴν
1125 2658 1298 2727 ίσχὺν,
1332 2657 1480 2719 ὅπως
1512 2656 1593 2718 είς
1618 2656 1719 2725 τήν
1748 2654 1883 2707 ἑκά-

195 2750 329 2787 στου
364 2734 671 2803 συνείδησιν
723 2737 1044 2792 είσελθοῦσα
1100 2738 1408 2809 μετέπλασε
1454 2740 1546 2791 τὸν
1600 2736 1881 2805 λογισμὸν,

195 2814 507 2887 έξεκάθαρε
531 2815 633 2885 τὴν
663 2815 921 2881 διάνοιαν,
948 2818 1049 2871 οὐκ
1087 2820 1366 2890 ἀρχόντων
1391 2818 1573 2890 μόνον,
1602 2817 1740 2871 ἀλλά
1790 2818 1885 2871 καὶ

200 2896 433 2952 ίδιωτῶν
448 2916 463 2930 ·
494 2898 596 2952 οὐκ
620 2898 921 2972 έλευθέρων
939 2939 955 2964 ,
986 2901 1123 2954 ἀλλά
1145 2902 1238 2954 καὶ
1262 2900 1463 2954 δούλων
1485 2915 1498 2931 ·
1525 2900 1627 2953 οὐκ
1651 2900 1881 2971 ἀνδρῶν,

200 2980 339 3035 ἀλλὰ
363 2980 460 3034 καὶ
486 2982 760 3049 γυναικῶν
777 2996 792 3011 °
817 2983 879 3036 06
903 2982 1196 3048 πλουσίων,
1226 2983 1364 3037 ἀλλά
1386 2984 1481 3039 καὶ
1507 2984 1758 3054 πενήτων
1780 3000 1794 3014 ·
1821 2985 1882 3037 οὐ

198 3060 313 3112 τῶν
339 3060 441 3133 τὴν
490 3061 717 3117 Ἐλλάδα
764 3064 1013 3132 γλῶτταν
1063 3065 1517 3135 πεπαιδευμένων
1544 3106 1559 3133 ,
1617 3066 1757 3120 ἀλλά
1790 3067 1886 3119 καὶ

202 3140 521 3215 βαρϐάρων.
559 3145 667 3198 Καὶ
699 3145 751 3199 τί
788 3147 932 3215 λέγω
979 3146 1259 3218 ἀρχόντων
1311 3147 1405 3203 καὶ
1458 3145 1719 3212 ίδιωτῶν;
1776 3148 1888 3200 Καὶ

205 3225 372 3279 αὐτοῦ
399 3237 427 3266 ι
456 3224 551 3279 τοῦ
575 3227 638 3280 τὸ
661 3226 898 3296 διάδημα
926 3226 1313 3298 περικειμένου
1343 3227 1406 3280 τὸ
1423 3226 1665 3289 συνειδὸς
1683 3226 1888 3297 ὁμοίως

202 3309 320 3369 τοῖς
345 3307 555 3374 λοιποῖς
585 3310 722 3383 πρὸς
752 3312 850 3381 τὴν
877 3308 1083 3381 ταύτης
1126 3308 1375 3380 ὑπακοήν
1408 3308 1727 3380 μετέστησε.
1754 3310 1889 3381 ,Καὶ

200 3392 307 3444 οὐκ
327 3392 445 3446 ἐστι
480 3397 719 3466 σήμερον
749 3394 1013 3465 διαφορὰν
1054 3394 1185 3447 ίδεῖν
1210 3391 1309 3463 τῆς
1338 3391 1434 3445 τοῦ
1471 3392 1731 3446 πλουσίου
1748 3409 1887 3464 τρα-

202 3474 403 3544 πέζης,
420 3477 632 3547 καὶτῆς
645 3475 741 3530 τοῦ
762 3476 992 3547 πένητος
1007 3492 1023 3506 ο
1045 3474 1184 3529 ἀλλά
1198 3472 1475 3543 πανταχοῦ
1490 3473 1612 3545 λιτὴ
1634 3476 1668 3545 ή
1685 3472 1886 3539 δίαιτα,

202 3558 607 3629 ἅπηλλαγμένη
639 3558 854 3629 κόμπου
877 3559 971 3612 καὶ
1000 3557 1325 3627 φαντασίας,
1350 3557 1445 3609 καὶ
1481 3557 1621 3625 μετά
1646 3556 1891 3620 πλείονος

202 3641 308 3710 τῆς
334 3641 529 3713 ἡδονῆς
552 3643 793 3713 σήμερον
817 3643 887 3712 τῇ
920 3640 1168 3710 εὐτελείᾳ
1198 3643 1299 3712 τῆς
1334 3639 1615 3711 τραπέζης
1649 3640 1889 3709 προσέρ-

202 3740 417 3794 χονται,
447 3723 482 3794 ή
515 3725 607 3778 ὅτε
636 3723 807 3778 πολλά
828 3725 1013 3788 αὐτοῖς
1039 3722 1112 3777 τά
1144 3722 1544 3795 καρυκεύματα
1564 3722 1887 3793 παρέκειτο,

204 3812 305 3865 καὶ
336 3809 509 3873 πολὺς
532 3812 559 3863 6
588 3810 849 3879 ἄκρατος.

280 3891 349 3961 β’.
369 3891 577 3954 Εἰδετε,
604 3891 902 3961 ἀγαπητοὶ,
938 3889 998 3955 ἐξ
1012 3890 1190 3943 αὐτῶν
1211 3888 1320 3942 τῶν
1351 3888 1651 3961 προοιμίων
1670 3889 1769 3961 τῆς
1798 3908 1893 3962 νη-

206 3975 393 4038 στείας
441 3974 540 4043 τὴν
581 3971 773 4042 ίσχύν;
820 3974 920 4027 Διά
946 3972 1105 4026 τοῦτο
1133 3971 1230 4026 καὶ
1262 3971 1428 4036 αὐτὸς
1477 3972 1616 4041 μετά
1648 3972 1890 4037 πλείονος

206 4059 456 4129 σήμερον
510 4058 608 4128 τῆς
640 4056 970 4129 προθυμίας,
1000 4057 1034 4128 ἢ
1084 4054 1385 4127 πρότερον,
1420 4053 1529 4108 τῶν
1580 4055 1717 4126 πρὸς
1747 4056 1893 4126 ὑμᾶς

205 4140 460 4209 ἱπτομαι
492 4136 690 4206 λόγων,
732 4138 890 4202 είδὼς
916 4138 997 4192 ὅτι
1031 4139 1111 4201 εἰς
1145 4135 1383 4208 λιπαρὰν
1413 4136 1509 4189 καὶ
1550 4134 1832 4206 βαθύγεων
1866 4136 1895 4175 δ
1942 4184 1947 4185 ,

206 4222 452 4292 ἄρουραν
482 4221 806 4275 καταϐάλλω
826 4221 893 4274 τά
915 4220 1231 4291 σπέρματα,
1261 4220 1569 4290 δυναμένην
1594 4218 1897 4273 πολλαπλα-

208 4303 366 4365 σίους
397 4303 531 4373 ήμῖν
557 4302 765 4373 ταχέως
796 4302 1086 4356 ἀποδοῦναι
1108 4302 1218 4357 τῶν
1252 4301 1749 4371 καταϐαλλομένων
1768 4304 1894 4366 τοὺς

218 4386 483 4457 ιαρπούς.
539 4387 963 4457 Καταμάθωμεν
1006 4387 1209 4451 τοίνυν,
1236 4387 1285 4439 εί
1313 4385 1479 4451 δοκεῖ,
1511 4386 1620 4439 τῶν
1654 4386 1895 4458 σήμερον

209 4469 349 4540 ἡμῖν
376 4468 832 4536 ἀναγνωσθέντων
866 4474 929 4521 εκ
949 4469 1058 4522 τῶν
1093 4470 1188 4523 τοῦ
1231 4469 1501 4540 μακαρίου
1532 4470 1775 4534 Μωσέως
1807 4469 1894 4521 λό-

210 4566 330 4617 γων
353 4552 452 4619 τὴν
483 4551 734 4623 δύναμιν.
796 4552 956 4606 Ἀλλά
989 4552 1312 4623 προσέχετε,
1374 4552 1700 4623 παρακαλῶ,
1756 4553 1897 4623 μετά

209 4632 503 4701 ἀκριϐείας
532 4636 644 4697 τοῖς
676 4636 805 4705 παρ’
836 4634 995 4706 ήμῶν
1015 4635 1359 4705 λεγομένοις*
1410 4636 1473 4689 οὐ
1507 4635 1616 4706 γάρ
1656 4634 1726 4687 τά
1757 4634 1897 4705 ήμέ-

206 4735 352 4789 τερα
380 4718 633 4791 λέγομεν,
670 4720 783 4773 ἀλλ’
816 4722 958 4793 ἅπερ
986 4721 1052 4775 ἀν
1082 4726 1115 4792 ή
1145 4721 1239 4774 τοῦ
1286 4720 1421 4774 Θεοῦ
1445 4721 1606 4792 χάρις
1636 4723 1896 4793 παράσχῃ

207 4802 302 4855 διά
332 4802 430 4873 τὴν
458 4802 727 4871 ὠφέλειαν
757 4814 778 4841 ε
807 4804 905 4875 τήν
930 4803 1226 4875 ὑμετέραν.
1253 4803 1389 4858 Τίνα
1414 4804 1473 4855 δὲ
1500 4803 1676 4857 ταῦτα
1705 4807 1855 4856 ἐστιν
1881 4820 1895 4869 ;

221 4889 336 4940 Ἐν
353 4884 511 4954 ἀρχῇ
534 4886 825 4954 ἐποίησεν
858 4890 891 4939 ό
922 4886 1066 4952 Θεὸς
1088 4887 1194 4940 τὸν
1214 4886 1477 4955 οὐρανὸν
1496 4887 1593 4940 καὶ
1620 4886 1734 4954 τὴν
1755 4887 1895 4957 γῆν.

211 4971 405 5035 ’Δξιον
443 4970 677 5024 ἐνταῦθα
697 4972 1049 5043 διαπορῆσαι,
1071 4974 1217 5034 τίνος
1241 4972 1427 5025 ἕνεκεν
1449 4974 1477 5023 ὁ
1514 4972 1783 5042 μακάριος
1813 4966 1900 5025 οὗ·

217 5073 303 5118 τος
334 5056 643 5126 προφήτης,
682 5055 820 5124 μεεά
873 5054 1071 5117 πολλὰς
1105 5053 1333 5126 ὕστερον
1381 5054 1577 5122 γενεάς
1629 5055 1895 5121 γεγονὼς,

209 5140 393 5194 ταῦτα
408 5142 539 5209 ἡμῖν
554 5138 845 5194 ἐκτίθεται.
865 5140 976 5209 Οὐχ
1004 5138 1212 5205 ἁπλῶς,
1236 5139 1355 5193 οὐδὲ
1386 5141 1529 5210 είκῇ.
1551 5139 1767 5209 Ἐπειδὴ
1790 5138 1897 5210 γάρ

212 5223 274 5286 ἐξ
298 5222 482 5292 ἀρχῆς
498 5221 707 5285 πλάσας
734 5222 825 5275 τὸν
854 5222 1137 5292 ἄνθρωπον
1170 5226 1198 5276 ὁ
1235 5221 1387 5287 Θεὸς,
1415 5223 1479 5276 δι’
1505 5222 1700 5276 ἑαυτοῦ
1728 5223 1899 5275 διελέ-

212 5321 351 5375 γετο
382 5304 464 5377 [9]
493 5307 606 5369 τοῖς
625 5305 953 5374 ἀνθρώποις,
981 5306 1056 5370 ὡς
1086 5306 1391 5379 ἀνθρώποις
1417 5307 1647 5361 ἀκοῦσαι
1675 5307 1899 5361 δυνατὸν

210 5387 301 5460 ἦν.
337 5388 530 5451 υῦεως
556 5389 665 5459 γὰρ
704 5389 839 5458 πρὸς
867 5389 961 5443 τὸν
994 5389 1165 5460 ’Λδάμ
1192 5387 1359 5461 ἦλθεν
1382 5405 1396 5419 °
1450 5390 1624 5453 οὕτως
1648 5390 1726 5460 τῷ
1759 5391 1901 5445 Κάῖν

276 5512 306 5541 ⁸
330 5509 535 5560 Coislin.
560 5512 638 5558 καὶ
657 5511 875 5573 ἰδιωτῶν,
898 5511 979 5558 καὶ
1000 5512 1094 5557 τῶν
1116 5511 1299 5565 «mm;
1322 5511 1416 5558 Καὶ
1442 5508 1604 5557 αὐτοῦ.
1635 5507 1761 5558 Ιιιίια
1777 5509 1899 5573 Reg.

214 5586 353 5625 unus
371 5575 451 5622 ιαὶ
470 5574 559 5623 οὐκ
583 5576 683 5623 εστι
708 5572 914 5633 σήμερον
936 5573 1135 5634 διαφορὰ
1156 5579 1365 5630 τῆς,ιιοιι
1385 5577 1530 5634 male.

281 5636 311 5674 δ
340 5637 528 5697 Regius
560 5645 688 5683 unus
713 5632 983 5693 βαθύγαιον,
1006 5632 1131 5683 alius
1166 5635 1325 5681 codex
1354 5633 1618 5697 βαθύγειον,
1653 5632 1781 5681 allus
1817 5634 1904 5697 βα·

216 5703 541 5810 θ’ἷθῆἒῖὲιιη.
580 5756 826 5821 παρᾶσγοι
867 5757 945 5804 διὰ
982 5759 1067 5815 τὴν
1091 5756 1231 5817 ἡμῶν
1274 5757 1520 5818 ὠφέλειαν,
1544 5755 1669 5807 forte
1704 5754 1905 5806 melius.

216 5824 317 5872 Διιί
344 5826 465 5872 item
485 5818 673 5869 haheui.
696 5818 958 5877 παράσχοι.

642 5926 914 5986 Ρηιιοι..
961 5926 1076 5983 ﬁn.
1130 5920 1285 5981 LIII.

1961 515 2295 587 ἐπετίμησεν
2316 532 2327 546 ⁸
2350 513 2524 579 οὕτως
2552 512 2626 585 τῷ
2652 513 2775 567 Νῶε
2804 513 3052 587 διελέχθη
3071 530 3086 547 ⁸
3108 513 3285 578 οὕτως
3328 514 3591 581 έπεξενώί
3607 530 3640 584 η

1962 596 2038 669 τῷ
2084 597 2356 669 Ἀϐραάμ.
2375 598 2505 650 Ὅτε
2531 597 2589 650 δὲ
2624 597 2705 661 είς
2735 596 2936 667 πολλὴν
2966 596 3167 651 κακίαν
3206 596 3462 662 ἐξώκειλε
3492 598 3645 652 πᾶσα

1961 680 1996 749 ή
2027 671 2475 749 τῶνάνθρώπων
2506 676 2668 747 φύσις
2691 718 2707 742 ,
2745 677 2866 731 οὐδὲ
2891 676 3038 732 οὕτω
3081 678 3268 732 τέλεον
3311 678 3644 750 ἀπεστράφη

1961 760 2025 814 τὸ
2071 759 2182 813 τῶν
2228 758 2532 831 ἀνθρώπων
2560 760 2717 828 γένος
2771 763 2801 815 ὁ
2826 760 2935 814 τῶν
2982 760 3241 815 ἀπάντων
3277 760 3642 831 δημιουργός

1964 844 2081 898 ἀλλ’
2109 843 2299 915 ἐπειδὴ
2327 844 2536 910 ἀνάξιοι
2558 843 2745 899 λοιπὸν
2779 844 3034 913 γεγόνασι
3058 845 3156 914 τῆς
3180 843 3396 915 ὁμιλίας
3424 845 3523 914 τῆς
3547 846 3648 899 αὐσ-

1964 925 2082 990 τοῦ,
2137 926 2460 998 βουλόμενος
2510 927 2675 982 πάλιν
2700 927 3117 983 ἀνανεώσασθαι
3149 931 3249 999 τὴν
3286 927 3425 999 πρὸς
3451 928 3650 991 αὐτοὺς

1967 1008 2171 1077 φιλίαν,
2195 1009 2445 1079 καθάπερ
2462 1008 2772 1080 ἀνθρώποις
2800 1010 3019 1080 μακρὰν
3038 1009 3318 1078 ἀφεστῶσι
3345 1010 3650 1081 γράμματα

1970 1092 2200 1161 πέμπει,
2236 1091 2375 1162 πρὸς
2428 1091 2621 1146 ἑαυτὸν
2674 1091 3037 1162 ἐφελκόμενος
3082 1093 3265 1161 πᾶσαν
3289 1092 3388 1163 τήν
3419 1091 3528 1145 τῶν
3561 1091 3655 1145 ἀν-

1971 1173 2206 1244 θρώπων
2235 1172 2417 1243 φύσιν.
2460 1174 2572 1227 Καὶ
2597 1174 2772 1228 ταῦτα
2802 1174 2871 1228 τά
2899 1173 3208 1245 γράμματα
3233 1172 3447 1244 έπεμψε
3490 1173 3591 1244 μὲν
3626 1174 3657 1224 ὁ

1969 1256 2123 1320 Θεὸς,
2160 1257 2384 1326 έκόμισε
2417 1256 2474 1309 δὲ
2512 1256 2737 1326 Μωσῆς.
2777 1257 2842 1309 Τί
2885 1254 2979 1310 οῦν
3007 1256 3155 1325 λέγεί
3188 1258 3259 1309 τὰ
3308 1256 3655 1326 γράμματα;

1983 1340 2087 1393 Ἔν
2110 1337 2269 1407 ἀρχῇ
2299 1338 2587 1406 ἐποίησεν
2608 1341 2640 1392 ὀ
2671 1339 2816 1404 Θεὸς
2834 1338 2942 1393 τὸν
2969 1340 3233 1408 οἰφανὸν
3251 1340 3347 1394 καί
3369 1339 3484 1408 τὴν
3516 1337 3655 1409 γῆν.

1974 1420 2173 1474 Σκόπει
2195 1420 2291 1474 τοῦ
2326 1420 2643 1490 θαυμαστοῦ
2674 1420 2866 1474 τούτου
2903 1422 3189 1493 προφήτου
3213 1463 3228 1487 ,
3259 1421 3531 1492 ἀγαπητὲ.
3564 1420 3659 1474 καὶ

1974 1501 2034 1555 έν
2055 1502 2232 1573 τούτῳ
2256 1503 2317 1556 τὸ
2347 1501 2647 1573 ἐξαίρετον.
2677 1500 2746 1555 Οί
2774 1502 2874 1573 μὲν
2894 1502 3003 1571 γὰρ
3042 1502 3193 1555 ἄλλοι
3216 1502 3493 1575 προφῆται
3522 1500 3659 1553 πάν-

1974 1583 2124 1655 τεςῆ
2157 1584 2229 1638 τὰ
2259 1584 2400 1655 μετά
2434 1583 2601 1637 πολὺν
2653 1584 2892 1655 ἐσόμενα
2941 1584 3131 1657 χρόνον
3172 1580 3346 1647 εἷπον,
3383 1584 3417 1656 ἢ
3444 1584 3514 1638 τά
3541 1586 3660 1636 κατ’

1975 1666 2137 1720 αὐτὸν
2168 1667 2431 1738 μέλλοντα
2458 1665 2838 1737 συμϐήσεσθαι
2869 1664 2963 1719 τὸν
2992 1665 3186 1737 καιρόν
3210 1681 3224 1695 ·
3256 1668 3285 1719 ὁ
3306 1665 3363 1720 δὲ
3391 1664 3666 1736 μακάριος

1975 1744 2131 1811 0610;
2166 1746 2308 1819 μετά
2330 1746 2533 1812 πολλὰς
2554 1746 2752 1815 γενεάς
2772 1746 3039 1816 γεγονὼς.
3065 1746 3170 1801 ὑπὸ
3201 1747 3301 1819 τῆς
3347 1746 3556 1801 ἀνωθεν
3581 1743 3667 1797 δε-

1978 1830 2099 1897 ξιᾶς
2147 1830 2516 1902 ὁδηγούμενος
2546 1830 2573 1869 ἀ
2620 1831 2807 1883 ἐκεῖνα
2853 1831 3031 1883 εἰπεῖν
3068 1828 3407 1900 κατηξιώθη,
3466 1826 3503 1882 ἀ
3558 1826 3667 1897 πρὸ

1978 1912 2075 1983 τῆς
2102 1911 2269 1965 αὐτοῦ
2296 1912 2567 1981 γενέσεως
2592 1910 2698 1965 ὐπὸ
2722 1910 2816 1965 τοῦ
2836 1911 2945 1965 τῶν
2966 1911 3224 1965 ἁπάντων
3256 1906 3665 1981 ἐδημιουργήθη

1979 1995 2273 2050 Δεσπότου.
2332 1996 2433 2051 Διά
2482 1995 2643 2056 τοῦτο
2694 1996 2789 2049 καὶ
2844 1992 3021 2059 οὕτως
3074 1994 3279 2067 ήρξατο
3305 1994 3482 2063 λέγων
3502 2008 3517 2023 ·
3566 1995 3669 2046 Ἐν·

1979 2076 2137 2147 ἀρχηῇ
2184 2079 2476 2146 ἐποίησεν
2506 2082 2539 2134 ό
2579 2078 2726 2145 Θεὸς
2755 2078 2863 2132 τὸν
2888 2076 3155 2146 οὐρανὸν
3200 2076 3301 2130 καὶ
3345 2076 3463 2143 τὴν
3514 2073 3665 2144 γῆν·

1983 2163 2269 2232 μονονουχὶ
2308 2163 2444 2234 πρὸς
2476 2162 2725 2225 ἅπαντας
2786 2163 2935 2232 ἡμᾶς
2965 2161 3201 2233 λαμπρᾷ
3232 2160 3374 2231 βοῶν
3398 2162 3466 2232 τῇ
3490 2151 3669 2229 φωνῇ.

1982 2244 2077 2297 καὶ
2098 2242 2273 2312 λέγων
2298 2261 2309 2273 ·
2347 2246 2423 2315 μὴ
2449 2243 2557 2315 γὰρ
2588 2243 2743 2316 παρὰ
2762 2242 3053 2312 ἀνθρώπου
3085 2243 3471 2314 διδασκόμενος
3495 2236 3671 2295 ταῦτα

1982 2325 2329 2398 φθέγγομα“ι;
2391 2329 2449 2381 ’0
2480 2328 2586 2383 ἀπὸ
2616 2327 2709 2381 τοῦ
2742 2326 2816 2399 μὴ
2868 2326 3023 2390 ὁντος
3058 2337 3083 2365 ο
3109 2328 3193 2390 εἰς
3250 2326 3311 2379 16
3346 2320 3486 2379 εἶναι
3530 2322 3672 2377 αὐτὰ

1984 2408 2346 2481 παραγαγὼν,
2386 2406 2541 2473 οὗτος
2563 2412 2659 2464 καὶ
2689 2409 2789 2481 τὴν
2814 2408 2954 2480 ἐμὴν
2987 2408 3235 2477 γλῶτταν
3257 2409 3396 2478 πρὸς
3418 2408 3517 2476 τὴν
3545 2406 3674 2460 τού-

1983 2478 2091 2545 των
2122 2478 2382 2563 ἐξήγησιν
2416 2478 2814 2564 παρώρμησεν,
2851 2478 2969 2555 -Ὧς
2998 2486 3093 2545 οῦν
3122 2490 3305 2544 οὐκέτι
3355 2488 3510 2559 παρά
3541 2490 3673 2543 Μωο

1987 2572 2125 2636 σέως
2157 2572 2327 2627 ταῦτα
2360 2572 2670 2636 ἀκούοντες,
2703 2572 2841 2626 ἀλλά
2870 2573 3002 2644 παρ’
3035 2571 3204 2626 αὐτοῦ
3242 2569 3339 2625 τοῦ
3388 2570 3500 2625 τῶν
3533 2570 3674 2625 ὅλων

1985 2654 2120 2708 Θεοῦ
2154 2656 2243 2710 διά
2265 2655 2362 2726 τῆς
2386 2656 2477 2710 τοῦ
2509 2654 2755 2718 Μωσέως
2793 2653 3064 2725 γλώττης,
3097 2654 3243 2709 οὕτω
3273 2656 3388 2717 τοῖς
3445 2653 3679 2724 λεγομέ-

1988 2755 2099 2802 νοις
2127 2740 2508 2810 προσέχωμεν,
2560 2737 2886 2810 παρακαλῶ,
2937 2738 3034 2790 καὶ
3067 2736 3244 2791 πολλά
3299 2735 3516 2807 χαίρειν
3563 2737 3677 2799 τοῖς

1988 2822 2279 2892 ἡμετέροις
2328 2822 2613 2893 λογισμοῖς
2644 2821 2895 2884 εἰπόντες
2919 2836 2933 2851 ο
2966 2821 3258 2891 Λογισμοί
3299 2820 3432 2892 γάρ,
3487 2818 3676 2891 φησιν,

1988 2903 2314 2973 ἀνθρώπων
2338 2904 2549 2970 δειλοὶ,
2571 2906 2669 2958 καὶ
2700 2904 3062 2973 ἐπισφαλεῖς
3084 2906 3145 2959 αι
3164 2904 3427 2958 ἐπίνοιαι
3449 2900 3674 2956 αὐτῶν.

1989 2987 2145 3042 Μετά
2171 2988 2368 3058 πολλῆς
2392 2987 2494 3057 τῆς
2544 2986 2967 3058 εὐγνωμοσύνης
3010 2986 3297 3059 δεχώμεθα
3328 2986 3397 3040 τά
3445 2985 3679 3057 λεγόμε-

1992 3084 2081 3135 να,
2117 3069 2191 3141 μή
2231 3068 2653 3140 ὑπερϐαίνοντες
2683 3069 2746 3121 τὸ
2778 3071 2977 3123 οἰκεῖον
3014 3069 3232 3141 μέτρον,
3270 3069 3407 3141 μηδὲ
3441 3068 3510 3122 τά
3538 3068 3681 3140 ὑπέρ

1991 3150 2138 3220 ἡμᾶς
2155 3150 2647 3221 περιεργαζόμενοι
2663 3168 2676 3181 ·
2702 3152 2843 3222 ὅπερ
2861 3150 3197 3207 πεπόνθασιν
3216 3154 3265 3205 οί
3292 3152 3395 3222 τῆς
3420 3151 3682 3223 ἀληθείας

1990 3230 2201 3303 ἐχθροὶ.
2233 3232 2589 3304 βουληθέντες
2632 3236 2747 3297 τοῖς
2802 3232 3025 3298 οίκείοις
3076 3232 3360 3305 λογισμοῖς
3388 3234 3684 3307 ἐπιτρέψαι

1989 3311 2052 3366 16
2086 3315 2217 3379 πᾶν,
2262 3315 2358 3367 καὶ
2391 3314 2491 3368 οὐκ
2538 3315 2895 3386 έννοήσαντες
2924 3315 3006 3369 ὅτι
3036 3315 3300 3372 ἀδύνατον
3345 3318 3446 3390 τὴν
3476 3318 3685 3389 ἀνθρω-

1991 3394 2154 3449 πείαν
2208 3394 2373 3463 φύσιν
2426 3394 2447 3434 ί
2487 3396 2588 3467 τὴν
2623 3395 2719 3451 τοῦ
2760 3396 2898 3450 Θεοῦ
2927 3398 3293 3470 δημιουργίαν
3320 3397 3685 3471 περιεργάζε-

1993 3476 2133 3531 σθαι.
2172 3477 2283 3532 Καὶ
2310 3477 2365 3531 τί
2386 3477 2528 3548 λέγω
2552 3479 2651 3550 τήν
2673 3478 2769 3532 τοῦ
2795 3478 2929 3533 Θεοῦ
2956 3479 3019 3552 δη
3029 3481 3349 3553 μιουργίαν;
3386 3482 3526 3537 Ἀλλ’
3560 3482 3685 3537 οὐδὲ

1991 3558 2283 3631 ἀνθρώπου
2328 3560 2525 3633 τέχνην
2574 3561 2671 3615 τοῦ
2704 3562 3008 3632 ὁμογενοῦς
3038 3565 3174 3635 ήμῖν
3215 3565 3684 3636 περιεργάζεσθαι

1991 3640 2234 3696 δυνατόν.
2264 3641 2401 3697 Εἰπὲ
2430 3642 2541 3714 γάρ
2577 3661 2690 3715 μοι,
2718 3644 2832 3708 πῶς
2866 3645 2976 3698 ἀπὸ
2996 3645 3096 3715 τῆς
3130 3646 3460 3719 μεταλλικῆς
3487 3646 3686 3718 τέχνης

1993 3725 2219 3795 χρυσίου
2247 3726 2565 3779 συνίσταται
2589 3725 2786 3796 φύσις;
2823 3727 2857 3797 ἢ
2882 3726 3003 3791 πῶς
3038 3727 3139 3797 τῆς
3170 3727 3328 3781 ὑέλου
3363 3731 3396 3801 ή
3445 3728 3686 3801 καθαρό-

1995 3825 2094 3879 της
2128 3808 2237 3861 ἀπὸ
2270 3809 2499 3880 ψάμμου
2538 3810 2781 3878 γίνεται;
2824 3808 2962 3863 Ἀλλ’
2991 3809 3095 3864 οὐκ
3116 3809 3181 3864 ἂν
3220 3810 3366 3881 ἔχοις
3397 3812 3595 3865 εἰπεῖν.
3618 3813 3685 3865 Ei

1996 3892 2176 3946 τοίνυν
2198 3891 2373 3946 ταῦτα
2394 3892 2462 3945 τά
2491 3893 2598 3962 πρὸ
2626 3891 2735 3945 τῶν
2764 3891 3062 3964 ὁφθαλμιῖιν
3096 3894 3347 3965 κείμενα,
3412 3895 3509 3949 καὶ
3542 3894 3686 3966 άπερ

1994 3974 2083 4029 διά
2110 3974 2211 4044 τὴν
2231 3972 2327 4028 τοῦ
2366 3972 2505 4028 Θεοῦ
2535 3974 2950 4047 φιλανθρωπίαν
2979 3975 3140 4045 σοφία
3176 3976 3501 4049 ἀνθρωπίνη
3521 3978 3688 4049 ἔργά-

1997 4057 2170 4122 ζεται,
2224 4058 2564 4127 καταμαθεῖν
2602 4057 2662 4109 οὐ
2702 4056 2927 4110 δυνατὸν
2958 4057 3006 4121 Β,
3038 4058 3108 4109 τά
3141 4057 3251 4110 ἀπὸ
3298 4056 3392 4111 τοῦ
3427 4056 3562 4112 Θεοῦ
3589 4058 3685 4129 δηι-

2001 4139 2406 4211 μιουργηθέντα
2434 4138 2797 4210 περιεργάζῃ,
2824 4137 3081 4210 ἄνθρωπε
3106 4156 3121 4206 ;

2070 4223 2180 4276 Καὶ
2213 4220 2373 4284 ποίας
2397 4220 2463 4275 ἀν
2488 4220 2674 4291 τύχοις
2713 4220 3078 4291 συγγνώμης
3103 4220 3251 4285 τίνος
3289 4220 3349 4274 δὲ
3388 4221 3687 4290 ἀπολογίας

1997 4303 2141 4358 οὓτω
2168 4302 2452 4375 μεμηνὼς,
2484 4304 2579 4356 καὶ
2610 4301 2681 4356 τά
2709 4304 2851 4374 ὑπὲρ
2885 4304 2985 4373 τὴν
3011 4302 3213 4357 σαυτοῦ
3242 4303 3404 4373 φύσιν
3424 4305 3689 4373 φανταζό-

2002 4402 2191 4455 μενος;
2225 4386 2300 4439 T6
2331 4385 2442 4456 γὰρ
2466 4384 2647 4454 λέγειν
2677 4385 2736 4448 ἐξ
2764 4386 3133 4457 ὑποκειμένης
3165 4385 3298 4459 ῦλης
3326 4387 3395 4441 τὰ
3424 4389 3555 4442 ὁντα
3589 4406 3689 4459 γε·

1999 4468 2283 4537 γενῆσθαι,
2318 4468 2413 4520 καὶ
2476 4469 2550 4539 μή
2612 4468 2898 4539 ὁμολογεῖν
2948 4470 3029 4522 ὃτι
3077 4467 3136 4533 ἐξ
3166 4468 3269 4523 οὐκ
3324 4469 3499 4524 ὁντων
3544 4473 3689 4528 αὐτά

2002 4558 2324 4622 παρήγαγεν
2348 4551 2377 4602 6
2422 4551 2533 4603 τῶν
2583 4550 2840 4605 ἀπάντων
2896 4551 3248 4623 δημιουργὸς,
3303 4554 3404 4622 τῆς
3450 4554 3688 4626 ἐσχάτης

2000 4632 2430 4705 παραφροσύνης
2453 4633 2519 4686 ἂν
2550 4634 2638 4703 εἴη
2660 4638 2908 4705 σημεῖον.
2954 4634 3316 4705 Ἐμφράττων
3359 4637 3539 4690 τοίνυν
3577 4639 3687 4691 τῶν

1999 4716 2334 4788 ἀγνωμόνων
2361 4718 2430 4769 τά
2452 4716 2693 4787 στόματα
2717 4719 2746 4770 ὁ
2775 4718 3047 4787 μακάριος
3059 4712 3214 4781 οὗτος
3232 4722 3542 4791 προφήτης,
3564 4722 3690 4792 μέλ-

2000 4799 2106 4851 λων
2139 4798 2402 4869 ἄρχεσθαι
2421 4798 2513 4851 τοῦ
2540 4798 2767 4868 βιϐλίου,
2786 4797 2956 4863 οὕτως
2988 4797 3210 4869 ήρξατο·
3233 4798 3337 4853 Ἐν
3352 4800 3511 4869 ἀρχῇ
3524 4802 3688 4856 ἐποί-

2000 4898 2155 4949 ησεν
2183 4880 2301 4953 [10]
2320 4884 2352 4935 ό
2370 4880 2515 4945 Θεὸς
2540 4880 2644 4935 τὸν
2670 4881 2934 4949 οὐρανὸν
2969 4881 3069 4934 καὶ
3091 4880 3206 4947 τὴν
3240 4880 3377 4952 γῆν.
3404 4883 3574 4937 Ὅταν
3592 4880 3686 4937 οὖν

2002 4964 2243 5036 ἀκούσῃς
2286 4964 2369 5028 16,
2428 4965 2735 5031 Ἐποίησε,
2791 4964 2958 5035 μηδὲν
3008 4966 3196 5036 ἕτερον
3227 4966 3255 5004 h
3291 4966 3682 5037 περιεργάζου,

2003 5049 2140 5103 ἀλλὰ
2198 5048 2351 5101 κάτω
2406 5046 2650 5110 κύπτων,
2715 5046 2937 5101 πίστευε
2982 5046 3062 5115 τῷ
3108 5045 3373 5117 λεχθέντι.
3415 5046 3545 5111 Θεὸς
3578 5051 3687 5121 γάρ

2004 5136 2151 5185 ἐστιν
2181 5135 2210 5185 ὁ
2259 5132 2437 5184 πάντα
2485 5131 2656 5184 ποιῶν
2686 5130 2781 5183 καὶ
2829 5131 3277 5200 μετασκευάζων,
3315 5130 3408 5183 καὶ
3451 5130 3587 5207 πρὸς
3627 5135 3691 5183 16

2005 5216 2169 5269 αὐτοῦ
2210 5216 2457 5287 βούλημα
2486 5217 2556 5269 τὰ
2594 5216 2771 5270 πάντα
2808 5214 3284 5285 μεταρρυθμίζων.
3319 5214 3429 5267 Καὶ
3457 5216 3559 5286 ὅρα
3588 5216 3689 5286 τῆς

2068 5383 2096 5423 ἀ
2118 5383 2317 5449 Cpislin.
2343 5386 2437 5433 ὑπὸ
2461 5391 2546 5449 τῆς
2564 5383 2739 5449 ἄνωθεν
2766 5382 3135 5449 ἐξουσίαςμὸδηγ.
3204 5439 3227 5449 _

2074 5460 2098 5487 θ
2132 5447 2281 5497 Coisl.
2308 5450 2335 5493 6
2356 5449 2410 5495 ἐκ
2447 5439 2541 5493 τοῦ
2555 5447 2631 5507 μὴν
2661 5447 2808 5500 ὄντος.
2858 5440 2955 5492 A'lﬂ
2979 5445 3005 5490 6
3028 5439 3124 5491 ἀπὸ
3142 5439 3232 5507 τοῦ
3253 5440 3317 5503 μή
3343 5439 3489 5507 ὄντος.
3518 5439 3690 5503 Pergit

2006 5507 2209 5559 Coislin.
2241 5510 2304 5561 εἰς
2329 5511 2385 5557 τὸ
2409 5509 2526 5555 εἶναι
2548 5502 2701 5555 ταῦτα
2722 5508 2877 5555 πάντα
2899 5505 3205 5568 παραγαγών,
3235 5502 3330 5552 non
3356 5502 3500 5550 male.

2074 5568 2095 5607 ί
2120 5570 2317 5620 Coislin.
2341 5576 2399 5632 τῇ
2424 5569 2691 5632 ἀνθρωπεία
2713 5569 2867 5632 φύσει.

2075 5634 2100 5671 8
2132 5618 2352 5697 ’Διίςιυοι
2381 5618 2851 5697 ’ωβδδλιατάλαϐεῖν
2906 5628 2961 5697 06
3000 5626 3211 5697 δυνατόν.
3270 5624 3397 5697 Mox"
3429 5624 3531 5697 πῶς
3556 5633 3689 5697 ,σηισ

2010 5694 2087 5751 τά,
2116 5686 2261 5754 (ιυοᾶ
2293 5700 2404 5741 erat
2444 5696 2494 5739 in
2536 5691 2731 5748 M0rel.,
2777 5690 2993 5739 det‘sliu
3039 5690 3239 5736 iloislin.
3279 5695 3330 5734 el
3369 5686 3518 5735 Savil.
3543 5691 3597 5732 ει
3638 5686 3687 5735 iu

2012 5755 2241 5803 omnibus
2261 5756 2367 5803 aliis
2393 5764 2523 5803 nene
2549 5749 2921 5803 manuscriptis;
2949 5750 3164 5803 ideoque
3188 5759 3490 5803 expuncwm
3514 5744 3622 5797 fult.

2012 5756 2241 5804 omnibus
2261 5756 2367 5803 aliis
2393 5764 2523 5816 pene
2549 5756 2921 5813 manuscripus;
2949 5756 3164 5810 Ideoque
3188 5759 3490 5811 expuncwm
3514 5756 3622 5797 Iun.

2075 5814 2102 5855 δ
2126 5816 2313 5876 Regius
2332 5829 2458 5863 unus
2482 5817 2545 5876 μή
2566 5816 2737 5877 ἕτερον,

3186 5918 3224 5977 2
