4080 6308
499 427 560 480 St
1279 408 1334 466 S.
1378 400 1655 464 JOANNIS
1691 388 2092 455 (lllBYSOSTOf

2202 381 2517 444 ARCHIEP.
2556 376 3092 439 CONSTANTINOP.
3704 371 3775 426 3%

503 547 719 609 possunt
746 549 844 606 per
874 533 974 586 hoc
1003 531 1056 585 in
1092 526 1330 584 veritatis
1348 525 1488 578 viam
1510 517 1812 576 ntanuduci.
1838 515 1892 568 2.
1921 511 2077 566 Terra

501 605 667 684 autem
691 625 952 680 invisibilis
977 631 1081 678 erat
1110 629 1154 675 et
1181 617 1530 686 incomposita.
1559 613 1726 682 Cujus
1745 608 1934 679 gratia,
1967 605 2074 671 die,

498 733 702 788 quaeso,
732 715 922 770 cadum
958 713 1156 767 clarum
1189 717 1244 762 et
1285 703 1580 776 perfectum
1615 699 1843 762 creavit;
1883 706 2077 751 terram

499 821 676 866 autem
704 807 982 862 informem
1029 800 1238 856 eﬁ'ecit?
1267 799 1451 866 Neque
1485 796 1588 850 hoc
1629 802 1829 848 temere
1859 788 2077 852 factum,

499 899 593 957 sed
626 908 702 963 nt,
730 911 849 950 cum
877 891 1126 949 didiceris
1153 889 1433 944 meliorem
1460 883 1747 941 crcationis
1777 887 1982 950 partem
2013 875 2081 930 ab

499 1006 564 1046 eo
594 989 871 1044 formatam
895 991 949 1038 et
983 979 1303 1044 absolutam,
1349 976 1479 1031 nihil
1509 982 1692 1045 postea
1714 970 1955 1027 dubites:
1984 981 2078 1023 ne-

495 1095 601 1150 que
652 1084 805 1147 putes
862 1073 915 1129 id
979 1088 1043 1127 ex
1107 1069 1386 1147 potestatis
1441 1062 1803 1119 imbecillitate
1858 1059 2077 1114 factum.

501 1167 580 1222 Ad
627 1167 744 1222 hsce
792 1174 847 1221 et
900 1163 1002 1218 alia
1041 1163 1262 1234 ratione
1290 1157 1570 1212 informem
1612 1161 1808 1209 terram
1855 1150 2077 1207 creavit.

499 1258 634 1326 Quia
669 1259 812 1312 enim
857 1254 970 1324 ipsa
1000 1261 1083 1306 est
1123 1249 1324 1315 nutrix,
1367 1255 1440 1316 et
1470 1252 1642 1300 mater
1675 1251 1877 1310 nostra,
1915 1251 1970 1297 et
2015 1255 2082 1296 ex

500 1364 563 1404 ea
611 1347 733 1404 facti
781 1360 999 1409 sumus,
1045 1351 1206 1413 atque
1254 1340 1584 1402 educamur,
1631 1336 1850 1408 ipsaque
1903 1343 2083 1390 nostra

413 1489 421 1498 .
503 1440 670 1509 patria
697 1446 800 1503 est,
823 1446 877 1491 et
902 1448 1187 1492 commune
1215 1431 1552 1502 sepulcrum:
1587 1426 1787 1483 reditus
1813 1426 1955 1482 enim
1983 1443 2084 1482 no-

503 1538 615 1585 ster
641 1528 706 1583 ad
734 1543 853 1584 eam
883 1538 1068 1580 rursus
1090 1534 1172 1580 est
1193 1539 1210 1589 ;
1235 1530 1289 1579 et
1316 1521 1437 1592 quia
1471 1517 1645 1574 variis
1661 1532 1756 1587 per
1783 1532 1901 1571 eam
1931 1516 2086 1572 bonis

506 1619 767 1674 fruimur:
801 1617 940 1680 ideo,
971 1623 1028 1668 ut
1067 1628 1134 1668 ne
1173 1611 1416 1666 homines
1443 1608 1514 1665 ob
1540 1622 1669 1664 usus
1709 1607 2083 1661 necessitatem

507 1710 625 1779 plus
649 1722 805 1778 quam
831 1706 1045 1775 (lignum
1071 1710 1155 1759 est
1172 1716 1292 1757 eam
1315 1700 1572 1766 colerent,
1596 1698 1829 1754 ostendit
1854 1697 2086 1768 primum

508 1802 692 1856 rudem
728 1807 782 1855 et
827 1797 1128 1859 informem,
1182 1801 1240 1850 ut
1284 1807 1352 1849 ne
1397 1791 1651 1846 beneﬁcia
1695 1800 1850 1846 terra:
1887 1787 2089 1845 telluris

508 1899 708 1947 natura:
732 1889 982 1958 imputes,
1008 1885 1102 1941 sed
1134 1884 1185 1940 ei
1203 1883 1427 1952 tribuas,
1456 1883 1547 1953 qui
1575 1882 1718 1936 illam
1747 1895 1815 1936 ex
1837 1879 2006 1936 nihilo
2034 1888 2091 1935 ut

508 1990 654 2038 esset
679 1979 898 2035 creavit.
945 1977 1166 2047 Propter
1197 1975 1298 2031 hoc
1324 1973 1397 2029 ait
1433 1991 1446 2028 :
1478 1972 1637 2027 Terra
1679 1979 1845 2025 autent
1872 1979 1980 2024 erat
2007 1971 2090 2024 in-

511 2070 718 2126 visibilis
763 2078 811 2124 et
870 2067 1216 2138 incomposita.
1275 2064 1433 2120 Forte
1472 2062 1652 2119 statim
1705 2070 1760 2117 et
1820 2061 1890 2117 ab
1940 2060 2093 2116 initio

513 2169 749 2218 mentem
812 2168 1044 2214 vestram
1109 2153 1473 2211 subtilioribus
1523 2150 1803 2207 sententiis
1863 2150 2090 2206 nimium

512 2252 796 2316 torsimus;
829 2249 948 2304 ideo
973 2248 1058 2302 hic
1079 2259 1380 2302 sermonem
1414 2247 1607 2299 sistere
1633 2257 1726 2314 par
1767 2249 1871 2298 est.
1915 2241 2089 2312 Roga-

517 2359 633 2400 mus
659 2351 836 2399 autem
864 2339 1140 2396 caritatem
1161 2347 1416 2404 vestram,
1447 2344 1506 2391 ut
1531 2335 1795 2390 dictorum
1823 2333 1943 2389 sitis
1973 2347 2091 2388 me-

512 2449 715 2499 mores,
740 2442 793 2488 et
820 2444 1032 2501 semper
1059 2430 1172 2485 haec
1200 2428 1457 2484 memoria
1489 2425 1712 2482 teneatis
1744 2441 1756 2477 :
1788 2433 1948 2490 atque
1987 2437 2088 2477 una

514 2540 635 2581 cum
657 2522 893 2579 sensibili
925 2533 1130 2588 mensa,
1161 2533 1282 2574 cum
1315 2517 1439 2572 hinc
1463 2514 1702 2571 abieritis
1725 2554 1741 2581 ,
1769 2515 2019 2584 apponite
2039 2524 2093 2569 et

514 2615 843 2689 spiritualem
901 2626 1163 2669 mensam.
1217 2610 1366 2665 Dicat
1395 2608 1475 2663 vir
1522 2607 1695 2677 aliqua
1727 2620 1912 2661 eorum
1934 2645 1950 2674 ,
1976 2619 2095 2675 quae

515 2724 656 2766 nunc
683 2709 772 2764 hic
801 2714 924 2764 sunt
949 2707 1089 2762 dicta
1121 2722 1136 2760 :
1164 2702 1344 2758 audiat
1393 2701 1584 2756 mulier
1605 2741 1618 2765 ,
1647 2699 1855 2754 discant
1900 2697 2051 2767 pueri
2076 2737 2092 2764 ,

513 2800 724 2856 discant
750 2809 804 2855 et
827 2795 1105 2853 domestici
1139 2836 1154 2864 ,
1187 2794 1381 2864 ﬁatque
1415 2790 1606 2847 domus
1630 2789 1855 2846 ecclesia
1881 2829 1896 2854 ,
1930 2796 1990 2844 ut
2013 2786 2095 2843 ef-

516 2889 731 2960 fngetur
757 2888 1036 2953 diabolus,
1067 2886 1120 2939 in
1161 2883 1336 2955 fugam
1383 2889 1622 2937 vertatur
1663 2879 1834 2934 malus
1859 2878 1947 2933 ille
1987 2877 2097 2934 dte-

517 2995 641 3053 mgn
665 3021 682 3045 ,
710 2987 765 3036 et
805 2977 1051 3033 inimicus
1093 2977 1277 3032 salutis
1304 2984 1501 3030 nostris
1530 2989 1544 3027 :
1577 2972 1877 3042 requiescat
1914 2979 2093 3026 autem

523 3071 598 3126 ibi
617 3070 849 3140 Spiritus
869 3067 1039 3124 sancti
1064 3066 1256 3136 gratia,
1287 3072 1343 3121 et
1378 3062 1554 3119 omnis
1592 3077 1698 3132 pax
1735 3071 1788 3117 et
1811 3061 2095 3117 concordia

518 3160 721 3216 muniat
757 3157 1135 3213 inhabitantes.
1177 3153 1309 3209 Nam
1353 3153 1398 3207 si
1435 3167 1619 3207 eorum
1656 3166 1776 3220 utne
1819 3151 1930 3221 jam
1957 3151 2100 3206 dicta

522 3261 666 3319 sunt,
690 3265 954 3305 memores
981 3247 1210 3315 fueritis,
1228 3253 1284 3302 et
1321 3243 1529 3315 majore
1539 3243 1941 3315 studioea,qua2
1953 3255 2100 3319 post-

518 3348 624 3404 hac
662 3340 977 3401 seminaturi
1057 3351 1262 3406 sumus,
1307 3334 1687 3404 susceperitis,
1735 3348 1836 3389 nos
1887 3348 2098 3404 quoque

521 3433 710 3502 majori
730 3431 906 3487 studio
930 3439 1090 3501 atque
1115 3428 1355 3484 ubertate
1382 3427 1622 3481 dicemus
1649 3439 1768 3497 qua:
1785 3424 1940 3480 nobis
1965 3439 2094 3495 sup-

524 3524 780 3595 peditabit
802 3523 968 3596 gratia
1013 3523 1146 3589 Dei,
1172 3523 1214 3576 si
1249 3519 1551 3591 germinare
1576 3517 1864 3574 viderimus
1893 3532 1955 3572 ea
1979 3531 2101 3588 qum

524 3630 668 3672 nunc
695 3630 725 3670 a
773 3615 924 3671 nobis
968 3614 1109 3670 dicta
1154 3619 1296 3669 sunt.
1323 3609 1758 3680 Quandoquidem
1788 3617 1843 3664 et
1867 3608 2098 3679 agricola

524 3723 645 3764 cum
667 3705 856 3761 viderit
876 3705 1078 3760 semina
1096 3704 1264 3769 nasci,
1287 3703 1489 3771 majore
1513 3701 1786 3756 alacritate
1814 3715 1939 3754 arva
1966 3714 2098 3754 con-

522 3799 719 3856 siderat
749 3806 802 3852 et
829 3796 1044 3861 excolit,
1075 3804 1231 3866 atque
1255 3793 1358 3848 alia
1386 3806 1567 3847 serere
1601 3793 1779 3862 gestit.

596 3892 647 3947 5.
693 3889 760 3945 Ut
784 3889 939 3958 igitur
961 3885 1248 3942 alacriores
1285 3899 1381 3939 nos
1405 3883 1671 3950 reddatis,
1695 3883 1804 3954 jam
1834 3883 2096 3939 dictorum

523 3991 724 4038 certam
776 3978 1070 4034 custodiam
1100 3977 1480 4042 demonstrate,
1511 3984 1564 4030 et
1612 3989 1733 4030 cum
1778 3985 1938 4030 rectae
1980 3975 2101 4030 ﬁdei

525 4071 859 4143 dogmatibus
889 4071 1049 4124 vitam
1075 4082 1284 4138 quoque
1315 4077 1547 4121 vestram
1577 4067 1857 4137 diligenter
1896 4079 2101 4124 curate.

529 4164 716 4216 aneat
743 4161 906 4220 enim.
953 4158 1134 4230 inquit,
1167 4159 1256 4212 tua:
1293 4167 1457 4213 vestra
1487 4173 1659 4212 coram
1705 4158 2008 4227 hominibus,
2050 4169 2104 4213 ut

525 4255 725 4308 rideant
746 4267 898 4321 opera
919 4256 1079 4304 vestra
1094 4248 1244 4312 bona,
1269 4257 1316 4302 et
1332 4248 1613 4320 gloriﬁcent
1629 4247 1835 4302 Patrent
1863 4255 2100 4317 vestrum,

523 4345 610 4414 qui
649 4344 702 4397 in
734 4343 870 4397 catis
897 4348 974 4396 est
1008 4339 1221 4409 (Matth.
1252 4340 1306 4394 5.
1341 4339 1429 4411 i0)
1465 4358 1477 4393 :
1511 4348 1568 4395 ut
1606 4350 1659 4395 et
1701 4341 1804 4395 vita
1845 4352 2103 4396 consonet

527 4435 648 4487 ﬁdei
675 4431 1025 4504 dogmatibus,
1054 4440 1109 4485 et
1132 4430 1377 4502 dogmata
1405 4429 1696 4500 praedicent
1722 4432 1905 4486 vitam.
1945 4430 2102 4486 Fides

526 4524 669 4577 enim
697 4523 804 4577 sine
837 4521 1072 4589 operibus
1109 4532 1306 4576 mortua
1335 4531 1408 4576 est
1438 4519 1578 4592 (Jac.
1598 4521 1653 4575 2.
1685 4521 1779 4592 26)
1798 4563 1812 4588 ,
1842 4531 1896 4578 et
1940 4538 2099 4594 opera

526 4614 642 4668 sine
688 4612 791 4668 ﬁde
832 4623 1037 4665 mortua
1082 4621 1224 4667 sunt.
1254 4612 1386 4668 Nam
1430 4613 1556 4669 licet
1601 4628 1782 4668 sanam
1826 4622 2104 4671 teneamus

528 4701 853 4767 doctrinam,
893 4701 938 4754 si
965 4699 1128 4756 vitam
1169 4701 1519 4773 negligemus,
1571 4701 1702 4758 nihil
1731 4703 1882 4758 nobis
1908 4704 2102 4774 prode-

521 4790 594 4844 rit
617 4791 857 4845 doctrina
888 4806 901 4841 :
933 4805 1136 4856 rursus,
1159 4793 1204 4846 si
1230 4791 1353 4846 vita:
1381 4806 1563 4847 curam
1587 4793 1891 4864 diligentem
1920 4809 2104 4866 gesse-

524 4879 712 4944 rimus,
746 4879 799 4934 in
820 4878 941 4934 fidei
970 4888 1148 4935 autem
1179 4881 1384 4951 placitis
1409 4882 1901 4952 claudicaverimus,
1931 4901 2104 4956 neque

525 4970 603 5023 sic
632 4969 786 5024 nobis
818 4968 1017 5038 aliquid
1043 4970 1174 5024 lucri
1226 4969 1400 5025 fuerit.
1428 4970 1555 5027 Ideo
1578 4973 1826 5028 convenit
1855 4976 2102 5046 utrinque

526 5057 807 5111 azdiiieium
836 5056 937 5113 hoc
967 5067 1204 5113 nostrum
1236 5059 1508 5129 spirituale
1535 5064 1853 5118 communiri
1883 5081 1895 5116 :
1921 5063 2101 5120 Omnis

526 5148 689 5212 enim,
713 5147 900 5217 inquit,
927 5151 1012 5218 qui
1031 5149 1174 5203 audit
1203 5151 1293 5205 hos
1313 5167 1564 5226 sermones
1590 5170 1744 5221 meos,
1775 5165 1819 5208 et
1845 5156 1967 5226 facit
1991 5173 2097 5223 eos,

524 5235 878 5290 assimitabitur
919 5240 1024 5292 viro
1053 5241 1286 5310 prudenti
1306 5225 1518 5311 (Matth.
1552 5243 1603 5297 7.
1634 5245 1751 5312 24).
1779 5245 1912 5303 Vide
1965 5263 2097 5317 quo-

525 5327 684 5382 modo
728 5344 832 5382 non
864 5330 1032 5384 solum
1081 5333 1264 5387 audire
1294 5349 1391 5388 nos
1419 5335 1565 5399 velit,
1609 5336 1699 5390 sed
1734 5339 1890 5392 etiam
1927 5339 2100 5394 facere

526 5428 579 5473 et
604 5421 849 5488 operibus
893 5423 1242 5479 obedientiam
1271 5426 1564 5482 exhibere:
1603 5427 1742 5482 hunc
1786 5431 2100 5499 prudentem

525 5513 754 5578 vaeavit,
783 5514 869 5582 qui
901 5514 1151 5584 operibus
1177 5529 1450 5571 sermones
1476 5519 1919 5588 subsequentibus
1963 5538 2086 5578 con-

527 5601 740 5670 spicuus
768 5604 834 5658 sit
868 5622 880 5658 :
914 5605 1004 5674 qui
1030 5620 1157 5662 vero
1189 5615 1388 5661 tantum
1429 5607 1492 5664 ad
1525 5624 1800 5665 sermones
1830 5614 2099 5680 pervenit,

526 5702 575 5745 et
611 5709 714 5747 non
737 5695 803 5748 ad
829 5709 1013 5763 opera,
1036 5708 1155 5752 eum
1185 5698 1400 5752 stultum
1430 5700 1637 5754 vocavit
1664 5719 1676 5754 :
1710 5701 1901 5756 merito
1925 5713 2098 5761 certe:

527 5786 649 5854 quia
681 5785 767 5842 ille
795 5785 1007 5843 domum
1033 5803 1178 5844 suam
1206 5803 1364 5861 super
1393 5806 1608 5848 arenam
1628 5791 1938 5862 redii‘tcavit;
1979 5809 2104 5866 pro-

2190 514 2368 574 pterea
2390 517 2564 573 neque
2595 511 2873 557 ventorum
2917 501 3024 554 vim
3069 498 3206 554 ferre
3233 495 3426 568 potuit,
3467 493 3562 550 sed
3591 498 3772 550 statim

2185 597 2392 652 corruit
2414 595 2628 667 (Matth.
2658 597 2712 649 7.
2733 593 2851 663 26).
2881 592 3038 648 Tales
3061 592 3203 649 enim
3232 599 3355 646 sunt
3395 589 3608 645 desides
3653 588 3774 644 ani-

2187 703 2310 753 mae,
2334 702 2440 742 non
2470 687 2713 741 solidata:
2740 699 2903 754 super
2931 683 3140 738 ﬁrmam
3171 691 3377 754 petram
3401 680 3772 751 spiritualem:

2189 767 2294 833 non
2318 777 2460 832 enim
2478 775 2548 832 de
2571 774 2797 830 aedilicio
2823 783 2877 830 et
2894 774 2962 830 de
2989 773 3150 830 domo
3176 787 3319 828 nunc
3341 781 3425 828 est
3449 785 3649 838 sermo,
3677 769 3776 826 sed

2187 866 2256 922 de
2282 867 2481 934 anima,
2500 880 2620 936 quae
2646 879 2676 919 a
2703 864 2995 919 tentatione
3013 876 3200 934 quavrs
3213 863 3466 933 quatitur.
3488 860 3622 917 Nam
3647 875 3778 915 ven-

2188 958 2247 1021 ti,
2274 956 2484 1027 pluviae,
2535 963 2590 1012 et
2604 942 2895 1011 ‘ﬁuviorum
2927 952 3230 1009 nominibus
3270 953 3592 1009 tentationas
3621 952 3778 1006 nobis

2187 1047 2559 1105 subindicavit.
2596 1049 2666 1102 At
2693 1047 2836 1103 enim
2873 1045 2964 1117 qui
2992 1053 3272 1111 constans,
3304 1045 3536 1115 vigil,et
3563 1043 3780 1099 sobrius

2188 1150 2292 1209 est,
2323 1141 2423 1196 bac
2449 1141 2657 1196 ratione
2683 1140 2889 1195 ﬁrmior
2913 1137 3114 1204 evadit;
3132 1146 3188 1194 et
3213 1147 3414 1207 quanto
3429 1135 3662 1206 majores
3689 1135 3776 1189 in-

2189 1241 2460 1290 tentantur
2487 1232 2822 1298 afﬁictiones,
2854 1240 3002 1287 tanto
3027 1231 3146 1302 ejus
3176 1230 3398 1286 virilitas
3424 1237 3480 1284 et
3521 1226 3782 1283 fortitudo

2188 1325 2358 1397 magis
2385 1332 2645 1395 augentur
2684 1341 2699 1377 :
2745 1323 2902 1379 deses
2938 1332 3114 1378 autem
3145 1330 3199 1377 et
3226 1321 3471 1392 supinus,
3503 1319 3549 1375 si
3575 1320 3659 1374 vel
3692 1330 3771 1375 te-

2189 1417 2309 1473 nuis
2347 1416 2592 1488 quaedam
2623 1415 2974 1471 tentationum
2997 1428 3127 1468 aura
3156 1411 3372 1480 amarit,
3407 1411 3588 1467 statim
3611 1411 3781 1466 vacil-

2190 1508 2281 1574 lat,
2311 1516 2367 1563 et
2398 1507 2576 1562 animo
2600 1506 2852 1572 concidit,
2886 1520 2992 1561 non
3028 1504 3099 1560 ob
3125 1511 3370 1559 naturam
3401 1502 3776 1566 tentationum.

2189 1597 2284 1652 sed
2329 1597 2400 1653 ob
2423 1597 2708 1653 voluntatis
2736 1596 3120 1652 inﬁrmitatem.
3143 1593 3405 1661 Quocirca
3430 1600 3644 1664 oportet
3685 1606 3782 1648 so-

2191 1689 2337 1745 brios
2361 1703 2505 1756 esse,
2531 1697 2588 1744 et
2614 1688 2799 1770 vigiles
2818 1729 2834 1754 ,
2863 1697 2919 1743 et
2941 1686 3010 1741 ad
3040 1687 3219 1742 omnia
3248 1697 3574 1755 preparatus
3604 1701 3618 1737 :
3647 1692 3786 1740 utet

2193 1780 2246 1836 in
2285 1779 2638 1850 prosperitate
2665 1777 2892 1835 modesti
2921 1790 2984 1832 ac
3011 1791 3117 1831 non
3147 1774 3324 1842 effusi,
3352 1783 3407 1830 et
3445 1774 3499 1829 in
3527 1773 3784 1829 afﬂictio-

2194 1870 2354 1926 nibus
2366 1883 2486 1941 qua:
2509 1868 2662 1924 nobis
2686 1865 3016 1938 inﬁigantur,
3049 1865 3217 1922 sobrii
3240 1872 3295 1921 et
3321 1863 3634 1938 prudentes,
3653 1880 3782 1935 per-

2193 1967 2383 2034 petuas
2405 1959 2606 2031 gratias
2632 1957 2925 2014 referamus
2943 1955 3174 2027 benigno
3199 1954 3330 2011 Deo.
3361 1954 3418 2010 Si
3445 1955 3523 2009 sic
3557 1969 3645 2010 res
3680 1969 3787 2009 no-

2192 2062 2330 2109 stras
2347 2051 2755 2118 instituerimus,
2773 2047 2995 2103 multum
3011 2047 3196 2118 gratiae
3207 2045 3399 2102 divina:
3413 2060 3784 2117 assequemur:

2198 2141 2592 2211 poterimusque
2613 2148 2932 2209 praesentem
2978 2136 3142 2192 vitam
3173 2150 3362 2192 secure
3394 2134 3782 2201 transmittere,

2195 2239 2251 2286 et
2276 2231 2328 2284 in
2355 2229 2532 2284 futura
2555 2229 2664 2283 vita
2689 2242 2895 2298 magnae
2913 2226 3120 2282 ﬁducia
3140 2240 3270 2297 opes
3298 2239 3559 2296 reponere
3585 2240 3600 2277 :
3623 2239 3787 2298 quam

2196 2322 2352 2378 nobis
2378 2320 2626 2376 omnibus
2645 2319 2855 2390 assequi
2875 2319 3169 2389 contingat,
3191 2317 3359 2389 gratia
3382 2327 3436 2372 et
3456 2316 3789 2387 benignitate

2199 2411 2410 2468 Domini
2439 2411 2609 2467 nostri
2634 2410 2761 2466 Jesu
2785 2406 3005 2477 Christi,
3049 2424 3171 2465 cum
3220 2422 3326 2478 quo
3356 2403 3505 2460 Patri
3545 2407 3704 2463 simul
3734 2417 3790 2462 et

2196 2512 2383 2559 saneto
2397 2502 2616 2573 Spiritui
2640 2502 2829 2570 gloria,
2855 2500 3160 2570 imperium,
3185 2500 3381 2566 honor,
3404 2513 3546 2553 nunc
3571 2507 3627 2555 et
3645 2512 3788 2554 sctu-

2198 2611 2316 2667 per,
2347 2603 2402 2650 et
2426 2594 2480 2650 in
2502 2594 2699 2650 saecula
2725 2593 3066 2648 stcculorum.
3096 2593 3288 2648 Amen.

2781 2723 3063 2780 HOMILIA
3113 2721 3199 2780 ιιι.

2204 2839 2281 2896 De
2296 2839 2362 2895 iis
2389 2853 2504 2910 qua
2522 2845 2793 2910 supersunt
2816 2837 3030 2892 dicenda
3049 2837 3102 2891 in
3131 2835 3283 2903 illud,
3317 2834 3374 2890 ln
3418 2834 3682 2906 principio
3709 2833 3790 2890 fe-

2270 2931 2344 2988 cit
2363 2932 2503 2986 Deus
2531 2929 2722 2985 uatium
2750 2937 2806 2985 et
2835 2937 3034 2985 terram
3068 2927 3219 2997 (Gen.
3251 2928 3302 2983 i.
3337 2928 3417 2997 i),
3445 2943 3602 2996 usque
3620 2928 3691 2980 ad
3717 2925 3787 2981 it-

2271 3022 2382 3090 lud,
2410 3021 2476 3076 Et
2503 3020 2699 3076 factum
2749 3028 2833 3075 est
2873 3033 3120 3090 vespere,
3168 3026 3223 3074 et
3265 3019 3461 3074 factum
3491 3028 3574 3074 est
3599 3033 3792 3084 mane,

2270 3113 2385 3169 dies
2408 3128 2543 3167 unus
2564 3109 2714 3183 (Gen.
2745 3111 2796 3166 ι.
2825 3109 2905 3182 5).

2273 3227 2326 3282 1.
2365 3226 2642 3282 Thesauro
2666 3225 2895 3294 cuipiam
2935 3234 3279 3293 comparatur
3304 3222 3605 3280 divinarum
3643 3222 3790 3280 Scri-

2203 3325 2476 3388 pturarum
2524 3317 2703 3372 lectio.
2729 3315 2862 3371 Nam
2902 3316 3042 3370 sicut
3067 3330 3135 3369 ex
3165 3315 3256 3370 illo
3283 3315 3522 3385 quisquis
3550 3316 3633 3370 vel
3677 3314 3791 3370 fru-

2200 3407 2398 3464 stulum
2429 3422 2650 3478 carpere
2695 3406 2867 3473 valet,
2915 3406 3112 3460 multas
3135 3405 3238 3461 sibi
3265 3414 3416 3475 parat
3443 3404 3653 3460 divitias
3679 3422 3693 3457 :
3719 3406 3791 3460 ita

2201 3508 2257 3554 et
2275 3498 2330 3552 in
2357 3512 2506 3554 sacra
2529 3497 2822 3569 Scriptura,
2853 3497 3013 3553 etiam
3039 3496 3092 3551 in
3121 3496 3269 3552 brevi
3299 3496 3566 3562 dictione,
3597 3496 3788 3568 ingen-

2208 3597 2315 3644 tem
2342 3588 2727 3644 sententiarum
2769 3588 2876 3643 vim
2907 3599 2961 3643 et
2987 3587 3274 3643 immensas
3299 3586 3511 3642 divitias
3552 3585 3793 3642 invenire

2203 3681 2346 3736 licet.
2377 3681 2444 3736 Et
2487 3695 2594 3736 non
2621 3680 2790 3735 solum
2821 3678 3070 3735 thesauro
3099 3678 3292 3734 similia
3327 3687 3450 3734 sunt
3474 3679 3652 3733 divina
3674 3679 3793 3734 elo.

2203 3772 2344 3841 quia,
2361 3769 2457 3828 sed
2478 3770 2612 3826 fonti
2630 3785 2842 3842 quoque
2860 3769 3022 3840 largis
3037 3769 3466 3839 perennibusque
3480 3769 3793 3826 scaturienti

2205 3862 2454 3918 ﬁuentis:
2491 3863 2542 3918 id
2579 3862 2723 3934 quod
2749 3878 2816 3918 ex
2847 3862 3006 3918 rebus
3035 3862 3164 3932 ipsis
3213 3861 3328 3917 heri
3363 3875 3552 3916 omnes
3597 3861 3790 3916 didici-

2206 3969 2344 4009 mus.
2372 3953 2504 4009 Nam
2533 3965 2592 4009 ut
2628 3955 2887 4025 prooemia
2911 3953 3032 4008 libri
3058 3954 3331 4009 Geneseos
3357 3953 3674 4022 incepimus,
3731 3954 3788 4008 in

2207 4045 2538 4115 explanando
2566 4046 2671 4100 hoc
2709 4046 2873 4112 dicto,
2926 4043 2990 4099 In
3020 4044 3269 4116 principio
3299 4045 3414 4116 fecit
3446 4043 3584 4099 Deus
3611 4043 3797 4097 mlum

2208 4145 2256 4190 et
2279 4144 2484 4199 terram,
2508 4145 2675 4188 totum
2701 4134 2971 4190 tradenda:
3009 4135 3266 4190 doctrina:
3308 4133 3630 4189 destinatum
3651 4143 3798 4188 tem-

2209 4242 2309 4298 pus
2330 4227 2728 4298 insumpsimus,
2772 4236 2825 4284 et
2848 4241 3019 4296 neque
3046 4226 3124 4282 sic
3150 4236 3316 4282 totum
3342 4225 3596 4296 expedire
3625 4226 3799 4280 valui-

2206 4335 2347 4374 mus.
2385 4318 2572 4390 Magna
2597 4319 2740 4375 enim
2783 4328 2865 4373 est
2893 4317 3050 4388 hujus
3091 4316 3323 4372 thesauri
3353 4316 3697 4384 abundantia,
3739 4328 3798 4372 ct

2205 4410 2349 4481 larga
2374 4409 2535 4466 fontis
2553 4409 2710 4480 hujus
2733 4408 3024 4480 spiritualis
3052 4408 3269 4463 ﬂuenta.
3303 4405 3412 4463 Nec
3444 4406 3674 4474 mireris,
3699 4420 3796 4461 ca-

2207 4501 2436 4568 rissime,
2485 4501 2529 4554 si
2570 4500 2723 4556 nobis
2751 4498 2855 4555 hoc
2885 4497 3142 4554 accidat:
3174 4497 3336 4553 etiam
3384 4498 3476 4565 qui
3525 4506 3650 4553 ante
3693 4513 3797 4554 nos

2208 4593 2355 4650 fuere
2379 4607 2477 4665 pro
2504 4593 2705 4650 viribus
2726 4592 2837 4647 suis
2864 4606 3030 4662 aquas
3058 4590 3181 4646 inde
3202 4590 3516 4657 hauserunt,
3549 4598 3603 4645 et
3638 4590 3796 4645 simi-

2206 4684 2326 4739 liter
2352 4685 2440 4753 qui
2490 4685 2617 4754 post
2636 4697 2732 4737 nos
2762 4680 2929 4736 futuri
2951 4690 3076 4736 sunt
3127 4680 3267 4735 idem
3307 4679 3664 4746 attentabunt,
3693 4695 3793 4733 ne-

2206 4790 2310 4846 que
2337 4774 2415 4830 sic
2443 4781 2609 4829 totum
2649 4785 2909 4827 evacuare
2930 4781 3212 4840 poterunt;
3248 4769 3340 4825 sed
3371 4769 3540 4839 magis
3579 4768 3794 4823 interim

2208 4874 2496 4936 augescunt
2513 4863 2732 4930 ﬁuenta,
2765 4869 2820 4918 et
2846 4868 3096 4916 crescunt
3134 4859 3292 4914 alvei.
3318 4859 3444 4913 ﬂare
3468 4858 3608 4913 enim
3637 4859 3798 4927 spiri-

2208 4960 2429 5015 tualium
2457 4957 2737 5013 numinum
2759 4963 2946 5008 natura
2976 4961 3077 5016 est,
3106 4959 3163 5006 ut
3191 4965 3257 5006 eo
3284 4952 3452 5019 magis
3477 4949 3796 5015 scaturiant,

2210 5063 2265 5109 et
2308 5060 2577 5107 accrescat
2615 5047 2904 5119 spiritualis
2933 5045 3120 5115 gratia,
3179 5057 3287 5113 quo
3314 5042 3434 5112 quis
3468 5040 3631 5110 magis
3668 5038 3797 5093 inde

2211 5145 2425 5200 haurire
2451 5142 2648 5198 studet.
2680 5141 2902 5209 Propter
2931 5137 3033 5192 hoc
3069 5145 3124 5192 et
3165 5134 3410 5190 Christus
3436 5130 3646 5187 dicebat
3682 5148 3695 5184 :
3730 5130 3797 5186 Si

2209 5239 2320 5310 quis
2347 5239 2470 5301 sitit,
2500 5234 2661 5289 ueniat
2689 5234 2756 5286 ad
2787 5247 2883 5294 me,
2909 5241 2953 5284 et
2977 5229 3125 5283 bibat.
3158 5226 3256 5291 Qui
3279 5223 3434 5278 credit
3455 5223 3508 5276 in
3537 5238 3639 5289 me,
3663 5222 3796 5274 sicut

2212 5333 2338 5387 dixit
2367 5330 2652 5398 Scriptura,
2675 5325 2888 5396 ﬂumina
2917 5325 2978 5376 de
3014 5331 3180 5374 uentre
3203 5319 3315 5388 ejus
3357 5315 3515 5386 ﬂuent
3539 5327 3685 5382 aqua
3718 5313 3796 5365 oi-

2210 5427 2366 5480 ventis
2397 5421 2574 5496 (Jean.
2609 5419 2766 5485 7.57,
2786 5413 3110 5484 38):quibus
3128 5410 3308 5466 verbis
3345 5409 3534 5462 borum
3561 5406 3790 5496 ﬂuento-

2213 5533 2333 5573 rum
2362 5495 2738 5569 ahundantiam
2784 5507 2937 5561 nobis
2968 5503 3182 5558 indicat.
3213 5500 3476 5569 Quoniam
3503 5496 3660 5565 igitur
3683 5495 3791 5565 spi-

2213 5608 2483 5665 ritualium
2515 5602 2833 5658 ﬂuentorum
2869 5607 3054 5652 natura
3087 5596 3206 5650 talis
3232 5603 3344 5659 est,
3377 5607 3474 5661 age
3503 5589 3798 5644 efferamus

2212 5716 2400 5758 omnes
2447 5697 2642 5752 mentis
2683 5702 2880 5748 nostra:
2901 5705 3046 5756 vasa,
3075 5700 3132 5742 ιιι
3170 5686 3405 5757 impletis
3432 5683 3534 5739 illis
3577 5683 3795 5736 domum

2216 5796 2514 5849 redeamus.
2569 5784 2699 5842 Nam
2725 5782 2937 5855 quando
2971 5781 3112 5838 videt
3136 5780 3302 5851 gratia
3330 5775 3558 5846 Spiritus
3585 5773 3800 5829 fervens
