4080 6308
264 311 332 368 S3
1393 304 1457 361 IN
1496 305 1649 362 CAP.
1692 305 1734 361 l.
1775 303 2026 360 GENES.
2063 301 2294 358 iiOMIL.
2339 301 2422 355 ill.
3492 307 3566 361 πὶ

262 417 678 483 desitlerium,et
695 416 912 488 vigilem
941 425 1198 484 mentem,
1230 424 1352 470 tunc
1383 425 1436 470 et
1459 416 1680 486 gratiam
1703 429 1855 469 suam

260 511 565 581 epulentam
606 508 890 564 liberalius
915 509 1152 578 largitur.
1187 508 1526 563 Abducamus
1558 509 1717 579 igitur
1759 523 1858 561 nos

257 602 324 656 ab
367 600 618 654 omnibus
650 598 810 668 hujus
834 599 953 652 vitae
995 599 1160 663 curis,
1190 605 1246 652 et
1276 598 1494 652 resectis
1533 598 1597 651 iis
1624 611 1741 666 quae
1767 611 1857 652 co-

255 691 545 762 gitationes
588 698 802 745 nostras
829 689 972 743 velut
997 689 1164 759 Spinae
1187 687 1485 755 suii‘ocant,
1511 688 1578 744 ad
1608 688 1858 759 spiritua-

259 785 390 836 lium
441 781 768 836 desiderium
814 789 1050 835 mentem
1087 789 1324 834 nostram
1359 789 1527 834 totam
1562 779 1856 836 transfera-

255 887 401 938 mus,
455 881 516 927 ut
562 886 756 942 magno
778 870 901 924 inde
943 870 1416 940 reportatolucro,
1443 878 1499 926 et
1525 869 1723 942 ingenti
1753 869 1857 924 uti-

255 967 407 1019 litate
428 971 697 1033 percepta,
755 962 828 1016 ita
865 959 989 1015 hinc
1017 960 1352 1016 recedamus.
1383 959 1648 1016 Cancrum
1676 969 1733 1014 ut
1757 975 1852 1016 vo-

255 1055 339 1108 bis
371 1052 708 1108 manifestior
748 1051 819 1107 sit
843 1065 1042 1118 sermo,
1070 1066 1236 1120 pauca
1263 1051 1508 1121 quzedam
1535 1065 1600 1107 ex
1645 1051 1855 1106 hester-

253 1148 339 1200 nis
381 1146 542 1200 dictis
569 1147 620 1198 in
650 1142 964 1198 memoriam
998 1141 1209 1198 caritati
1236 1151 1429 1197 vestra:
1449 1143 1764 1206 referemus,
1798 1149 1856 1195 ut

251 1239 332 1292 sic
359 1237 428 1292 iis
453 1251 578 1307 quae
603 1235 716 1290 heri
753 1233 896 1289 dicta
923 1241 1071 1299 sunt,
1121 1235 1235 1288 haec
1263 1247 1406 1287 nunc
1431 1232 1656 1288 dicenda
1699 1232 1852 1303 (ιιιιεί

250 1329 308 1381 in
337 1343 506 1382 unum
546 1340 741 1394 corpus
761 1324 1171 1395 conjungamus.
1189 1323 1534 1379 Ostendimus
1554 1323 1695 1377 enim
1713 1323 1847 1390 lteri,

251 1431 308 1474 ut
332 1419 678 1481 meministis,
707 1416 977 1488 quomodo
1005 1417 1191 1470 beatus
1209 1415 1381 1470 Moses
1408 1429 1666 1470 enarrans
1696 1415 1852 1470 nobis

252 1515 450 1568 horum
500 1508 787 1563 visibilium
843 1507 1227 1561 elementorum
1256 1505 1580 1559 creationem
1617 1512 1673 1559 et
1700 1503 1853 1575 Opili-

248 1608 416 1670 ciutn,
440 1600 636 1656 dixerit
663 1617 678 1654 :
705 1598 772 1652 In
789 1597 1040 1669 principio
1060 1598 1175 1669 fecit
1203 1595 1341 1650 Deus
1360 1597 1541 1651 cwlum
1560 1607 1604 1650 et
1627 1606 1850 1652 terram:

247 1707 388 1751 terra
414 1704 586 1748 autem
622 1701 726 1746 erat
750 1691 1014 1746 invisibilis
1041 1700 1088 1744 et
1117 1692 1489 1761 incomposita:
1522 1700 1576 1747 et
1601 1705 1692 1746 vos
1722 1706 1850 1745 cau-

249 1801 366 1844 sam
405 1783 710 1849 docuimus,
735 1797 901 1852 quare
928 1780 1073 1837 Deus
1099 1789 1294 1836 terram
1319 1778 1624 1847 informem,
1657 1790 1712 1836 et
1731 1781 1853 1834 nul-

247 1878 314 1933 lis
360 1875 548 1948 ﬁguris
569 1875 857 1945 expolitam
896 1872 1196 1936 creaverit;
1241 1887 1380 1943 qum,
1429 1874 1645 1942 opinor,
1667 1873 1847 1928 omnia

245 1977 430 2023 mente
460 1967 658 2021 tenetis
689 1983 704 2018 :
731 1964 1096 2020 necessarium
1127 1971 1212 2018 est
1241 1963 1401 2033 igitur
1421 1977 1522 2018 nos
1546 1963 1614 2017 ad
1643 1976 1705 2018 ea
1727 1978 1847 2034 quae

243 2053 547 2130 sequuntur
572 2056 731 2112 hodie
751 2054 1020 2127 progredi.
1047 2054 1182 2109 Nam
1212 2061 1491 2124 postquam
1513 2052 1666 2120 dixit,
1687 2051 1849 2108 Terra

242 2162 415 2204 autem
454 2159 564 2204 erat
590 2148 853 2202 invisibilis
877 2163 936 2201 ae
964 2147 1315 2217 incomposita,
1346 2160 1446 2201 nos
1473 2156 1722 2200 accurate
1748 2143 1846 2199 do-

241 2253 349 2306 cet,
397 2241 544 2297 unde
572 2239 856 2295 invisibilis
893 2245 1123 2294 essetet
1150 2237 1370 2302 inculta,
1399 2236 1584 2292 dicens
1613 2252 1628 2286 :
1661 2234 1729 2290 Et
1772 2245 1847 2291 ts-

242 2334 415 2389 nebrc
455 2341 601 2387 erant
633 2347 786 2402 super
813 2331 1076 2401 abyssum,
1101 2339 1149 2382 et
1179 2328 1407 2400 Spiritus
1434 2328 1529 2382 Dei
1558 2332 1843 2400 superfere-

242 2427 395 2478 batur
418 2439 574 2494 super
596 2439 802 2495 aquam.
838 2421 970 2476 Vide
988 2420 1096 2487 hic,
1141 2434 1299 2490 quam
1317 2420 1449 2475 nihil
1470 2419 1724 2490 superﬂui
1751 2419 1848 2475 ad-

241 2516 474 2577 misceat
513 2513 700 2567 beatus
758 2511 1042 2582 propheta,
1096 2519 1150 2566 et
1196 2509 1464 2580 quomodo
1507 2525 1614 2566 non
1665 2510 1842 2565 omnia

240 2601 605 2672 particulatim
636 2608 837 2665 narret,
865 2614 986 2669 quae
1013 2608 1192 2654 creata
1214 2608 1358 2666 sunt,
1381 2597 1476 2654 sed
1497 2613 1618 2653 cum
1639 2598 1842 2653 docue-

239 2695 312 2749 rit
335 2710 438 2749 nos
462 2693 532 2748 de
560 2693 696 2748 caelo
720 2702 769 2746 et
797 2703 959 2760 terra,
989 2707 1107 2762 qua:
1134 2692 1359 2762 plurima
1392 2692 1444 2745 in
1476 2707 1536 2746 se
1565 2692 1844 2746 continent

225 2784 542 2846 elementa,
576 2782 952 2850 prmtermittat
990 2781 1115 2837 alia.
1143 2780 1276 2835 Nam
1304 2794 1427 2834 cum
1468 2779 1536 2835 de
1583 2794 1840 2848 aquarum

235 2873 457 2943 opiﬁcio
484 2871 744 2927 nihildum
767 2870 1010 2936 dixisset,
1032 2871 1109 2925 ait
1135 2890 1148 2925 :
1179 2871 1246 2924 Et
1277 2871 1494 2926 tenebris
1517 2880 1661 2924 erant
1689 2886 1842 2940 super

239 2966 505 3034 abyssum,
535 2974 582 3018 et
603 2962 843 3032 'Spiritus
877 2962 974 3018 Dei
1020 2963 1426 3033 superferebatur
1451 2979 1604 3033 super
1631 2979 1834 3028 aquam.

239 3056 366 3110 llaec
393 3055 541 3109 enim
569 3053 820 3123 tegebant
845 3053 1034 3108 faciem
1064 3062 1258 3119 teme;
1282 3054 1350 3109 de
1381 3054 1618 3109 tenebris
1647 3054 1840 3123 loquor

236 3157 293 3200 et
318 3145 518 3216 abysso
547 3158 830 3214 aquarum.
853 3142 990 3198 llinc
1014 3143 1318 3211 didicimus,
1340 3139 1501 3200 omne
1525 3144 1665 3215 quod
1691 3144 1844 3200 vidc-

239 3237 397 3289 batur
429 3234 595 3289 fuisse
622 3233 879 3305 abyssum
914 3249 1170 3303 aquarum
1221 3233 1458 3289 tenebris
1493 3233 1750 3300 velatam,
1786 3244 1840 3288 et

235 3339 376 3394 opus
415 3324 668 3379 habuisse
687 3323 930 3393 sapiente
956 3322 1177 3393 Opifice,
1209 3322 1301 3394 qui
1336 3337 1551 3378 omnem
1577 3323 1716 3379 hanc
1751 3322 1837 3378 in-

235 3414 571 3470 formitatem
598 3413 868 3470 discutere
891 3455 907 3480 ,
935 3421 990 3468 et
1018 3423 1264 3469 ornatum
1295 3414 1528 3483 aliquem
1573 3415 1629 3468 in
1658 3414 1836 3468 omnia

239 3513 422 3572 imsset
444 3503 717 3558 inducere.
739 3503 805 3558 Et
835 3503 1067 3566 tenebrae,
1098 3503 1293 3572 inquit,
1323 3520 1474 3571 super
1499 3503 1756 3573 abyssum,
1788 3513 1836 3555 et

238 3595 469 3661 Spiritus
524 3592 622 3648 Dei
663 3593 1068 3664 superferebatur
1101 3609 1254 3662 super
1297 3609 1500 3663 aquam.
1551 3591 1689 3659 Quid
1734 3591 1834 3647 sibi

238 3684 351 3738 vult
389 3682 535 3752 quod
564 3682 731 3736 dicit:
765 3680 834 3735 Et
873 3681 1098 3752 Spiritus
1135 3681 1232 3736 Dei
1251 3681 1662 3752 superferebatur
1684 3697 1837 3751 super

236 3773 457 3843 aquam?
485 3772 611 3826 Mihi
638 3771 850 3827 videtur
880 3772 981 3826 hoc
1007 3771 1305 3841 significare
1325 3813 1341 3836 ,
1394 3772 1556 3828 fuisse
1589 3771 1640 3826 in
1681 3771 1836 3841 aquis

238 3865 516 3919 elﬁcacem
533 3862 816 3934 quamdam
842 3871 892 3918 et
915 3864 1128 3918 vitalem
1146 3863 1533 3932 operationem,
1550 3879 1650 3920 nec
1667 3863 1836 3920 fuisse

237 3955 554 4025 simpliciter
581 3969 775 4024 aquam
803 3961 1034 4009 stantem
1065 3961 1119 4008 et
1151 3954 1504 4022 immobilem,
1533 3954 1628 4009 sed
1657 3955 1832 4010 mobi-

241 4049 376 4112 lem,
409 4055 463 4100 et
505 4044 721 4099 vitalem
750 4045 1032 4114 quamdam
1065 4045 1169 4099 vim
1200 4043 1501 4101 habentem.
1528 4044 1661 4100 Nam
1689 4045 1832 4116 quod

239 4137 538 4204 immobile,
564 4137 785 4193 omnino
823 4138 1007 4193 inutile
1035 4147 1144 4205 est;
1195 4139 1338 4208 quod
1387 4154 1516 4195 vero
1557 4148 1830 4205 movetur,

235 4230 306 4284 ad
336 4231 503 4285 multa
531 4230 802 4286 conducit.

306 4320 364 4374 2.
408 4318 476 4375 Ut
507 4320 666 4389 igitur
683 4317 900 4373 doceret
925 4334 1024 4374 nos
1038 4319 1225 4375 beatus
1243 4320 1335 4375 ille
1363 4321 1617 4391 propheta
1637 4337 1829 4392 aquam

236 4413 382 4466 illam
419 4424 664 4479 magnam
708 4418 764 4464 et
809 4409 1127 4465 ineﬂ'abilem
1172 4411 1368 4466 habere
1398 4412 1505 4466 vim
1544 4412 1829 4482 quamdam

236 4501 475 4565 vitalem,
516 4498 688 4554 dicit:
728 4498 792 4553 Et
823 4498 1048 4570 Spiritus
1091 4499 1184 4553 Dei
1219 4503 1629 4571 superferebatur
1675 4518 1831 4573 super

236 4606 444 4659 tuream.
501 4588 666 4658 idque
711 4605 818 4643 non
867 4589 1068 4659 absque
1098 4590 1305 4645 ratione
1333 4591 1607 4661 Scriptura
1649 4592 1828 4646 divina

235 4679 618 4754 praeveniendo
663 4681 828 4747 dicit;
869 4681 966 4736 sed
997 4697 1062 4736 eo
1109 4681 1253 4753 quod
1283 4693 1466 4752 postea
1511 4684 1715 4739 dictura
1759 4685 1830 4740 sit

237 4776 390 4829 nobis
417 4773 691 4828 ~animalia
720 4788 789 4828 ex
815 4775 967 4842 aquis
997 4774 1114 4829 istis
1147 4791 1213 4830 ex
1256 4787 1526 4847 prtecepto
1573 4778 1666 4831 Dei
1712 4792 1829 4832 om-

235 4865 380 4916 nium
413 4862 707 4916 conditoris
727 4862 984 4931 producta
1010 4863 1194 4929 fuisse,
1221 4875 1502 4934 pr0pterea
1530 4866 1826 4924 auditorem

237 4954 322 5007 hic
351 4967 495 5006 nunc
525 4952 681 5006 docet
706 4968 811 5006 non
839 4952 954 5008 sine
979 4968 1138 5008 causa
1166 4970 1356 5025 aquam
1391 4957 1536 5011 illam
1558 4960 1830 5014 constitis-

235 5055 316 5113 se,
338 5041 437 5097 sed
461 5051 519 5096 ut
543 5053 868 5109 moveretur,
896 5042 1242 5111 discurreret,
1271 5054 1326 5100 et
1373 5049 1552 5102 omnia
1578 5048 1824 5104 allueret.

234 5133 674 5204 Quandoquidem
721 5134 878 5205 igitur
927 5135 1117 5192 diﬂ'usa
1184 5147 1300 5193 erat
1352 5155 1541 5211 magna
1589 5143 1822 5198 universi

234 5225 457 5280 visibilis
487 5223 808 5291 informitas,
836 5236 1104 5296 przecepto
1131 5244 1231 5283 suo
1263 5229 1430 5297 Deus,
1474 5235 1707 5301 optimus
1740 5236 1827 5290 ille

234 5317 444 5380 artifex,
468 5316 861 5374 deformitatem
889 5318 1034 5374 illam
1056 5319 1278 5389 depulit,
1321 5332 1376 5378 et
1399 5324 1661 5381 immensa
1690 5326 1823 5382 lucis

235 5410 458 5465 visibilis
486 5408 825 5478 pulchritudo
858 5411 1114 5479 producta
1143 5413 1391 5468 tenebras
1413 5414 1618 5490 fugavit
1640 5419 1813 5472 sensi-

234 5502 389 5566 bilcs,
431 5501 820 5571 illustravitque
841 5503 1040 5556 omnia.
1071 5503 1124 5557 5.
1164 5501 1226 5557 Et
1257 5504 1408 5571 dixit,
1439 5508 1628 5576 inquit,
1664 5507 1822 5576 Deus,

234 5597 322 5663 ﬁat
345 5597 468 5658 lux;
497 5605 543 5649 et
578 5599 719 5664 facta
741 5603 816 5648 est
845 5594 952 5648 lux.
986 5595 1153 5660 Dixit,
1183 5605 1237 5651 et
1282 5597 1418 5653 iacta
1445 5608 1526 5653 est
1560 5617 1572 5653 :
1603 5603 1823 5656 manda-

233 5690 326 5756 vit,
359 5698 411 5745 ct
436 5689 669 5745 tenebrae
701 5684 917 5756 quidem
949 5684 1139 5758 fugatae
1190 5697 1332 5758 sunt,
1363 5689 1449 5744 lux
1479 5700 1657 5748 autem
1691 5710 1818 5763 pro-

1965 415 2146 469 ducta.
2193 413 2352 467 Vides
2397 409 2721 467 ineffabilem
2767 411 3099 481 potentiam?
3130 412 3329 467 Verum
3359 416 3448 484 qui
3477 430 3567 468 cr-

1967 518 2086 558 rore
2113 502 2472 573 praeoccupati
2494 510 2636 565 sunt,
2658 518 2763 555 non
2783 501 3124 558 attendentes
3145 503 3408 558 dictorum
3438 519 3540 558 cost
3557 537 3570 544 -

1963 594 2325 664 sequentiam,
2375 608 2548 663 neque
2574 593 2852 648 audientes
2876 591 3094 648 beatum
3139 593 3342 651 Mosen]
3381 596 3567 651 dicen-

1964 693 2072 741 tem
2105 703 2118 739 :
2150 684 2218 740 In
2267 685 2518 755 principio
2571 687 2691 756 fecit
2738 685 2877 742 Deus
2925 685 3110 741 calum
3161 698 3210 743 et
3263 677 3493 758 terram;
3511 701 3570 747 et

1963 791 2086 831 mox
2112 777 2429 833 subdentem
2456 794 2469 830 :
2504 777 2664 831 Terra
2689 789 2857 833 autem
2878 787 2986 836 erat
3007 779 3272 834 invisibilis
3298 791 3344 835 et
3372 783 3569 836 incom-

1963 867 2149 934 posita,
2193 883 2259 922 eo
2301 869 2442 937 quod
2467 868 2703 924 tenebris
2733 879 2787 925 et
2827 872 2981 941 aquis
3017 880 3163 926 eSset
3190 872 3438 940 obtecta;
3484 875 3564 929 sic

1961 956 2104 1011 enim
2132 958 2301 1012 visum
2325 956 2426 1013 fuit
2454 959 2680 1014 Domino
2699 959 2769 1016 ab
2797 960 2947 1015 initio
2964 975 3082 1016 eam
3113 963 3446 1032 producere:
3475 964 3567 1020 di-

1959 1058 2089 1102 cunt
2127 1056 2284 1104 antea
2311 1049 2474 1106 fuisse
2507 1050 2801 1120 subjectam
2851 1051 3168 1126 materiam,
3217 1063 3276 1108 et
3313 1053 3565 1110 tonebras

1962 1140 2363 1208 prmexstitisse.
2396 1139 2534 1206 Quid
2558 1139 2658 1195 hac
2691 1141 2925 1196 amentia
2956 1141 3152 1212 pejus?
3177 1142 3346 1198 Audis
3397 1144 3565 1199 Deum

1959 1229 2012 1282 in
2048 1229 2310 1300 principio
2341 1229 2536 1286 fecisse
2570 1232 2758 1286 caelum
2817 1240 2872 1286 et
2901 1239 3096 1287 terram
3117 1272 3136 1299 ,
3181 1241 3236 1287 et
3270 1248 3339 1289 ex
3389 1232 3561 1290 nihilo

1958 1335 2075 1390 qua:
2095 1329 2222 1376 sunt
2252 1320 2391 1377 facta
2421 1322 2614 1389 fuisse,
2645 1332 2700 1379 et
2727 1322 2862 1378 dicis
2891 1325 3037 1394 prius
3085 1325 3357 1381 exstitisse
3385 1338 3557 1383 mate-

1958 1413 2130 1466 riam?
2159 1413 2289 1481 Quis
2315 1430 2506 1469 eorum
2534 1416 2624 1484 qui
2678 1426 2914 1471 mentem
2946 1416 3175 1481 habent,
3207 1425 3406 1472 tantam
3450 1418 3560 1473 fer-

1956 1511 2039 1558 ret
2062 1503 2357 1558 insaniam?
2378 1506 2657 1581 Numquid
2681 1507 2843 1562 homo
2870 1514 2954 1561 est
2979 1506 3167 1578 Opifex
3192 1505 3307 1574 ille,
3343 1520 3400 1562 ut
3425 1525 3562 1579 opus

1958 1591 2151 1648 habeat
2173 1593 2417 1664 subjecto
2458 1596 2640 1665 aliquo
2666 1595 2734 1650 ad
2763 1595 3235 1652 demonstrandam
3279 1613 3433 1653 suam
3472 1615 3561 1654 ar—

1959 1682 2112 1738 tem?
2140 1684 2282 1740 Deus
2306 1693 2390 1740 est
2415 1686 2500 1740 cui
2531 1686 2712 1740 omnia
2742 1686 2959 1751 cedunt,
2989 1687 3079 1757 qui
3109 1688 3273 1744 vet-bo
3319 1701 3377 1745 et
3419 1707 3559 1761 pra:-

1955 1782 2110 1843 cepto
2135 1789 2234 1830 suo
2260 1777 2439 1830 omnia
2457 1775 2719 1831 condidit.
2747 1777 2980 1833 Attende
3006 1779 3149 1833 enim
3175 1797 3188 1833 :
3217 1778 3560 1849 dicitsolum,

1955 1871 2008 1917 et
2037 1863 2293 1932 producta
2319 1873 2402 1920 est
2442 1865 2567 1934 lux,
2599 1873 2655 1922 et
2685 1866 3068 1923 abscesserunt
3114 1869 3373 1924 tenebris.
3400 1871 3453 1925 4.
3489 1870 3558 1926 Et

1954 1955 2185 2010 distinxit
2212 1956 2352 2012 Deus
2385 1959 2517 2012 inter
2556 1957 2718 2013 lucem
2748 1967 2795 2012 et
2833 1959 2966 2013 inter
3006 1960 3257 2014 tenebras.
3287 1960 3427 2028 Quid
3453 1973 3560 2030 est,

1953 2045 2243 2102 Distinxit?
2270 2048 2566 2121 Unicuique
2596 2051 2769 2106 locum
2798 2052 3071 2121 proprium
3101 2051 3395 2119 distribuit,
3427 2068 3562 2108 con~

1953 2155 2256 2211 gruensquc
2284 2149 2496 2211 tempus
2516 2140 2778 2217 detinivit.
2814 2141 2882 2196 Et
2910 2151 3190 2212 postquam
3223 2141 3327 2197 hoc
3359 2142 3556 2198 factum

1953 2239 2056 2297 est,
2090 2240 2215 2284 tunc
2237 2245 2392 2285 suum
2443 2231 2638 2302 cuique
2665 2231 2982 2286 vocabulum
3015 2232 3224 2286 indidit.
3255 2232 3307 2287 5.
3350 2231 3561 2288 νοσατῆ

1950 2321 2118 2385 enim,
2148 2319 2358 2390 inquit,
2407 2320 2546 2375 Deus
2590 2321 2918 2375 lurem'diem
2960 2338 2973 2374 :
3011 2331 3061 2375 et
3095 2322 3324 2378 tenebras
3365 2327 3560 2378 vocavit

1950 2420 2165 2466 noctem.
2196 2410 2386 2467 Vidisti
2404 2411 2662 2482 optimam
2693 2411 3094 2467 distinctionem
3116 2453 3132 2480 ,
3161 2422 3220 2469 et
3243 2412 3560 2478 admirabile

1949 2502 2242 2572 Opiﬁcium,
2291 2504 2434 2574 quod
2474 2519 2690 2559 omnem
2728 2506 2991 2560 rationem
3036 2507 3404 2573 transcendit,
3448 2503 3557 2563 uno

1952 2593 2119 2649 verbo
2162 2605 2218 2650 et
2265 2605 2531 2665 praecepto
2561 2595 2800 2650 factum?
2830 2596 3018 2652 Vidisti
3065 2608 3326 2668 quantum
3364 2615 3423 2655 se
3451 2617 3556 2654 nn.

1949 2693 2182 2739 strorum
2198 2685 2533 2756 ingeniorum
2552 2687 2799 2755 parvitati
2812 2689 3255 2756 attemperaverit
3269 2689 3452 2743 beatus
3469 2690 3559 2745 illo

1949 2775 2229 2846 propheta,
2259 2776 2368 2831 imo
2390 2775 2654 2848 benignus
2705 2777 2846 2832 Deus
2886 2792 2981 2847 per
3009 2780 3284 2847 proxihette
3315 2780 3550 2851 linguam

1947 2865 2242 2920 erudiendo
2269 2880 2430 2921 omne
2456 2866 2734 2921 hominum
2757 2881 2947 2937 genus,
2976 2875 3033 2922 ut
3066 2870 3201 2924 sciat
3223 2884 3411 2925 eorum
3434 2887 3556 2942 qua:

1948 2952 2088 3008 facta
2113 2961 2240 3009 sunt
2268 2955 2533 3023 ordinem,
2565 2956 2684 3027 quis
2713 2958 2949 3013 universi
2998 2959 3070 3014 sit
3109 2959 3309 3030 opifex,
3342 2971 3398 3017 et
3422 2977 3557 3033 quo-

1949 3042 2110 3098 modo
2154 3044 2574 3116 unumquodque
2604 3046 2924 3116 productum
2972 3048 3076 3102 sit?
3102 3049 3366 3117 Quoniam
3406 3053 3551 3108 enim

1947 3134 2121 3189 adhuc
2141 3135 2462 3191 imbecillius
2491 3147 2609 3192 erat
2638 3137 2929 3194 humanum
2958 3155 3321 3213 genus,quam
3345 3155 3401 3200 ut
3431 3161 3556 3216 per-

1947 3223 2170 3280 fectiora
2200 3241 2395 3296 capere
2423 3237 2640 3298 posset;
2672 3239 2953 3300 propterea
2985 3246 3084 3302 pro
3111 3234 3417 3300 auditorum
3443 3238 3546 3292 im-

1946 3315 2236 3372 becillitate
2256 3318 2531 3388 propheta:
2559 3320 2795 3391 linguam
2826 3337 3049 3378 movens
3069 3321 3302 3394 Spiritus
3329 3341 3552 3387 sanctus

1946 3407 2000 3462 itt
2053 3406 2214 3464 hunc
2245 3409 2461 3464 modum
2490 3411 2647 3465 nobis
2675 3411 2856 3468 omnia
2882 3413 3235 3472 edisserebat.
3268 3418 3333 3471 Et
3373 3428 3431 3474 ut
3471 3420 3552 3476 di-

1944 3511 2063 3552 scas
2090 3498 2236 3552 illum
2267 3500 2338 3554 ob
2358 3501 2552 3556 mentis
2582 3512 2782 3556 nostra:
2811 3503 3230 3559 imbecillitatem
3257 3506 3359 3563 hoc
3386 3525 3544 3565 enar-

1943 3589 2166 3642 rationis
2216 3599 2640 3659 temperamento
2685 3589 2850 3648 fuisse
2897 3609 3076 3661 usum,
3125 3596 3250 3652 vide
3279 3601 3551 3668 quomodo

1945 3679 2163 3734 tonitrui
2194 3679 2353 3746 filius,
2387 3697 2505 3735 cum
2532 3681 2641 3751 jam
2673 3681 2949 3738 hominum
2984 3701 3152 3756 genus
3181 3688 3246 3742 ad
3297 3689 3546 3746 virtutem

1953 3769 2291 3839 profecisset,
2321 3785 2426 3825 non
2444 3770 2554 3841 jam
2576 3771 2678 3827 hac
2706 3773 2791 3827 via
2820 3773 3168 3844 ingrediatur,
3201 3779 3294 3833 sed
3333 3780 3386 3834 in
3415 3781 3547 3837 sub-

1947 3860 2208 3915 limiorem
2242 3860 2599 3916 eruditionem
2651 3863 2950 3920 auditorem
2996 3867 3277 3924 subducat.
3321 3871 3452 3926 Nam
3492 3882 3550 3928 ut

1941 3953 2075 4007 dixit
2105 3970 2119 4005 :
2157 3951 2223 4008 In
2253 3954 2506 4023 principio
2535 3963 2641 4008 erat
2681 3954 2917 4023 Verbum,
2942 3966 2988 4010 et
3042 3959 3254 4013 Verbum
3281 3974 3388 4017 erat
3407 3967 3548 4034 apud

1944 4043 2127 4111 Deum,
2152 4055 2197 4099 et
2217 4043 2359 4099 Deus
2385 4055 2489 4099 erat
2516 4044 2733 4101 Verbum
2752 4046 2932 4119 (Joan.
2960 4051 3008 4104 1.
3038 4052 3111 4120 i);
3129 4067 3259 4107 mox
3288 4054 3504 4122 subiicit
3530 4075 3542 4109 :

1942 4136 2069 4190 Erat
2095 4138 2185 4191 lux
2224 4154 2366 4206 vera,
2393 4154 2506 4208 qua:
2531 4137 2790 4192 illuminat
2818 4157 3018 4195 omnem
3054 4144 3310 4202 hominem
3339 4150 3545 4202 venien-

1943 4239 2042 4283 tem
2068 4231 2121 4282 in
2143 4229 2386 4282 mundum
2417 4228 2583 4301 (Ibid.
2613 4246 2660 4284 υ.
2689 4228 2770 4299 9).
2802 4223 2932 4288 Nam
2955 4235 3407 4303 quemadmodum
3442 4240 3542 4294 hoc

1941 4320 2061 4374 loco
2102 4320 2190 4375 lux
2221 4320 2322 4374 ista
2367 4319 2640 4375 sensibilis
2682 4332 2957 4392 praecepto
3005 4325 3218 4380 Domini
3258 4329 3538 4398 producta,

1944 4411 2196 4466 tenebras
2225 4410 2348 4464 illas
2374 4411 2608 4464 visibiles
2634 4413 2916 4467 abscondit
2943 4433 2955 4468 :
2979 4415 3056 4470 sic
3081 4426 3136 4471 et
3173 4417 3262 4472 lux
3297 4421 3544 4476 mentalis

1941 4500 2191 4556 tenebras
2216 4515 2461 4555 errorum
2485 4500 2759 4571 eii'ugavit,
2794 4513 2848 4559 et
2873 4504 2940 4559 ad
2968 4508 3248 4562 veritatem
3277 4510 3543 4565 errabun.

1937 4594 2037 4648 dos
2063 4594 2397 4648 manuduxit.

2008 4685 2060 4740 3.
2093 4683 2457 4755 Suscipiamus
2483 4700 2612 4757 ergo
2635 4685 2938 4756 gratissimo
2967 4688 3146 4741 animo
3168 4688 3257 4743 illa
3284 4703 3313 4743 a
3341 4689 3536 4746 divinis

1936 4774 2229 4845 Scripturis
2277 4776 2635 4840 documenta,
2683 4784 2836 4830 etne
2889 4776 3240 4832 adversemur
3287 4781 3498 4834 veritati
3527 4823 3541 4845 ,

1938 4883 2114 4938 neque
2144 4867 2196 4921 in
2228 4868 2463 4922 tenebris
2496 4881 2808 4922 maneamus
2843 4885 2855 4920 :
2885 4868 2980 4922 sed
3021 4869 3086 4922 ad
3139 4870 3312 4924 lucem
3347 4887 3542 4941 propc-

1937 4974 2135 5024 remus,
2166 4972 2557 5028 operemurque
2583 4957 2739 5028 digna
2764 4958 2882 5013 luce
2899 4967 2951 5012 et
2972 4957 3081 5023 die,
3106 4959 3244 5013 sicut
3273 4968 3327 5014 et
3346 4960 3542 5017 Paulus

1936 5053 2223 5116 admonet,
2264 5050 2450 5106 dicens
2502 5068 2514 5102 :
2568 5050 2715 5104 Sicut
2760 5050 2813 5104 in
2855 5051 2936 5104 die
2977 5051 3185 5105 honeste
3227 5051 3541 5107 ambulemus

1937 5146 2112 5217 (Rom.
2145 5145 2242 5200 13.
2266 5143 2377 5214 15),
2406 5154 2459 5199 et
2486 5157 2551 5197 ne
2577 5131 2863 5211 operemur
2889 5157 3050 5213 opera
3077 5143 3439 5198 tenebrarum.
3473 5142 3541 5197 Et

1935 5239 2150 5305 vocavit,
2207 5237 2415 5306 inquit,
2461 5235 2596 5289 Deus
2624 5236 2784 5289 lucem
2829 5236 2994 5299 diem,
3026 5245 3072 5288 et
3103 5237 3329 5289 tenebras
3350 5237 3540 5289 vocavit

1935 5337 2150 5383 noctem.
2183 5326 2288 5382 Sed
2316 5324 2459 5396 quod
2485 5324 2651 5379 ferme
2674 5339 2773 5379 nos
2797 5325 3146 5394 prmterierat,
3173 5326 3536 5380 necessarium

1935 5419 2093 5474 fuerit
2125 5420 2318 5474 iterum
2352 5427 2617 5485 repetere.
2672 5415 2804 5469 Nam
2834 5424 3112 5484 postquam
3143 5414 3386 5481 dixerat,
3422 5414 3535 5469 Fiat

1935 5512 2023 5564 lux
2048 5518 2093 5562 et
2120 5511 2255 5579 facta
2282 5516 2353 5560 est
2380 5506 2489 5570 lux,
2532 5506 2815 5575 subiunxit
2837 5522 2852 5560 :
2875 5507 2928 5560 4.
2965 5505 3029 5557 Ει
3051 5505 3174 5559 vidit
3196 5505 3329 5559 Deus
3353 5506 3535 5572 lucem,

1932 5600 2066 5670 quod
2091 5599 2218 5653 bona
2251 5607 2397 5651 esset.
2429 5596 2565 5651 Vide
2593 5612 2775 5664 quaeso
2806 5595 2911 5659 hic,
2941 5595 3155 5659 dilecte,
3190 5611 3347 5665 quam
3397 5605 3523 5651 tem-

1939 5701 2118 5762 perata
2162 5690 2446 5746 verborum
2495 5690 2653 5745 ratio.
2690 5687 2831 5754 Quid
2868 5689 3068 5761 igitur?
3096 5706 3161 5747 an
3194 5689 3513 5760 priusquam
