  <div class='ocr_page' id='page_1' title='image "/cluster/home/n/w/nwhite01/storage/ocr_20150623/53/pst.000005712526/035.png"; bbox 0 0 4080 6308; ppageno 0'>
   <div class='ocr_carea' id='block_1_1' title="bbox 548 315 3822 395">
    <p class='ocr_par' dir='ltr' id='par_1_1' title="bbox 548 315 3822 395">
     <span class='ocr_line' id='line_1_1' title="bbox 548 315 3822 395; baseline -0.005 -1"><span class='ocrx_word' id='word_1_1' title='bbox 548 341 612 395; x_wconf 72' lang='lat' dir='ltr'><strong>ss</strong></span> <span class='ocrx_word' id='word_1_2' title='bbox 1285 335 1341 392; x_wconf 89' lang='lat' dir='ltr'><strong>s.</strong></span> <span class='ocrx_word' id='word_1_3' title='bbox 1384 330 1656 390; x_wconf 62' lang='lat' dir='ltr'><strong>tomxts</strong></span> <span class='ocrx_word' id='word_1_4' title='bbox 1694 323 2168 383; x_wconf 77' lang='lat' dir='ltr'><strong>CHRYSOSTOMI</strong></span> <span class='ocrx_word' id='word_1_5' title='bbox 2209 322 2526 381; x_wconf 75' lang='lat' dir='ltr'><strong>ARCHIEP.</strong></span> <span class='ocrx_word' id='word_1_6' title='bbox 2567 315 3115 384; x_wconf 62' lang='lat' dir='ltr'><strong>consumatur.</strong></span> <span class='ocrx_word' id='word_1_7' title='bbox 3757 321 3822 379; x_wconf 75' lang='lat' dir='ltr'><strong>se</strong></span> 
     </span>
    </p>
   </div>
   <div class='ocr_carea' id='block_1_2' title="bbox 550 440 2122 521">
    <p class='ocr_par' dir='ltr' id='par_1_2' title="bbox 550 440 2122 521">
     <span class='ocr_line' id='line_1_2' title="bbox 550 440 2122 521; baseline -0.006 -11"><span class='ocrx_word' id='word_1_8' title='bbox 550 460 695 510; x_wconf 70' lang='lat' dir='ltr'><strong>fta-ret</strong></span> <span class='ocrx_word' id='word_1_9' title='bbox 727 454 814 509; x_wconf 90' lang='lat' dir='ltr'><strong>lux</strong></span> <span class='ocrx_word' id='word_1_10' title='bbox 840 497 851 521; x_wconf 93' lang='lat'><strong>,</strong></span> <span class='ocrx_word' id='word_1_11' title='bbox 888 451 1156 508; x_wconf 64' lang='lat' dir='ltr'><strong>nesciebat</strong></span> <span class='ocrx_word' id='word_1_12' title='bbox 1185 464 1302 505; x_wconf 89' lang='lat' dir='ltr'><strong>eam</strong></span> <span class='ocrx_word' id='word_1_13' title='bbox 1329 449 1520 503; x_wconf 80' lang='lat' dir='ltr'><strong>bonam</strong></span> <span class='ocrx_word' id='word_1_14' title='bbox 1553 444 1780 499; x_wconf 88' lang='lat' dir='ltr'><strong>futuram</strong></span> <span class='ocrx_word' id='word_1_15' title='bbox 1807 459 1821 504; x_wconf 73' lang='grc' dir='ltr'>ς</span> <span class='ocrx_word' id='word_1_16' title='bbox 1853 440 1945 497; x_wconf 76' lang='lat' dir='ltr'><strong>sed</strong></span> <span class='ocrx_word' id='word_1_17' title='bbox 1977 450 2122 510; x_wconf 75' lang='lat' dir='ltr'><strong>p05!-</strong></span> 
     </span>
    </p>
   </div>
   <div class='ocr_carea' id='block_1_3' title="bbox 551 532 2131 617">
    <p class='ocr_par' dir='ltr' id='par_1_3' title="bbox 551 532 2131 617">
     <span class='ocr_line' id='line_1_3' title="bbox 551 532 2131 617; baseline -0.011 -15"><span class='ocrx_word' id='word_1_18' title='bbox 551 562 707 612; x_wconf 80' lang='lat' dir='ltr'><strong>quatn</strong></span> <span class='ocrx_word' id='word_1_19' title='bbox 749 545 1003 617; x_wconf 86' lang='lat' dir='ltr'><strong>producta</strong></span> <span class='ocrx_word' id='word_1_20' title='bbox 1038 543 1152 608; x_wconf 82' lang='lat' dir='ltr'><strong>fuit,</strong></span> <span class='ocrx_word' id='word_1_21' title='bbox 1196 556 1259 596; x_wconf 82' lang='lat' dir='ltr'><strong>cx</strong></span> <span class='ocrx_word' id='word_1_22' title='bbox 1301 547 1517 608; x_wconf 83' lang='lat' dir='ltr'><strong>aspectu</strong></span> <span class='ocrx_word' id='word_1_23' title='bbox 1546 538 1773 607; x_wconf 89' lang='lat' dir='ltr'><strong>primum</strong></span> <span class='ocrx_word' id='word_1_24' title='bbox 1801 533 1986 604; x_wconf 84' lang='lat' dir='ltr'><strong>Opifex</strong></span> <span class='ocrx_word' id='word_1_25' title='bbox 2017 532 2131 601; x_wconf 85' lang='lat' dir='ltr'><strong>pui-</strong></span> 
     </span>
    </p>
   </div>
   <div class='ocr_carea' id='block_1_4' title="bbox 500 621 2129 709">
    <p class='ocr_par' dir='ltr' id='par_1_4' title="bbox 500 621 2129 709">
     <span class='ocr_line' id='line_1_4' title="bbox 500 621 2129 709; baseline -0.009 -20"><span class='ocrx_word' id='word_1_26' title='bbox 500 633 507 641; x_wconf 83' lang='grc'><strong><em>“</em></strong></span> <span class='ocrx_word' id='word_1_27' title='bbox 547 636 903 709; x_wconf 77' lang='lat' dir='ltr'><strong>chritudincm</strong></span> <span class='ocrx_word' id='word_1_28' title='bbox 932 644 984 689; x_wconf 88' lang='lat' dir='ltr'><strong>et</strong></span> <span class='ocrx_word' id='word_1_29' title='bbox 1011 633 1299 688; x_wconf 90' lang='lat' dir='ltr'><strong>bonitatem</strong></span> <span class='ocrx_word' id='word_1_30' title='bbox 1328 629 1443 698; x_wconf 89' lang='lat' dir='ltr'><strong>ejus</strong></span> <span class='ocrx_word' id='word_1_31' title='bbox 1471 628 1738 698; x_wconf 85' lang='lat' dir='ltr'><strong>producta:</strong></span> <span class='ocrx_word' id='word_1_32' title='bbox 1770 621 2042 694; x_wconf 83' lang='lat' dir='ltr'><strong>percepit?</strong></span> <span class='ocrx_word' id='word_1_33' title='bbox 2065 621 2129 676; x_wconf 80' lang='lat' dir='ltr'><strong>Et</strong></span> 
     </span>
    </p>
   </div>
   <div class='ocr_carea' id='block_1_5' title="bbox 545 713 2130 797">
    <p class='ocr_par' dir='ltr' id='par_1_5' title="bbox 545 713 2130 797">
     <span class='ocr_line' id='line_1_5' title="bbox 545 713 2130 797; baseline -0.008 -20"><span class='ocrx_word' id='word_1_34' title='bbox 545 729 662 797; x_wconf 80' lang='lat' dir='ltr'><strong>quis</strong></span> <span class='ocrx_word' id='word_1_35' title='bbox 687 742 830 781; x_wconf 81' lang='lat' dir='ltr'><strong>same</strong></span> <span class='ocrx_word' id='word_1_36' title='bbox 853 726 1044 780; x_wconf 85' lang='lat' dir='ltr'><strong>mentis</strong></span> <span class='ocrx_word' id='word_1_37' title='bbox 1068 723 1171 777; x_wconf 89' lang='lat' dir='ltr'><strong>tale</strong></span> <span class='ocrx_word' id='word_1_38' title='bbox 1197 719 1464 791; x_wconf 81' lang='lat' dir='ltr'><strong>quidpiam</strong></span> <span class='ocrx_word' id='word_1_39' title='bbox 1495 717 1724 773; x_wconf 78' lang='lat' dir='ltr'><strong>dixerit?</strong></span> <span class='ocrx_word' id='word_1_40' title='bbox 1745 713 1874 768; x_wconf 86' lang='lat' dir='ltr'><strong>Nam</strong></span> <span class='ocrx_word' id='word_1_41' title='bbox 1900 713 1943 766; x_wconf 89' lang='lat' dir='ltr'><strong>si</strong></span> <span class='ocrx_word' id='word_1_42' title='bbox 1967 713 2130 765; x_wconf 91' lang='lat' dir='ltr'><strong>homo</strong></span> 
     </span>
    </p>
   </div>
   <div class='ocr_carea' id='block_1_6' title="bbox 545 804 2131 888">
    <p class='ocr_par' dir='ltr' id='par_1_6' title="bbox 545 804 2131 888">
     <span class='ocr_line' id='line_1_6' title="bbox 545 804 2131 888; baseline -0.01 -17"><span class='ocrx_word' id='word_1_43' title='bbox 545 818 633 888; x_wconf 82' lang='lat' dir='ltr'><strong>qui</strong></span> <span class='ocrx_word' id='word_1_44' title='bbox 667 817 862 887; x_wconf 87' lang='lat' dir='ltr'><strong>aliquid</strong></span> <span class='ocrx_word' id='word_1_45' title='bbox 896 831 987 884; x_wconf 91' lang='lat' dir='ltr'><strong>per</strong></span> <span class='ocrx_word' id='word_1_46' title='bbox 1010 822 1178 868; x_wconf 90' lang='lat' dir='ltr'><strong>artem</strong></span> <span class='ocrx_word' id='word_1_47' title='bbox 1207 821 1475 881; x_wconf 76' lang='lat' dir='ltr'><strong>operatur,</strong></span> <span class='ocrx_word' id='word_1_48' title='bbox 1507 809 1810 878; x_wconf 83' lang='lat' dir='ltr'><strong>priusquam</strong></span> <span class='ocrx_word' id='word_1_49' title='bbox 1845 804 2131 858; x_wconf 81' lang='lat' dir='ltr'><strong>fabricetur</strong></span> 
     </span>
    </p>
   </div>
   <div class='ocr_carea' id='block_1_7' title="bbox 547 893 2129 977">
    <p class='ocr_par' dir='ltr' id='par_1_7' title="bbox 547 893 2129 977">
     <span class='ocr_line' id='line_1_7' title="bbox 547 893 2129 977; baseline -0.013 -14"><span class='ocrx_word' id='word_1_50' title='bbox 547 909 686 977; x_wconf 78' lang='lat' dir='ltr'><strong>quod</strong></span> <span class='ocrx_word' id='word_1_51' title='bbox 722 907 830 961; x_wconf 85' lang='lat' dir='ltr'><strong>vult</strong></span> <span class='ocrx_word' id='word_1_52' title='bbox 860 906 1032 960; x_wconf 86' lang='lat' dir='ltr'><strong>facere</strong></span> <span class='ocrx_word' id='word_1_53' title='bbox 1054 946 1069 970; x_wconf 93' lang='lat'><strong>,</strong></span> <span class='ocrx_word' id='word_1_54' title='bbox 1102 910 1156 958; x_wconf 91' lang='lat' dir='ltr'><strong>et</strong></span> <span class='ocrx_word' id='word_1_55' title='bbox 1187 902 1492 972; x_wconf 84' lang='lat' dir='ltr'><strong>priusquam</strong></span> <span class='ocrx_word' id='word_1_56' title='bbox 1533 896 1780 953; x_wconf 82' lang='lat' dir='ltr'><strong>efformet</strong></span> <span class='ocrx_word' id='word_1_57' title='bbox 1803 935 1818 960; x_wconf 94' lang='lat'><strong>,</strong></span> <span class='ocrx_word' id='word_1_58' title='bbox 1851 893 1951 948; x_wconf 84' lang='lat' dir='ltr'><strong>scit</strong></span> <span class='ocrx_word' id='word_1_59' title='bbox 1979 906 2129 945; x_wconf 91' lang='lat' dir='ltr'><strong>usum</strong></span> 
     </span>
    </p>
   </div>
   <div class='ocr_carea' id='block_1_8' title="bbox 551 985 2130 1068">
    <p class='ocr_par' dir='ltr' id='par_1_8' title="bbox 551 985 2130 1068">
     <span class='ocr_line' id='line_1_8' title="bbox 551 985 2130 1068; baseline -0.011 -14"><span class='ocrx_word' id='word_1_60' title='bbox 551 1001 665 1066; x_wconf 89' lang='lat' dir='ltr'><strong>ejus</strong></span> <span class='ocrx_word' id='word_1_61' title='bbox 703 998 844 1068; x_wconf 89' lang='lat' dir='ltr'><strong>quod</strong></span> <span class='ocrx_word' id='word_1_62' title='bbox 878 997 1157 1051; x_wconf 89' lang='lat' dir='ltr'><strong>elaborare</strong></span> <span class='ocrx_word' id='word_1_63' title='bbox 1187 992 1371 1048; x_wconf 77' lang='lat' dir='ltr'><strong>statuit</strong></span> <span class='ocrx_word' id='word_1_64' title='bbox 1402 1010 1416 1045; x_wconf 91' lang='lat'><strong>:</strong></span> <span class='ocrx_word' id='word_1_65' title='bbox 1449 996 1646 1058; x_wconf 87' lang='lat' dir='ltr'><strong>quanto</strong></span> <span class='ocrx_word' id='word_1_66' title='bbox 1689 987 1858 1057; x_wconf 86' lang='lat' dir='ltr'><strong>magis</strong></span> <span class='ocrx_word' id='word_1_67' title='bbox 1893 985 2130 1041; x_wconf 89' lang='lat' dir='ltr'><strong>omnium</strong></span> 
     </span>
    </p>
   </div>
   <div class='ocr_carea' id='block_1_9' title="bbox 549 1075 2128 1161">
    <p class='ocr_par' dir='ltr' id='par_1_9' title="bbox 549 1075 2128 1161">
     <span class='ocr_line' id='line_1_9' title="bbox 549 1075 2128 1161; baseline -0.011 -14"><span class='ocrx_word' id='word_1_68' title='bbox 549 1091 753 1161; x_wconf 83' lang='lat' dir='ltr'><strong>Opifex,</strong></span> <span class='ocrx_word' id='word_1_69' title='bbox 785 1089 874 1159; x_wconf 88' lang='lat' dir='ltr'><strong>qui</strong></span> <span class='ocrx_word' id='word_1_70' title='bbox 893 1088 1055 1144; x_wconf 87' lang='lat' dir='ltr'><strong>verbo</strong></span> <span class='ocrx_word' id='word_1_71' title='bbox 1081 1086 1258 1142; x_wconf 85' lang='lat' dir='ltr'><strong>omnia</strong></span> <span class='ocrx_word' id='word_1_72' title='bbox 1287 1100 1356 1138; x_wconf 86' lang='lat' dir='ltr'><strong>ex</strong></span> <span class='ocrx_word' id='word_1_73' title='bbox 1381 1081 1546 1137; x_wconf 90' lang='lat' dir='ltr'><strong>nihilo</strong></span> <span class='ocrx_word' id='word_1_74' title='bbox 1569 1089 1627 1134; x_wconf 92' lang='lat' dir='ltr'><strong>ut</strong></span> <span class='ocrx_word' id='word_1_75' title='bbox 1659 1087 1842 1135; x_wconf 84' lang='lat' dir='ltr'><strong>essent</strong></span> <span class='ocrx_word' id='word_1_76' title='bbox 1865 1075 2128 1147; x_wconf 83' lang='lat' dir='ltr'><strong>produxit,</strong></span> 
     </span>
    </p>
   </div>
   <div class='ocr_carea' id='block_1_10' title="bbox 551 1169 2127 1251">
    <p class='ocr_par' dir='ltr' id='par_1_10' title="bbox 551 1169 2127 1251">
     <span class='ocr_line' id='line_1_10' title="bbox 551 1169 2127 1251; baseline -0.011 -12"><span class='ocrx_word' id='word_1_77' title='bbox 551 1184 754 1239; x_wconf 79' lang='lat' dir='ltr'><strong>sciebat</strong></span> <span class='ocrx_word' id='word_1_78' title='bbox 777 1191 1059 1251; x_wconf 84' lang='lat' dir='ltr'><strong>antequam</strong></span> <span class='ocrx_word' id='word_1_79' title='bbox 1106 1180 1274 1233; x_wconf 90' lang='lat' dir='ltr'><strong>lucem</strong></span> <span class='ocrx_word' id='word_1_80' title='bbox 1324 1175 1520 1230; x_wconf 89' lang='lat' dir='ltr'><strong>faceret</strong></span> <span class='ocrx_word' id='word_1_81' title='bbox 1541 1215 1555 1240; x_wconf 92' lang='lat'><strong>,</strong></span> <span class='ocrx_word' id='word_1_82' title='bbox 1601 1186 1718 1228; x_wconf 87' lang='lat' dir='ltr'><strong>eam</strong></span> <span class='ocrx_word' id='word_1_83' title='bbox 1749 1185 1869 1225; x_wconf 87' lang='lat' dir='ltr'><strong>esse</strong></span> <span class='ocrx_word' id='word_1_84' title='bbox 1893 1170 2086 1224; x_wconf 86' lang='lat' dir='ltr'><strong>bonam</strong></span> <span class='ocrx_word' id='word_1_85' title='bbox 2113 1169 2127 1222; x_wconf 89' lang='lat'><strong>!</strong></span> 
     </span>
    </p>
   </div>
   <div class='ocr_carea' id='block_1_11' title="bbox 546 1261 2131 1344">
    <p class='ocr_par' dir='ltr' id='par_1_11' title="bbox 546 1261 2131 1344">
     <span class='ocr_line' id='line_1_11' title="bbox 546 1261 2131 1344; baseline -0.008 -19"><span class='ocrx_word' id='word_1_86' title='bbox 546 1274 722 1341; x_wconf 84' lang='lat' dir='ltr'><strong>Quare</strong></span> <span class='ocrx_word' id='word_1_87' title='bbox 763 1288 890 1344; x_wconf 89' lang='lat' dir='ltr'><strong>ergo</strong></span> <span class='ocrx_word' id='word_1_88' title='bbox 929 1272 1027 1326; x_wconf 88' lang='lat' dir='ltr'><strong>hac</strong></span> <span class='ocrx_word' id='word_1_89' title='bbox 1068 1268 1299 1324; x_wconf 86' lang='lat' dir='ltr'><strong>dictione</strong></span> <span class='ocrx_word' id='word_1_90' title='bbox 1349 1279 1478 1320; x_wconf 88' lang='lat' dir='ltr'><strong>usus</strong></span> <span class='ocrx_word' id='word_1_91' title='bbox 1522 1263 1643 1319; x_wconf 81' lang='lat' dir='ltr'><strong>est?</strong></span> <span class='ocrx_word' id='word_1_92' title='bbox 1689 1261 1926 1316; x_wconf 89' lang='lat' dir='ltr'><strong>Demittit</strong></span> <span class='ocrx_word' id='word_1_93' title='bbox 1950 1273 2047 1324; x_wconf 89' lang='lat' dir='ltr'><strong>se,</strong></span> <span class='ocrx_word' id='word_1_94' title='bbox 2079 1267 2131 1313; x_wconf 91' lang='lat' dir='ltr'><strong>et</strong></span> 
     </span>
    </p>
   </div>
   <div class='ocr_carea' id='block_1_12' title="bbox 546 1347 2126 1419">
    <p class='ocr_par' dir='ltr' id='par_1_12' title="bbox 546 1347 2126 1419">
     <span class='ocr_line' id='line_1_12' title="bbox 546 1347 2126 1419; baseline -0.011 -1"><span class='ocrx_word' id='word_1_95' title='bbox 546 1363 836 1419; x_wconf 68' lang='lat' dir='ltr'><strong>mundum</strong></span> <span class='ocrx_word' id='word_1_96' title='bbox 881 1361 1166 1414; x_wconf 87' lang='lat' dir='ltr'><strong>humanam</strong></span> <span class='ocrx_word' id='word_1_97' title='bbox 1197 1353 1640 1411; x_wconf 85' lang='lat' dir='ltr'><strong>consuetudinem</strong></span> <span class='ocrx_word' id='word_1_98' title='bbox 1685 1351 1799 1405; x_wconf 70' lang='lat' dir='ltr'><strong>btec</strong></span> <span class='ocrx_word' id='word_1_99' title='bbox 1838 1349 2014 1404; x_wconf 86' lang='lat' dir='ltr'><strong>omnia</strong></span> <span class='ocrx_word' id='word_1_100' title='bbox 2050 1347 2126 1401; x_wconf 91' lang='lat' dir='ltr'><strong>Io-</strong></span> 
     </span>
    </p>
   </div>
   <div class='ocr_carea' id='block_1_13' title="bbox 544 1438 2129 1524">
    <p class='ocr_par' dir='ltr' id='par_1_13' title="bbox 544 1438 2129 1524">
     <span class='ocr_line' id='line_1_13' title="bbox 544 1438 2129 1524; baseline -0.011 -19"><span class='ocrx_word' id='word_1_101' title='bbox 544 1455 722 1524; x_wconf 89' lang='lat' dir='ltr'><strong>quitur</strong></span> <span class='ocrx_word' id='word_1_102' title='bbox 748 1452 932 1506; x_wconf 86' lang='lat' dir='ltr'><strong>beatus</strong></span> <span class='ocrx_word' id='word_1_103' title='bbox 959 1449 1048 1503; x_wconf 89' lang='lat' dir='ltr'><strong>ille</strong></span> <span class='ocrx_word' id='word_1_104' title='bbox 1076 1447 1351 1518; x_wconf 79' lang='lat' dir='ltr'><strong>prepheta.</strong></span> <span class='ocrx_word' id='word_1_105' title='bbox 1383 1443 1450 1497; x_wconf 86' lang='lat' dir='ltr'><strong>Et</strong></span> <span class='ocrx_word' id='word_1_106' title='bbox 1478 1439 1924 1512; x_wconf 88' lang='lat' dir='ltr'><strong>quemadmodum</strong></span> <span class='ocrx_word' id='word_1_107' title='bbox 1955 1438 2129 1491; x_wconf 89' lang='lat' dir='ltr'><strong>homi-</strong></span> 
     </span>
    </p>
   </div>
   <div class='ocr_carea' id='block_1_14' title="bbox 546 1530 2130 1611">
    <p class='ocr_par' dir='ltr' id='par_1_14' title="bbox 546 1530 2130 1611">
     <span class='ocr_line' id='line_1_14' title="bbox 546 1530 2130 1611; baseline -0.011 -12"><span class='ocrx_word' id='word_1_108' title='bbox 546 1559 639 1599; x_wconf 90' lang='lat' dir='ltr'><strong>nes</strong></span> <span class='ocrx_word' id='word_1_109' title='bbox 667 1558 792 1598; x_wconf 83' lang='lat' dir='ltr'><strong>cum</strong></span> <span class='ocrx_word' id='word_1_110' title='bbox 818 1540 1012 1611; x_wconf 83' lang='lat' dir='ltr'><strong>aliquid</strong></span> <span class='ocrx_word' id='word_1_111' title='bbox 1035 1552 1226 1608; x_wconf 82' lang='lat' dir='ltr'><strong>magno</strong></span> <span class='ocrx_word' id='word_1_112' title='bbox 1261 1535 1436 1590; x_wconf 89' lang='lat' dir='ltr'><strong>studio</strong></span> <span class='ocrx_word' id='word_1_113' title='bbox 1464 1532 1870 1598; x_wconf 87' lang='lat' dir='ltr'><strong>elaboraverint,</strong></span> <span class='ocrx_word' id='word_1_114' title='bbox 1898 1539 1950 1584; x_wconf 91' lang='lat' dir='ltr'><strong>et</strong></span> <span class='ocrx_word' id='word_1_115' title='bbox 1972 1530 2130 1583; x_wconf 90' lang='lat' dir='ltr'><strong>finem</strong></span> 
     </span>
    </p>
   </div>
   <div class='ocr_carea' id='block_1_15' title="bbox 545 1624 2129 1698">
    <p class='ocr_par' dir='ltr' id='par_1_15' title="bbox 545 1624 2129 1698">
     <span class='ocr_line' id='line_1_15' title="bbox 545 1624 2129 1698; baseline -0.008 -9"><span class='ocrx_word' id='word_1_116' title='bbox 545 1633 814 1689; x_wconf 85' lang='lat' dir='ltr'><strong>laboribus</strong></span> <span class='ocrx_word' id='word_1_117' title='bbox 837 1633 949 1687; x_wconf 83' lang='lat' dir='ltr'><strong>suis</strong></span> <span class='ocrx_word' id='word_1_118' title='bbox 997 1629 1377 1698; x_wconf 90' lang='lat' dir='ltr'><strong>imposuerint,</strong></span> <span class='ocrx_word' id='word_1_119' title='bbox 1407 1635 1534 1685; x_wconf 77' lang='lat' dir='ltr'><strong>tunc</strong></span> <span class='ocrx_word' id='word_1_120' title='bbox 1571 1624 1782 1678; x_wconf 88' lang='lat' dir='ltr'><strong>tandem</strong></span> <span class='ocrx_word' id='word_1_121' title='bbox 1830 1637 1923 1692; x_wconf 91' lang='lat' dir='ltr'><strong>per</strong></span> <span class='ocrx_word' id='word_1_122' title='bbox 1966 1635 2129 1690; x_wconf 88' lang='lat' dir='ltr'><strong>expe-</strong></span> 
     </span>
    </p>
   </div>
   <div class='ocr_carea' id='block_1_16' title="bbox 547 1715 2122 1792">
    <p class='ocr_par' dir='ltr' id='par_1_16' title="bbox 547 1715 2122 1792">
     <span class='ocr_line' id='line_1_16' title="bbox 547 1715 2122 1792; baseline -0.007 -14"><span class='ocrx_word' id='word_1_123' title='bbox 547 1727 786 1780; x_wconf 89' lang='lat' dir='ltr'><strong>rientiam</strong></span> <span class='ocrx_word' id='word_1_124' title='bbox 814 1733 867 1778; x_wconf 87' lang='lat' dir='ltr'><strong>et</strong></span> <span class='ocrx_word' id='word_1_125' title='bbox 898 1721 1261 1792; x_wconf 80' lang='lat' dir='ltr'><strong>probationem</strong></span> <span class='ocrx_word' id='word_1_126' title='bbox 1292 1733 1424 1787; x_wconf 88' lang='lat' dir='ltr'><strong>opus</strong></span> <span class='ocrx_word' id='word_1_127' title='bbox 1456 1717 1700 1772; x_wconf 88' lang='lat' dir='ltr'><strong>laudibus</strong></span> <span class='ocrx_word' id='word_1_128' title='bbox 1720 1715 1980 1771; x_wconf 82' lang='lat' dir='ltr'><strong>extollunt</strong></span> <span class='ocrx_word' id='word_1_129' title='bbox 2013 1733 2026 1771; x_wconf 84' lang='lat'><strong>:</strong></span> <span class='ocrx_word' id='word_1_130' title='bbox 2052 1715 2122 1768; x_wconf 89' lang='lat' dir='ltr'><strong>ita</strong></span> 
     </span>
    </p>
   </div>
   <div class='ocr_carea' id='block_1_17' title="bbox 545 1807 2120 1882">
    <p class='ocr_par' dir='ltr' id='par_1_17' title="bbox 545 1807 2120 1882">
     <span class='ocr_line' id='line_1_17' title="bbox 545 1807 2120 1882; baseline -0.008 -11"><span class='ocrx_word' id='word_1_131' title='bbox 545 1825 600 1871; x_wconf 90' lang='lat' dir='ltr'><strong>ct</strong></span> <span class='ocrx_word' id='word_1_132' title='bbox 629 1815 803 1869; x_wconf 83' lang='lat' dir='ltr'><strong>divina</strong></span> <span class='ocrx_word' id='word_1_133' title='bbox 835 1812 1105 1882; x_wconf 88' lang='lat' dir='ltr'><strong>Scriptura</strong></span> <span class='ocrx_word' id='word_1_134' title='bbox 1139 1825 1302 1876; x_wconf 82' lang='lat' dir='ltr'><strong>nunc,</strong></span> <span class='ocrx_word' id='word_1_135' title='bbox 1334 1825 1452 1863; x_wconf 89' lang='lat' dir='ltr'><strong>cum</strong></span> <span class='ocrx_word' id='word_1_136' title='bbox 1487 1823 1543 1863; x_wconf 89' lang='lat' dir='ltr'><strong>se</strong></span> <span class='ocrx_word' id='word_1_137' title='bbox 1593 1807 1661 1861; x_wconf 87' lang='lat' dir='ltr'><strong>ad</strong></span> <span class='ocrx_word' id='word_1_138' title='bbox 1691 1816 1991 1862; x_wconf 88' lang='lat' dir='ltr'><strong>nostrarum</strong></span> <span class='ocrx_word' id='word_1_139' title='bbox 2023 1820 2120 1860; x_wconf 87' lang='lat' dir='ltr'><strong>au-</strong></span> 
     </span>
    </p>
   </div>
   <div class='ocr_carea' id='block_1_18' title="bbox 548 1895 2130 1966">
    <p class='ocr_par' dir='ltr' id='par_1_18' title="bbox 548 1895 2130 1966">
     <span class='ocr_line' id='line_1_18' title="bbox 548 1895 2130 1966; baseline -0.006 -4"><span class='ocrx_word' id='word_1_140' title='bbox 548 1909 682 1962; x_wconf 89' lang='lat' dir='ltr'><strong>riutn</strong></span> <span class='ocrx_word' id='word_1_141' title='bbox 710 1905 1073 1962; x_wconf 81' lang='lat' dir='ltr'><strong>infirmitatem</strong></span> <span class='ocrx_word' id='word_1_142' title='bbox 1125 1901 1374 1966; x_wconf 89' lang='lat' dir='ltr'><strong>demisit,</strong></span> <span class='ocrx_word' id='word_1_143' title='bbox 1433 1908 1488 1954; x_wconf 86' lang='lat' dir='ltr'><strong>et</strong></span> <span class='ocrx_word' id='word_1_144' title='bbox 1534 1899 1667 1952; x_wconf 85' lang='lat' dir='ltr'><strong>dixit</strong></span> <span class='ocrx_word' id='word_1_145' title='bbox 1696 1916 1709 1952; x_wconf 90' lang='lat'><strong>:</strong></span> <span class='ocrx_word' id='word_1_146' title='bbox 1741 1898 1808 1952; x_wconf 84' lang='lat' dir='ltr'><strong>Et</strong></span> <span class='ocrx_word' id='word_1_147' title='bbox 1843 1897 1964 1951; x_wconf 84' lang='lat' dir='ltr'><strong>vidit</strong></span> <span class='ocrx_word' id='word_1_148' title='bbox 1992 1895 2130 1952; x_wconf 76' lang='lat' dir='ltr'><strong>Deus</strong></span> 
     </span>
    </p>
   </div>
   <div class='ocr_carea' id='block_1_19' title="bbox 546 1985 2134 2063">
    <p class='ocr_par' dir='ltr' id='par_1_19' title="bbox 546 1985 2134 2063">
     <span class='ocr_line' id='line_1_19' title="bbox 546 1985 2134 2063; baseline -0.008 -13"><span class='ocrx_word' id='word_1_149' title='bbox 546 1999 706 2050; x_wconf 86' lang='lat' dir='ltr'><strong>lucem</strong></span> <span class='ocrx_word' id='word_1_150' title='bbox 731 2037 745 2061; x_wconf 95' lang='lat'><strong>,</strong></span> <span class='ocrx_word' id='word_1_151' title='bbox 786 1993 920 2063; x_wconf 83' lang='lat' dir='ltr'><strong>quod</strong></span> <span class='ocrx_word' id='word_1_152' title='bbox 947 1993 1075 2047; x_wconf 87' lang='lat' dir='ltr'><strong>bona</strong></span> <span class='ocrx_word' id='word_1_153' title='bbox 1103 2000 1262 2057; x_wconf 78' lang='lat' dir='ltr'><strong>esset,</strong></span> <span class='ocrx_word' id='word_1_154' title='bbox 1311 1996 1435 2042; x_wconf 91' lang='lat' dir='ltr'><strong>tunc</strong></span> <span class='ocrx_word' id='word_1_155' title='bbox 1464 1987 1689 2056; x_wconf 83' lang='lat' dir='ltr'><strong>subjecit</strong></span> <span class='ocrx_word' id='word_1_156' title='bbox 1733 2005 1746 2041; x_wconf 89' lang='lat'><strong>:</strong></span> <span class='ocrx_word' id='word_1_157' title='bbox 1794 1985 1859 2039; x_wconf 82' lang='lat' dir='ltr'><strong>Et</strong></span> <span class='ocrx_word' id='word_1_158' title='bbox 1905 1986 2134 2039; x_wconf 80' lang='lat' dir='ltr'><strong>distth</strong></span> 
     </span>
    </p>
   </div>
   <div class='ocr_carea' id='block_1_20' title="bbox 548 2077 2134 2152">
    <p class='ocr_par' dir='ltr' id='par_1_20' title="bbox 548 2077 2134 2152">
     <span class='ocr_line' id='line_1_20' title="bbox 548 2077 2134 2152; baseline -0.008 -9"><span class='ocrx_word' id='word_1_159' title='bbox 548 2088 688 2143; x_wconf 84' lang='lat' dir='ltr'><strong>Deus</strong></span> <span class='ocrx_word' id='word_1_160' title='bbox 713 2089 841 2141; x_wconf 87' lang='lat' dir='ltr'><strong>inter</strong></span> <span class='ocrx_word' id='word_1_161' title='bbox 875 2087 1077 2152; x_wconf 79' lang='lat' dir='ltr'><strong>lucem,</strong></span> <span class='ocrx_word' id='word_1_162' title='bbox 1131 2093 1178 2136; x_wconf 86' lang='lat' dir='ltr'><strong>et</strong></span> <span class='ocrx_word' id='word_1_163' title='bbox 1219 2084 1350 2135; x_wconf 87' lang='lat' dir='ltr'><strong>inter</strong></span> <span class='ocrx_word' id='word_1_164' title='bbox 1376 2079 1600 2134; x_wconf 78' lang='lat' dir='ltr'><strong>tenebras</strong></span> <span class='ocrx_word' id='word_1_165' title='bbox 1641 2093 1659 2132; x_wconf 92' lang='lat'><strong><em>:</em></strong></span> <span class='ocrx_word' id='word_1_166' title='bbox 1697 2087 1742 2132; x_wconf 88' lang='lat' dir='ltr'><strong>et</strong></span> <span class='ocrx_word' id='word_1_167' title='bbox 1771 2078 1967 2132; x_wconf 73' lang='lat' dir='ltr'><strong>vocavit</strong></span> <span class='ocrx_word' id='word_1_168' title='bbox 1998 2077 2134 2130; x_wconf 78' lang='lat' dir='ltr'><strong>Deus</strong></span> 
     </span>
    </p>
   </div>
   <div class='ocr_carea' id='block_1_21' title="bbox 552 2171 2133 2243">
    <p class='ocr_par' dir='ltr' id='par_1_21' title="bbox 552 2171 2133 2243">
     <span class='ocr_line' id='line_1_21' title="bbox 552 2171 2133 2243; baseline -0.006 -8"><span class='ocrx_word' id='word_1_169' title='bbox 552 2184 712 2237; x_wconf 80' lang='lat' dir='ltr'><strong>lucem</strong></span> <span class='ocrx_word' id='word_1_170' title='bbox 736 2183 888 2243; x_wconf 83' lang='lat' dir='ltr'><strong>diem,</strong></span> <span class='ocrx_word' id='word_1_171' title='bbox 914 2190 959 2232; x_wconf 82' lang='lat' dir='ltr'><strong>et</strong></span> <span class='ocrx_word' id='word_1_172' title='bbox 991 2178 1213 2231; x_wconf 77' lang='lat' dir='ltr'><strong>tenebras</strong></span> <span class='ocrx_word' id='word_1_173' title='bbox 1235 2175 1424 2229; x_wconf 78' lang='lat' dir='ltr'><strong>vocavit</strong></span> <span class='ocrx_word' id='word_1_174' title='bbox 1450 2183 1661 2238; x_wconf 85' lang='lat' dir='ltr'><strong>noctem,</strong></span> <span class='ocrx_word' id='word_1_175' title='bbox 1691 2181 1743 2227; x_wconf 90' lang='lat' dir='ltr'><strong>et</strong></span> <span class='ocrx_word' id='word_1_176' title='bbox 1769 2186 1918 2226; x_wconf 86' lang='lat' dir='ltr'><strong>suam</strong></span> <span class='ocrx_word' id='word_1_177' title='bbox 1942 2171 2133 2242; x_wconf 85' lang='lat' dir='ltr'><strong>cuique</strong></span> 
     </span>
    </p>
   </div>
   <div class='ocr_carea' id='block_1_22' title="bbox 550 2262 2134 2341">
    <p class='ocr_par' dir='ltr' id='par_1_22' title="bbox 550 2262 2134 2341">
     <span class='ocr_line' id='line_1_22' title="bbox 550 2262 2134 2341; baseline -0.008 -14"><span class='ocrx_word' id='word_1_178' title='bbox 550 2272 821 2341; x_wconf 74' lang='lat' dir='ltr'><strong>regionem</strong></span> <span class='ocrx_word' id='word_1_179' title='bbox 859 2268 1128 2324; x_wconf 85' lang='lat' dir='ltr'><strong>distribuit</strong></span> <span class='ocrx_word' id='word_1_180' title='bbox 1173 2284 1186 2318; x_wconf 90' lang='lat'><strong>:</strong></span> <span class='ocrx_word' id='word_1_181' title='bbox 1229 2279 1350 2321; x_wconf 90' lang='lat' dir='ltr'><strong>nam</strong></span> <span class='ocrx_word' id='word_1_182' title='bbox 1383 2263 1450 2319; x_wconf 90' lang='lat' dir='ltr'><strong>ab</strong></span> <span class='ocrx_word' id='word_1_183' title='bbox 1477 2264 1628 2318; x_wconf 89' lang='lat' dir='ltr'><strong>initio</strong></span> <span class='ocrx_word' id='word_1_184' title='bbox 1656 2262 1848 2332; x_wconf 88' lang='lat' dir='ltr'><strong>cuique</strong></span> <span class='ocrx_word' id='word_1_185' title='bbox 1874 2277 2001 2318; x_wconf 87' lang='lat' dir='ltr'><strong>suos</strong></span> <span class='ocrx_word' id='word_1_186' title='bbox 2031 2272 2134 2316; x_wconf 92' lang='lat' dir='ltr'><strong>ter-</strong></span> 
     </span>
    </p>
   </div>
   <div class='ocr_carea' id='block_1_23' title="bbox 549 2355 2135 2430">
    <p class='ocr_par' dir='ltr' id='par_1_23' title="bbox 549 2355 2135 2430">
     <span class='ocr_line' id='line_1_23' title="bbox 549 2355 2135 2430; baseline -0.004 -13"><span class='ocrx_word' id='word_1_187' title='bbox 549 2366 725 2418; x_wconf 87' lang='lat' dir='ltr'><strong>minos</strong></span> <span class='ocrx_word' id='word_1_188' title='bbox 753 2361 977 2430; x_wconf 77' lang='lat' dir='ltr'><strong>przelixit</strong></span> <span class='ocrx_word' id='word_1_189' title='bbox 1001 2400 1018 2426; x_wconf 91' lang='lat'><strong>,</strong></span> <span class='ocrx_word' id='word_1_190' title='bbox 1048 2373 1185 2430; x_wconf 90' lang='lat' dir='ltr'><strong>quos</strong></span> <span class='ocrx_word' id='word_1_191' title='bbox 1224 2366 1479 2428; x_wconf 88' lang='lat' dir='ltr'><strong>perpetuo</strong></span> <span class='ocrx_word' id='word_1_192' title='bbox 1521 2357 1720 2425; x_wconf 89' lang='lat' dir='ltr'><strong>absque</strong></span> <span class='ocrx_word' id='word_1_193' title='bbox 1758 2355 2135 2425; x_wconf 88' lang='lat' dir='ltr'><strong>impedimento</strong></span> 
     </span>
    </p>
   </div>
   <div class='ocr_carea' id='block_1_24' title="bbox 548 2445 2134 2520">
    <p class='ocr_par' dir='ltr' id='par_1_24' title="bbox 548 2445 2134 2520">
     <span class='ocr_line' id='line_1_24' title="bbox 548 2445 2134 2520; baseline -0.005 -13"><span class='ocrx_word' id='word_1_194' title='bbox 548 2452 859 2508; x_wconf 72' lang='lat' dir='ltr'><strong>custodiret.</strong></span> <span class='ocrx_word' id='word_1_195' title='bbox 888 2451 945 2506; x_wconf 91' lang='lat' dir='ltr'><strong>ld</strong></span> <span class='ocrx_word' id='word_1_196' title='bbox 975 2450 1113 2520; x_wconf 91' lang='lat' dir='ltr'><strong>quod</strong></span> <span class='ocrx_word' id='word_1_197' title='bbox 1134 2448 1371 2515; x_wconf 84' lang='lat' dir='ltr'><strong>cuilibet,</strong></span> <span class='ocrx_word' id='word_1_198' title='bbox 1395 2448 1485 2518; x_wconf 81' lang='lat' dir='ltr'><strong>qui</strong></span> <span class='ocrx_word' id='word_1_199' title='bbox 1512 2457 1657 2502; x_wconf 88' lang='lat' dir='ltr'><strong>recte</strong></span> <span class='ocrx_word' id='word_1_200' title='bbox 1681 2446 1868 2514; x_wconf 84' lang='lat' dir='ltr'><strong>sapiat,</strong></span> <span class='ocrx_word' id='word_1_201' title='bbox 1894 2445 2134 2500; x_wconf 90' lang='lat' dir='ltr'><strong>contueri</strong></span> 
     </span>
    </p>
   </div>
   <div class='ocr_carea' id='block_1_25' title="bbox 548 2537 2134 2613">
    <p class='ocr_par' dir='ltr' id='par_1_25' title="bbox 548 2537 2134 2613">
     <span class='ocr_line' id='line_1_25' title="bbox 548 2537 2134 2613; baseline -0.006 -14"><span class='ocrx_word' id='word_1_202' title='bbox 548 2545 712 2611; x_wconf 89' lang='lat' dir='ltr'><strong>licet,</strong></span> <span class='ocrx_word' id='word_1_203' title='bbox 754 2541 1022 2613; x_wconf 89' lang='lat' dir='ltr'><strong>quomodo</strong></span> <span class='ocrx_word' id='word_1_204' title='bbox 1068 2556 1136 2595; x_wconf 85' lang='lat' dir='ltr'><strong>ex</strong></span> <span class='ocrx_word' id='word_1_205' title='bbox 1186 2555 1252 2595; x_wconf 91' lang='lat' dir='ltr'><strong>eo</strong></span> <span class='ocrx_word' id='word_1_206' title='bbox 1300 2548 1537 2609; x_wconf 89' lang='lat' dir='ltr'><strong>tempore</strong></span> <span class='ocrx_word' id='word_1_207' title='bbox 1581 2552 1748 2607; x_wconf 86' lang='lat' dir='ltr'><strong>usque</strong></span> <span class='ocrx_word' id='word_1_208' title='bbox 1797 2537 1847 2590; x_wconf 91' lang='lat' dir='ltr'><strong>in</strong></span> <span class='ocrx_word' id='word_1_209' title='bbox 1897 2551 2134 2606; x_wconf 76' lang='lat' dir='ltr'><strong>prtesens</strong></span> 
     </span>
    </p>
   </div>
   <div class='ocr_carea' id='block_1_26' title="bbox 555 2628 2136 2702">
    <p class='ocr_par' dir='ltr' id='par_1_26' title="bbox 555 2628 2136 2702">
     <span class='ocr_line' id='line_1_26' title="bbox 555 2628 2136 2702; baseline -0.002 -16"><span class='ocrx_word' id='word_1_210' title='bbox 555 2647 728 2702; x_wconf 86' lang='lat' dir='ltr'><strong>neque</strong></span> <span class='ocrx_word' id='word_1_211' title='bbox 784 2633 871 2685; x_wconf 86' lang='lat' dir='ltr'><strong>lux</strong></span> <span class='ocrx_word' id='word_1_212' title='bbox 935 2630 1193 2685; x_wconf 86' lang='lat' dir='ltr'><strong>terminos</strong></span> <span class='ocrx_word' id='word_1_213' title='bbox 1250 2644 1378 2684; x_wconf 87' lang='lat' dir='ltr'><strong>suos</strong></span> <span class='ocrx_word' id='word_1_214' title='bbox 1434 2638 1760 2697; x_wconf 88' lang='lat' dir='ltr'><strong>transgressa</strong></span> <span class='ocrx_word' id='word_1_215' title='bbox 1810 2628 1911 2692; x_wconf 87' lang='lat' dir='ltr'><strong>sit,</strong></span> <span class='ocrx_word' id='word_1_216' title='bbox 1964 2642 2136 2697; x_wconf 84' lang='lat' dir='ltr'><strong>neque</strong></span> 
     </span>
    </p>
   </div>
   <div class='ocr_carea' id='block_1_27' title="bbox 562 2717 2137 2789">
    <p class='ocr_par' dir='ltr' id='par_1_27' title="bbox 562 2717 2137 2789">
     <span class='ocr_line' id='line_1_27' title="bbox 562 2717 2137 2789; baseline -0.003 -11"><span class='ocrx_word' id='word_1_217' title='bbox 562 2724 795 2778; x_wconf 55' lang='lat' dir='ltr'><strong>tenebrae</strong></span> <span class='ocrx_word' id='word_1_218' title='bbox 822 2736 977 2777; x_wconf 91' lang='lat' dir='ltr'><strong>suum</strong></span> <span class='ocrx_word' id='word_1_219' title='bbox 1007 2721 1246 2775; x_wconf 90' lang='lat' dir='ltr'><strong>ordinem</strong></span> <span class='ocrx_word' id='word_1_220' title='bbox 1292 2719 1688 2789; x_wconf 80' lang='lat' dir='ltr'><strong>praeterierint,</strong></span> <span class='ocrx_word' id='word_1_221' title='bbox 1732 2717 2043 2774; x_wconf 81' lang='lat' dir='ltr'><strong>confusione</strong></span> <span class='ocrx_word' id='word_1_222' title='bbox 2080 2727 2137 2774; x_wconf 89' lang='lat' dir='ltr'><strong>et</strong></span> 
     </span>
    </p>
   </div>
   <div class='ocr_carea' id='block_1_28' title="bbox 552 2807 2132 2885">
    <p class='ocr_par' dir='ltr' id='par_1_28' title="bbox 552 2807 2132 2885">
     <span class='ocr_line' id='line_1_28' title="bbox 552 2807 2132 2885; baseline -0.003 -18"><span class='ocrx_word' id='word_1_223' title='bbox 552 2813 949 2885; x_wconf 89' lang='lat' dir='ltr'><strong>perturbatione</strong></span> <span class='ocrx_word' id='word_1_224' title='bbox 992 2809 1220 2882; x_wconf 88' lang='lat' dir='ltr'><strong>quadam</strong></span> <span class='ocrx_word' id='word_1_225' title='bbox 1265 2809 1586 2864; x_wconf 91' lang='lat' dir='ltr'><strong>introducta.</strong></span> <span class='ocrx_word' id='word_1_226' title='bbox 1635 2808 1774 2864; x_wconf 83' lang='lat' dir='ltr'><strong>Sane</strong></span> <span class='ocrx_word' id='word_1_227' title='bbox 1821 2807 1923 2864; x_wconf 92' lang='lat' dir='ltr'><strong>hoc</strong></span> <span class='ocrx_word' id='word_1_228' title='bbox 1969 2824 2132 2864; x_wconf 91' lang='lat' dir='ltr'><strong>unum</strong></span> 
     </span>
    </p>
   </div>
   <div class='ocr_carea' id='block_1_29' title="bbox 551 2898 2136 2974">
    <p class='ocr_par' dir='ltr' id='par_1_29' title="bbox 551 2898 2136 2974">
     <span class='ocr_line' id='line_1_29' title="bbox 551 2898 2136 2974; baseline -0.003 -16"><span class='ocrx_word' id='word_1_229' title='bbox 551 2904 769 2974; x_wconf 77' lang='lat' dir='ltr'><strong>ingratis</strong></span> <span class='ocrx_word' id='word_1_230' title='bbox 797 2904 904 2957; x_wconf 84' lang='lat' dir='ltr'><strong>illis</strong></span> <span class='ocrx_word' id='word_1_231' title='bbox 933 2902 1181 2957; x_wconf 87' lang='lat' dir='ltr'><strong>sufficere</strong></span> <span class='ocrx_word' id='word_1_232' title='bbox 1210 2901 1462 2968; x_wconf 87' lang='lat' dir='ltr'><strong>deberet,</strong></span> <span class='ocrx_word' id='word_1_233' title='bbox 1490 2908 1548 2954; x_wconf 93' lang='lat' dir='ltr'><strong>ut</strong></span> <span class='ocrx_word' id='word_1_234' title='bbox 1572 2898 1850 2956; x_wconf 88' lang='lat' dir='ltr'><strong>crederent</strong></span> <span class='ocrx_word' id='word_1_235' title='bbox 1874 2908 1929 2955; x_wconf 90' lang='lat' dir='ltr'><strong>et</strong></span> <span class='ocrx_word' id='word_1_236' title='bbox 1952 2899 2136 2955; x_wconf 55' lang='lat' dir='ltr'><strong>obedi-</strong></span> 
     </span>
    </p>
   </div>
   <div class='ocr_carea' id='block_1_30' title="bbox 551 2989 2138 3062">
    <p class='ocr_par' dir='ltr' id='par_1_30' title="bbox 551 2989 2138 3062">
     <span class='ocr_line' id='line_1_30' title="bbox 551 2989 2138 3062; baseline -0.003 -12"><span class='ocrx_word' id='word_1_237' title='bbox 551 3003 671 3051; x_wconf 90' lang='lat' dir='ltr'><strong>rent</strong></span> <span class='ocrx_word' id='word_1_238' title='bbox 724 2995 788 3049; x_wconf 87' lang='lat' dir='ltr'><strong>iis</strong></span> <span class='ocrx_word' id='word_1_239' title='bbox 831 3008 950 3062; x_wconf 72' lang='lat' dir='ltr'><strong>quae</strong></span> <span class='ocrx_word' id='word_1_240' title='bbox 992 3007 1021 3046; x_wconf 88' lang='lat' dir='ltr'><strong>a</strong></span> <span class='ocrx_word' id='word_1_241' title='bbox 1061 2991 1237 3046; x_wconf 87' lang='lat' dir='ltr'><strong>divina</strong></span> <span class='ocrx_word' id='word_1_242' title='bbox 1278 2990 1549 3060; x_wconf 86' lang='lat' dir='ltr'><strong>Scriptura</strong></span> <span class='ocrx_word' id='word_1_243' title='bbox 1597 2989 1734 3044; x_wconf 89' lang='lat' dir='ltr'><strong>dicta</strong></span> <span class='ocrx_word' id='word_1_244' title='bbox 1764 2998 1932 3045; x_wconf 88' lang='lat' dir='ltr'><strong>sunt:</strong></span> <span class='ocrx_word' id='word_1_245' title='bbox 1967 2989 2039 3045; x_wconf 86' lang='lat' dir='ltr'><strong>ita</strong></span> <span class='ocrx_word' id='word_1_246' title='bbox 2081 2997 2138 3045; x_wconf 90' lang='lat' dir='ltr'><strong>ut</strong></span> 
     </span>
    </p>
   </div>
   <div class='ocr_carea' id='block_1_31' title="bbox 553 3079 2139 3149">
    <p class='ocr_par' dir='ltr' id='par_1_31' title="bbox 553 3079 2139 3149">
     <span class='ocr_line' id='line_1_31' title="bbox 553 3079 2139 3149; baseline -0.004 -10"><span class='ocrx_word' id='word_1_247' title='bbox 553 3084 640 3141; x_wconf 86' lang='lat' dir='ltr'><strong>vel</strong></span> <span class='ocrx_word' id='word_1_248' title='bbox 703 3083 966 3138; x_wconf 87' lang='lat' dir='ltr'><strong>elementa</strong></span> <span class='ocrx_word' id='word_1_249' title='bbox 1012 3082 1318 3146; x_wconf 90' lang='lat' dir='ltr'><strong>imitantes,</strong></span> <span class='ocrx_word' id='word_1_250' title='bbox 1377 3095 1496 3149; x_wconf 76' lang='lat' dir='ltr'><strong>quae</strong></span> <span class='ocrx_word' id='word_1_251' title='bbox 1553 3093 1770 3134; x_wconf 86' lang='lat' dir='ltr'><strong>cursum</strong></span> <span class='ocrx_word' id='word_1_252' title='bbox 1821 3079 2139 3135; x_wconf 73' lang='lat' dir='ltr'><strong>inoffensum</strong></span> 
     </span>
    </p>
   </div>
   <div class='ocr_carea' id='block_1_32' title="bbox 553 3170 2136 3245">
    <p class='ocr_par' dir='ltr' id='par_1_32' title="bbox 553 3170 2136 3245">
     <span class='ocr_line' id='line_1_32' title="bbox 553 3170 2136 3245; baseline -0.003 -16"><span class='ocrx_word' id='word_1_253' title='bbox 553 3183 812 3245; x_wconf 85' lang='lat' dir='ltr'><strong>perpetuo</strong></span> <span class='ocrx_word' id='word_1_254' title='bbox 866 3180 1123 3238; x_wconf 87' lang='lat' dir='ltr'><strong>servant,</strong></span> <span class='ocrx_word' id='word_1_255' title='bbox 1179 3171 1453 3226; x_wconf 88' lang='lat' dir='ltr'><strong>dimensos</strong></span> <span class='ocrx_word' id='word_1_256' title='bbox 1519 3170 1775 3225; x_wconf 84' lang='lat' dir='ltr'><strong>terminos</strong></span> <span class='ocrx_word' id='word_1_257' title='bbox 1841 3183 1967 3226; x_wconf 87' lang='lat' dir='ltr'><strong>suos</strong></span> <span class='ocrx_word' id='word_1_258' title='bbox 2029 3184 2136 3225; x_wconf 86' lang='lat' dir='ltr'><strong>non</strong></span> 
     </span>
    </p>
   </div>
   <div class='ocr_carea' id='block_1_33' title="bbox 554 3263 2139 3337">
    <p class='ocr_par' dir='ltr' id='par_1_33' title="bbox 554 3263 2139 3337">
     <span class='ocr_line' id='line_1_33' title="bbox 554 3263 2139 3337; baseline -0.002 -15"><span class='ocrx_word' id='word_1_259' title='bbox 554 3265 1089 3337; x_wconf 65' lang='lat' dir='ltr'><strong>praetergrediantur,</strong></span> <span class='ocrx_word' id='word_1_260' title='bbox 1151 3264 1243 3319; x_wconf 88' lang='lat' dir='ltr'><strong>sed</strong></span> <span class='ocrx_word' id='word_1_261' title='bbox 1300 3271 1590 3332; x_wconf 71' lang='lat' dir='ltr'><strong>agnoscant</strong></span> <span class='ocrx_word' id='word_1_262' title='bbox 1652 3263 1924 3333; x_wconf 87' lang='lat' dir='ltr'><strong>pr0priam</strong></span> <span class='ocrx_word' id='word_1_263' title='bbox 1985 3271 2139 3319; x_wconf 86' lang='lat' dir='ltr'><strong>natu-</strong></span> 
     </span>
    </p>
   </div>
   <div class='ocr_carea' id='block_1_34' title="bbox 557 3351 2135 3425">
    <p class='ocr_par' dir='ltr' id='par_1_34' title="bbox 557 3351 2135 3425">
     <span class='ocr_line' id='line_1_34' title="bbox 557 3351 2135 3425; baseline -0.004 -14"><span class='ocrx_word' id='word_1_264' title='bbox 557 3374 692 3412; x_wconf 87' lang='lat' dir='ltr'><strong>ram.</strong></span> <span class='ocrx_word' id='word_1_265' title='bbox 743 3355 878 3410; x_wconf 84' lang='lat' dir='ltr'><strong>Exin</strong></span> <span class='ocrx_word' id='word_1_266' title='bbox 925 3363 1204 3425; x_wconf 85' lang='lat' dir='ltr'><strong>postquam</strong></span> <span class='ocrx_word' id='word_1_267' title='bbox 1253 3352 1462 3422; x_wconf 90' lang='lat' dir='ltr'><strong>utrique</strong></span> <span class='ocrx_word' id='word_1_268' title='bbox 1507 3365 1661 3406; x_wconf 89' lang='lat' dir='ltr'><strong>suum</strong></span> <span class='ocrx_word' id='word_1_269' title='bbox 1710 3366 1903 3406; x_wconf 86' lang='lat' dir='ltr'><strong>nomen</strong></span> <span class='ocrx_word' id='word_1_270' title='bbox 1946 3351 2135 3417; x_wconf 85' lang='lat' dir='ltr'><strong>dedit,</strong></span> 
     </span>
    </p>
   </div>
   <div class='ocr_carea' id='block_1_35' title="bbox 556 3439 2138 3517">
    <p class='ocr_par' dir='ltr' id='par_1_35' title="bbox 556 3439 2138 3517">
     <span class='ocr_line' id='line_1_35' title="bbox 556 3439 2138 3517; baseline -0.006 -14"><span class='ocrx_word' id='word_1_271' title='bbox 556 3458 839 3517; x_wconf 90' lang='lat' dir='ltr'><strong>utrumque</strong></span> <span class='ocrx_word' id='word_1_272' title='bbox 882 3446 934 3500; x_wconf 91' lang='lat' dir='ltr'><strong>in</strong></span> <span class='ocrx_word' id='word_1_273' title='bbox 975 3460 1136 3499; x_wconf 89' lang='lat' dir='ltr'><strong>unum</strong></span> <span class='ocrx_word' id='word_1_274' title='bbox 1175 3443 1430 3513; x_wconf 89' lang='lat' dir='ltr'><strong>copulans</strong></span> <span class='ocrx_word' id='word_1_275' title='bbox 1457 3441 1617 3506; x_wconf 86' lang='lat' dir='ltr'><strong>dicit,</strong></span> <span class='ocrx_word' id='word_1_276' title='bbox 1660 3443 1716 3497; x_wconf 86' lang='lat'><strong>5.</strong></span> <span class='ocrx_word' id='word_1_277' title='bbox 1747 3439 1817 3494; x_wconf 86' lang='lat' dir='ltr'><strong>Et</strong></span> <span class='ocrx_word' id='word_1_278' title='bbox 1842 3445 2034 3512; x_wconf 77' lang='lat' dir='ltr'><strong>factum</strong></span> <span class='ocrx_word' id='word_1_279' title='bbox 2067 3451 2138 3495; x_wconf 82' lang='lat' dir='ltr'><strong>est</strong></span> 
     </span>
    </p>
   </div>
   <div class='ocr_carea' id='block_1_36' title="bbox 559 3531 2138 3608">
    <p class='ocr_par' dir='ltr' id='par_1_36' title="bbox 559 3531 2138 3608">
     <span class='ocr_line' id='line_1_36' title="bbox 559 3531 2138 3608; baseline -0.003 -16"><span class='ocrx_word' id='word_1_280' title='bbox 559 3553 780 3608; x_wconf 82' lang='lat' dir='ltr'><strong>vespere,</strong></span> <span class='ocrx_word' id='word_1_281' title='bbox 807 3545 854 3589; x_wconf 82' lang='lat' dir='ltr'><strong>et</strong></span> <span class='ocrx_word' id='word_1_282' title='bbox 894 3540 1085 3606; x_wconf 75' lang='lat' dir='ltr'><strong>factum</strong></span> <span class='ocrx_word' id='word_1_283' title='bbox 1108 3543 1180 3588; x_wconf 84' lang='lat' dir='ltr'><strong>est</strong></span> <span class='ocrx_word' id='word_1_284' title='bbox 1209 3548 1357 3587; x_wconf 87' lang='lat' dir='ltr'><strong>mane</strong></span> <span class='ocrx_word' id='word_1_285' title='bbox 1375 3573 1388 3598; x_wconf 93' lang='lat'><strong>,</strong></span> <span class='ocrx_word' id='word_1_286' title='bbox 1420 3532 1526 3586; x_wconf 71' lang='lat' dir='ltr'><strong>dies</strong></span> <span class='ocrx_word' id='word_1_287' title='bbox 1557 3547 1705 3585; x_wconf 90' lang='lat' dir='ltr'><strong>unus.</strong></span> <span class='ocrx_word' id='word_1_288' title='bbox 1738 3531 1923 3587; x_wconf 87' lang='lat' dir='ltr'><strong>Finem</strong></span> <span class='ocrx_word' id='word_1_289' title='bbox 1950 3531 2054 3587; x_wconf 88' lang='lat' dir='ltr'><strong>diei</strong></span> <span class='ocrx_word' id='word_1_290' title='bbox 2085 3542 2138 3587; x_wconf 90' lang='lat' dir='ltr'><strong>et</strong></span> 
     </span>
    </p>
   </div>
   <div class='ocr_carea' id='block_1_37' title="bbox 560 3622 2136 3693">
    <p class='ocr_par' dir='ltr' id='par_1_37' title="bbox 560 3622 2136 3693">
     <span class='ocr_line' id='line_1_37' title="bbox 560 3622 2136 3693; baseline -0.004 -10"><span class='ocrx_word' id='word_1_291' title='bbox 560 3631 720 3684; x_wconf 80' lang='lat' dir='ltr'><strong>tinem</strong></span> <span class='ocrx_word' id='word_1_292' title='bbox 762 3626 933 3682; x_wconf 87' lang='lat' dir='ltr'><strong>noctis</strong></span> <span class='ocrx_word' id='word_1_293' title='bbox 961 3640 1124 3680; x_wconf 89' lang='lat' dir='ltr'><strong>unum</strong></span> <span class='ocrx_word' id='word_1_294' title='bbox 1155 3637 1406 3693; x_wconf 83' lang='lat' dir='ltr'><strong>expresse</strong></span> <span class='ocrx_word' id='word_1_295' title='bbox 1449 3622 1774 3686; x_wconf 79' lang='lat' dir='ltr'><strong>nominavit,</strong></span> <span class='ocrx_word' id='word_1_296' title='bbox 1805 3631 1862 3677; x_wconf 92' lang='lat' dir='ltr'><strong>ut</strong></span> <span class='ocrx_word' id='word_1_297' title='bbox 1898 3622 2136 3676; x_wconf 87' lang='lat' dir='ltr'><strong>ordinem</strong></span> 
     </span>
    </p>
   </div>
   <div class='ocr_carea' id='block_1_38' title="bbox 557 3713 2128 3790">
    <p class='ocr_par' dir='ltr' id='par_1_38' title="bbox 557 3713 2128 3790">
     <span class='ocr_line' id='line_1_38' title="bbox 557 3713 2128 3790; baseline -0.002 -18"><span class='ocrx_word' id='word_1_298' title='bbox 557 3719 791 3790; x_wconf 88' lang='lat' dir='ltr'><strong>aliquem</strong></span> <span class='ocrx_word' id='word_1_299' title='bbox 813 3725 866 3772; x_wconf 91' lang='lat' dir='ltr'><strong>et</strong></span> <span class='ocrx_word' id='word_1_300' title='bbox 885 3716 1319 3786; x_wconf 85' lang='lat' dir='ltr'><strong>consequentiam</strong></span> <span class='ocrx_word' id='word_1_301' title='bbox 1346 3722 1607 3769; x_wconf 88' lang='lat' dir='ltr'><strong>statueret</strong></span> <span class='ocrx_word' id='word_1_302' title='bbox 1628 3713 1934 3780; x_wconf 81' lang='lat' dir='ltr'><strong>visibilium,</strong></span> <span class='ocrx_word' id='word_1_303' title='bbox 1957 3714 2128 3769; x_wconf 84' lang='lat' dir='ltr'><strong>nulla-</strong></span> 
     </span>
    </p>
   </div>
   <div class='ocr_carea' id='block_1_39' title="bbox 563 3805 1124 3879">
    <p class='ocr_par' dir='ltr' id='par_1_39' title="bbox 563 3805 1124 3879">
     <span class='ocr_line' id='line_1_39' title="bbox 563 3805 1124 3879; baseline -0.009 -16"><span class='ocrx_word' id='word_1_304' title='bbox 563 3823 668 3879; x_wconf 91' lang='lat' dir='ltr'><strong>que</strong></span> <span class='ocrx_word' id='word_1_305' title='bbox 689 3807 837 3864; x_wconf 84' lang='lat' dir='ltr'><strong>tieret</strong></span> <span class='ocrx_word' id='word_1_306' title='bbox 862 3805 1124 3863; x_wconf 87' lang='lat' dir='ltr'><strong>confusio.</strong></span> 
     </span>
    </p>
   </div>
   <div class='ocr_carea' id='block_1_40' title="bbox 623 3893 2138 3963">
    <p class='ocr_par' dir='ltr' id='par_1_40' title="bbox 623 3893 2138 3963">
     <span class='ocr_line' id='line_1_40' title="bbox 623 3893 2138 3963; baseline -0.003 -11"><span class='ocrx_word' id='word_1_307' title='bbox 623 3897 726 3953; x_wconf 86' lang='lat' dir='ltr'><strong>Cur</strong></span> <span class='ocrx_word' id='word_1_308' title='bbox 745 3897 885 3952; x_wconf 87' lang='lat' dir='ltr'><strong>Deus</strong></span> <span class='ocrx_word' id='word_1_309' title='bbox 919 3913 1020 3951; x_wconf 86' lang='lat' dir='ltr'><strong>non</strong></span> <span class='ocrx_word' id='word_1_310' title='bbox 1054 3896 1224 3950; x_wconf 86' lang='lat' dir='ltr'><strong>omnia</strong></span> <span class='ocrx_word' id='word_1_311' title='bbox 1238 3894 1393 3949; x_wconf 83' lang='lat' dir='ltr'><strong>simul</strong></span> <span class='ocrx_word' id='word_1_312' title='bbox 1406 3909 1506 3948; x_wconf 88' lang='lat' dir='ltr'><strong>uno</strong></span> <span class='ocrx_word' id='word_1_313' title='bbox 1518 3894 1601 3948; x_wconf 88' lang='lat' dir='ltr'><strong>die</strong></span> <span class='ocrx_word' id='word_1_314' title='bbox 1615 3893 1942 3963; x_wconf 64' lang='lat' dir='ltr'><strong>produxerit;</strong></span> <span class='ocrx_word' id='word_1_315' title='bbox 1956 3903 2138 3950; x_wconf 81' lang='lat' dir='ltr'><strong>contra</strong></span> 
     </span>
    </p>
   </div>
   <div class='ocr_carea' id='block_1_41' title="bbox 554 3981 2134 4061">
    <p class='ocr_par' dir='ltr' id='par_1_41' title="bbox 554 3981 2134 4061">
     <span class='ocr_line' id='line_1_41' title="bbox 554 3981 2134 4061; baseline -0.004 -17"><span class='ocrx_word' id='word_1_316' title='bbox 554 4005 636 4044; x_wconf 84' lang='lat' dir='ltr'><strong>eos</strong></span> <span class='ocrx_word' id='word_1_317' title='bbox 658 3990 744 4061; x_wconf 85' lang='lat' dir='ltr'><strong>qui</strong></span> <span class='ocrx_word' id='word_1_318' title='bbox 759 3989 928 4042; x_wconf 87' lang='lat' dir='ltr'><strong>omnia</strong></span> <span class='ocrx_word' id='word_1_319' title='bbox 945 3986 1150 4058; x_wconf 76' lang='lat' dir='ltr'><strong>fortuito</strong></span> <span class='ocrx_word' id='word_1_320' title='bbox 1178 3984 1288 4054; x_wconf 81' lang='lat' dir='ltr'><strong>ﬁeri</strong></span> <span class='ocrx_word' id='word_1_321' title='bbox 1324 3983 1517 4037; x_wconf 84' lang='lat' dir='ltr'><strong>dicunt.</strong></span> <span class='ocrx_word' id='word_1_322' title='bbox 1545 4012 1616 4022; x_wconf 96' lang='lat'><strong><em>—</em></strong></span> <span class='ocrx_word' id='word_1_323' title='bbox 1650 3982 1844 4038; x_wconf 87' lang='lat' dir='ltr'><strong>Verum</strong></span> <span class='ocrx_word' id='word_1_324' title='bbox 1865 3981 2134 4039; x_wconf 88' lang='lat' dir='ltr'><strong>discamus</strong></span> 
     </span>
    </p>
   </div>
   <div class='ocr_carea' id='block_1_42' title="bbox 555 4074 2138 4152">
    <p class='ocr_par' dir='ltr' id='par_1_42' title="bbox 555 4074 2138 4152">
     <span class='ocr_line' id='line_1_42' title="bbox 555 4074 2138 4152; baseline -0.004 -15"><span class='ocrx_word' id='word_1_325' title='bbox 555 4089 765 4152; x_wconf 86' lang='lat' dir='ltr'><strong>oportet</strong></span> <span class='ocrx_word' id='word_1_326' title='bbox 789 4094 820 4135; x_wconf 91' lang='lat' dir='ltr'><strong>a</strong></span> <span class='ocrx_word' id='word_1_327' title='bbox 846 4079 1050 4150; x_wconf 81' lang='lat' dir='ltr'><strong>Spiritu</strong></span> <span class='ocrx_word' id='word_1_328' title='bbox 1075 4085 1260 4132; x_wconf 87' lang='lat' dir='ltr'><strong>sancto</strong></span> <span class='ocrx_word' id='word_1_329' title='bbox 1290 4091 1387 4146; x_wconf 89' lang='lat' dir='ltr'><strong>per</strong></span> <span class='ocrx_word' id='word_1_330' title='bbox 1404 4074 1636 4145; x_wconf 75' lang='lat' dir='ltr'><strong>linguam</strong></span> <span class='ocrx_word' id='word_1_331' title='bbox 1669 4074 1808 4130; x_wconf 87' lang='lat' dir='ltr'><strong>beati</strong></span> <span class='ocrx_word' id='word_1_332' title='bbox 1838 4075 1992 4145; x_wconf 81' lang='lat' dir='ltr'><strong>hujus</strong></span> <span class='ocrx_word' id='word_1_333' title='bbox 2015 4091 2138 4145; x_wconf 84' lang='lat' dir='ltr'><strong>pro-</strong></span> 
     </span>
    </p>
   </div>
   <div class='ocr_carea' id='block_1_43' title="bbox 555 4163 2135 4243">
    <p class='ocr_par' dir='ltr' id='par_1_43' title="bbox 555 4163 2135 4243">
     <span class='ocr_line' id='line_1_43' title="bbox 555 4163 2135 4243; baseline -0.004 -16"><span class='ocrx_word' id='word_1_334' title='bbox 555 4174 750 4243; x_wconf 67' lang='lat' dir='ltr'><strong>phetat,</strong></span> <span class='ocrx_word' id='word_1_335' title='bbox 783 4185 900 4241; x_wconf 80' lang='lat' dir='ltr'><strong>qnze</strong></span> <span class='ocrx_word' id='word_1_336' title='bbox 917 4168 1088 4238; x_wconf 90' lang='lat' dir='ltr'><strong>primo</strong></span> <span class='ocrx_word' id='word_1_337' title='bbox 1112 4166 1200 4221; x_wconf 91' lang='lat' dir='ltr'><strong>die</strong></span> <span class='ocrx_word' id='word_1_338' title='bbox 1225 4164 1438 4221; x_wconf 89' lang='lat' dir='ltr'><strong>condita</strong></span> <span class='ocrx_word' id='word_1_339' title='bbox 1466 4171 1610 4231; x_wconf 87' lang='lat' dir='ltr'><strong>sunt,</strong></span> <span class='ocrx_word' id='word_1_340' title='bbox 1635 4172 1689 4218; x_wconf 92' lang='lat' dir='ltr'><strong>et</strong></span> <span class='ocrx_word' id='word_1_341' title='bbox 1711 4178 1829 4234; x_wconf 64' lang='lat' dir='ltr'><strong>qua</strong></span> <span class='ocrx_word' id='word_1_342' title='bbox 1848 4163 1985 4220; x_wconf 88' lang='lat' dir='ltr'><strong>aliis.</strong></span> <span class='ocrx_word' id='word_1_343' title='bbox 2004 4165 2135 4220; x_wconf 82' lang='lat' dir='ltr'><strong>Nam</strong></span> 
     </span>
    </p>
   </div>
   <div class='ocr_carea' id='block_1_44' title="bbox 559 4249 2137 4332">
    <p class='ocr_par' dir='ltr' id='par_1_44' title="bbox 559 4249 2137 4332">
     <span class='ocr_line' id='line_1_44' title="bbox 559 4249 2137 4332; baseline -0.006 -11"><span class='ocrx_word' id='word_1_344' title='bbox 559 4274 613 4321; x_wconf 90' lang='lat' dir='ltr'><strong>et</strong></span> <span class='ocrx_word' id='word_1_345' title='bbox 639 4263 779 4319; x_wconf 89' lang='lat' dir='ltr'><strong>istud</strong></span> <span class='ocrx_word' id='word_1_346' title='bbox 807 4263 978 4332; x_wconf 88' lang='lat' dir='ltr'><strong>ipsum</strong></span> <span class='ocrx_word' id='word_1_347' title='bbox 1008 4249 1330 4316; x_wconf 75' lang='lat' dir='ltr'><strong>clemeniem</strong></span> <span class='ocrx_word' id='word_1_348' title='bbox 1353 4257 1518 4312; x_wconf 90' lang='lat' dir='ltr'><strong>Deum</strong></span> <span class='ocrx_word' id='word_1_349' title='bbox 1545 4269 1665 4310; x_wconf 87' lang='lat' dir='ltr'><strong>sese</strong></span> <span class='ocrx_word' id='word_1_350' title='bbox 1698 4263 2137 4324; x_wconf 86' lang='lat' dir='ltr'><strong>attemperantem</strong></span> 
     </span>
    </p>
   </div>
   <div class='ocr_carea' id='block_1_45' title="bbox 560 4345 2139 4421">
    <p class='ocr_par' dir='ltr' id='par_1_45' title="bbox 560 4345 2139 4421">
     <span class='ocr_line' id='line_1_45' title="bbox 560 4345 2139 4421; baseline -0.008 -10"><span class='ocrx_word' id='word_1_351' title='bbox 560 4355 794 4412; x_wconf 78' lang='lat' dir='ltr'><strong>exhibet.</strong></span> <span class='ocrx_word' id='word_1_352' title='bbox 812 4352 994 4421; x_wconf 81' lang='lat' dir='ltr'><strong>Neque</strong></span> <span class='ocrx_word' id='word_1_353' title='bbox 1017 4350 1160 4406; x_wconf 89' lang='lat' dir='ltr'><strong>enim</strong></span> <span class='ocrx_word' id='word_1_354' title='bbox 1181 4348 1333 4418; x_wconf 82' lang='lat' dir='ltr'><strong>inops</strong></span> <span class='ocrx_word' id='word_1_355' title='bbox 1357 4354 1473 4402; x_wconf 89' lang='lat' dir='ltr'><strong>erat</strong></span> <span class='ocrx_word' id='word_1_356' title='bbox 1492 4346 1828 4414; x_wconf 90' lang='lat' dir='ltr'><strong>omnipotens</strong></span> <span class='ocrx_word' id='word_1_357' title='bbox 1854 4345 1993 4400; x_wconf 87' lang='lat' dir='ltr'><strong>illius</strong></span> <span class='ocrx_word' id='word_1_358' title='bbox 2021 4360 2139 4399; x_wconf 88' lang='lat' dir='ltr'><strong>ma-</strong></span> 
     </span>
    </p>
   </div>
   <div class='ocr_carea' id='block_1_46' title="bbox 560 4433 2140 4507">
    <p class='ocr_par' dir='ltr' id='par_1_46' title="bbox 560 4433 2140 4507">
     <span class='ocr_line' id='line_1_46' title="bbox 560 4433 2140 4507; baseline -0.007 -7"><span class='ocrx_word' id='word_1_359' title='bbox 560 4460 659 4500; x_wconf 91' lang='lat' dir='ltr'><strong>nus</strong></span> <span class='ocrx_word' id='word_1_360' title='bbox 684 4456 738 4498; x_wconf 92' lang='lat' dir='ltr'><strong>et</strong></span> <span class='ocrx_word' id='word_1_361' title='bbox 766 4441 972 4497; x_wconf 90' lang='lat' dir='ltr'><strong>infinita</strong></span> <span class='ocrx_word' id='word_1_362' title='bbox 1017 4437 1296 4507; x_wconf 88' lang='lat' dir='ltr'><strong>sapientia,</strong></span> <span class='ocrx_word' id='word_1_363' title='bbox 1325 4445 1384 4491; x_wconf 92' lang='lat' dir='ltr'><strong>ut</strong></span> <span class='ocrx_word' id='word_1_364' title='bbox 1415 4450 1521 4491; x_wconf 89' lang='lat' dir='ltr'><strong>non</strong></span> <span class='ocrx_word' id='word_1_365' title='bbox 1552 4442 1733 4505; x_wconf 83' lang='lat' dir='ltr'><strong>posset</strong></span> <span class='ocrx_word' id='word_1_366' title='bbox 1757 4449 1861 4490; x_wconf 93' lang='lat' dir='ltr'><strong>uno</strong></span> <span class='ocrx_word' id='word_1_367' title='bbox 1881 4433 1968 4490; x_wconf 92' lang='lat' dir='ltr'><strong>die</strong></span> <span class='ocrx_word' id='word_1_368' title='bbox 2013 4449 2140 4504; x_wconf 88' lang='lat' dir='ltr'><strong>pro-</strong></span> 
     </span>
    </p>
   </div>
   <div class='ocr_carea' id='block_1_47' title="bbox 559 4526 2137 4597">
    <p class='ocr_par' dir='ltr' id='par_1_47' title="bbox 559 4526 2137 4597">
     <span class='ocr_line' id='line_1_47' title="bbox 559 4526 2137 4597; baseline -0.006 -6"><span class='ocrx_word' id='word_1_369' title='bbox 559 4538 756 4591; x_wconf 89' lang='lat' dir='ltr'><strong>ducere</strong></span> <span class='ocrx_word' id='word_1_370' title='bbox 793 4533 990 4587; x_wconf 91' lang='lat' dir='ltr'><strong>onmia.</strong></span> <span class='ocrx_word' id='word_1_371' title='bbox 1027 4529 1162 4597; x_wconf 84' lang='lat' dir='ltr'><strong>Quid</strong></span> <span class='ocrx_word' id='word_1_372' title='bbox 1202 4528 1343 4593; x_wconf 86' lang='lat' dir='ltr'><strong>dico,</strong></span> <span class='ocrx_word' id='word_1_373' title='bbox 1371 4541 1480 4581; x_wconf 89' lang='lat' dir='ltr'><strong>uno</strong></span> <span class='ocrx_word' id='word_1_374' title='bbox 1503 4526 1631 4582; x_wconf 77' lang='lat' dir='ltr'><strong>die?</strong></span> <span class='ocrx_word' id='word_1_375' title='bbox 1676 4526 1741 4580; x_wconf 85' lang='lat' dir='ltr'><strong>Et</strong></span> <span class='ocrx_word' id='word_1_376' title='bbox 1769 4526 1995 4597; x_wconf 87' lang='lat' dir='ltr'><strong>simplici</strong></span> <span class='ocrx_word' id='word_1_377' title='bbox 2023 4541 2137 4582; x_wconf 88' lang='lat' dir='ltr'><strong>mo-</strong></span> 
     </span>
    </p>
   </div>
   <div class='ocr_carea' id='block_1_48' title="bbox 562 4617 2139 4692">
    <p class='ocr_par' dir='ltr' id='par_1_48' title="bbox 562 4617 2139 4692">
     <span class='ocr_line' id='line_1_48' title="bbox 562 4617 2139 4692; baseline -0.008 -9"><span class='ocrx_word' id='word_1_378' title='bbox 562 4635 741 4683; x_wconf 87' lang='lat' dir='ltr'><strong>mento</strong></span> <span class='ocrx_word' id='word_1_379' title='bbox 769 4630 994 4692; x_wconf 87' lang='lat' dir='ltr'><strong>poterat.</strong></span> <span class='ocrx_word' id='word_1_380' title='bbox 1027 4619 1133 4676; x_wconf 89' lang='lat' dir='ltr'><strong>Sed</strong></span> <span class='ocrx_word' id='word_1_381' title='bbox 1173 4617 1602 4688; x_wconf 88' lang='lat' dir='ltr'><strong>quandoquidem</strong></span> <span class='ocrx_word' id='word_1_382' title='bbox 1630 4631 1716 4671; x_wconf 88' lang='lat' dir='ltr'><strong>res</strong></span> <span class='ocrx_word' id='word_1_383' title='bbox 1745 4632 1851 4671; x_wconf 89' lang='lat' dir='ltr'><strong>non</strong></span> <span class='ocrx_word' id='word_1_384' title='bbox 1893 4618 1963 4673; x_wconf 93' lang='lat' dir='ltr'><strong>ob</strong></span> <span class='ocrx_word' id='word_1_385' title='bbox 1988 4633 2139 4672; x_wconf 90' lang='lat' dir='ltr'><strong>suam</strong></span> 
     </span>
    </p>
   </div>
   <div class='ocr_carea' id='block_1_49' title="bbox 563 4707 2136 4782">
    <p class='ocr_par' dir='ltr' id='par_1_49' title="bbox 563 4707 2136 4782">
     <span class='ocr_line' id='line_1_49' title="bbox 563 4707 2136 4782; baseline -0.005 -12"><span class='ocrx_word' id='word_1_386' title='bbox 563 4715 845 4770; x_wconf 80' lang='lat' dir='ltr'><strong>utilitatem</strong></span> <span class='ocrx_word' id='word_1_387' title='bbox 887 4710 1169 4782; x_wconf 85' lang='lat' dir='ltr'><strong>produxit;</strong></span> <span class='ocrx_word' id='word_1_388' title='bbox 1198 4722 1370 4778; x_wconf 90' lang='lat' dir='ltr'><strong>neque</strong></span> <span class='ocrx_word' id='word_1_389' title='bbox 1391 4707 1531 4762; x_wconf 91' lang='lat' dir='ltr'><strong>enim</strong></span> <span class='ocrx_word' id='word_1_390' title='bbox 1561 4708 1665 4760; x_wconf 86' lang='lat' dir='ltr'><strong>ulla</strong></span> <span class='ocrx_word' id='word_1_391' title='bbox 1693 4721 1750 4761; x_wconf 91' lang='lat' dir='ltr'><strong>re</strong></span> <span class='ocrx_word' id='word_1_392' title='bbox 1779 4721 1912 4776; x_wconf 91' lang='lat' dir='ltr'><strong>opus</strong></span> <span class='ocrx_word' id='word_1_393' title='bbox 1941 4707 2098 4762; x_wconf 88' lang='lat' dir='ltr'><strong>habet</strong></span> <span class='ocrx_word' id='word_1_394' title='bbox 2122 4724 2136 4772; x_wconf 89' lang='lat'><strong>;</strong></span> 
     </span>
    </p>
   </div>
   <div class='ocr_carea' id='block_1_50' title="bbox 561 4797 2136 4869">
    <p class='ocr_par' dir='ltr' id='par_1_50' title="bbox 561 4797 2136 4869">
     <span class='ocr_line' id='line_1_50' title="bbox 561 4797 2136 4869; baseline -0.008 -6"><span class='ocrx_word' id='word_1_395' title='bbox 561 4806 654 4864; x_wconf 88' lang='lat' dir='ltr'><strong>sed</strong></span> <span class='ocrx_word' id='word_1_396' title='bbox 684 4805 753 4860; x_wconf 90' lang='lat' dir='ltr'><strong>ob</strong></span> <span class='ocrx_word' id='word_1_397' title='bbox 779 4817 929 4858; x_wconf 88' lang='lat' dir='ltr'><strong>suam</strong></span> <span class='ocrx_word' id='word_1_398' title='bbox 957 4799 1334 4869; x_wconf 83' lang='lat' dir='ltr'><strong>benignitatem</strong></span> <span class='ocrx_word' id='word_1_399' title='bbox 1361 4807 1418 4853; x_wconf 89' lang='lat' dir='ltr'><strong>et</strong></span> <span class='ocrx_word' id='word_1_400' title='bbox 1443 4797 1733 4852; x_wconf 86' lang='lat' dir='ltr'><strong>bonitatem</strong></span> <span class='ocrx_word' id='word_1_401' title='bbox 1765 4797 2001 4852; x_wconf 90' lang='lat' dir='ltr'><strong>condidit</strong></span> <span class='ocrx_word' id='word_1_402' title='bbox 2021 4814 2136 4851; x_wconf 89' lang='lat' dir='ltr'><strong>om-</strong></span> 
     </span>
    </p>
   </div>
   <div class='ocr_carea' id='block_1_51' title="bbox 561 4888 2134 4963">
    <p class='ocr_par' dir='ltr' id='par_1_51' title="bbox 561 4888 2134 4963">
     <span class='ocr_line' id='line_1_51' title="bbox 561 4888 2134 4963; baseline -0.006 -11"><span class='ocrx_word' id='word_1_403' title='bbox 561 4900 647 4952; x_wconf 90' lang='lat' dir='ltr'><strong>nia</strong></span> <span class='ocrx_word' id='word_1_404' title='bbox 690 4912 704 4949; x_wconf 88' lang='lat'><strong>:</strong></span> <span class='ocrx_word' id='word_1_405' title='bbox 743 4894 941 4952; x_wconf 89' lang='lat' dir='ltr'><strong>idcirco</strong></span> <span class='ocrx_word' id='word_1_406' title='bbox 970 4890 1303 4946; x_wconf 85' lang='lat' dir='ltr'><strong>successione</strong></span> <span class='ocrx_word' id='word_1_407' title='bbox 1332 4888 1557 4963; x_wconf 80' lang='lat' dir='ltr'><strong>quadam</strong></span> <span class='ocrx_word' id='word_1_408' title='bbox 1587 4897 1641 4942; x_wconf 91' lang='lat' dir='ltr'><strong>et</strong></span> <span class='ocrx_word' id='word_1_409' title='bbox 1686 4902 1780 4956; x_wconf 92' lang='lat' dir='ltr'><strong>per</strong></span> <span class='ocrx_word' id='word_1_410' title='bbox 1811 4897 1986 4956; x_wconf 87' lang='lat' dir='ltr'><strong>partes</strong></span> <span class='ocrx_word' id='word_1_411' title='bbox 2009 4903 2134 4943; x_wconf 82' lang='lat' dir='ltr'><strong>con-</strong></span> 
     </span>
    </p>
   </div>
   <div class='ocr_carea' id='block_1_52' title="bbox 561 4977 2138 5056">
    <p class='ocr_par' dir='ltr' id='par_1_52' title="bbox 561 4977 2138 5056">
     <span class='ocr_line' id='line_1_52' title="bbox 561 4977 2138 5056; baseline -0.008 -13"><span class='ocrx_word' id='word_1_412' title='bbox 561 4988 715 5056; x_wconf 87' lang='lat' dir='ltr'><strong>didit,</strong></span> <span class='ocrx_word' id='word_1_413' title='bbox 738 4993 793 5041; x_wconf 90' lang='lat' dir='ltr'><strong>ct</strong></span> <span class='ocrx_word' id='word_1_414' title='bbox 819 4983 1113 5040; x_wconf 87' lang='lat' dir='ltr'><strong>doctrinam</strong></span> <span class='ocrx_word' id='word_1_415' title='bbox 1154 4981 1308 5036; x_wconf 89' lang='lat' dir='ltr'><strong>nobis</strong></span> <span class='ocrx_word' id='word_1_416' title='bbox 1349 4978 1684 5034; x_wconf 77' lang='lat' dir='ltr'><strong>manifestam</strong></span> <span class='ocrx_word' id='word_1_417' title='bbox 1727 4977 1793 5032; x_wconf 92' lang='lat' dir='ltr'><strong>de</strong></span> <span class='ocrx_word' id='word_1_418' title='bbox 1824 4979 1982 5033; x_wconf 87' lang='lat' dir='ltr'><strong>rebus</strong></span> <span class='ocrx_word' id='word_1_419' title='bbox 2006 4994 2138 5032; x_wconf 87' lang='lat' dir='ltr'><strong>con-</strong></span> 
     </span>
    </p>
   </div>
   <div class='ocr_carea' id='block_1_53' title="bbox 562 5069 2142 5147">
    <p class='ocr_par' dir='ltr' id='par_1_53' title="bbox 562 5069 2142 5147">
     <span class='ocr_line' id='line_1_53' title="bbox 562 5069 2142 5147; baseline -0.006 -14"><span class='ocrx_word' id='word_1_420' title='bbox 562 5081 689 5135; x_wconf 87' lang='lat' dir='ltr'><strong>ditis</strong></span> <span class='ocrx_word' id='word_1_421' title='bbox 721 5092 818 5147; x_wconf 86' lang='lat' dir='ltr'><strong>per</strong></span> <span class='ocrx_word' id='word_1_422' title='bbox 863 5078 1097 5146; x_wconf 78' lang='lat' dir='ltr'><strong>linguam</strong></span> <span class='ocrx_word' id='word_1_423' title='bbox 1127 5073 1266 5129; x_wconf 74' lang='lat' dir='ltr'><strong>benti</strong></span> <span class='ocrx_word' id='word_1_424' title='bbox 1293 5071 1450 5142; x_wconf 85' lang='lat' dir='ltr'><strong>hujus</strong></span> <span class='ocrx_word' id='word_1_425' title='bbox 1496 5069 1769 5139; x_wconf 71' lang='lat' dir='ltr'><strong>prophetat</strong></span> <span class='ocrx_word' id='word_1_426' title='bbox 1814 5069 2050 5134; x_wconf 85' lang='lat' dir='ltr'><strong>tradidit,</strong></span> <span class='ocrx_word' id='word_1_427' title='bbox 2084 5078 2142 5124; x_wconf 92' lang='lat' dir='ltr'><strong>ut</strong></span> 
     </span>
    </p>
   </div>
   <div class='ocr_carea' id='block_1_54' title="bbox 566 5159 2140 5229">
    <p class='ocr_par' dir='ltr' id='par_1_54' title="bbox 566 5159 2140 5229">
     <span class='ocr_line' id='line_1_54' title="bbox 566 5159 2140 5229; baseline -0.008 -4"><span class='ocrx_word' id='word_1_428' title='bbox 566 5173 678 5225; x_wconf 81' lang='lat' dir='ltr'><strong>haec</strong></span> <span class='ocrx_word' id='word_1_429' title='bbox 705 5177 953 5224; x_wconf 88' lang='lat' dir='ltr'><strong>accurate</strong></span> <span class='ocrx_word' id='word_1_430' title='bbox 978 5164 1140 5229; x_wconf 90' lang='lat' dir='ltr'><strong>docti,</strong></span> <span class='ocrx_word' id='word_1_431' title='bbox 1169 5178 1275 5217; x_wconf 91' lang='lat' dir='ltr'><strong>non</strong></span> <span class='ocrx_word' id='word_1_432' title='bbox 1316 5161 1609 5216; x_wconf 88' lang='lat' dir='ltr'><strong>incidamus</strong></span> <span class='ocrx_word' id='word_1_433' title='bbox 1630 5159 1683 5212; x_wconf 92' lang='lat' dir='ltr'><strong>in</strong></span> <span class='ocrx_word' id='word_1_434' title='bbox 1712 5173 1896 5212; x_wconf 86' lang='lat' dir='ltr'><strong>eorum</strong></span> <span class='ocrx_word' id='word_1_435' title='bbox 1924 5169 2140 5214; x_wconf 88' lang='lat' dir='ltr'><strong>senten-</strong></span> 
     </span>
    </p>
   </div>
   <div class='ocr_carea' id='block_1_55' title="bbox 568 5248 2138 5329">
    <p class='ocr_par' dir='ltr' id='par_1_55' title="bbox 568 5248 2138 5329">
     <span class='ocr_line' id='line_1_55' title="bbox 568 5248 2138 5329; baseline -0.007 -13"><span class='ocrx_word' id='word_1_436' title='bbox 568 5264 691 5317; x_wconf 87' lang='lat' dir='ltr'><strong>tiam</strong></span> <span class='ocrx_word' id='word_1_437' title='bbox 717 5259 805 5329; x_wconf 90' lang='lat' dir='ltr'><strong>qui</strong></span> <span class='ocrx_word' id='word_1_438' title='bbox 833 5256 1078 5310; x_wconf 87' lang='lat' dir='ltr'><strong>humanis</strong></span> <span class='ocrx_word' id='word_1_439' title='bbox 1125 5252 1414 5307; x_wconf 89' lang='lat' dir='ltr'><strong>ratiociniis</strong></span> <span class='ocrx_word' id='word_1_440' title='bbox 1455 5258 1756 5306; x_wconf 89' lang='lat' dir='ltr'><strong>moventur.</strong></span> <span class='ocrx_word' id='word_1_441' title='bbox 1785 5248 1841 5304; x_wconf 89' lang='lat' dir='ltr'><strong>Si</strong></span> <span class='ocrx_word' id='word_1_442' title='bbox 1891 5264 2138 5320; x_wconf 88' lang='lat' dir='ltr'><strong>namque,</strong></span> 
     </span>
    </p>
   </div>
   <div class='ocr_carea' id='block_1_56' title="bbox 569 5341 2142 5415">
    <p class='ocr_par' dir='ltr' id='par_1_56' title="bbox 569 5341 2142 5415">
     <span class='ocr_line' id='line_1_56' title="bbox 569 5341 2142 5415; baseline -0.005 -10"><span class='ocrx_word' id='word_1_443' title='bbox 569 5353 650 5406; x_wconf 85' lang='lat' dir='ltr'><strong>his</strong></span> <span class='ocrx_word' id='word_1_444' title='bbox 684 5352 774 5404; x_wconf 87' lang='lat' dir='ltr'><strong>illo</strong></span> <span class='ocrx_word' id='word_1_445' title='bbox 809 5348 967 5402; x_wconf 91' lang='lat' dir='ltr'><strong>modo</strong></span> <span class='ocrx_word' id='word_1_446' title='bbox 1008 5345 1258 5415; x_wconf 85' lang='lat' dir='ltr'><strong>peractis,</strong></span> <span class='ocrx_word' id='word_1_447' title='bbox 1305 5358 1410 5398; x_wconf 92' lang='lat' dir='ltr'><strong>non</strong></span> <span class='ocrx_word' id='word_1_448' title='bbox 1456 5343 1648 5397; x_wconf 85' lang='lat' dir='ltr'><strong>desunt</strong></span> <span class='ocrx_word' id='word_1_449' title='bbox 1677 5341 1765 5411; x_wconf 88' lang='lat' dir='ltr'><strong>qui</strong></span> <span class='ocrx_word' id='word_1_450' title='bbox 1794 5341 2009 5395; x_wconf 81' lang='lat' dir='ltr'><strong>fortuito</strong></span> <span class='ocrx_word' id='word_1_451' title='bbox 2055 5355 2142 5398; x_wconf 87' lang='lat' dir='ltr'><strong>res</strong></span> 
     </span>
    </p>
   </div>
   <div class='ocr_carea' id='block_1_57' title="bbox 572 5434 2140 5501">
    <p class='ocr_par' dir='ltr' id='par_1_57' title="bbox 572 5434 2140 5501">
     <span class='ocr_line' id='line_1_57' title="bbox 572 5434 2140 5501; baseline -0.004 -9"><span class='ocrx_word' id='word_1_452' title='bbox 572 5456 758 5494; x_wconf 83' lang='lat' dir='ltr'><strong>unmes</strong></span> <span class='ocrx_word' id='word_1_453' title='bbox 787 5439 952 5494; x_wconf 87' lang='lat' dir='ltr'><strong>factas</strong></span> <span class='ocrx_word' id='word_1_454' title='bbox 981 5451 1099 5492; x_wconf 89' lang='lat' dir='ltr'><strong>esse</strong></span> <span class='ocrx_word' id='word_1_455' title='bbox 1129 5443 1372 5489; x_wconf 73' lang='lat' dir='ltr'><strong>asserunt</strong></span> <span class='ocrx_word' id='word_1_456' title='bbox 1405 5451 1417 5487; x_wconf 92' lang='lat'>:</span> <span class='ocrx_word' id='word_1_457' title='bbox 1451 5434 1495 5487; x_wconf 91' lang='lat' dir='ltr'><strong>si</strong></span> <span class='ocrx_word' id='word_1_458' title='bbox 1523 5449 1628 5487; x_wconf 90' lang='lat' dir='ltr'><strong>non</strong></span> <span class='ocrx_word' id='word_1_459' title='bbox 1660 5444 1763 5486; x_wconf 88' lang='lat' dir='ltr'><strong>tam</strong></span> <span class='ocrx_word' id='word_1_460' title='bbox 1797 5441 2140 5501; x_wconf 87' lang='lat' dir='ltr'><strong>attemperata</strong></span> 
     </span>
    </p>
   </div>
   <div class='ocr_carea' id='block_1_58' title="bbox 573 5523 2142 5595">
    <p class='ocr_par' dir='ltr' id='par_1_58' title="bbox 573 5523 2142 5595">
     <span class='ocr_line' id='line_1_58' title="bbox 573 5523 2142 5595; baseline -0.001 -15"><span class='ocrx_word' id='word_1_461' title='bbox 573 5531 792 5587; x_wconf 56' lang='lat' dir='ltr'><strong>uincendi</strong></span> <span class='ocrx_word' id='word_1_462' title='bbox 825 5529 1028 5582; x_wconf 82' lang='lat' dir='ltr'><strong>ratione</strong></span> <span class='ocrx_word' id='word_1_463' title='bbox 1059 5542 1156 5580; x_wconf 90' lang='lat' dir='ltr'><strong>nos</strong></span> <span class='ocrx_word' id='word_1_464' title='bbox 1181 5525 1427 5595; x_wconf 81' lang='lat' dir='ltr'><strong>dignatus</strong></span> <span class='ocrx_word' id='word_1_465' title='bbox 1443 5536 1605 5590; x_wconf 85' lang='lat' dir='ltr'><strong>esset,</strong></span> <span class='ocrx_word' id='word_1_466' title='bbox 1639 5524 1763 5593; x_wconf 88' lang='lat' dir='ltr'><strong>quid</strong></span> <span class='ocrx_word' id='word_1_467' title='bbox 1787 5539 1890 5576; x_wconf 93' lang='lat' dir='ltr'><strong>non</strong></span> <span class='ocrx_word' id='word_1_468' title='bbox 1922 5523 2142 5579; x_wconf 85' lang='lat' dir='ltr'><strong>fuissent</strong></span> 
     </span>
    </p>
   </div>
   <div class='ocr_carea' id='block_1_59' title="bbox 578 5613 2142 5685">
    <p class='ocr_par' dir='ltr' id='par_1_59' title="bbox 578 5613 2142 5685">
     <span class='ocr_line' id='line_1_59' title="bbox 578 5613 2142 5685; baseline -0.003 -11"><span class='ocrx_word' id='word_1_469' title='bbox 578 5620 712 5678; x_wconf 84' lang='lat' dir='ltr'><strong>ausi,</strong></span> <span class='ocrx_word' id='word_1_470' title='bbox 764 5619 855 5685; x_wconf 88' lang='lat' dir='ltr'><strong>qui</strong></span> <span class='ocrx_word' id='word_1_471' title='bbox 879 5615 1094 5669; x_wconf 85' lang='lat' dir='ltr'><strong>adersus</strong></span> <span class='ocrx_word' id='word_1_472' title='bbox 1119 5615 1342 5671; x_wconf 88' lang='lat' dir='ltr'><strong>salutem</strong></span> <span class='ocrx_word' id='word_1_473' title='bbox 1379 5629 1527 5671; x_wconf 85' lang='lat' dir='ltr'><strong>suam</strong></span> <span class='ocrx_word' id='word_1_474' title='bbox 1550 5629 1770 5684; x_wconf 75' lang='lat' dir='ltr'><strong>quaeque</strong></span> <span class='ocrx_word' id='word_1_475' title='bbox 1798 5624 1850 5668; x_wconf 89' lang='lat' dir='ltr'><strong>et</strong></span> <span class='ocrx_word' id='word_1_476' title='bbox 1884 5613 2060 5671; x_wconf 88' lang='lat' dir='ltr'><strong>dicere</strong></span> <span class='ocrx_word' id='word_1_477' title='bbox 2089 5625 2142 5672; x_wconf 89' lang='lat' dir='ltr'><strong>et</strong></span> 
     </span>
    </p>
   </div>
   <div class='ocr_carea' id='block_1_60' title="bbox 571 5706 1032 5763">
    <p class='ocr_par' dir='ltr' id='par_1_60' title="bbox 571 5706 1032 5763">
     <span class='ocr_line' id='line_1_60' title="bbox 571 5706 1032 5763; baseline -0.009 0"><span class='ocrx_word' id='word_1_478' title='bbox 571 5711 740 5763; x_wconf 82' lang='lat' dir='ltr'><strong>facere</strong></span> <span class='ocrx_word' id='word_1_479' title='bbox 768 5706 976 5762; x_wconf 85' lang='lat' dir='ltr'><strong>student</strong></span> <span class='ocrx_word' id='word_1_480' title='bbox 1013 5708 1032 5759; x_wconf 88' lang='lat'><strong>?</strong></span> 
     </span>
    </p>
   </div>
   <div class='ocr_carea' id='block_1_61' title="bbox 2312 437 3824 514">
    <p class='ocr_par' dir='ltr' id='par_1_61' title="bbox 2312 437 3824 514">
     <span class='ocr_line' id='line_1_61' title="bbox 2312 437 3824 514; baseline 0.003 -21"><span class='ocrx_word' id='word_1_481' title='bbox 2312 440 2363 493; x_wconf 79' lang='grc'><strong>4.</strong></span> <span class='ocrx_word' id='word_1_482' title='bbox 2405 437 2541 506; x_wconf 82' lang='lat' dir='ltr'><strong>Quid</strong></span> <span class='ocrx_word' id='word_1_483' title='bbox 2570 441 2711 494; x_wconf 87' lang='lat' dir='ltr'><strong>enim</strong></span> <span class='ocrx_word' id='word_1_484' title='bbox 2741 440 2988 496; x_wconf 88' lang='lat' dir='ltr'><strong>miserius</strong></span> <span class='ocrx_word' id='word_1_485' title='bbox 3024 448 3078 496; x_wconf 90' lang='lat' dir='ltr'><strong>et</strong></span> <span class='ocrx_word' id='word_1_486' title='bbox 3104 438 3536 510; x_wconf 86' lang='lat' dir='ltr'><strong>insipientiusils,</strong></span> <span class='ocrx_word' id='word_1_487' title='bbox 3568 441 3659 514; x_wconf 87' lang='lat' dir='ltr'><strong>qui</strong></span> <span class='ocrx_word' id='word_1_488' title='bbox 3699 444 3824 498; x_wconf 86' lang='lat' dir='ltr'><strong>talia</strong></span> 
     </span>
    </p>
   </div>
   <div class='ocr_carea' id='block_1_62' title="bbox 2235 528 3826 598">
    <p class='ocr_par' dir='ltr' id='par_1_62' title="bbox 2235 528 3826 598">
     <span class='ocr_line' id='line_1_62' title="bbox 2235 528 3826 598; baseline 0.004 -16"><span class='ocrx_word' id='word_1_489' title='bbox 2235 528 2412 585; x_wconf 80' lang='lat' dir='ltr'><strong>dicere</strong></span> <span class='ocrx_word' id='word_1_490' title='bbox 2451 536 2733 595; x_wconf 78' lang='lat' dir='ltr'><strong>attentarit,</strong></span> <span class='ocrx_word' id='word_1_491' title='bbox 2763 540 2815 586; x_wconf 91' lang='lat' dir='ltr'><strong>et</strong></span> <span class='ocrx_word' id='word_1_492' title='bbox 2845 531 3116 586; x_wconf 78' lang='lat' dir='ltr'><strong>affirmant</strong></span> <span class='ocrx_word' id='word_1_493' title='bbox 3151 545 3239 587; x_wconf 76' lang='lat' dir='ltr'><strong>res</strong></span> <span class='ocrx_word' id='word_1_494' title='bbox 3267 532 3484 589; x_wconf 88' lang='lat' dir='ltr'><strong>fortuito</strong></span> <span class='ocrx_word' id='word_1_495' title='bbox 3517 532 3650 598; x_wconf 82' lang='lat' dir='ltr'><strong>fieri,</strong></span> <span class='ocrx_word' id='word_1_496' title='bbox 3681 532 3826 589; x_wconf 86' lang='lat' dir='ltr'><strong>frau-</strong></span> 
     </span>
    </p>
   </div>
   <div class='ocr_carea' id='block_1_63' title="bbox 2234 611 3823 693">
    <p class='ocr_par' dir='ltr' id='par_1_63' title="bbox 2234 611 3823 693">
     <span class='ocr_line' id='line_1_63' title="bbox 2234 611 3823 693; baseline 0.002 -19"><span class='ocrx_word' id='word_1_497' title='bbox 2234 620 2466 690; x_wconf 90' lang='lat' dir='ltr'><strong>dantque</strong></span> <span class='ocrx_word' id='word_1_498' title='bbox 2506 637 2719 678; x_wconf 92' lang='lat' dir='ltr'><strong>onmem</strong></span> <span class='ocrx_word' id='word_1_499' title='bbox 2740 624 3066 679; x_wconf 88' lang='lat' dir='ltr'><strong>creationem</strong></span> <span class='ocrx_word' id='word_1_500' title='bbox 3095 611 3272 678; x_wconf 83' lang='lat' dir='ltr'><strong>divina</strong></span> <span class='ocrx_word' id='word_1_501' title='bbox 3296 624 3627 693; x_wconf 79' lang='lat' dir='ltr'><strong>providentia</strong></span> <span class='ocrx_word' id='word_1_502' title='bbox 3653 626 3676 678; x_wconf 83' lang='lat'><strong>?</strong></span> <span class='ocrx_word' id='word_1_503' title='bbox 3704 626 3823 691; x_wconf 85' lang='lat' dir='ltr'><strong>Quo</strong></span> 
     </span>
    </p>
   </div>
   <div class='ocr_carea' id='block_1_64' title="bbox 2238 712 3820 784">
    <p class='ocr_par' dir='ltr' id='par_1_64' title="bbox 2238 712 3820 784">
     <span class='ocr_line' id='line_1_64' title="bbox 2238 712 3820 784; baseline 0.002 -18"><span class='ocrx_word' id='word_1_504' title='bbox 2238 721 2392 780; x_wconf 78' lang='lat' dir='ltr'><strong>pacto</strong></span> <span class='ocrx_word' id='word_1_505' title='bbox 2431 712 2573 768; x_wconf 91' lang='lat' dir='ltr'><strong>enim</strong></span> <span class='ocrx_word' id='word_1_506' title='bbox 2619 714 2810 769; x_wconf 90' lang='lat' dir='ltr'><strong>rationi</strong></span> <span class='ocrx_word' id='word_1_507' title='bbox 2850 725 3272 770; x_wconf 88' lang='lat' dir='ltr'><strong>consentaneum</strong></span> <span class='ocrx_word' id='word_1_508' title='bbox 3309 715 3488 782; x_wconf 89' lang='lat' dir='ltr'><strong>fuerit,</strong></span> <span class='ocrx_word' id='word_1_509' title='bbox 3537 717 3645 784; x_wconf 89' lang='lat' dir='ltr'><strong>die,</strong></span> <span class='ocrx_word' id='word_1_510' title='bbox 3698 733 3820 781; x_wconf 85' lang='lat' dir='ltr'><strong>oro,</strong></span> 
     </span>
    </p>
   </div>
   <div class='ocr_carea' id='block_1_65' title="bbox 2238 804 3824 879">
    <p class='ocr_par' dir='ltr' id='par_1_65' title="bbox 2238 804 3824 879">
     <span class='ocr_line' id='line_1_65' title="bbox 2238 804 3824 879; baseline 0.003 -23"><span class='ocrx_word' id='word_1_511' title='bbox 2238 811 2381 857; x_wconf 84' lang='lat' dir='ltr'><strong>tanta</strong></span> <span class='ocrx_word' id='word_1_512' title='bbox 2429 804 2714 872; x_wconf 88' lang='lat' dir='ltr'><strong>elementa,</strong></span> <span class='ocrx_word' id='word_1_513' title='bbox 2759 815 2813 861; x_wconf 91' lang='lat' dir='ltr'><strong>et</strong></span> <span class='ocrx_word' id='word_1_514' title='bbox 2859 814 3064 860; x_wconf 89' lang='lat' dir='ltr'><strong>tantum</strong></span> <span class='ocrx_word' id='word_1_515' title='bbox 3096 817 3341 861; x_wconf 86' lang='lat' dir='ltr'><strong>ornatum</strong></span> <span class='ocrx_word' id='word_1_516' title='bbox 3394 807 3597 879; x_wconf 79' lang='lat' dir='ltr'><strong>absque</strong></span> <span class='ocrx_word' id='word_1_517' title='bbox 3643 808 3824 879; x_wconf 81' lang='lat' dir='ltr'><strong>aliqua</strong></span> 
     </span>
    </p>
   </div>
   <div class='ocr_carea' id='block_1_66' title="bbox 2237 895 3821 970">
    <p class='ocr_par' dir='ltr' id='par_1_66' title="bbox 2237 895 3821 970">
     <span class='ocr_line' id='line_1_66' title="bbox 2237 895 3821 970; baseline 0.003 -23"><span class='ocrx_word' id='word_1_518' title='bbox 2237 895 2572 953; x_wconf 87' lang='lat' dir='ltr'><strong>moderatore</strong></span> <span class='ocrx_word' id='word_1_519' title='bbox 2601 905 2657 953; x_wconf 89' lang='lat' dir='ltr'><strong>et</strong></span> <span class='ocrx_word' id='word_1_520' title='bbox 2683 895 2858 953; x_wconf 89' lang='lat' dir='ltr'><strong>omnia</strong></span> <span class='ocrx_word' id='word_1_521' title='bbox 2885 908 3236 954; x_wconf 87' lang='lat' dir='ltr'><strong>conservante</strong></span> <span class='ocrx_word' id='word_1_522' title='bbox 3266 899 3553 970; x_wconf 73' lang='lat' dir='ltr'><strong>gubernari</strong></span> <span class='ocrx_word' id='word_1_523' title='bbox 3579 901 3604 954; x_wconf 70' lang='grc' dir='ltr'>τ</span> <span class='ocrx_word' id='word_1_524' title='bbox 3632 900 3698 956; x_wconf 84' lang='lat' dir='ltr'><strong>Et</strong></span> <span class='ocrx_word' id='word_1_525' title='bbox 3727 914 3821 954; x_wconf 83' lang='lat' dir='ltr'><strong>na-</strong></span> 
     </span>
    </p>
   </div>
   <div class='ocr_carea' id='block_1_67' title="bbox 2236 987 3821 1061">
    <p class='ocr_par' dir='ltr' id='par_1_67' title="bbox 2236 987 3821 1061">
     <span class='ocr_line' id='line_1_67' title="bbox 2236 987 3821 1061; baseline 0.002 -20"><span class='ocrx_word' id='word_1_526' title='bbox 2236 987 2316 1042; x_wconf 88' lang='lat' dir='ltr'><strong>vis</strong></span> <span class='ocrx_word' id='word_1_527' title='bbox 2340 1004 2624 1059; x_wconf 86' lang='lat' dir='ltr'><strong>numquam</strong></span> <span class='ocrx_word' id='word_1_528' title='bbox 2647 991 2840 1058; x_wconf 89' lang='lat' dir='ltr'><strong>poterit</strong></span> <span class='ocrx_word' id='word_1_529' title='bbox 2867 990 3071 1060; x_wconf 89' lang='lat' dir='ltr'><strong>absque</strong></span> <span class='ocrx_word' id='word_1_530' title='bbox 3115 991 3468 1061; x_wconf 77' lang='lat' dir='ltr'><strong>gubernatore</strong></span> <span class='ocrx_word' id='word_1_531' title='bbox 3508 989 3673 1046; x_wconf 87' lang='lat' dir='ltr'><strong>maris</strong></span> <span class='ocrx_word' id='word_1_532' title='bbox 3721 989 3821 1044; x_wconf 73' lang='grc' dir='ltr'><strong>Ωιι-</strong></span> 
     </span>
    </p>
   </div>
   <div class='ocr_carea' id='block_1_68' title="bbox 2235 1081 3822 1154">
    <p class='ocr_par' dir='ltr' id='par_1_68' title="bbox 2235 1081 3822 1154">
     <span class='ocr_line' id='line_1_68' title="bbox 2235 1081 3822 1154; baseline 0.001 -20"><span class='ocrx_word' id='word_1_533' title='bbox 2235 1087 2352 1134; x_wconf 85' lang='lat' dir='ltr'><strong>ctus</strong></span> <span class='ocrx_word' id='word_1_534' title='bbox 2390 1094 2684 1149; x_wconf 86' lang='lat' dir='ltr'><strong>permeare,</strong></span> <span class='ocrx_word' id='word_1_535' title='bbox 2713 1081 2970 1151; x_wconf 85' lang='lat' dir='ltr'><strong>milesque</strong></span> <span class='ocrx_word' id='word_1_536' title='bbox 3008 1081 3140 1136; x_wconf 91' lang='lat' dir='ltr'><strong>nihil</strong></span> <span class='ocrx_word' id='word_1_537' title='bbox 3166 1091 3443 1138; x_wconf 86' lang='lat' dir='ltr'><strong>strenuum</strong></span> <span class='ocrx_word' id='word_1_538' title='bbox 3468 1091 3523 1138; x_wconf 88' lang='lat' dir='ltr'><strong>et</strong></span> <span class='ocrx_word' id='word_1_539' title='bbox 3548 1083 3822 1154; x_wconf 74' lang='lat' dir='ltr'><strong>egregium</strong></span> 
     </span>
    </p>
   </div>
   <div class='ocr_carea' id='block_1_69' title="bbox 2235 1169 3822 1244">
    <p class='ocr_par' dir='ltr' id='par_1_69' title="bbox 2235 1169 3822 1244">
     <span class='ocr_line' id='line_1_69' title="bbox 2235 1169 3822 1244; baseline 0.003 -21"><span class='ocrx_word' id='word_1_540' title='bbox 2235 1169 2436 1240; x_wconf 79' lang='lat' dir='ltr'><strong>absqt&#39;e</strong></span> <span class='ocrx_word' id='word_1_541' title='bbox 2485 1175 2727 1240; x_wconf 61' lang='lat' dir='ltr'><strong>praetoris</strong></span> <span class='ocrx_word' id='word_1_542' title='bbox 2775 1171 2937 1226; x_wconf 87' lang='lat' dir='ltr'><strong>ductu</strong></span> <span class='ocrx_word' id='word_1_543' title='bbox 2981 1181 3034 1226; x_wconf 89' lang='lat' dir='ltr'><strong>et</strong></span> <span class='ocrx_word' id='word_1_544' title='bbox 3063 1172 3315 1242; x_wconf 80' lang='lat' dir='ltr'><strong>auSpiciis</strong></span> <span class='ocrx_word' id='word_1_545' title='bbox 3357 1173 3513 1244; x_wconf 89' lang='lat' dir='ltr'><strong>gerit,</strong></span> <span class='ocrx_word' id='word_1_546' title='bbox 3545 1181 3600 1228; x_wconf 91' lang='lat' dir='ltr'><strong>et</strong></span> <span class='ocrx_word' id='word_1_547' title='bbox 3627 1173 3822 1228; x_wconf 86' lang='lat' dir='ltr'><strong>domus</strong></span> 
     </span>
    </p>
   </div>
   <div class='ocr_carea' id='block_1_70' title="bbox 2235 1260 3820 1333">
    <p class='ocr_par' dir='ltr' id='par_1_70' title="bbox 2235 1260 3820 1333">
     <span class='ocr_line' id='line_1_70' title="bbox 2235 1260 3820 1333; baseline -0.001 -18"><span class='ocrx_word' id='word_1_548' title='bbox 2235 1269 2482 1316; x_wconf 77' lang='lat' dir='ltr'><strong>constare</strong></span> <span class='ocrx_word' id='word_1_549' title='bbox 2539 1262 2722 1332; x_wconf 92' lang='lat' dir='ltr'><strong>nequit</strong></span> <span class='ocrx_word' id='word_1_550' title='bbox 2753 1303 2768 1327; x_wconf 96' lang='lat'><strong>,</strong></span> <span class='ocrx_word' id='word_1_551' title='bbox 2811 1263 2911 1317; x_wconf 89' lang='lat' dir='ltr'><strong>nisi</strong></span> <span class='ocrx_word' id='word_1_552' title='bbox 2964 1261 3104 1317; x_wconf 83' lang='lat' dir='ltr'><strong>adsit</strong></span> <span class='ocrx_word' id='word_1_553' title='bbox 3131 1260 3221 1333; x_wconf 90' lang='lat' dir='ltr'><strong>qui</strong></span> <span class='ocrx_word' id='word_1_554' title='bbox 3249 1276 3368 1317; x_wconf 83' lang='lat' dir='ltr'><strong>eam</strong></span> <span class='ocrx_word' id='word_1_555' title='bbox 3393 1262 3729 1318; x_wconf 85' lang='lat' dir='ltr'><strong>administret</strong></span> <span class='ocrx_word' id='word_1_556' title='bbox 3759 1263 3776 1293; x_wconf 74' lang='grc' dir='ltr'>ί</span> <span class='ocrx_word' id='word_1_557' title='bbox 3807 1279 3820 1313; x_wconf 90' lang='lat'><strong><em>:</em></strong></span> 
     </span>
    </p>
   </div>
   <div class='ocr_carea' id='block_1_71' title="bbox 2236 1354 3822 1422">
    <p class='ocr_par' dir='ltr' id='par_1_71' title="bbox 2236 1354 3822 1422">
     <span class='ocr_line' id='line_1_71' title="bbox 2236 1354 3822 1422; baseline 0.001 -15"><span class='ocrx_word' id='word_1_558' title='bbox 2236 1354 2466 1408; x_wconf 85' lang='lat' dir='ltr'><strong>mundus</strong></span> <span class='ocrx_word' id='word_1_559' title='bbox 2510 1363 2686 1410; x_wconf 90' lang='lat' dir='ltr'><strong>autem</strong></span> <span class='ocrx_word' id='word_1_560' title='bbox 2720 1354 2806 1411; x_wconf 89' lang='lat' dir='ltr'><strong>hic</strong></span> <span class='ocrx_word' id='word_1_561' title='bbox 2836 1355 3152 1422; x_wconf 84' lang='lat' dir='ltr'><strong>immensus,</strong></span> <span class='ocrx_word' id='word_1_562' title='bbox 3184 1363 3240 1410; x_wconf 86' lang='lat' dir='ltr'><strong>et</strong></span> <span class='ocrx_word' id='word_1_563' title='bbox 3277 1355 3668 1410; x_wconf 90' lang='lat' dir='ltr'><strong>elementorum</strong></span> <span class='ocrx_word' id='word_1_564' title='bbox 3699 1354 3822 1408; x_wconf 89' lang='lat' dir='ltr'><strong>illo-</strong></span> 
     </span>
    </p>
   </div>
   <div class='ocr_carea' id='block_1_72' title="bbox 2236 1444 3825 1515">
    <p class='ocr_par' dir='ltr' id='par_1_72' title="bbox 2236 1444 3825 1515">
     <span class='ocr_line' id='line_1_72' title="bbox 2236 1444 3825 1515; baseline -0.001 -16"><span class='ocrx_word' id='word_1_565' title='bbox 2236 1459 2353 1499; x_wconf 91' lang='lat' dir='ltr'><strong>rum</strong></span> <span class='ocrx_word' id='word_1_566' title='bbox 2399 1454 2637 1513; x_wconf 89' lang='lat' dir='ltr'><strong>ornatus,</strong></span> <span class='ocrx_word' id='word_1_567' title='bbox 2671 1445 2886 1500; x_wconf 91' lang='lat' dir='ltr'><strong>fortuito</strong></span> <span class='ocrx_word' id='word_1_568' title='bbox 2915 1456 2968 1500; x_wconf 94' lang='lat' dir='ltr'><strong>et</strong></span> <span class='ocrx_word' id='word_1_569' title='bbox 3008 1455 3209 1502; x_wconf 89' lang='lat' dir='ltr'><strong>temere</strong></span> <span class='ocrx_word' id='word_1_570' title='bbox 3237 1444 3359 1500; x_wconf 89' lang='lat' dir='ltr'><strong>ferri</strong></span> <span class='ocrx_word' id='word_1_571' title='bbox 3405 1445 3634 1515; x_wconf 88' lang='lat' dir='ltr'><strong>poterit,</strong></span> <span class='ocrx_word' id='word_1_572' title='bbox 3674 1444 3825 1498; x_wconf 90' lang='lat' dir='ltr'><strong>nullo</strong></span> 
     </span>
    </p>
   </div>
   <div class='ocr_carea' id='block_1_73' title="bbox 2234 1527 3892 1607">
    <p class='ocr_par' dir='ltr' id='par_1_73' title="bbox 2234 1527 3892 1607">
     <span class='ocr_line' id='line_1_73' title="bbox 2234 1527 3892 1607; baseline -0.001 -17"><span class='ocrx_word' id='word_1_573' title='bbox 2234 1535 2528 1591; x_wconf 84' lang='lat' dir='ltr'><strong>exsistente</strong></span> <span class='ocrx_word' id='word_1_574' title='bbox 2573 1537 2662 1607; x_wconf 89' lang='lat' dir='ltr'><strong>qui</strong></span> <span class='ocrx_word' id='word_1_575' title='bbox 2704 1537 2880 1590; x_wconf 87' lang='lat' dir='ltr'><strong>omnia</strong></span> <span class='ocrx_word' id='word_1_576' title='bbox 2933 1537 3102 1606; x_wconf 84' lang='lat' dir='ltr'><strong>possit</strong></span> <span class='ocrx_word' id='word_1_577' title='bbox 3154 1536 3442 1604; x_wconf 86' lang='lat' dir='ltr'><strong>moderari,</strong></span> <span class='ocrx_word' id='word_1_578' title='bbox 3487 1527 3543 1591; x_wconf 80' lang='lat' dir='ltr'><strong>et</strong></span> <span class='ocrx_word' id='word_1_579' title='bbox 3589 1535 3681 1606; x_wconf 87' lang='lat' dir='ltr'><strong>qui</strong></span> <span class='ocrx_word' id='word_1_580' title='bbox 3728 1546 3826 1601; x_wconf 87' lang='lat' dir='ltr'><strong>per</strong></span> <span class='ocrx_word' id='word_1_581' title='bbox 3885 1544 3892 1548; x_wconf 78' lang='lat'><strong><em>‘</em></strong></span> 
     </span>
    </p>
   </div>
   <div class='ocr_carea' id='block_1_74' title="bbox 2235 1625 3821 1696">
    <p class='ocr_par' dir='ltr' id='par_1_74' title="bbox 2235 1625 3821 1696">
     <span class='ocr_line' id='line_1_74' title="bbox 2235 1625 3821 1696; baseline -0.003 -14"><span class='ocrx_word' id='word_1_582' title='bbox 2235 1641 2384 1682; x_wconf 88' lang='lat' dir='ltr'><strong>suam</strong></span> <span class='ocrx_word' id='word_1_583' title='bbox 2428 1627 2740 1696; x_wconf 87' lang='lat' dir='ltr'><strong>sapientiam</strong></span> <span class='ocrx_word' id='word_1_584' title='bbox 2770 1641 2833 1681; x_wconf 91' lang='lat' dir='ltr'><strong>ea</strong></span> <span class='ocrx_word' id='word_1_585' title='bbox 2872 1628 3143 1682; x_wconf 87' lang='lat' dir='ltr'><strong>contineat</strong></span> <span class='ocrx_word' id='word_1_586' title='bbox 3171 1635 3226 1682; x_wconf 89' lang='lat' dir='ltr'><strong>et</strong></span> <span class='ocrx_word' id='word_1_587' title='bbox 3248 1625 3580 1682; x_wconf 81' lang='lat' dir='ltr'><strong>conservet?</strong></span> <span class='ocrx_word' id='word_1_588' title='bbox 3623 1625 3821 1680; x_wconf 74' lang='lat' dir='ltr'><strong>Verum</strong></span> 
     </span>
    </p>
   </div>
   <div class='ocr_carea' id='block_1_75' title="bbox 2236 1717 3826 1788">
    <p class='ocr_par' dir='ltr' id='par_1_75' title="bbox 2236 1717 3826 1788">
     <span class='ocr_line' id='line_1_75' title="bbox 2236 1717 3826 1788; baseline -0.001 -16"><span class='ocrx_word' id='word_1_589' title='bbox 2236 1718 2362 1788; x_wconf 90' lang='lat' dir='ltr'><strong>quid</strong></span> <span class='ocrx_word' id='word_1_590' title='bbox 2391 1719 2612 1774; x_wconf 90' lang='lat' dir='ltr'><strong>ulterius</strong></span> <span class='ocrx_word' id='word_1_591' title='bbox 2653 1718 3025 1774; x_wconf 85' lang='lat' dir='ltr'><strong>contendimus</strong></span> <span class='ocrx_word' id='word_1_592' title='bbox 3065 1718 3168 1774; x_wconf 86' lang='lat' dir='ltr'><strong>illis</strong></span> <span class='ocrx_word' id='word_1_593' title='bbox 3203 1717 3429 1787; x_wconf 83' lang='lat' dir='ltr'><strong>probare</strong></span> <span class='ocrx_word' id='word_1_594' title='bbox 3477 1732 3562 1784; x_wconf 90' lang='lat' dir='ltr'><strong>ea,</strong></span> <span class='ocrx_word' id='word_1_595' title='bbox 3613 1731 3732 1787; x_wconf 58' lang='lat' dir='ltr'><strong>qua“:</strong></span> <span class='ocrx_word' id='word_1_596' title='bbox 3773 1725 3826 1771; x_wconf 85' lang='lat' dir='ltr'><strong>et</strong></span> 
     </span>
    </p>
   </div>
   <div class='ocr_carea' id='block_1_76' title="bbox 2239 1807 3827 1878">
    <p class='ocr_par' dir='ltr' id='par_1_76' title="bbox 2239 1807 3827 1878">
     <span class='ocr_line' id='line_1_76' title="bbox 2239 1807 3827 1878; baseline -0.003 -15"><span class='ocrx_word' id='word_1_597' title='bbox 2239 1810 2415 1876; x_wconf 66' lang='lat' dir='ltr'><strong>cmcis,</strong></span> <span class='ocrx_word' id='word_1_598' title='bbox 2459 1818 2515 1864; x_wconf 93' lang='lat' dir='ltr'><strong>ut</strong></span> <span class='ocrx_word' id='word_1_599' title='bbox 2557 1810 2610 1864; x_wconf 89' lang='lat' dir='ltr'><strong>in</strong></span> <span class='ocrx_word' id='word_1_600' title='bbox 2643 1809 2925 1878; x_wconf 85' lang='lat' dir='ltr'><strong>proverbio</strong></span> <span class='ocrx_word' id='word_1_601' title='bbox 2951 1818 3051 1874; x_wconf 89' lang='lat' dir='ltr'><strong>est,</strong></span> <span class='ocrx_word' id='word_1_602' title='bbox 3077 1809 3353 1878; x_wconf 75' lang='lat' dir='ltr'><strong>perSpieua</strong></span> <span class='ocrx_word' id='word_1_603' title='bbox 3379 1808 3545 1862; x_wconf 78' lang='lat' dir='ltr'><strong>sunt?</strong></span> <span class='ocrx_word' id='word_1_604' title='bbox 3574 1807 3827 1861; x_wconf 84' lang='lat' dir='ltr'><strong>Attamen</strong></span> 
     </span>
    </p>
   </div>
   <div class='ocr_carea' id='block_1_77' title="bbox 2239 1899 3825 1970">
    <p class='ocr_par' dir='ltr' id='par_1_77' title="bbox 2239 1899 3825 1970">
     <span class='ocr_line' id='line_1_77' title="bbox 2239 1899 3825 1970; baseline 0.001 -18"><span class='ocrx_word' id='word_1_605' title='bbox 2239 1914 2306 1954; x_wconf 90' lang='lat' dir='ltr'><strong>ne</strong></span> <span class='ocrx_word' id='word_1_606' title='bbox 2327 1900 2634 1954; x_wconf 88' lang='lat' dir='ltr'><strong>omittamus</strong></span> <span class='ocrx_word' id='word_1_607' title='bbox 2655 1914 2956 1970; x_wconf 88' lang='lat' dir='ltr'><strong>proponere</strong></span> <span class='ocrx_word' id='word_1_608' title='bbox 2985 1902 3062 1955; x_wconf 90' lang='lat' dir='ltr'><strong>eis</strong></span> <span class='ocrx_word' id='word_1_609' title='bbox 3090 1899 3386 1956; x_wconf 85' lang='lat' dir='ltr'><strong>doctrinam</strong></span> <span class='ocrx_word' id='word_1_610' title='bbox 3403 1899 3825 1970; x_wconf 88' lang='lat' dir='ltr'><strong>Scripturarum,</strong></span> 
     </span>
    </p>
   </div>
   <div class='ocr_carea' id='block_1_78' title="bbox 2239 1988 3830 2060">
    <p class='ocr_par' dir='ltr' id='par_1_78' title="bbox 2239 1988 3830 2060">
     <span class='ocr_line' id='line_1_78' title="bbox 2239 1988 3830 2060; baseline 0.003 -17"><span class='ocrx_word' id='word_1_611' title='bbox 2239 1988 2332 2043; x_wconf 89' lang='lat' dir='ltr'><strong>sed</strong></span> <span class='ocrx_word' id='word_1_612' title='bbox 2364 2004 2522 2044; x_wconf 91' lang='lat' dir='ltr'><strong>omne</strong></span> <span class='ocrx_word' id='word_1_613' title='bbox 2560 1989 2928 2060; x_wconf 89' lang='lat' dir='ltr'><strong>impendamus</strong></span> <span class='ocrx_word' id='word_1_614' title='bbox 2977 1991 3233 2056; x_wconf 86' lang='lat' dir='ltr'><strong>studium,</strong></span> <span class='ocrx_word' id='word_1_615' title='bbox 3280 2001 3338 2045; x_wconf 90' lang='lat' dir='ltr'><strong>ut</strong></span> <span class='ocrx_word' id='word_1_616' title='bbox 3379 1990 3652 2047; x_wconf 84' lang='lat' dir='ltr'><strong>aberrare</strong></span> <span class='ocrx_word' id='word_1_617' title='bbox 3691 1991 3830 2048; x_wconf 88' lang='lat' dir='ltr'><strong>libe-</strong></span> 
     </span>
    </p>
   </div>
   <div class='ocr_carea' id='block_1_79' title="bbox 2239 2078 3828 2150">
    <p class='ocr_par' dir='ltr' id='par_1_79' title="bbox 2239 2078 3828 2150">
     <span class='ocr_line' id='line_1_79' title="bbox 2239 2078 3828 2150; baseline 0.003 -18"><span class='ocrx_word' id='word_1_618' title='bbox 2239 2079 2362 2146; x_wconf 87' lang='lat' dir='ltr'><strong>rati,</strong></span> <span class='ocrx_word' id='word_1_619' title='bbox 2384 2078 2452 2132; x_wconf 89' lang='lat' dir='ltr'><strong>ad</strong></span> <span class='ocrx_word' id='word_1_620' title='bbox 2476 2081 2746 2134; x_wconf 80' lang='lat' dir='ltr'><strong>veritatem</strong></span> <span class='ocrx_word' id='word_1_621' title='bbox 2766 2080 3109 2135; x_wconf 88' lang='lat' dir='ltr'><strong>reducantur.</strong></span> <span class='ocrx_word' id='word_1_622' title='bbox 3134 2080 3262 2134; x_wconf 79' lang='lat' dir='ltr'><strong>Nam</strong></span> <span class='ocrx_word' id='word_1_623' title='bbox 3285 2081 3591 2136; x_wconf 88' lang='lat' dir='ltr'><strong>licetadhuc</strong></span> <span class='ocrx_word' id='word_1_624' title='bbox 3617 2096 3828 2150; x_wconf 63' lang='lat' dir='ltr'><strong>praeoc-</strong></span> 
     </span>
    </p>
   </div>
   <div class='ocr_carea' id='block_1_80' title="bbox 2238 2171 3828 2246">
    <p class='ocr_par' dir='ltr' id='par_1_80' title="bbox 2238 2171 3828 2246">
     <span class='ocr_line' id='line_1_80' title="bbox 2238 2171 3828 2246; baseline 0.003 -21"><span class='ocrx_word' id='word_1_625' title='bbox 2238 2172 2413 2241; x_wconf 90' lang='lat' dir='ltr'><strong>cupati</strong></span> <span class='ocrx_word' id='word_1_626' title='bbox 2445 2171 2720 2226; x_wconf 90' lang='lat' dir='ltr'><strong>erroribus</strong></span> <span class='ocrx_word' id='word_1_627' title='bbox 2747 2171 2874 2239; x_wconf 91' lang='lat' dir='ltr'><strong>sint,</strong></span> <span class='ocrx_word' id='word_1_628' title='bbox 2904 2172 3143 2242; x_wconf 89' lang='lat' dir='ltr'><strong>ejusdem</strong></span> <span class='ocrx_word' id='word_1_629' title='bbox 3172 2181 3367 2236; x_wconf 87' lang='lat' dir='ltr'><strong>tamen,</strong></span> <span class='ocrx_word' id='word_1_630' title='bbox 3403 2173 3554 2242; x_wconf 86' lang='lat' dir='ltr'><strong>cujus</strong></span> <span class='ocrx_word' id='word_1_631' title='bbox 3582 2189 3700 2239; x_wconf 89' lang='lat' dir='ltr'><strong>nos,</strong></span> <span class='ocrx_word' id='word_1_632' title='bbox 3727 2189 3828 2246; x_wconf 87' lang='lat' dir='ltr'><strong>ge-</strong></span> 
     </span>
    </p>
   </div>
   <div class='ocr_carea' id='block_1_81' title="bbox 2239 2262 3830 2334">
    <p class='ocr_par' dir='ltr' id='par_1_81' title="bbox 2239 2262 3830 2334">
     <span class='ocr_line' id='line_1_81' title="bbox 2239 2262 3830 2334; baseline 0.003 -19"><span class='ocrx_word' id='word_1_633' title='bbox 2239 2262 2383 2317; x_wconf 90' lang='lat' dir='ltr'><strong>neris</strong></span> <span class='ocrx_word' id='word_1_634' title='bbox 2413 2270 2537 2316; x_wconf 88' lang='lat' dir='ltr'><strong>sunt</strong></span> <span class='ocrx_word' id='word_1_635' title='bbox 2578 2279 2592 2315; x_wconf 87' lang='lat'><strong>:</strong></span> <span class='ocrx_word' id='word_1_636' title='bbox 2622 2271 2677 2318; x_wconf 89' lang='lat' dir='ltr'><strong>et</strong></span> <span class='ocrx_word' id='word_1_637' title='bbox 2705 2276 2800 2332; x_wconf 89' lang='lat' dir='ltr'><strong>par</strong></span> <span class='ocrx_word' id='word_1_638' title='bbox 2827 2273 2904 2318; x_wconf 90' lang='lat' dir='ltr'><strong>est</strong></span> <span class='ocrx_word' id='word_1_639' title='bbox 2936 2274 2995 2318; x_wconf 92' lang='lat' dir='ltr'><strong>ut</strong></span> <span class='ocrx_word' id='word_1_640' title='bbox 3023 2279 3269 2334; x_wconf 88' lang='lat' dir='ltr'><strong>magnam</strong></span> <span class='ocrx_word' id='word_1_641' title='bbox 3301 2279 3485 2319; x_wconf 89' lang='lat' dir='ltr'><strong>eorum</strong></span> <span class='ocrx_word' id='word_1_642' title='bbox 3515 2280 3698 2320; x_wconf 91' lang='lat' dir='ltr'><strong>curam</strong></span> <span class='ocrx_word' id='word_1_643' title='bbox 3727 2265 3830 2321; x_wconf 86' lang='lat' dir='ltr'><strong>ba-</strong></span> 
     </span>
    </p>
   </div>
   <div class='ocr_carea' id='block_1_82' title="bbox 2239 2351 3829 2425">
    <p class='ocr_par' dir='ltr' id='par_1_82' title="bbox 2239 2351 3829 2425">
     <span class='ocr_line' id='line_1_82' title="bbox 2239 2351 3829 2425; baseline 0.003 -18"><span class='ocrx_word' id='word_1_644' title='bbox 2239 2351 2477 2418; x_wconf 88' lang='lat' dir='ltr'><strong>beamus,</strong></span> <span class='ocrx_word' id='word_1_645' title='bbox 2510 2367 2794 2423; x_wconf 88' lang='lat' dir='ltr'><strong>numquam</strong></span> <span class='ocrx_word' id='word_1_646' title='bbox 2811 2361 3190 2424; x_wconf 89' lang='lat' dir='ltr'><strong>torpescentes,</strong></span> <span class='ocrx_word' id='word_1_647' title='bbox 3209 2355 3301 2410; x_wconf 91' lang='lat' dir='ltr'><strong>sed</strong></span> <span class='ocrx_word' id='word_1_648' title='bbox 3319 2355 3590 2425; x_wconf 80' lang='lat' dir='ltr'><strong>diligentia</strong></span> <span class='ocrx_word' id='word_1_649' title='bbox 3615 2371 3829 2411; x_wconf 88' lang='lat' dir='ltr'><strong>summa</strong></span> 
     </span>
    </p>
   </div>
   <div class='ocr_carea' id='block_1_83' title="bbox 2240 2443 3830 2514">
    <p class='ocr_par' dir='ltr' id='par_1_83' title="bbox 2240 2443 3830 2514">
     <span class='ocr_line' id='line_1_83' title="bbox 2240 2443 3830 2514; baseline 0.004 -18"><span class='ocrx_word' id='word_1_650' title='bbox 2240 2443 2496 2500; x_wconf 85' lang='lat' dir='ltr'><strong>facientes</strong></span> <span class='ocrx_word' id='word_1_651' title='bbox 2516 2459 2580 2498; x_wconf 89' lang='lat' dir='ltr'><strong>ea</strong></span> <span class='ocrx_word' id='word_1_652' title='bbox 2606 2460 2723 2514; x_wconf 65' lang='lat' dir='ltr'><strong>quae</strong></span> <span class='ocrx_word' id='word_1_653' title='bbox 2740 2445 2791 2498; x_wconf 92' lang='lat' dir='ltr'><strong>in</strong></span> <span class='ocrx_word' id='word_1_654' title='bbox 2821 2445 2974 2500; x_wconf 75' lang='lat' dir='ltr'><strong>nobis</strong></span> <span class='ocrx_word' id='word_1_655' title='bbox 3000 2456 3145 2511; x_wconf 91' lang='lat' dir='ltr'><strong>sunt,</strong></span> <span class='ocrx_word' id='word_1_656' title='bbox 3180 2447 3362 2501; x_wconf 90' lang='lat' dir='ltr'><strong>utilem</strong></span> <span class='ocrx_word' id='word_1_657' title='bbox 3383 2443 3483 2501; x_wconf 91' lang='lat' dir='ltr'><strong>illis</strong></span> <span class='ocrx_word' id='word_1_658' title='bbox 3506 2447 3830 2503; x_wconf 88' lang='lat' dir='ltr'><strong>medicinam</strong></span> 
     </span>
    </p>
   </div>
   <div class='ocr_carea' id='block_1_84' title="bbox 2239 2535 3830 2610">
    <p class='ocr_par' dir='ltr' id='par_1_84' title="bbox 2239 2535 3830 2610">
     <span class='ocr_line' id='line_1_84' title="bbox 2239 2535 3830 2610; baseline 0.004 -21"><span class='ocrx_word' id='word_1_659' title='bbox 2239 2535 2609 2601; x_wconf 87' lang='lat' dir='ltr'><strong>adhibeamus,</strong></span> <span class='ocrx_word' id='word_1_660' title='bbox 2661 2545 2718 2590; x_wconf 91' lang='lat' dir='ltr'><strong>ut</strong></span> <span class='ocrx_word' id='word_1_661' title='bbox 2761 2537 2949 2591; x_wconf 89' lang='lat' dir='ltr'><strong>saltem</strong></span> <span class='ocrx_word' id='word_1_662' title='bbox 2995 2537 3206 2592; x_wconf 84' lang='lat' dir='ltr'><strong>tandem</strong></span> <span class='ocrx_word' id='word_1_663' title='bbox 3238 2539 3523 2610; x_wconf 88' lang='lat' dir='ltr'><strong>aliquando</strong></span> <span class='ocrx_word' id='word_1_664' title='bbox 3551 2540 3616 2594; x_wconf 90' lang='lat' dir='ltr'><strong>ad</strong></span> <span class='ocrx_word' id='word_1_665' title='bbox 3645 2555 3830 2596; x_wconf 88' lang='lat' dir='ltr'><strong>veram</strong></span> 
     </span>
    </p>
   </div>
   <div class='ocr_carea' id='block_1_85' title="bbox 2240 2627 3832 2695">
    <p class='ocr_par' dir='ltr' id='par_1_85' title="bbox 2240 2627 3832 2695">
     <span class='ocr_line' id='line_1_85' title="bbox 2240 2627 3832 2695; baseline 0.003 -15"><span class='ocrx_word' id='word_1_666' title='bbox 2240 2627 2520 2683; x_wconf 89' lang='lat' dir='ltr'><strong>sanitatem</strong></span> <span class='ocrx_word' id='word_1_667' title='bbox 2549 2628 2789 2683; x_wconf 89' lang='lat' dir='ltr'><strong>redeant.</strong></span> <span class='ocrx_word' id='word_1_668' title='bbox 2821 2629 2961 2684; x_wconf 81' lang='lat' dir='ltr'><strong>Nihil</strong></span> <span class='ocrx_word' id='word_1_669' title='bbox 2989 2631 3128 2685; x_wconf 90' lang='lat' dir='ltr'><strong>enim</strong></span> <span class='ocrx_word' id='word_1_670' title='bbox 3157 2630 3227 2684; x_wconf 92' lang='lat' dir='ltr'><strong>ita</strong></span> <span class='ocrx_word' id='word_1_671' title='bbox 3259 2640 3409 2685; x_wconf 90' lang='lat' dir='ltr'><strong>curat</strong></span> <span class='ocrx_word' id='word_1_672' title='bbox 3435 2631 3596 2695; x_wconf 84' lang='lat' dir='ltr'><strong>Deus,</strong></span> <span class='ocrx_word' id='word_1_673' title='bbox 3622 2639 3680 2685; x_wconf 92' lang='lat' dir='ltr'><strong>ut</strong></span> <span class='ocrx_word' id='word_1_674' title='bbox 3705 2632 3832 2684; x_wconf 87' lang='lat' dir='ltr'><strong>ani-</strong></span> 
     </span>
    </p>
   </div>
   <div class='ocr_carea' id='block_1_86' title="bbox 2241 2719 3833 2790">
    <p class='ocr_par' dir='ltr' id='par_1_86' title="bbox 2241 2719 3833 2790">
     <span class='ocr_line' id='line_1_86' title="bbox 2241 2719 3833 2790; baseline 0.003 -18"><span class='ocrx_word' id='word_1_675' title='bbox 2241 2733 2447 2773; x_wconf 89' lang='lat' dir='ltr'><strong>marum</strong></span> <span class='ocrx_word' id='word_1_676' title='bbox 2491 2719 2739 2775; x_wconf 87' lang='lat' dir='ltr'><strong>salutem.</strong></span> <span class='ocrx_word' id='word_1_677' title='bbox 2775 2719 2829 2775; x_wconf 93' lang='lat' dir='ltr'><strong>Id</strong></span> <span class='ocrx_word' id='word_1_678' title='bbox 2869 2721 3062 2776; x_wconf 89' lang='lat' dir='ltr'><strong>clamat</strong></span> <span class='ocrx_word' id='word_1_679' title='bbox 3087 2722 3301 2789; x_wconf 87' lang='lat' dir='ltr'><strong>Paulus,</strong></span> <span class='ocrx_word' id='word_1_680' title='bbox 3332 2722 3520 2778; x_wconf 89' lang='lat' dir='ltr'><strong>dicens</strong></span> <span class='ocrx_word' id='word_1_681' title='bbox 3555 2742 3566 2775; x_wconf 93' lang='lat'><strong>:</strong></span> <span class='ocrx_word' id='word_1_682' title='bbox 3595 2724 3695 2790; x_wconf 85' lang='lat' dir='ltr'><strong>Qui</strong></span> <span class='ocrx_word' id='word_1_683' title='bbox 3720 2725 3833 2777; x_wconf 75' lang='lat' dir='ltr'><strong>vult</strong></span> 
     </span>
    </p>
   </div>
   <div class='ocr_carea' id='block_1_87' title="bbox 2240 2813 3834 2885">
    <p class='ocr_par' dir='ltr' id='par_1_87' title="bbox 2240 2813 3834 2885">
     <span class='ocr_line' id='line_1_87' title="bbox 2240 2813 3834 2885; baseline 0.004 -20"><span class='ocrx_word' id='word_1_684' title='bbox 2240 2827 2412 2866; x_wconf 83' lang='lat' dir='ltr'><strong>omnes</strong></span> <span class='ocrx_word' id='word_1_685' title='bbox 2455 2813 2680 2868; x_wconf 78' lang='lat' dir='ltr'><strong>homines</strong></span> <span class='ocrx_word' id='word_1_686' title='bbox 2711 2814 2878 2868; x_wconf 83' lang='lat' dir='ltr'><strong>salvos</strong></span> <span class='ocrx_word' id='word_1_687' title='bbox 2911 2815 3042 2881; x_wconf 78' lang='lat' dir='ltr'><strong>ﬁeri,</strong></span> <span class='ocrx_word' id='word_1_688' title='bbox 3088 2823 3136 2868; x_wconf 85' lang='lat' dir='ltr'><strong>et</strong></span> <span class='ocrx_word' id='word_1_689' title='bbox 3160 2815 3229 2867; x_wconf 85' lang='lat' dir='ltr'><strong>ad</strong></span> <span class='ocrx_word' id='word_1_690' title='bbox 3256 2814 3562 2885; x_wconf 76' lang='lat' dir='ltr'><strong>agnitionem</strong></span> <span class='ocrx_word' id='word_1_691' title='bbox 3605 2816 3834 2872; x_wconf 79' lang='lat' dir='ltr'><strong>veritatis</strong></span> 
     </span>
    </p>
   </div>
   <div class='ocr_carea' id='block_1_88' title="bbox 2240 2901 3832 2974">
    <p class='ocr_par' dir='ltr' id='par_1_88' title="bbox 2240 2901 3832 2974">
     <span class='ocr_line' id='line_1_88' title="bbox 2240 2901 3832 2974; baseline 0.005 -21"><span class='ocrx_word' id='word_1_692' title='bbox 2240 2901 2406 2956; x_wconf 84' lang='lat' dir='ltr'><strong>venire</strong></span> <span class='ocrx_word' id='word_1_693' title='bbox 2436 2902 2512 2973; x_wconf 76' lang='grc' dir='ltr'><strong>(ί.</strong></span> <span class='ocrx_word' id='word_1_694' title='bbox 2547 2901 2678 2955; x_wconf 85' lang='lat' dir='ltr'><strong>Tim.</strong></span> <span class='ocrx_word' id='word_1_695' title='bbox 2717 2903 2771 2956; x_wconf 75' lang='lat'><strong>2.</strong></span> <span class='ocrx_word' id='word_1_696' title='bbox 2801 2904 2880 2972; x_wconf 78' lang='grc'><strong>4).</strong></span> <span class='ocrx_word' id='word_1_697' title='bbox 2914 2904 2979 2957; x_wconf 89' lang='lat' dir='ltr'><strong>Et</strong></span> <span class='ocrx_word' id='word_1_698' title='bbox 3007 2905 3198 2959; x_wconf 89' lang='lat' dir='ltr'><strong>iterum</strong></span> <span class='ocrx_word' id='word_1_699' title='bbox 3232 2905 3371 2960; x_wconf 89' lang='lat' dir='ltr'><strong>Deus</strong></span> <span class='ocrx_word' id='word_1_700' title='bbox 3399 2906 3510 2974; x_wconf 87' lang='lat' dir='ltr'><strong>ipse</strong></span> <span class='ocrx_word' id='word_1_701' title='bbox 3537 2907 3611 2961; x_wconf 85' lang='lat' dir='ltr'><strong>ait</strong></span> <span class='ocrx_word' id='word_1_702' title='bbox 3639 2924 3654 2961; x_wconf 92' lang='lat'><strong>:</strong></span> <span class='ocrx_word' id='word_1_703' title='bbox 3685 2905 3832 2962; x_wconf 74' lang='lat' dir='ltr'><strong>Nolo</strong></span> 
     </span>
    </p>
   </div>
   <div class='ocr_carea' id='block_1_89' title="bbox 2240 2989 3829 3067">
    <p class='ocr_par' dir='ltr' id='par_1_89' title="bbox 2240 2989 3829 3067">
     <span class='ocr_line' id='line_1_89' title="bbox 2240 2989 3829 3067; baseline 0.006 -23"><span class='ocrx_word' id='word_1_704' title='bbox 2240 3000 2452 3044; x_wconf 83' lang='lat' dir='ltr'><strong>mortem</strong></span> <span class='ocrx_word' id='word_1_705' title='bbox 2482 2993 2777 3060; x_wconf 84' lang='lat' dir='ltr'><strong>peccatoris,</strong></span> <span class='ocrx_word' id='word_1_706' title='bbox 2816 2994 2905 3048; x_wconf 79' lang='lat' dir='ltr'><strong>sed</strong></span> <span class='ocrx_word' id='word_1_707' title='bbox 2933 3009 2984 3047; x_wconf 90' lang='lat' dir='ltr'><strong>ut</strong></span> <span class='ocrx_word' id='word_1_708' title='bbox 3011 2989 3349 3062; x_wconf 83' lang='lat' dir='ltr'><strong>convertatur,</strong></span> <span class='ocrx_word' id='word_1_709' title='bbox 3382 3004 3428 3050; x_wconf 90' lang='lat' dir='ltr'><strong>et</strong></span> <span class='ocrx_word' id='word_1_710' title='bbox 3452 2997 3582 3051; x_wconf 86' lang='lat' dir='ltr'><strong>vivat</strong></span> <span class='ocrx_word' id='word_1_711' title='bbox 3609 2996 3829 3067; x_wconf 72' lang='lat' dir='ltr'><strong>(Emit.</strong></span> 
     </span>
    </p>
   </div>
   <div class='ocr_carea' id='block_1_90' title="bbox 2243 3081 3832 3159">
    <p class='ocr_par' dir='ltr' id='par_1_90' title="bbox 2243 3081 3832 3159">
     <span class='ocr_line' id='line_1_90' title="bbox 2243 3081 3832 3159; baseline 0.004 -21"><span class='ocrx_word' id='word_1_712' title='bbox 2243 3081 2331 3138; x_wconf 73' lang='lat' dir='ltr'><strong>i8.</strong></span> <span class='ocrx_word' id='word_1_713' title='bbox 2353 3082 2469 3155; x_wconf 77' lang='lat'><strong>23).</strong></span> <span class='ocrx_word' id='word_1_714' title='bbox 2497 3083 2723 3154; x_wconf 85' lang='lat' dir='ltr'><strong>Propter</strong></span> <span class='ocrx_word' id='word_1_715' title='bbox 2742 3086 2842 3140; x_wconf 89' lang='lat' dir='ltr'><strong>hoc</strong></span> <span class='ocrx_word' id='word_1_716' title='bbox 2865 3086 3024 3140; x_wconf 89' lang='lat' dir='ltr'><strong>etiam</strong></span> <span class='ocrx_word' id='word_1_717' title='bbox 3048 3095 3288 3141; x_wconf 88' lang='lat' dir='ltr'><strong>naturam</strong></span> <span class='ocrx_word' id='word_1_718' title='bbox 3319 3086 3456 3142; x_wconf 90' lang='lat' dir='ltr'><strong>hanc</strong></span> <span class='ocrx_word' id='word_1_719' title='bbox 3473 3103 3686 3144; x_wconf 89' lang='lat' dir='ltr'><strong>omnem</strong></span> <span class='ocrx_word' id='word_1_720' title='bbox 3704 3104 3832 3159; x_wconf 84' lang='lat' dir='ltr'><strong>pro-</strong></span> 
     </span>
    </p>
   </div>
   <div class='ocr_carea' id='block_1_91' title="bbox 2240 3171 3831 3249">
    <p class='ocr_par' dir='ltr' id='par_1_91' title="bbox 2240 3171 3831 3249">
     <span class='ocr_line' id='line_1_91' title="bbox 2240 3171 3831 3249; baseline 0.006 -23"><span class='ocrx_word' id='word_1_721' title='bbox 2240 3171 2415 3239; x_wconf 87' lang='lat' dir='ltr'><strong>duxit,</strong></span> <span class='ocrx_word' id='word_1_722' title='bbox 2445 3183 2502 3231; x_wconf 88' lang='lat' dir='ltr'><strong>et</strong></span> <span class='ocrx_word' id='word_1_723' title='bbox 2531 3188 2629 3228; x_wconf 91' lang='lat' dir='ltr'><strong>nos</strong></span> <span class='ocrx_word' id='word_1_724' title='bbox 2653 3174 2930 3240; x_wconf 82' lang='lat' dir='ltr'><strong>formavit,</strong></span> <span class='ocrx_word' id='word_1_725' title='bbox 2951 3190 3055 3230; x_wconf 90' lang='lat' dir='ltr'><strong>non</strong></span> <span class='ocrx_word' id='word_1_726' title='bbox 3083 3184 3140 3230; x_wconf 94' lang='lat' dir='ltr'><strong>ut</strong></span> <span class='ocrx_word' id='word_1_727' title='bbox 3164 3191 3468 3246; x_wconf 84' lang='lat' dir='ltr'><strong>pereamus,</strong></span> <span class='ocrx_word' id='word_1_728' title='bbox 3501 3193 3675 3249; x_wconf 88' lang='lat' dir='ltr'><strong>neque</strong></span> <span class='ocrx_word' id='word_1_729' title='bbox 3700 3181 3831 3237; x_wconf 89' lang='lat' dir='ltr'><strong>utin</strong></span> 
     </span>
    </p>
   </div>
   <div class='ocr_carea' id='block_1_92' title="bbox 2241 3264 3832 3334">
    <p class='ocr_par' dir='ltr' id='par_1_92' title="bbox 2241 3264 3832 3334">
     <span class='ocr_line' id='line_1_92' title="bbox 2241 3264 3832 3334; baseline 0.005 -16"><span class='ocrx_word' id='word_1_730' title='bbox 2241 3264 2555 3334; x_wconf 80' lang='lat' dir='ltr'><strong>supplicium</strong></span> <span class='ocrx_word' id='word_1_731' title='bbox 2582 3268 2682 3320; x_wconf 86' lang='lat' dir='ltr'><strong>nos</strong></span> <span class='ocrx_word' id='word_1_732' title='bbox 2705 3266 2913 3333; x_wconf 89' lang='lat' dir='ltr'><strong>mittat;</strong></span> <span class='ocrx_word' id='word_1_733' title='bbox 2942 3266 3035 3321; x_wconf 88' lang='lat' dir='ltr'><strong>sed</strong></span> <span class='ocrx_word' id='word_1_734' title='bbox 3066 3275 3121 3320; x_wconf 91' lang='lat' dir='ltr'><strong>ut</strong></span> <span class='ocrx_word' id='word_1_735' title='bbox 3150 3267 3325 3322; x_wconf 76' lang='lat' dir='ltr'><strong>salvos</strong></span> <span class='ocrx_word' id='word_1_736' title='bbox 3355 3267 3533 3334; x_wconf 89' lang='lat' dir='ltr'><strong>faciat,</strong></span> <span class='ocrx_word' id='word_1_737' title='bbox 3565 3271 3712 3324; x_wconf 87' lang='lat' dir='ltr'><strong>etab</strong></span> <span class='ocrx_word' id='word_1_738' title='bbox 3733 3284 3832 3326; x_wconf 87' lang='lat' dir='ltr'><strong>er-</strong></span> 
     </span>
    </p>
   </div>
   <div class='ocr_carea' id='block_1_93' title="bbox 2242 3354 3826 3428">
    <p class='ocr_par' dir='ltr' id='par_1_93' title="bbox 2242 3354 3826 3428">
     <span class='ocr_line' id='line_1_93' title="bbox 2242 3354 3826 3428; baseline 0.008 -20"><span class='ocrx_word' id='word_1_739' title='bbox 2242 3369 2364 3410; x_wconf 89' lang='lat' dir='ltr'><strong>rore</strong></span> <span class='ocrx_word' id='word_1_740' title='bbox 2385 3354 2643 3421; x_wconf 85' lang='lat' dir='ltr'><strong>liberatis,</strong></span> <span class='ocrx_word' id='word_1_741' title='bbox 2693 3371 2860 3428; x_wconf 88' lang='lat' dir='ltr'><strong>regno</strong></span> <span class='ocrx_word' id='word_1_742' title='bbox 2899 3357 3000 3412; x_wconf 91' lang='lat' dir='ltr'><strong>frui</strong></span> <span class='ocrx_word' id='word_1_743' title='bbox 3050 3359 3202 3414; x_wconf 89' lang='lat' dir='ltr'><strong>nobis</strong></span> <span class='ocrx_word' id='word_1_744' title='bbox 3232 3361 3510 3416; x_wconf 87' lang='lat' dir='ltr'><strong>concedat.</strong></span> <span class='ocrx_word' id='word_1_745' title='bbox 3541 3361 3654 3416; x_wconf 90' lang='lat' dir='ltr'><strong>Hoc</strong></span> <span class='ocrx_word' id='word_1_746' title='bbox 3679 3363 3826 3420; x_wconf 87' lang='lat' dir='ltr'><strong>enim</strong></span> 
     </span>
    </p>
   </div>
   <div class='ocr_carea' id='block_1_94' title="bbox 2244 3443 3828 3521">
    <p class='ocr_par' dir='ltr' id='par_1_94' title="bbox 2244 3443 3828 3521">
     <span class='ocr_line' id='line_1_94' title="bbox 2244 3443 3828 3521; baseline 0.007 -23"><span class='ocrx_word' id='word_1_747' title='bbox 2244 3443 2398 3499; x_wconf 87' lang='lat' dir='ltr'><strong>nobis</strong></span> <span class='ocrx_word' id='word_1_748' title='bbox 2422 3447 2756 3514; x_wconf 66' lang='lat' dir='ltr'><strong>praeparavit,</strong></span> <span class='ocrx_word' id='word_1_749' title='bbox 2789 3463 2896 3501; x_wconf 92' lang='lat' dir='ltr'><strong>non</strong></span> <span class='ocrx_word' id='word_1_750' title='bbox 2941 3463 3085 3505; x_wconf 88' lang='lat' dir='ltr'><strong>nunc</strong></span> <span class='ocrx_word' id='word_1_751' title='bbox 3120 3460 3398 3521; x_wconf 90' lang='lat' dir='ltr'><strong>postquam</strong></span> <span class='ocrx_word' id='word_1_752' title='bbox 3440 3451 3564 3508; x_wconf 87' lang='lat' dir='ltr'><strong>facti</strong></span> <span class='ocrx_word' id='word_1_753' title='bbox 3616 3469 3828 3521; x_wconf 87' lang='lat' dir='ltr'><strong>sumus,</strong></span> 
     </span>
    </p>
   </div>
   <div class='ocr_carea' id='block_1_95' title="bbox 2242 3535 3826 3613">
    <p class='ocr_par' dir='ltr' id='par_1_95' title="bbox 2242 3535 3826 3613">
     <span class='ocr_line' id='line_1_95' title="bbox 2242 3535 3826 3613; baseline 0.004 -22"><span class='ocrx_word' id='word_1_754' title='bbox 2242 3536 2336 3592; x_wconf 89' lang='lat' dir='ltr'><strong>sed</strong></span> <span class='ocrx_word' id='word_1_755' title='bbox 2373 3546 2500 3591; x_wconf 87' lang='lat' dir='ltr'><strong>ante</strong></span> <span class='ocrx_word' id='word_1_756' title='bbox 2532 3535 2675 3605; x_wconf 86' lang='lat' dir='ltr'><strong>jacta</strong></span> <span class='ocrx_word' id='word_1_757' title='bbox 2722 3536 3074 3593; x_wconf 71' lang='lat' dir='ltr'><strong>fundamenta</strong></span> <span class='ocrx_word' id='word_1_758' title='bbox 3110 3541 3313 3606; x_wconf 91' lang='lat' dir='ltr'><strong>mundi,</strong></span> <span class='ocrx_word' id='word_1_759' title='bbox 3344 3543 3482 3597; x_wconf 88' lang='lat' dir='ltr'><strong>sicut</strong></span> <span class='ocrx_word' id='word_1_760' title='bbox 3504 3543 3619 3613; x_wconf 89' lang='lat' dir='ltr'><strong>ipse</strong></span> <span class='ocrx_word' id='word_1_761' title='bbox 3648 3543 3782 3598; x_wconf 91' lang='lat' dir='ltr'><strong>dicit</strong></span> <span class='ocrx_word' id='word_1_762' title='bbox 3810 3562 3826 3598; x_wconf 92' lang='lat'><strong>:</strong></span> 
     </span>
    </p>
   </div>
   <div class='ocr_carea' id='block_1_96' title="bbox 2251 3627 3834 3703">
    <p class='ocr_par' dir='ltr' id='par_1_96' title="bbox 2251 3627 3834 3703">
     <span class='ocr_line' id='line_1_96' title="bbox 2251 3627 3834 3703; baseline 0.004 -22"><span class='ocrx_word' id='word_1_763' title='bbox 2251 3627 2443 3696; x_wconf 83' lang='lat' dir='ltr'><strong>Venite,</strong></span> <span class='ocrx_word' id='word_1_764' title='bbox 2492 3628 2737 3683; x_wconf 81' lang='lat' dir='ltr'><strong>benedicti</strong></span> <span class='ocrx_word' id='word_1_765' title='bbox 2778 3629 2951 3685; x_wconf 86' lang='lat' dir='ltr'><strong>Patris</strong></span> <span class='ocrx_word' id='word_1_766' title='bbox 2992 3632 3111 3696; x_wconf 85' lang='lat' dir='ltr'><strong>mei,</strong></span> <span class='ocrx_word' id='word_1_767' title='bbox 3153 3632 3207 3685; x_wconf 84' lang='lat' dir='ltr'><strong>in</strong></span> <span class='ocrx_word' id='word_1_768' title='bbox 3236 3632 3577 3688; x_wconf 77' lang='lat' dir='ltr'><strong>Iuereditatem</strong></span> <span class='ocrx_word' id='word_1_769' title='bbox 3613 3633 3834 3703; x_wconf 73' lang='lat' dir='ltr'><strong>accipito</strong></span> 
     </span>
    </p>
   </div>
   <div class='ocr_carea' id='block_1_97' title="bbox 2247 3721 3832 3789">
    <p class='ocr_par' dir='ltr' id='par_1_97' title="bbox 2247 3721 3832 3789">
     <span class='ocr_line' id='line_1_97' title="bbox 2247 3721 3832 3789; baseline 0.004 -19"><span class='ocrx_word' id='word_1_770' title='bbox 2247 3729 2586 3788; x_wconf 79' lang='lat' dir='ltr'><strong>prceparatum</strong></span> <span class='ocrx_word' id='word_1_771' title='bbox 2615 3721 2752 3773; x_wconf 82' lang='lat' dir='ltr'><strong>vobis</strong></span> <span class='ocrx_word' id='word_1_772' title='bbox 2793 3735 3004 3789; x_wconf 86' lang='lat' dir='ltr'><strong>regnum</strong></span> <span class='ocrx_word' id='word_1_773' title='bbox 3046 3729 3166 3775; x_wconf 74' lang='lat' dir='ltr'><strong>ante</strong></span> <span class='ocrx_word' id='word_1_774' title='bbox 3199 3722 3609 3776; x_wconf 80' lang='lat' dir='ltr'><strong>constitutionem</strong></span> <span class='ocrx_word' id='word_1_775' title='bbox 3648 3723 3832 3776; x_wconf 76' lang='lat' dir='ltr'><strong>mundi</strong></span> 
     </span>
    </p>
   </div>
   <div class='ocr_carea' id='block_1_98' title="bbox 2247 3809 3831 3886">
    <p class='ocr_par' dir='ltr' id='par_1_98' title="bbox 2247 3809 3831 3886">
     <span class='ocr_line' id='line_1_98' title="bbox 2247 3809 3831 3886; baseline 0.007 -23"><span class='ocrx_word' id='word_1_776' title='bbox 2247 3809 2457 3880; x_wconf 74' lang='lat' dir='ltr'><strong>(Matth.</strong></span> <span class='ocrx_word' id='word_1_777' title='bbox 2485 3811 2574 3867; x_wconf 73' lang='lat'><strong>25.</strong></span> <span class='ocrx_word' id='word_1_778' title='bbox 2599 3813 2711 3882; x_wconf 68' lang='lat'><strong>34).</strong></span> <span class='ocrx_word' id='word_1_779' title='bbox 2738 3811 2871 3867; x_wconf 86' lang='lat' dir='ltr'><strong>Vide</strong></span> <span class='ocrx_word' id='word_1_780' title='bbox 2897 3813 3276 3884; x_wconf 85' lang='lat' dir='ltr'><strong>benignitatem</strong></span> <span class='ocrx_word' id='word_1_781' title='bbox 3299 3815 3528 3883; x_wconf 91' lang='lat' dir='ltr'><strong>Domini,</strong></span> <span class='ocrx_word' id='word_1_782' title='bbox 3554 3817 3831 3886; x_wconf 87' lang='lat' dir='ltr'><strong>quomodo</strong></span> 
     </span>
    </p>
   </div>
   <div class='ocr_carea' id='block_1_99' title="bbox 2243 3899 3827 3976">
    <p class='ocr_par' dir='ltr' id='par_1_99' title="bbox 2243 3899 3827 3976">
     <span class='ocr_line' id='line_1_99' title="bbox 2243 3899 3827 3976; baseline 0.005 -21"><span class='ocrx_word' id='word_1_783' title='bbox 2243 3910 2524 3971; x_wconf 84' lang='lat' dir='ltr'><strong>antequam</strong></span> <span class='ocrx_word' id='word_1_784' title='bbox 2546 3899 2865 3958; x_wconf 87' lang='lat' dir='ltr'><strong>formarctur</strong></span> <span class='ocrx_word' id='word_1_785' title='bbox 2885 3903 3136 3969; x_wconf 88' lang='lat' dir='ltr'><strong>mundus,</strong></span> <span class='ocrx_word' id='word_1_786' title='bbox 3159 3913 3214 3961; x_wconf 91' lang='lat' dir='ltr'><strong>et</strong></span> <span class='ocrx_word' id='word_1_787' title='bbox 3235 3907 3617 3974; x_wconf 85' lang='lat' dir='ltr'><strong>produceretur</strong></span> <span class='ocrx_word' id='word_1_788' title='bbox 3639 3907 3827 3976; x_wconf 90' lang='lat' dir='ltr'><strong>homo,</strong></span> 
     </span>
    </p>
   </div>
   <div class='ocr_carea' id='block_1_100' title="bbox 2244 3990 3829 4066">
    <p class='ocr_par' dir='ltr' id='par_1_100' title="bbox 2244 3990 3829 4066">
     <span class='ocr_line' id='line_1_100' title="bbox 2244 3990 3829 4066; baseline 0.006 -20"><span class='ocrx_word' id='word_1_789' title='bbox 2244 3990 2450 4047; x_wconf 88' lang='lat' dir='ltr'><strong>infinita</strong></span> <span class='ocrx_word' id='word_1_790' title='bbox 2482 3992 2580 4061; x_wconf 86' lang='lat' dir='ltr'><strong>ipsi</strong></span> <span class='ocrx_word' id='word_1_791' title='bbox 2623 3993 2760 4049; x_wconf 89' lang='lat' dir='ltr'><strong>bona</strong></span> <span class='ocrx_word' id='word_1_792' title='bbox 2787 3994 3169 4062; x_wconf 63' lang='lat' dir='ltr'><strong>praeparaverit</strong></span> <span class='ocrx_word' id='word_1_793' title='bbox 3205 4011 3220 4048; x_wconf 88' lang='lat'><strong>:</strong></span> <span class='ocrx_word' id='word_1_794' title='bbox 3251 3995 3542 4051; x_wconf 89' lang='lat' dir='ltr'><strong>ostendens</strong></span> <span class='ocrx_word' id='word_1_795' title='bbox 3568 4009 3829 4066; x_wconf 88' lang='lat' dir='ltr'><strong>quantam</strong></span> 
     </span>
    </p>
   </div>
   <div class='ocr_carea' id='block_1_101' title="bbox 2241 4084 3829 4156">
    <p class='ocr_par' dir='ltr' id='par_1_101' title="bbox 2241 4084 3829 4156">
     <span class='ocr_line' id='line_1_101' title="bbox 2241 4084 3829 4156; baseline 0.006 -18"><span class='ocrx_word' id='word_1_796' title='bbox 2241 4084 2411 4139; x_wconf 88' lang='lat' dir='ltr'><strong>nostri</strong></span> <span class='ocrx_word' id='word_1_797' title='bbox 2439 4084 2650 4154; x_wconf 85' lang='lat' dir='ltr'><strong>generis</strong></span> <span class='ocrx_word' id='word_1_798' title='bbox 2679 4085 3062 4156; x_wconf 88' lang='lat' dir='ltr'><strong>providentiam</strong></span> <span class='ocrx_word' id='word_1_799' title='bbox 3085 4094 3258 4156; x_wconf 87' lang='lat' dir='ltr'><strong>gerat,</strong></span> <span class='ocrx_word' id='word_1_800' title='bbox 3289 4096 3344 4142; x_wconf 90' lang='lat' dir='ltr'><strong>et</strong></span> <span class='ocrx_word' id='word_1_801' title='bbox 3369 4102 3430 4144; x_wconf 87' lang='lat' dir='ltr'><strong>se</strong></span> <span class='ocrx_word' id='word_1_802' title='bbox 3451 4090 3692 4145; x_wconf 89' lang='lat' dir='ltr'><strong>omnium</strong></span> <span class='ocrx_word' id='word_1_803' title='bbox 3733 4105 3829 4148; x_wconf 83' lang='lat' dir='ltr'><strong>sa-</strong></span> 
     </span>
    </p>
   </div>
   <div class='ocr_carea' id='block_1_102' title="bbox 2245 4179 2588 4236">
    <p class='ocr_par' dir='ltr' id='par_1_102' title="bbox 2245 4179 2588 4236">
     <span class='ocr_line' id='line_1_102' title="bbox 2245 4179 2588 4236; baseline -0.012 0"><span class='ocrx_word' id='word_1_804' title='bbox 2245 4180 2410 4236; x_wconf 90' lang='lat' dir='ltr'><strong>lutem</strong></span> <span class='ocrx_word' id='word_1_805' title='bbox 2431 4179 2588 4236; x_wconf 88' lang='lat' dir='ltr'><strong>velle.</strong></span> 
     </span>
    </p>
   </div>
   <div class='ocr_carea' id='block_1_103' title="bbox 2321 4269 3836 4348">
    <p class='ocr_par' dir='ltr' id='par_1_103' title="bbox 2321 4269 3836 4348">
     <span class='ocr_line' id='line_1_103' title="bbox 2321 4269 3836 4348; baseline 0.001 -22"><span class='ocrx_word' id='word_1_806' title='bbox 2321 4271 2442 4326; x_wconf 87' lang='lat' dir='ltr'><strong>Non</strong></span> <span class='ocrx_word' id='word_1_807' title='bbox 2471 4280 2693 4348; x_wconf 60' lang='lat' dir='ltr'><strong>nostram</strong></span> <span class='ocrx_word' id='word_1_808' title='bbox 2736 4271 2920 4335; x_wconf 85' lang='lat' dir='ltr'><strong>solum,</strong></span> <span class='ocrx_word' id='word_1_809' title='bbox 2953 4271 3043 4324; x_wconf 84' lang='lat' dir='ltr'><strong>sed</strong></span> <span class='ocrx_word' id='word_1_810' title='bbox 3073 4279 3120 4323; x_wconf 89' lang='lat' dir='ltr'><strong>et</strong></span> <span class='ocrx_word' id='word_1_811' title='bbox 3156 4269 3376 4324; x_wconf 79' lang='lat' dir='ltr'><strong>aliorum</strong></span> <span class='ocrx_word' id='word_1_812' title='bbox 3413 4271 3628 4325; x_wconf 77' lang='lat' dir='ltr'><strong>salutem</strong></span> <span class='ocrx_word' id='word_1_813' title='bbox 3648 4287 3836 4330; x_wconf 68' lang='lat' dir='ltr'><strong>curare</strong></span> 
     </span>
    </p>
   </div>
   <div class='ocr_carea' id='block_1_104' title="bbox 2246 4359 3830 4431">
    <p class='ocr_par' dir='ltr' id='par_1_104' title="bbox 2246 4359 3830 4431">
     <span class='ocr_line' id='line_1_104' title="bbox 2246 4359 3830 4431; baseline 0.004 -17"><span class='ocrx_word' id='word_1_814' title='bbox 2246 4360 2800 4417; x_wconf 83' lang='lat' dir='ltr'><strong>debemus.—Talem</strong></span> <span class='ocrx_word' id='word_1_815' title='bbox 2843 4360 3000 4430; x_wconf 87' lang='lat' dir='ltr'><strong>igitur</strong></span> <span class='ocrx_word' id='word_1_816' title='bbox 3049 4359 3304 4416; x_wconf 86' lang='lat' dir='ltr'><strong>habentes</strong></span> <span class='ocrx_word' id='word_1_817' title='bbox 3359 4361 3662 4431; x_wconf 89' lang='lat' dir='ltr'><strong>Dominum,</strong></span> <span class='ocrx_word' id='word_1_818' title='bbox 3718 4373 3830 4421; x_wconf 87' lang='lat' dir='ltr'><strong>tam</strong></span> 
     </span>
    </p>
   </div>
   <div class='ocr_carea' id='block_1_105' title="bbox 2245 4451 3828 4522">
    <p class='ocr_par' dir='ltr' id='par_1_105' title="bbox 2245 4451 3828 4522">
     <span class='ocr_line' id='line_1_105' title="bbox 2245 4451 3828 4522; baseline 0.002 -15"><span class='ocrx_word' id='word_1_819' title='bbox 2245 4453 2663 4516; x_wconf 87' lang='lat' dir='ltr'><strong>misericordem,</strong></span> <span class='ocrx_word' id='word_1_820' title='bbox 2694 4461 2801 4507; x_wconf 87' lang='lat' dir='ltr'><strong>tam</strong></span> <span class='ocrx_word' id='word_1_821' title='bbox 2828 4451 3135 4522; x_wconf 88' lang='lat' dir='ltr'><strong>benignum,</strong></span> <span class='ocrx_word' id='word_1_822' title='bbox 3166 4460 3271 4506; x_wconf 90' lang='lat' dir='ltr'><strong>tam</strong></span> <span class='ocrx_word' id='word_1_823' title='bbox 3303 4462 3662 4519; x_wconf 87' lang='lat' dir='ltr'><strong>mansuetum,</strong></span> <span class='ocrx_word' id='word_1_824' title='bbox 3704 4468 3828 4510; x_wconf 85' lang='lat' dir='ltr'><strong>cum</strong></span> 
     </span>
    </p>
   </div>
   <div class='ocr_carea' id='block_1_106' title="bbox 2246 4543 3822 4616">
    <p class='ocr_par' dir='ltr' id='par_1_106' title="bbox 2246 4543 3822 4616">
     <span class='ocr_line' id='line_1_106' title="bbox 2246 4543 3822 4616; baseline 0.003 -18"><span class='ocrx_word' id='word_1_825' title='bbox 2246 4553 2463 4607; x_wconf 65' lang='lat' dir='ltr'><strong>nostrae,</strong></span> <span class='ocrx_word' id='word_1_826' title='bbox 2497 4551 2605 4596; x_wconf 89' lang='lat' dir='ltr'><strong>tum</strong></span> <span class='ocrx_word' id='word_1_827' title='bbox 2641 4543 2860 4596; x_wconf 88' lang='lat' dir='ltr'><strong>fratrum</strong></span> <span class='ocrx_word' id='word_1_828' title='bbox 2889 4552 3190 4597; x_wconf 84' lang='lat' dir='ltr'><strong>nostrorum</strong></span> <span class='ocrx_word' id='word_1_829' title='bbox 3219 4545 3403 4598; x_wconf 87' lang='lat' dir='ltr'><strong>salutis</strong></span> <span class='ocrx_word' id='word_1_830' title='bbox 3448 4559 3630 4599; x_wconf 86' lang='lat' dir='ltr'><strong>curam</strong></span> <span class='ocrx_word' id='word_1_831' title='bbox 3667 4561 3822 4616; x_wconf 85' lang='lat' dir='ltr'><strong>gera-</strong></span> 
     </span>
    </p>
   </div>
   <div class='ocr_carea' id='block_1_107' title="bbox 2247 4634 3828 4705">
    <p class='ocr_par' dir='ltr' id='par_1_107' title="bbox 2247 4634 3828 4705">
     <span class='ocr_line' id='line_1_107' title="bbox 2247 4634 3828 4705; baseline 0.004 -15"><span class='ocrx_word' id='word_1_832' title='bbox 2247 4652 2384 4692; x_wconf 89' lang='lat' dir='ltr'><strong>mus.</strong></span> <span class='ocrx_word' id='word_1_833' title='bbox 2414 4636 2544 4690; x_wconf 81' lang='lat' dir='ltr'><strong>Nam</strong></span> <span class='ocrx_word' id='word_1_834' title='bbox 2576 4644 2630 4691; x_wconf 90' lang='lat' dir='ltr'><strong>et</strong></span> <span class='ocrx_word' id='word_1_835' title='bbox 2655 4634 2756 4690; x_wconf 91' lang='lat' dir='ltr'><strong>hoc</strong></span> <span class='ocrx_word' id='word_1_836' title='bbox 2792 4643 2989 4689; x_wconf 73' lang='lat' dir='ltr'><strong>nostra:</strong></span> <span class='ocrx_word' id='word_1_837' title='bbox 3032 4635 3218 4689; x_wconf 88' lang='lat' dir='ltr'><strong>salutis</strong></span> <span class='ocrx_word' id='word_1_838' title='bbox 3246 4645 3616 4705; x_wconf 89' lang='lat' dir='ltr'><strong>argumentum</strong></span> <span class='ocrx_word' id='word_1_839' title='bbox 3644 4638 3746 4692; x_wconf 88' lang='lat' dir='ltr'><strong>erit</strong></span> <span class='ocrx_word' id='word_1_840' title='bbox 3771 4650 3828 4697; x_wconf 87' lang='lat' dir='ltr'><strong>et</strong></span> 
     </span>
    </p>
   </div>
   <div class='ocr_carea' id='block_1_108' title="bbox 2246 4724 3826 4794">
    <p class='ocr_par' dir='ltr' id='par_1_108' title="bbox 2246 4724 3826 4794">
     <span class='ocr_line' id='line_1_108' title="bbox 2246 4724 3826 4794; baseline 0.003 -13"><span class='ocrx_word' id='word_1_841' title='bbox 2246 4727 2476 4791; x_wconf 88' lang='lat' dir='ltr'><strong>occasio,</strong></span> <span class='ocrx_word' id='word_1_842' title='bbox 2509 4725 2553 4779; x_wconf 92' lang='lat' dir='ltr'><strong>si</strong></span> <span class='ocrx_word' id='word_1_843' title='bbox 2595 4741 2702 4781; x_wconf 91' lang='lat' dir='ltr'><strong>non</strong></span> <span class='ocrx_word' id='word_1_844' title='bbox 2728 4727 2898 4781; x_wconf 90' lang='lat' dir='ltr'><strong>solum</strong></span> <span class='ocrx_word' id='word_1_845' title='bbox 2926 4740 3022 4794; x_wconf 91' lang='lat' dir='ltr'><strong>pro</strong></span> <span class='ocrx_word' id='word_1_846' title='bbox 3047 4726 3199 4780; x_wconf 89' lang='lat' dir='ltr'><strong>nobis</strong></span> <span class='ocrx_word' id='word_1_847' title='bbox 3227 4724 3356 4794; x_wconf 83' lang='lat' dir='ltr'><strong>ipsis</strong></span> <span class='ocrx_word' id='word_1_848' title='bbox 3381 4726 3615 4792; x_wconf 91' lang='lat' dir='ltr'><strong>solliciti,</strong></span> <span class='ocrx_word' id='word_1_849' title='bbox 3649 4729 3744 4785; x_wconf 86' lang='lat' dir='ltr'><strong>sed</strong></span> <span class='ocrx_word' id='word_1_850' title='bbox 3772 4739 3826 4786; x_wconf 88' lang='lat' dir='ltr'><strong>et</strong></span> 
     </span>
    </p>
   </div>
   <div class='ocr_carea' id='block_1_109' title="bbox 2247 4815 3825 4894">
    <p class='ocr_par' dir='ltr' id='par_1_109' title="bbox 2247 4815 3825 4894">
     <span class='ocr_line' id='line_1_109' title="bbox 2247 4815 3825 4894; baseline 0.002 -22"><span class='ocrx_word' id='word_1_851' title='bbox 2247 4819 2489 4890; x_wconf 90' lang='lat' dir='ltr'><strong>proximo</strong></span> <span class='ocrx_word' id='word_1_852' title='bbox 2531 4818 2686 4894; x_wconf 83' lang='lat' dir='ltr'><strong>utiles</strong></span> <span class='ocrx_word' id='word_1_853' title='bbox 2727 4816 3001 4881; x_wconf 89' lang='lat' dir='ltr'><strong>fuerimus,</strong></span> <span class='ocrx_word' id='word_1_854' title='bbox 3042 4826 3094 4870; x_wconf 91' lang='lat' dir='ltr'><strong>et</strong></span> <span class='ocrx_word' id='word_1_855' title='bbox 3124 4816 3292 4885; x_wconf 90' lang='lat' dir='ltr'><strong>ipsum</strong></span> <span class='ocrx_word' id='word_1_856' title='bbox 3318 4815 3385 4870; x_wconf 92' lang='lat' dir='ltr'><strong>ad</strong></span> <span class='ocrx_word' id='word_1_857' title='bbox 3413 4817 3552 4871; x_wconf 88' lang='lat' dir='ltr'><strong>viam</strong></span> <span class='ocrx_word' id='word_1_858' title='bbox 3583 4820 3825 4877; x_wconf 80' lang='lat' dir='ltr'><strong>veritatis</strong></span> 
     </span>
    </p>
   </div>
   <div class='ocr_carea' id='block_1_110' title="bbox 2245 4908 3829 4977">
    <p class='ocr_par' dir='ltr' id='par_1_110' title="bbox 2245 4908 3829 4977">
     <span class='ocr_line' id='line_1_110' title="bbox 2245 4908 3829 4977; baseline 0 -11"><span class='ocrx_word' id='word_1_859' title='bbox 2245 4913 2586 4967; x_wconf 90' lang='lat' dir='ltr'><strong>deducamus.</strong></span> <span class='ocrx_word' id='word_1_860' title='bbox 2643 4909 2710 4963; x_wconf 86' lang='lat' dir='ltr'><strong>Et</strong></span> <span class='ocrx_word' id='word_1_861' title='bbox 2759 4917 2816 4963; x_wconf 93' lang='lat' dir='ltr'><strong>ut</strong></span> <span class='ocrx_word' id='word_1_862' title='bbox 2855 4908 3029 4962; x_wconf 88' lang='lat' dir='ltr'><strong>discas</strong></span> <span class='ocrx_word' id='word_1_863' title='bbox 3068 4914 3322 4977; x_wconf 89' lang='lat' dir='ltr'><strong>quantum</strong></span> <span class='ocrx_word' id='word_1_864' title='bbox 3369 4908 3566 4963; x_wconf 91' lang='lat' dir='ltr'><strong>bonum</strong></span> <span class='ocrx_word' id='word_1_865' title='bbox 3597 4910 3663 4964; x_wconf 90' lang='lat' dir='ltr'><strong>sit</strong></span> <span class='ocrx_word' id='word_1_866' title='bbox 3703 4925 3829 4966; x_wconf 85' lang='lat' dir='ltr'><strong>cum</strong></span> 
     </span>
    </p>
   </div>
   <div class='ocr_carea' id='block_1_111' title="bbox 2248 4998 3830 5069">
    <p class='ocr_par' dir='ltr' id='par_1_111' title="bbox 2248 4998 3830 5069">
     <span class='ocr_line' id='line_1_111' title="bbox 2248 4998 3830 5069; baseline -0.002 -13"><span class='ocrx_word' id='word_1_867' title='bbox 2248 5011 2430 5058; x_wconf 87' lang='lat' dir='ltr'><strong>nostra</strong></span> <span class='ocrx_word' id='word_1_868' title='bbox 2456 5002 2678 5055; x_wconf 86' lang='lat' dir='ltr'><strong>aliorum</strong></span> <span class='ocrx_word' id='word_1_869' title='bbox 2702 4999 2862 5053; x_wconf 89' lang='lat' dir='ltr'><strong>etiam</strong></span> <span class='ocrx_word' id='word_1_870' title='bbox 2883 5000 3109 5053; x_wconf 88' lang='lat' dir='ltr'><strong>salutem</strong></span> <span class='ocrx_word' id='word_1_871' title='bbox 3135 4998 3349 5063; x_wconf 84' lang='lat' dir='ltr'><strong>lucrari,</strong></span> <span class='ocrx_word' id='word_1_872' title='bbox 3367 4999 3488 5052; x_wconf 90' lang='lat' dir='ltr'><strong>audi</strong></span> <span class='ocrx_word' id='word_1_873' title='bbox 3515 5000 3830 5069; x_wconf 84' lang='lat' dir='ltr'><strong>prophetam</strong></span> 
     </span>
    </p>
   </div>
   <div class='ocr_carea' id='block_1_112' title="bbox 2247 5088 3828 5164">
    <p class='ocr_par' dir='ltr' id='par_1_112' title="bbox 2247 5088 3828 5164">
     <span class='ocr_line' id='line_1_112' title="bbox 2247 5088 3828 5164; baseline -0.003 -15"><span class='ocrx_word' id='word_1_874' title='bbox 2247 5109 2317 5149; x_wconf 85' lang='lat' dir='ltr'><strong>ex</strong></span> <span class='ocrx_word' id='word_1_875' title='bbox 2347 5109 2567 5164; x_wconf 89' lang='lat' dir='ltr'><strong>persona</strong></span> <span class='ocrx_word' id='word_1_876' title='bbox 2600 5092 2690 5147; x_wconf 89' lang='lat' dir='ltr'><strong>Dei</strong></span> <span class='ocrx_word' id='word_1_877' title='bbox 2715 5090 2980 5144; x_wconf 89' lang='lat' dir='ltr'><strong>dicentem</strong></span> <span class='ocrx_word' id='word_1_878' title='bbox 3017 5106 3028 5141; x_wconf 94' lang='lat'>:</span> <span class='ocrx_word' id='word_1_879' title='bbox 3059 5088 3160 5155; x_wconf 83' lang='lat' dir='ltr'><strong>Qui</strong></span> <span class='ocrx_word' id='word_1_880' title='bbox 3185 5089 3349 5142; x_wconf 87' lang='lat' dir='ltr'><strong>educit</strong></span> <span class='ocrx_word' id='word_1_881' title='bbox 3376 5089 3644 5158; x_wconf 80' lang='lat' dir='ltr'><strong>pretiosum</strong></span> <span class='ocrx_word' id='word_1_882' title='bbox 3668 5107 3701 5144; x_wconf 81' lang='grc' dir='ltr'><em>α</em></span> <span class='ocrx_word' id='word_1_883' title='bbox 3721 5093 3828 5158; x_wconf 82' lang='lat' dir='ltr'><strong>viti,</strong></span> 
     </span>
    </p>
   </div>
   <div class='ocr_carea' id='block_1_113' title="bbox 2246 5181 3828 5259">
    <p class='ocr_par' dir='ltr' id='par_1_113' title="bbox 2246 5181 3828 5259">
     <span class='ocr_line' id='line_1_113' title="bbox 2246 5181 3828 5259; baseline -0.003 -17"><span class='ocrx_word' id='word_1_884' title='bbox 2246 5189 2386 5259; x_wconf 84' lang='lat' dir='ltr'><strong>quasi</strong></span> <span class='ocrx_word' id='word_1_885' title='bbox 2414 5203 2470 5242; x_wconf 86' lang='lat' dir='ltr'><strong>os</strong></span> <span class='ocrx_word' id='word_1_886' title='bbox 2511 5203 2675 5241; x_wconf 83' lang='lat' dir='ltr'><strong>meum</strong></span> <span class='ocrx_word' id='word_1_887' title='bbox 2725 5185 2815 5241; x_wconf 87' lang='lat' dir='ltr'><strong>erit</strong></span> <span class='ocrx_word' id='word_1_888' title='bbox 2859 5183 2990 5254; x_wconf 81' lang='lat' dir='ltr'><strong>(Jer.</strong></span> <span class='ocrx_word' id='word_1_889' title='bbox 3023 5183 3107 5238; x_wconf 85' lang='lat' dir='ltr'><strong>l5.</strong></span> <span class='ocrx_word' id='word_1_890' title='bbox 3139 5182 3249 5252; x_wconf 82' lang='grc'><strong>19).</strong></span> <span class='ocrx_word' id='word_1_891' title='bbox 3278 5181 3412 5248; x_wconf 91' lang='lat' dir='ltr'><strong>Quid</strong></span> <span class='ocrx_word' id='word_1_892' title='bbox 3443 5182 3544 5237; x_wconf 89' lang='lat' dir='ltr'><strong>hoc</strong></span> <span class='ocrx_word' id='word_1_893' title='bbox 3572 5193 3654 5238; x_wconf 72' lang='lat' dir='ltr'><strong>est</strong></span> <span class='ocrx_word' id='word_1_894' title='bbox 3682 5184 3828 5252; x_wconf 73' lang='lat' dir='ltr'><strong>fQui</strong></span> 
     </span>
    </p>
   </div>
   <div class='ocr_carea' id='block_1_114' title="bbox 2310 5336 3829 5396">
    <p class='ocr_par' dir='ltr' id='par_1_114' title="bbox 2310 5336 3829 5396">
     <span class='ocr_line' id='line_1_114' title="bbox 2310 5336 3829 5396; baseline -0.003 -3"><span class='ocrx_word' id='word_1_895' title='bbox 2310 5348 2325 5378; x_wconf 77' lang='grc' dir='ltr'>ί</span> <span class='ocrx_word' id='word_1_896' title='bbox 2363 5352 2488 5393; x_wconf 82' lang='lat' dir='ltr'><strong>Unus</strong></span> <span class='ocrx_word' id='word_1_897' title='bbox 2510 5342 2810 5391; x_wconf 78' lang='lat' dir='ltr'><strong>Colbertinus</strong></span> <span class='ocrx_word' id='word_1_898' title='bbox 2831 5339 2990 5388; x_wconf 73' lang='lat' dir='ltr'><strong>codex</strong></span> <span class='ocrx_word' id='word_1_899' title='bbox 3023 5338 3172 5387; x_wconf 87' lang='lat' dir='ltr'><strong>habet</strong></span> <span class='ocrx_word' id='word_1_900' title='bbox 3192 5349 3376 5396; x_wconf 82' lang='lat' dir='ltr'><strong>vocem,</strong></span> <span class='ocrx_word' id='word_1_901' title='bbox 3401 5336 3720 5387; x_wconf 49' lang='lat' dir='ltr'><strong>administret.</strong></span> <span class='ocrx_word' id='word_1_902' title='bbox 3742 5338 3829 5388; x_wconf 74' lang='lat' dir='ltr'><strong>Alii</strong></span> 
     </span>
    </p>
   </div>
   <div class='ocr_carea' id='block_1_115' title="bbox 2246 5396 3836 5459">
    <p class='ocr_par' dir='ltr' id='par_1_115' title="bbox 2246 5396 3836 5459">
     <span class='ocr_line' id='line_1_115' title="bbox 2246 5396 3836 5459; baseline -0.004 -3"><span class='ocrx_word' id='word_1_903' title='bbox 2246 5420 2417 5456; x_wconf 87' lang='lat' dir='ltr'><strong>omnes</strong></span> <span class='ocrx_word' id='word_1_904' title='bbox 2440 5418 2547 5455; x_wconf 90' lang='lat' dir='ltr'><strong>cum</strong></span> <span class='ocrx_word' id='word_1_905' title='bbox 2571 5405 2684 5451; x_wconf 79' lang='lat' dir='ltr'><strong>Editi</strong></span> <span class='ocrx_word' id='word_1_906' title='bbox 2704 5413 2804 5450; x_wconf 90' lang='lat' dir='ltr'><strong>tum</strong></span> <span class='ocrx_word' id='word_1_907' title='bbox 2956 5402 3135 5457; x_wconf 80' lang='lat' dir='ltr'><strong>ferunt,</strong></span> <span class='ocrx_word' id='word_1_908' title='bbox 3158 5396 3385 5459; x_wconf 62' lang='lat' dir='ltr'><strong>aediﬁcet.</strong></span> <span class='ocrx_word' id='word_1_909' title='bbox 3412 5398 3503 5447; x_wconf 85' lang='lat' dir='ltr'><strong>Sed</strong></span> <span class='ocrx_word' id='word_1_910' title='bbox 3528 5411 3690 5447; x_wconf 86' lang='lat' dir='ltr'><strong>veram</strong></span> <span class='ocrx_word' id='word_1_911' title='bbox 3716 5412 3836 5450; x_wconf 83' lang='lat' dir='ltr'><strong>esse</strong></span> 
     </span>
    </p>
   </div>
   <div class='ocr_carea' id='block_1_116' title="bbox 2248 5459 3837 5517">
    <p class='ocr_par' dir='ltr' id='par_1_116' title="bbox 2248 5459 3837 5517">
     <span class='ocr_line' id='line_1_116' title="bbox 2248 5459 3837 5517; baseline -0.005 0"><span class='ocrx_word' id='word_1_912' title='bbox 2248 5468 2506 5517; x_wconf 88' lang='lat' dir='ltr'><strong>lectionem</strong></span> <span class='ocrx_word' id='word_1_913' title='bbox 2521 5466 2778 5512; x_wconf 85' lang='lat' dir='ltr'><strong>Colbertiui</strong></span> <span class='ocrx_word' id='word_1_914' title='bbox 2798 5465 2979 5511; x_wconf 73' lang='lat' dir='ltr'><strong>Codicis</strong></span> <span class='ocrx_word' id='word_1_915' title='bbox 3001 5463 3244 5510; x_wconf 77' lang='lat' dir='ltr'><strong>existimo.</strong></span> <span class='ocrx_word' id='word_1_916' title='bbox 3259 5459 3528 5508; x_wconf 80' lang='lat' dir='ltr'><strong>secundum</strong></span> <span class='ocrx_word' id='word_1_917' title='bbox 3551 5461 3689 5508; x_wconf 87' lang='lat' dir='ltr'><strong>aliam</strong></span> <span class='ocrx_word' id='word_1_918' title='bbox 3712 5473 3837 5509; x_wconf 82' lang='lat' dir='ltr'><strong>vero</strong></span> 
     </span>
    </p>
   </div>
   <div class='ocr_carea' id='block_1_117' title="bbox 2249 5522 3834 5586">
    <p class='ocr_par' dir='ltr' id='par_1_117' title="bbox 2249 5522 3834 5586">
     <span class='ocr_line' id='line_1_117' title="bbox 2249 5522 3834 5586; baseline -0.007 -9"><span class='ocrx_word' id='word_1_919' title='bbox 2249 5530 2508 5579; x_wconf 81' lang='lat' dir='ltr'><strong>lectionem</strong></span> <span class='ocrx_word' id='word_1_920' title='bbox 2532 5540 2626 5576; x_wconf 86' lang='lat' dir='ltr'><strong>non</strong></span> <span class='ocrx_word' id='word_1_921' title='bbox 2649 5533 2808 5586; x_wconf 86' lang='lat' dir='ltr'><strong>potest</strong></span> <span class='ocrx_word' id='word_1_922' title='bbox 2828 5525 3070 5573; x_wconf 86' lang='lat' dir='ltr'><strong>sententia</strong></span> <span class='ocrx_word' id='word_1_923' title='bbox 3095 5522 3346 5586; x_wconf 67' lang='lat' dir='ltr'><strong>quadrare.</strong></span> <span class='ocrx_word' id='word_1_924' title='bbox 3392 5529 3508 5570; x_wconf 69' lang='lat' dir='ltr'><strong>Num</strong></span> <span class='ocrx_word' id='word_1_925' title='bbox 3531 5523 3648 5570; x_wconf 86' lang='lat' dir='ltr'><strong>dicat</strong></span> <span class='ocrx_word' id='word_1_926' title='bbox 3658 5535 3720 5586; x_wconf 91' lang='lat' dir='ltr'><strong>ur_</strong></span> <span class='ocrx_word' id='word_1_927' title='bbox 3733 5534 3834 5573; x_wconf 79' lang='lat' dir='ltr'><strong>non</strong></span> 
     </span>
    </p>
   </div>
   <div class='ocr_carea' id='block_1_118' title="bbox 2249 5582 3839 5652">
    <p class='ocr_par' dir='ltr' id='par_1_118' title="bbox 2249 5582 3839 5652">
     <span class='ocr_line' id='line_1_118' title="bbox 2249 5582 3839 5652; baseline -0.003 -15"><span class='ocrx_word' id='word_1_928' title='bbox 2249 5604 2392 5652; x_wconf 85' lang='lat' dir='ltr'><strong>posse</strong></span> <span class='ocrx_word' id='word_1_929' title='bbox 2411 5589 2606 5652; x_wconf 84' lang='lat' dir='ltr'><strong>domum</strong></span> <span class='ocrx_word' id='word_1_930' title='bbox 2630 5582 2915 5652; x_wconf 68' lang='lat' dir='ltr'><strong>cbnsistere,</strong></span> <span class='ocrx_word' id='word_1_931' title='bbox 2938 5586 3024 5632; x_wconf 89' lang='lat' dir='ltr'><strong>nisi</strong></span> <span class='ocrx_word' id='word_1_932' title='bbox 3039 5582 3270 5652; x_wconf 68' lang='lat' dir='ltr'><strong>_adéit_qui</strong></span> <span class='ocrx_word' id='word_1_933' title='bbox 3298 5582 3425 5652; x_wconf 74' lang='lat' dir='ltr'><strong>illam</strong></span> <span class='ocrx_word' id='word_1_934' title='bbox 3446 5591 3687 5652; x_wconf 68' lang='lat' dir='ltr'><strong>construant</strong></span> <span class='ocrx_word' id='word_1_935' title='bbox 3701 5583 3724 5630; x_wconf 84' lang='lat'><strong>?</strong></span> <span class='ocrx_word' id='word_1_936' title='bbox 3744 5586 3839 5652; x_wconf 67' lang='lat' dir='ltr'><strong>Hie</strong></span> 
     </span>
    </p>
   </div>
   <div class='ocr_carea' id='block_1_119' title="bbox 2249 5643 3835 5711">
    <p class='ocr_par' dir='ltr' id='par_1_119' title="bbox 2249 5643 3835 5711">
     <span class='ocr_line' id='line_1_119' title="bbox 2249 5643 3835 5711; baseline -0.002 -12"><span class='ocrx_word' id='word_1_937' title='bbox 2249 5643 2311 5698; x_wconf 78' lang='lat' dir='ltr'><strong>de</strong></span> <span class='ocrx_word' id='word_1_938' title='bbox 2333 5652 2472 5699; x_wconf 84' lang='lat' dir='ltr'><strong>domu</strong></span> <span class='ocrx_word' id='word_1_939' title='bbox 2484 5649 2580 5709; x_wconf 86' lang='lat' dir='ltr'><strong>jam</strong></span> <span class='ocrx_word' id='word_1_940' title='bbox 2604 5656 2782 5697; x_wconf 79' lang='lat' dir='ltr'><strong>structa</strong></span> <span class='ocrx_word' id='word_1_941' title='bbox 2805 5651 2980 5711; x_wconf 85' lang='lat' dir='ltr'><strong>agitur,</strong></span> <span class='ocrx_word' id='word_1_942' title='bbox 3004 5647 3085 5694; x_wconf 87' lang='lat' dir='ltr'><strong>ubi</strong></span> <span class='ocrx_word' id='word_1_943' title='bbox 3113 5643 3271 5694; x_wconf 79' lang='lat' dir='ltr'><strong>nullus</strong></span> <span class='ocrx_word' id='word_1_944' title='bbox 3293 5643 3416 5695; x_wconf 87' lang='lat' dir='ltr'><strong>ultra</strong></span> <span class='ocrx_word' id='word_1_945' title='bbox 3429 5643 3724 5696; x_wconf 83' lang='lat' dir='ltr'><strong>architectus</strong></span> <span class='ocrx_word' id='word_1_946' title='bbox 3745 5648 3835 5698; x_wconf 80' lang='lat' dir='ltr'><strong>de-</strong></span> 
     </span>
    </p>
   </div>
   <div class='ocr_carea' id='block_1_120' title="bbox 2252 5713 2507 5763">
    <p class='ocr_par' dir='ltr' id='par_1_120' title="bbox 2252 5713 2507 5763">
     <span class='ocr_line' id='line_1_120' title="bbox 2252 5713 2507 5763; baseline -0.004 -2"><span class='ocrx_word' id='word_1_947' title='bbox 2252 5713 2507 5763; x_wconf 83' lang='lat' dir='ltr'><strong>sideratur.</strong></span> 
     </span>
    </p>
   </div>
  </div>
