4080 6308
295 430 299 433 ,
363 376 428 430 ω
1177 367 1231 422 s.
1270 364 1554 420 somnus
1589 355 2079 418 cumsosrom
2119 357 2437 416 Ah‘ClllEP.
2477 361 3022 418 coxsmmmop.
3717 359 3784 413 as

361 488 517 558 φησιν
545 484 916 556 Χείραγωγῶνν
955 483 987 552 ἦ
1022 481 1127 535 ἀπὸ
1154 481 1248 550 τῆς
1277 479 1468 541 κακίας
1500 475 1633 547 πρὸς
1670 475 1870 546 ἀρετὴν
1896 474 2014 541 ὁδη-

361 573 474 640 γῶν
501 573 591 626 τὸν
629 571 876 641 πλησίον,
903 569 1050 640 ,κατά
1076 568 1300 635 δύναμιν
1327 563 1672 640 ἀνθρωπίνην
1705 561 1804 630 ἐμὲ
1830 562 2015 630 μιμεῖ-

361 675 466 710 ται.
509 658 616 710 Kal
652 657 758 726 γὰρ
788 659 879 708 καὶ
908 654 1066 716 αὑτὸς
1103 652 1169 704 δι’
1203 651 1352 704 οὐδὲν
1383 650 1588 720 ἕτερον,
1619 646 1749 709 Θεὸς
1789 645 1884 707 ὢν,
1919 645 2016 714 τὴν

363 744 633 813 ἡμετέραν
663 737 828 795 ὑπέδυ
863 742 1058 811 σάρκα,
1103 739 1197 792 καὶ
1221 737 1307 790 διὰ
1335 737 1432 806 τὴν
1477 733 1744 803 σωτηρίαν
1771 731 1866 784 τοῦ
1891 730 2016 813 ᾲτῶν

361 810 661 898 ἀνθρώπων
693 829 875 894 γένους
913 810 1129 894 γέγονεν
1155 825 1456 893 ἄνθρωπος.
1489 820 1597 874 Καὶ
1632 818 1684 872 τί
1729 810 2015 886 λέγω,“τὴν

362 915 635 984 ἡμετέραν
678 914 839 967 ὑπέδυ
869 914 1066 983 σάρκα,
1111 912 1204 963 καὶ
1233 911 1298 964 τὰ
1325 909 1458 962 ἄλλα
1485 908 1663 961 πάντα
1705 906 1773 959 τὰ
1803 901 2014 975 ἀνθρώ-

363 1017 493 1053 πινα
526 1002 832 1070 ὑπέμεινεν,
865 999 996 1051 ὅπου
1035 1014 1099 1066 γε
1143 997 1238 1050 καὶ
1279 995 1369 1047 τὸν
1410 992 1638 1063 σταυρὸν
1673 989 2013 1055 κατεδέξατο,

362 1085 449 1138 ἵνα
481 1088 626 1155 ἡμᾶς
650 1086 774 1147 τοὺς
807 1084 912 1138 ὑπὸ
954 1083 1233 1154 ἁμαρτιῶν
1261 1076 1679 1150 προδεδομένους
1718 1076 1818 1146 τῆς
1849 1074 2015 1128 κατά-

363 1187 456 1238 ρας
483 1169 855 1245 ἐλευθερώσῃς
881 1171 988 1224 Kal
1011 1170 1106 1238 βοᾷ
1130 1167 1284 1220 τοῦτο
1308 1165 1513 1228 Παῦλος
1533 1164 1704 1231 λέγων
1724 1180 1738 1194 ο
1762 1161 2012 1230 Χριστὸς

361 1251 514 1321 ἡμᾶς
543 1254 918 1323 ἐξηγόρασεν
956 1253 1023 1307 ἐκ
1054 1251 1163 1318 τῆς
1193 1249 1452 1317 κατάρας
1478 1245 1583 1304 τοῦ
1614 1249 1818 1316 νόμου,
1847 1248 2014 1314 γενό-

355 1357 535 1409 μενος
566 1342 716 1408 ὑπὲρ
762 1338 930 1410 ἡμῶν
954 1338 1199 1407 κατάρα.
1242 1339 1306 1390 El
1347 1337 1523 1390 τοίνυν
1563 1335 1742 1397 αὑτὸς,
1773 1333 1905 1395 Θεὸς
1940 1330 2013 1384 ὣν

360 1426 578 1496 καὶτῆς
621 1427 806 1489 οὐσίας
843 1426 1055 1496 ἐκείνης
1087 1425 1186 1495 τῆς
1230 1424 1539 1495 ἀπορρήτου
1582 1420 1882 1490 τυγχάνων,
1927 1418 2015 1472 διά

361 1511 766 1586 φιλανθρωπίαν
789 1513 996 1581 ἄφατον
1011 1512 1182 1567 ταῦτα
1203 1513 1418 1565 ἅπαντα
1441 1507 1759 1571 κατεδέξατο
1782 1507 1847 1559 δι’
1866 1507 2013 1575 ἡμᾶς

361 1599 452 1653 καὶ
477 1599 575 1669 τὴν
603 1600 874 1668 σωτηρίαν
902 1601 1003 1670 τὴν
1030 1598 1300 1668 ἡμετέραν
1320 1611 1334 1627 ο
1365 1596 1416 1648 τί
1442 1596 1540 1648 οὑκ
1557 1595 1622 1649 ἂν
1655 1594 1843 1662 εἴημεν
1863 1592 2015 1645 αὐτοὶ

359 1683 557 1737 δίκαιοι
585 1688 712 1756 περὶ
737 1688 861 1748 τοὺς
886 1688 1161 1756 ὁμογενεῖς
1184 1682 1548 1749 ἐπιδείξασθαι
1571 1679 1663 1734 καὶ
1688 1680 1754 1732 τά
1784 1678 1920 1747 μέλη
1945 1675 2013 1729 τά

361 1769 622 1839 ἡμέτερα.
657 1771 794 1823 ὥστε
847 1771 939 1824 καὶ
978 1773 1077 1840 τῆς
1117 1769 1394 1838 φάρυγγος
1423 1767 1619 1829 αὐτοὺς
1653 1776 1679 1804 ⁸
1709 1764 2014 1834 ἐξαρπάσαι

359 1852 451 1905 τοῦ
481 1853 744 1919 διαϐόλου,
777 1857 870 1908 καὶ
899 1857 1035 1924 πρὸς
1075 1854 1173 1926 την
1217 1855 1316 1924 τῆς
1350 1852 1551 1924 ἀρετῆς
1596 1851 1712 1904 όδδν
1743 1865 2012 1920 χειραγω-

359 1938 558 2007 Ὑῆσαι;
587 1936 738 2008 Ὀσῳ
782 1940 890 2010 γὰρ
937 1939 1083 2011 ψυχὴ
1131 1941 1378 2009 σώματος
1426 1938 1727 2008 κρείσσων,
1777 1934 2014 2004 τοσούτῳ

353 2023 466 2075 τῶν
503 2026 746 2095 χρήμασι
779 2026 1110 2095 βοηθούντων
1139 2029 1247 2088 τοῖς
1283 2025 1554 2094 δεομένοις
1584 2017 1726 2076 οὗτοι
1753 2019 2014 2090 μειζόνων

359 2109 634 2173 ἀξιοῦνται
661 2110 770 2162 τῶν
799 2111 1040 2181 ἀμοιεῶν
1075 2113 1124 2164 οί
1159 2111 1246 2163 διὰ
1273 2111 1371 2178 τῆς
1399 2108 1770 2180 παραινέσεως
1797 2108 1888 2158 xal
1915 2106 2013 2174 τῆς

361 2198 614 2267 συνεχοῦς
634 2199 974 2260 διδασκαλίας
994 2199 1115 2262 τοὺς
1151 2197 1424 2269 ῥᾳθύμους
1443 2197 1536 2248 καὶ
1556 2191 2012 2255 ἀναπεπτωκότας

359 2282 646 2348 ἀνάγοντες
672 2283 765 2335 ἐπὶ
790 2284 888 2352 τὴν
915 2283 1128 2336 εὐθεῖαν
1159 2283 1297 2345 ὁδὸν,
1322 2283 1416 2336 καὶ
1450 2280 1754 2342 δεικνύντες
1780 2279 1879 2349 τῆς
1915 2278 2011 2348 μὲν

360 2368 553 2432 κακίας
583 2370 642 2421 τὸ
663 2369 916 2436 δυσειδὲς,
946 2371 1043 2440 τῆς
1065 2370 1120 2423 δὲ
1147 2371 1287 2425 κατά
1312 2370 1442 2424 Θεὸν
1466 2367 1664 2440 ἀρετῆς
1689 2366 1788 2436 τὴν
1814 2365 2013 2435 πολλὴν

357 2453 657 2523 εὐμορφίαν
681 2457 729 2510 δ.

397 2563 457 2610 ε’.
473 2557 657 2611 Ταῦτα
671 2558 847 2611 τοίνυν
865 2560 1077 2613 ᾶπαντα
1095 2558 1312 2624 εἰδότες,
1332 2559 1436 2630 πρὸ
1455 2557 1562 2611 τῶν
1573 2558 1744 2613 ἄλλων
1761 2556 2011 2610 ἀπάντων

357 2654 465 2707 τῶν
493 2655 759 2724 βιωτικῶν
789 2655 917 2725 περὶ
946 2655 1044 2725 τῆς
1076 2655 1214 2710 κατά
1245 2655 1421 2725 ψυχὴν
1450 2654 1721 2726 σωτηρίας
1754 2651 2011 2720 διαλεγώ-

357 2747 496 2815 μεθα
535 2746 648 2808 τοῖς
684 2745 944 2816 πλησίον,
992 2747 1072 2808 είς
1115 2746 1318 2815 ταύτην
1351 2747 1547 2808 αὐτοὺς
1592 2746 1872 2813 ἐνάγοντες
1914 2743 2013 2811 τὴν

357 2841 643 2913 μέριμναν.
689 2842 996 2911 Ἀγαπητδν
1049 2841 1186 2912 γάρ,
1218 2841 1531 2912 ἀγαπητὸν,
1573 2840 1810 2910 συνεχῶς
1843 2840 2012 2894 ταῦτα

357 2936 720 3007 ἐνηχουμένην
757 2937 854 3006 τὴν
901 2935 1078 3008 ψυχὴν
1124 2934 1417 3004 δυνηθῆναι
1459 2933 1782 3002 ἀνενεγκεῖι(
1806 2936 1870 2988 ὲκ
1913 2935 2011 3003 τῆς

358 3026 593 3079 ἀϐύσσου
621 3026 730 3083 τῶν
767 3026 952 3079 κακῶν
979 3026 1087 3078 τῶν
1122 3027 1178 3078 ἐν
1204 3024 1282 3096 τῷ
1313 3024 1462 3095 μέσῳ
1496 3025 1894 3094 στρεφομένων,
1919 3025 2013 3076 καὶ

358 3113 737 3182 περιγενέσθαι
770 3114 868 3183 τῆς
904 3113 1013 3165 τῶν
1047 3113 1233 3166 παθῶν
1261 3111 1710 3176 ἐπαναστάσεως,
1758 3110 1899 3179 άπερ
1937 3110 2014 3162 δι-

356 3201 564 3270 ηνεκῶς
597 3201 872 3272 πολιορκεῖ
919 3199 1016 3271 τὴν
1058 3201 1326 3271 ἡμετέραν
1373 3201 1572 3269 ψυχήν.
1594 3200 1702 3252 Καὶ
1737 3197 1825 3251 διὰ
1855 3197 2014 3250 τοῦτο

357 3288 512 3356 χρεία
535 3289 662 3357 ἡμῖν
707 3288 904 3357 πολλῆς
929 3287 1028 3357 τῆς
1056 3288 1380 3356 ἀγρυπνίας,
1418 3286 1605 3356 ἐπειδὴ
1635 3287 1728 3339 καὶ
1761 3284 2013 3353 διηνεκὴς

357 3376 486 3443 ἡμῖν
518 3375 662 3426 ἐστιν
693 3375 720 3425 6
742 3374 994 3444 πόλεμος.
1026 3374 1119 3425 καὶ
1148 3373 1436 3443 ἀνακωχὴν
1458 3372 1708 3424 οὐδέποτε
1737 3371 1876 3441 έχων
1897 3388 1908 3400 ·
1932 3370 2012 3423 διὸ

356 3459 449 3511 καὶ
487 3459 695 3522 Παῦλος
723 3459 904 3526 ἔλεγεν
941 3459 1205 3527 Ἐφεσίοις
1233 3459 1459 3529 γράφων
1477 3474 1491 3489 ·
1524 3459 1644 3510 οὐκ
1673 3459 1843 3510 ἐστιν
1868 3455 2013 3525 ’ἡμῖν

358 3546 394 3610 ἡ
419 3545 580 3611 πάλη
613 3545 760 3612 πρὸς
782 3543 923 3614 alga
947 3546 1048 3598 και
1075 3545 1290 3612 σάρκα,
1319 3544 1480 3598 ἀλλὰ
1498 3542 1647 3610 πρὸς
1674 3543 1780 3607 τὰς
1801 3543 2009 3610 ἀρχὰς,

358 3630 473 3700 [:20]
504 3630 652 3697 πρὸς
685 3631 789 3695 τὰς
819 3630 1124 3696 ἐξουσίας,
1168 3631 1314 3698 πρὸς
1346 3628 1488 3695 τοὺς
1528 3626 2009 3696 κοσμοκράτορας

356 3717 461 3768 τοῦ
501 3717 761 3780 σκότους
792 3715 899 3768 τοῦ
926 3714 1139 3780 αιῶνος
1179 3716 1414 3777 τούτου,
1450 3713 1599 3780 πρὸς
1647 3713 1719 3766 τὰ
1753 3729 2012 3782 πνευμα-

358 3800 489 3854 τικὰ
514 3800 622 3867 τῆς
645 3803 935 3869 πονηρίας
955 3801 1024 3854 ἐν
1048 3801 1169 3866 τοῖς
1191 3801 1587 3867 ἐπουρανίοις.
1619 3800 1708 3870 Μὴ
1731 3801 2009 3870 νομίσητε,

359 3886 511 3954 φησὶ,
535 3888 623 3939 τὸν
647 3888 874 3957 τυχόντα
895 3875 1027 3956 ἡμῖν
1058 3887 1373 3957 προκεῖσθαι
1401 3885 1586 3954 ἀγῶνα
1608 3902 1622 3916 ο
1641 3887 1703 3939 οὐ
1725 3887 1860 3956 πρὸς
1884 3888 2012 3956 ὁμο-

361 3976 530 4040 γενεῖς
555 3976 682 4043 ἡμῖν
712 3977 860 4028 ἐστιν
897 3976 929 4044 ἡ
960 3974 1126 4044 πάλη,
1150 3975 1269 4028 οὐδὲ
1295 3975 1477 4044 έξίσης
1507 3977 1638 4044 ἡμῖν
1670 3975 1784 4026 ἔστι
1813 3974 1881 4027 τὰ
1911 3975 2011 4043 τῆς

361 4061 727 4131 παρατάξεως.
780 4061 889 4113 Kal
919 4062 1026 4132 γὰρ
1075 4060 1282 4131 σώματι
1342 4060 1843 4130 συμπεπλεγμένοι,
1891 4066 2010 4126 ταῖς

355 4147 663 4216 ἀσωμάτοις
698 4147 946 4199 παλαίειν
976 4147 1234 4216 δυνάμεσι
1259 4148 1736 4219 προστετάγμεθα·
1771 4147 1906 4200 ἀλλά
1935 4150 2008 4220 μὴ

345 4233 597 4300 δείσητε·
636 4234 684 4284 εί
713 4233 818 4302 γὰρ
852 4234 944 4285 καὶ
996 4232 1279 4302 ἀνώμαλος
1321 4236 1354 4303 ὴ
1398 4234 1579 4304 μάχη,
1626 4232 1761 4286 ἀλλὰ
1802 4235 2009 4304 μεγάλη

360 4318 460 4372 τῶν
507 4319 682 4372 ὃπλων
728 4319 834 4370 τῶν
876 4318 1159 4389 ἡμετέρων
1209 4321 1240 4390 ἡ
1278 4319 1524 4390 δύναμις.
1581 4321 1858 4390 Ἐπήγαγε
1903 4322 2010 4393 γάρ

361 4406 633 4474 μονονουχὶ
664 4403 855 4473 λέγων,
887 4406 1072 4474 ἐπειδὴ
1102 4404 1300 4473 έγνωτε
1335 4406 1443 4458 τῶν
1483 4407 1755 4476 πολεμίων
1785 4407 1881 4478 τὴν
1907 4409 2008 4478 φύ-

359 4509 460 4555 σιν,
489 4492 560 4563 μη
591 4493 956 4562 καταπέσητε,
989 4493 1122 4562 μηδὲ
1147 4494 1459 4564 ναρκήσητε
1497 4493 1630 4564 πρὸς
1664 4495 1761 4564 τὴν
1796 4496 1971 4563 πάλην
1990 4514 2004 4528 ο

358 4580 493 4632 ἀλλά
522 4581 620 4633 Διὰ
649 4579 823 4634 τοῦτο
851 4581 1179 4634 ἀναλάϐετε
1200 4581 1314 4647 τὴν
1338 4582 1681 4636 πανοπλίαν
1701 4582 1806 4637 τοῦ
1836 4584 2005 4649 Θεοῦ,

357 4665 504 4731 πρὸς
537 4664 602 4718 τὸ
639 4665 932 4720 δύνασθαι
959 4664 1113 4735 ὑμᾶς
1143 4666 1362 4735 στῆναι
1389 4667 1536 4733 πρὸς
1573 4669 1674 4732 τὰς
1698 4669 1998 4738 μεθοδείας

359 4751 459 4804 τοῦ
491 4749 788 4803 διαϐόλου.
817 4751 1013 4804 Πολλαὶ
1046 4752 1154 4821 γὰρ
1181 4763 1201 4790 ο
1233 4755 1286 4804 αἱ
1321 4753 1506 4804 τούτου
1541 4753 1830 4821 μεθοδεῖαι,
1863 4757 2005 4808 τοῦτ’

358 4836 501 4888 ἐστιν
527 4837 653 4900 ὁδοὶ,
673 4837 740 4888 δι’
761 4831 835 4890 ὧν
863 4836 1231 4901 ὑποσκελίζειν
1254 4839 1524 4908 ἐπιχειρεῖ
1558 4839 1682 4901 τοὺς
1707 4841 2008 4912 ῥᾳθυμοτέ-

358 4937 508 4992 ρους,
540 4925 632 4974 καὶ
655 4923 734 4974 δεῖ
761 4923 962 4985 ταύτας
988 4922 1229 4995 ἀκριϐῶς
1259 4923 1604 4988 ἐπίστασθαι,
1639 4925 1778 4980 ὥστε
1812 4927 2004 4996 διαφυ-

355 5011 473 5075 γεῖν
502 5009 664 5062 αὑτοῦ
705 5009 802 5072 τὰς
831 5011 1019 5074 λαϐὰς,
1055 5011 1146 5063 καὶ
1178 5011 1448 5080 μηδεμίαν
1475 5011 1622 5081 αὐτῷ
1658 5014 2006 5084 παρείσδυσιν

355 5094 594 5162 ἀφιέναι,
621 5095 754 5148 ἀλλά
783 5096 874 5148 καὶ
899 5096 1141 5164 γλώττης
1170 5096 1452 5166 ἀκρίϐειαν
1475 5098 1888 5163 ἐπιδείκνυσθαι,
1912 5101 2004 5152 καὶ

345 5178 642 5248 ,ὀφθαλμῶν
699 5182 1030 5249 ἀσφάλειαν,
1078 5183 1171 5234 καὶ
1203 5182 1439 5244 διανοίας
1489 5183 1869 5254 καθαρότητα,
1916 5187 2005 5238 καὶ

340 5265 615 5333 διηνεκῶς
648 5266 934 5333 ἐναγώνιον
957 5264 1115 5330 εἶναι,
1156 5269 1406 5337 καθάπερ
1439 5267 1627 5338 θηρίου
1655 5270 1796 5332 τινὸς
1830 5273 2006 5325 ἐπιόν-

357 5368 465 5413 τος,
506 5353 596 5402 καὶ
617 5352 956 5421 λυμήνασθαι
989 5355 1116 5423 ἡμῖν
1145 5355 1563 5426 ἐπιχειροῦντος.
1601 5357 1696 5408 Διά
1724 5358 1829 5427 γὰρ
1849 5359 2005 5412 τοῦτο

355 5437 448 5490 καὶ
474 5440 505 5505 ὴ
541 5439 918 5509 οὐρανομήκης
947 5441 1126 5511 ἐκείνη
1157 5442 1319 5512 ψυχὴ,
1358 5444 1385 5494 6
1421 5442 1524 5494 τῶν
1555 5441 1723 5495 ἐθνῶν
1758 5443 2005 5497 διδάσκα-

355 5523 464 5586 λος,
498 5525 528 5592 ἡ
565 5523 777 5589 γλῶττα
807 5527 901 5594 τῆς
932 5527 1274 5596 οἰκουμένης,
1315 5529 1344 5580 6
1375 5528 1515 5598 ὑπὲρ
1551 5529 1651 5596 τῆς
1688 5529 1796 5581 τῶν
1827 5529 2003 5600 μαθη-

417 5677 441 5706 ⁸
464 5678 543 5725 Slc
565 5677 713 5726 Savil.
739 5678 862 5739 Reg.
886 5688 935 5728 cl
954 5680 1183 5739 Coislin.;
1214 5682 1388 5729 Morel.
1411 5682 1573 5731 αὐτοῦ.

418 5739 687 5842 byu‘inqgc
715 5752 826 5787 mss.
851 5742 935 5787 τήν
961 5743 1133 5799 πολλὴν
1159 5744 1372 5791 εὐωδίαν.
1403 5744 1528 5795 Infra
1559 5745 1755 5794 Coislin.
1781 5752 1862 5804 τῆς
1882 5748 2004 5796 κατὰ

393 5816 445 5842 ‘J‘l
472 5817 506 5842 ,ν
525 5816 628 5842 αοετ
669 5819 703 5842 ς-

355 5799 506 5857 ψυχὴν
525 5800 703 5858 ἀρετῆς.

421 5864 440 5888 τ
467 5859 664 5909 Cullsilu.
694 5862 836 5908 πόσαι
871 5861 975 5923 γάρ.

2124 474 2426 541 τευομένων
2462 476 2733 546 σωτηρίας
2772 476 2985 529 ἅπαντα
3018 475 3555 545 πραγματευόμενος,
3593 471 3784 536 είπὼν,

2135 560 2487 614 Ἀναλάσετε
2517 561 2628 629 τὴν
2645 564 2991 616 πανοπλίαν
3005 560 3110 616 τοῦ
3133 560 3300 625 Θεοῦ,
3331 561 3489 613 πάλιν
3513 562 3786 630 ἐπήγαγε,

2122 643 2386 698 πάντοθεν
2423 649 2571 715 ἡμᾶς
2608 649 2990 718 περιφράττων
3013 687 3027 712 ,
3063 648 3157 700 καὶ
3187 645 3519 716 ἀχειρώτους
3558 645 3788 716 ἐργαζό-

2125 746 2304 797 μενος,
2355 732 2498 785 οῦτω
2542 732 2747 801 λέγων’
2802 733 2989 802 Στῆτε
3037 728 3149 788 οὖν
3189 729 3634 801 περιεζωσμένοι
3669 730 3787 798 τὴν

2122 816 2324 885 ὀσφὺν
2359 819 2528 888 ὑμῶν
2554 819 2624 873 ἐν
2654 821 2922 887 ἀληθείᾳ,
2962 822 3060 876 καί
3094 817 3491 888 ἐνδυσάμενοι
3533 817 3641 871 τὸν
3675 816 3787 871 οώ‹

2113 919 2273 969 ρακα
2303 903 2414 971 τῆς
2442 907 2698 971 πίστεως
2719 903 2767 973 ἀ,
2810 906 2905 960 καί
2941 905 3390 975 ὑποδησάμενοι
3415 905 3555 969 τοὺς
3592 901 3788 969 πόδας

2118 989 2188 1042 ἐν
2208 991 2518 1060 ἑτοιμασίᾳ
2539 992 2644 1046 τοῦ
2672 995 3024 1062 εὐαγγελίου
3052 992 3164 1061 τῆς
3182 981 3446 1061 ειρήνῆς,
3469 989 3568 1044 ἐπὶ
3592 987 3788 1043 πᾶσιν

2121 1075 2524 1144 ἀναλαϐόντες
2549 1080 2658 1133 τὸν
2702 1082 2917 1148 avpsor
2951 1079 3061 1148 τῆς
3093 1079 3370 1144 πίστεως,
3407 1078 3476 1131 ἐν
3512 1069 3559 1142 ᾧ
3603 1075 3789 1140 δυνή-

2119 1168 2304 1218 σεσθε
2335 1165 2533 1219 πάντα
2566 1168 2636 1221 τὰ
2657 1167 2816 1234 ,βέλη
2844 1167 2951 1220 τοῦ
2980 1165 3246 1235 πονηροῦ
3283 1164 3355 1218 τὰ
3387 1161 3787 1230 πεπυρωμένα

2118 1250 2353 1314 σϐέσαι,
2381 1252 2478 1304 καί
2514 1251 2636 1318 τὴν
2658 1253 3128 1320 περικεφαίαίαν
3145 1252 3253 1305 τοῦ
3286 1249 3578 1318 σωτηρίου
3604 1247 3786 1312 δέξα-

2117 1339 2248 1399 σθε,
2283 1337 2382 1389 καί
2410 1337 2525 1405 τὴν
2543 1339 2846 1407 μάχαιραν
2868 1339 2972 1391 τοῦ
3007 1340 3368 1407 Πνεύματος,
3407 1338 3441 1390 δ
3465 1337 3595 1390 ἐστι
3614 1333 3787 1403 ῥῆμα

2120 1422 2288 1476 Θεοῦ.
2307 1419 2460 1486 Εῐδες
2490 1425 2664 1477 πάντα
2684 1425 2752 1478 τά
2783 1425 2917 1494 μέλη
2947 1426 3092 1486 ὅπως
3122 1420 3474 1494 περιέφραξε,
3491 1419 3788 1474 καὶ-καθάο

2119 1525 2226 1578 περ
2255 1525 2339 1572 τις
2369 1511 2450 1572 είς
2478 1509 2711 1579 πόλεμόν
2739 1527 2859 1562 τινα
2889 1509 3099 1579 μέλλων
3123 1509 3435 1578 ἐξαγαγεῖν,
3461 1506 3602 1560 οὕτω
3632 1505 3786 1577 πρῶ.

2116 1610 2209 1646 τον
2240 1595 2338 1664 μὲν
2365 1599 2432 1666 τῇ
2463 1594 2607 1666 ζώνῃ
2651 1596 3008 1665 ἠσφαλίσατο,
3041 1595 3183 1649 ὥστε
3211 1594 3429 1648 εὔκολον
3471 1589 3607 1648 εἷναι
3649 1594 3788 1663 ἡμῖν

2118 1680 2207 1732 τὸν
2236 1680 2454 1751 δρόμον,
2488 1681 2677 1734 ἔπειτα
2727 1682 2818 1734 τὸν
2847 1681 3070 1751 θώρακα
3101 1681 3346 1734 ἐνέδυσεν
3367 1721 3382 1746 ,
3429 1680 3516 1732 ἵνα
3557 1681 3631 1750 μὴ
3676 1678 3788 1731 ὑπὸ

2117 1767 2226 1818 τῶν
2271 1766 2441 1836 βελῶν
2467 1766 2854 1840 πληττώμεθα,
2899 1769 2994 1822 καὶ
3039 1767 3166 1834 τοὺς
3210 1768 3374 1831 πόδας
3425 1767 3784 1837 ἠσφαλίσατο,

2118 1851 2213 1904 καὶ
2241 1853 2574 1922 πανταχόθεν
2597 1855 2662 1923 τῇ
2685 1854 2863 1906 πίστει
2885 1855 3275 1925 περιέφραξεν;
3303 1854 3448 1923 Αῦτη
3470 1854 3597 1922 γάρ,
3617 1852 3785 1922 αῦτη,

2120 1937 2273 2007 φησὶ,
2303 1940 2400 1992 καὶ
2422 1939 2496 1992 μτά
2525 1939 2652 2010 βέλη
2681 1939 2774 1993 τοῦ
2811 1941 3048 2010 πονηροῦ
3083 1941 3150 1993 τὰ
3183 1939 3554 2011 πεπυρωμένα
3591 1936 3785 1989 σϐέσαι

2117 2023 2424 2095 δυνήσεται.
2453 2026 2587 2079 Τίνα
2633 2026 2692 2078 δέ
2725 2028 2839 2078 ἐστι
2881 2025 2974 2079 τοῦ
3007 2026 3252 2080 διαὸόλου
3300 2026 3368 2078 τὰ
3401 2025 3561 2095 βέλη;
3591 2023 3657 2076 Δί
3687 2040 3788 2075 πο-

2117 2109 2279 2178 νηραὶ
2323 2110 2631 2180 ἐπιθυμίαι,
2661 2112 2710 2164 οί
2756 2111 3056 2182 ἀκάθαρτοι
3101 2113 3368 2182 λογισμοὶ,
3400 2110 3472 2164 τά
3518 2109 3664 2179 πάθη
3714 2108 3787 2161 τά

2116 2194 2360 2265 ὀλέθρια,
2399 2196 2591 2266 θυμὸς,
2625 2196 2926 2266 βασκανία,
2956 2198 3176 2267 φθόνος,
3217 2199 3386 2269 ὀργὴ,
3425 2199 3608 2268 μῖσος.
3640 2211 3785 2266 χρη·

2121 2281 2304 2350 μάτων
2350 2281 2613 2352 ἐπιθυμία
2659 2284 2752 2336 καὶ
2798 2286 2830 2353 ἠ
2873 2284 3005 2354 άλλη
3037 2285 3223 2338 ἅπασα
3257 2283 3519 2354 ῥᾳθυμία.
3560 2281 3743 2335 Ταῦτα
3768 2319 3785 2343 ,

2119 2366 2304 2434 φησὶν,
2341 2369 2556 2421 ἃπαντα
2587 2368 2778 2422 σόέσαι
2807 2369 3154 2440 δυνήσεταιή
3203 2372 3446 2442 μάχαιρα
3483 2368 3576 2420 τοῦ
3612 2365 3788 2420 Πνεύ-

2120 2471 2310 2523 ματος.
2351 2455 2463 2508 Kal
2503 2456 2556 2508 τί
2597 2455 2742 2524 λέγω
2785 2455 3008 2522 σ6έσαι;
3058 2456 3167 2510 Kal
3198 2456 3296 2526 τὴν
3337 2453 3575 2523 κεφαλὴν
3613 2452 3788 2520 αὐτὴν

2116 2540 2210 2591 τοῦ
2237 2541 2495 2610 πολεμίου
2522 2542 2817 2612 ἀποτεμεῖν
2845 2542 3152 2612 δυνήσεται.
3182 2538 3335 2605 Εἶδες
3367 2540 3482 2602 πῶς
3510 2537 3787 2606 ἐνεύρωσε

2114 2625 2240 2686 τοὺς
2271 2626 2780 2696 μαθητευομένους;
2821 2627 2939 2690 πῶς
2977 2627 3148 2698 κηροῦ
3179 2626 3596 2697 μαλακωτέρους
3623 2623 3787 2686 ὄντας

2118 2710 2334 2781 σιδήρου
2369 2713 2755 2784 στερροτέρους
2794 2716 3120 2786 είργάσατο;
3171 2713 3386 2783 Ἐπειδὴ
3420 2712 3530 2781 γὰρ
3555 2712 3686 2781 ἡμῖν
3718 2711 3786 2762 οὺ

2117 2798 2253 2867 πρὸς
2283 2793 2419 2868 αἷμα
2443 2800 2539 2852 καὶ
2569 2800 2745 2869 σάρκα
2769 2801 2798 2852 6
2827 2801 3077 2869 πόλεμος,
3108 2799 3243 2853 ἀλλά
3278 2799 3413 2870 πρὸς
3441 2797 3537 2860 τὰς
3561 2796 3790 2867 ἀσωμά-

2115 2899 2242 2945 τους
2274 2883 2553 2954 δυνάμιιις,
2603 2886 2688 2939 διὰ
2721 2885 2879 2948 τοῦτο
2915 2886 3036 2938 οὐδὲ
3079 2885 3148 2938 τά
3199 2884 3338 2939 ὅπλα
3384 2887 3514 2955 ἡμῖν
3545 2882 3787 2954 σαρκικὰ

2117 2969 2460 3038 περιέθηκεν,
2492 2971 2628 3024 ἀλλά
2672 2973 2848 3024 πάντα
2898 2971 3277 3041 πνευματικὰ,
3309 2971 3404 3024 καὶ
3441 2970 3611 3032 οὕτως
3646 2970 3789 3021 ἁπο-

2119 3053 2420 3122 στίλόοντα,
2467 3054 2606 3110 ὥστε
2641 3057 2774 3128 μηδὲ
2803 3058 2902 3127 τὴν
2941 3058 3007 3110 ἐκ
3057 3057 3262 3111 τούτων
3294 3057 3488 3126 αῖγλην
3536 3058 3783 3124 ἐνεγκεῖν

2116 3138 2375 3192 δύνασθαι
2407 3141 2501 3193 τὸν
2537 3141 2771 3211 πονηρὸν
2805 3143 3008 3195 ἐκεῖνον
3045 3143 3292 3213 δαίμονα.

2189 3242 2304 3315 [ει]
2324 3251 2383 3305 ς’.
2404 3243 2640 3298 Τοιαῦτα
2658 3245 2835 3297 τοίνυν
2851 3246 2989 3298 ὅπλα
3005 3246 3342 3316 ἐνδεδυμένοι
3373 3246 3448 3317 μὴ
3468 3246 3786 3318 φρίττωμεν

2114 3339 2213 3405 τὴν
2243 3338 2439 3409 πάλην,
2473 3340 2608 3410 μηδὲ
2647 3341 2746 3411 τὴν
2777 3340 3090 3412 συμπλοκὴν
3132 3342 3440 3412 φεύγωμεν,
3481 3343 3614 3396 ἀλλά
3645 3347 3786 3414 μηδὲ

2118 3437 2468 3506 ῥαθυμῶμεν.
2520 3438 2728 3508 Ὠσπερ
2767 3438 2872 3510 γὰρ
2912 3439 3189 3509 νηφόντων
3222 3439 3379 3510 ήμῶν
3407 3440 3507 3493 οὑκ
3545 3441 3610 3494 ἀν
3651 3459 3786 3494 ποτε

2118 3531 2453 3602 περιγένοιτο
2488 3536 2516 3587 6
2550 3535 2784 3604 πονηρὸς
2822 3534 3030 3604 δαίμων
3073 3537 3278 3599 ἐκεῖνος
3318 3537 3414 3607 τῆς
3449 3537 3557 3590 τῶν
3603 3536 3784 3592 ὃπλων

2115 3627 2415 3696 δυνάμεως,
2459 3629 2554 3683 ἐάν
2601 3628 2912 3700 βουλώμεθα
2959 3630 3137 3703 ἄκυρα
3183 3633 3349 3685 αὐτοῦ
3400 3634 3620 3706 ποιῆσαι
3665 3635 3782 3688 τὰ·

2117 3724 2482 3792 μηχανήματα
2504 3737 2516 3750 ·
2545 3723 2716 3788 οὕτως
2743 3724 2835 3778 ἐὰν
2864 3727 3216 3797 ρᾳθυμῶμεν,
3241 3728 3390 3781 οὐδὲν
3423 3730 3552 3798 ἡμῖν
3587 3728 3782 3798 ὄφελος

2116 3815 2290 3880 ἐσται,
2319 3815 2414 3870 τοῦ
2466 3818 2722 3889 πολεμίου
2760 3820 2859 3889 τῆς
2905 3821 3179 3894 ἡμετέρας
3209 3824 3481 3894 σωτηρίας
3518 3826 3783 3895 διηνεκῶς

2112 3912 2497 3980 ὲγρηγορότος,
2531 3915 2626 3968 καὶ
2658 3916 2832 3968 πάντα
2865 3916 3004 3968 κατὰ
3036 3918 3134 3987 τῆς
3169 3919 3440 3989 σωτηρίας
3470 3919 3628 3988 ἡμῶν
3661 3920 3778 3972 διαο

2116 3999 2514 4067 πραττομένου.
2565 4003 2903 4072 Πανταχόθεν
2937 4003 3115 4056 τοίνυν
3159 4004 3469 4074 όπλίζωμεν
3512 4007 3782 4072 ἑαυτοὺς,

2116 4086 2207 4137 καὶ
2255 4087 2516 4156 ῥημάτων
2569 4089 2892 4158 φειδόμενοι,
2937 4090 3031 4141 καὶ
3069 4092 3408 4161 πραγμάτων
3451 4092 3786 4163 ἀπεχόμενοι

2111 4181 2221 4232 τῶν
2256 4181 2512 4250 βλάπτειν
2563 4184 2710 4253 ἡμᾶς
2745 4184 3055 4253 δυναμένων
3076 4223 3090 4247 ,
3127 4188 3218 4238 καὶ
3255 4187 3393 4256 μετά
3423 4187 3523 4256 τῆς
3563 4189 3786 4260 ἀποχῆς

2112 4266 2221 4319 τῶν
2247 4267 2572 4338 βρωμάτων,
2596 4270 2689 4322 καὶ
2716 4272 2814 4339 τῆς
2839 4270 3001 4339 ἄλλης
3025 4272 3242 4342 ἀρετῆς,
3264 4274 3358 4326 καὶ
3376 4273 3474 4343 τὴν
3499 4276 3627 4346 περὶ
3653 4279 3785 4341 τοὺς

2113 4355 2350 4424 πένητας
2384 4354 2663 4424 δαψίλειαν
2703 4357 3167 4428 ἐπιδεικνυώμεθα
3200 4358 3244 4425 ί,
3288 4361 3486 4425 εἰδότες
3531 4362 3631 4433 ὅση
3677 4363 3785 4434 τῆς

2115 4441 2242 4511 περὶ
2281 4441 2501 4503 τούτους
2541 4442 2835 4512 θεραπείας
2885 4445 3016 4512 ἡμῖν
3061 4445 3299 4498 κείσεται
3338 4448 3370 4516 ή
3403 4447 3779 4513 ἀνταπόδοσις.

2124 4526 2188 4578 ⁸0
2229 4526 2337 4594 γὰρ
2381 4526 2601 4592 ἐλεῶν,
2641 4531 2808 4597 φησι,
2850 4529 3117 4597 πτωχὸν,
3159 4529 3405 4591 δανείζει
3449 4531 3589 4598 Θεῷ.
3634 4535 3784 4604 Ὅρα

2111 4613 2322 4667 δανείου
2374 4614 2534 4682 φύσιν
2587 4614 2740 4682 ξένην
2797 4616 2887 4667 xal
2936 4615 3253 4687 παράδοξον.
3284 4620 3508 4689 Ἔτερός
3558 4622 3705 4673 ἐστιν
3751 4627 3784 4676 6

2113 4701 2422 4772 layﬁavwv,
2471 4701 2564 4754 καὶ
2610 4702 2793 4772 ἔτερος
2831 4705 2860 4753 6
2896 4702 2974 4772 τῷ
3019 4703 3214 4773 δανείῳ
3247 4705 3437 4758 ἑαυτὸν
3477 4706 3782 4761 ὑπεύθυνον

2112 4787 2372 4850 καθιστάς
2391 4803 2404 4816 ⁸
2439 4787 2533 4839 καὶ
2557 4787 2616 4840 οὑ
2666 4787 2825 4839 τοῦτο
2853 4788 3032 4857 μόνον,
3073 4789 3185 4842 ἀλλ’
3227 4791 3306 4842 ὅτι
3336 4792 3428 4843 ἐπὶ
3452 4792 3642 4845 τούτου
3679 4795 3780 4847 τοῦ

2110 4874 2320 4927 δανείου
2351 4874 2450 4926 οὑκ
2480 4873 2625 4926 ἐστιν
2658 4873 3050 4945 ἀγνωμοσύνην
3079 4876 3395 4946 ὑποστῆναι,
3426 4878 3544 4932 οὐδὲ
3583 4881 3781 4950 ἑτέραν

2110 4960 2231 5013 τινὰ
2274 4959 2493 5030 ζημίαν.
2527 4960 2661 5013 Οὐδὲ
2711 4959 2852 5029 γὰρ,
2888 4961 3135 5033 καθάπερ
3167 4961 3431 5027 ἐνταῦθα,
3479 4966 3779 5037 ἑκατοστὴν

2115 5046 2271 5114 μόνον
2301 5046 2638 5114 ὑπισχνεῖται
2664 5045 2854 5097 δώσειν
2876 5048 2922 5112 δ,
2948 5047 3084 5100 ἀλλά
3113 5050 3637 5104 ἑκατονταπλασίονα
3663 5053 3780 5107 τῶν

2109 5132 2420 5201 διδομένων,
2461 5132 2553 5183 καὶ
2585 5131 2704 5183 οὐδὲ
2735 5131 2896 5201 μέχρι
2927 5133 3118 5187 τούτου
3159 5134 3392 5202 ἵσταται,
3425 5137 3559 5191 ἀλλά
3601 5139 3779 5193 ταῦτα

2114 5219 2208 5286 μὲν
2233 5220 2289 5270 ἐν
2323 5217 2398 5286 τῷ
2423 5218 2671 5288 παρόντι,
2693 5219 2785 5270 καὶ
2824 5220 2879 5270 ἐν
2905 5219 2982 5289 τῷ
3012 5220 3258 5289 μέλλοντι
3286 5222 3340 5274 δὲ
3369 5221 3511 5293 ζωὴν
3535 5225 3777 5282 αἰώνιον.

2113 5305 2219 5356 Kal
2249 5302 2338 5356 ἐπὶ
2397 5303 2496 5374 μὲν
2527 5303 2620 5356 τοῦ
2672 5305 2932 5374 παρόντος
2967 5306 3079 5374 βίου
3127 5309 3177 5360 εῖ
3214 5326 3296 5371 τις
3342 5312 3474 5378 ἡμῖν
3509 5312 3780 5380 ὑπέσχετο

2109 5392 2424 5445 διπλασίονα
2460 5394 2617 5462 μόνον
2649 5391 2760 5445 τῶν
2807 5393 3092 5464 διδομένων
3127 5396 3214 5463 ὑφ’
3258 5395 3415 5466 ἡμῶν
3446 5402 3777 5468 παρασχεῖν,

2111 5481 2402 5552 προθύμως
2442 5482 2507 5534 ἂν
2533 5481 2748 5538 ἃπασαν
2775 5483 2931 5553 ἡμῶν
2964 5485 3058 5555 τὴν
3092 5485 3322 5557 ὓπαρξιν
3351 5489 3776 5559 προσηκάμεθα,

2173 5619 2198 5659 ἀ
2221 5623 2418 5687 Qpislin.
2443 5622 2522 5670 τὸν
2549 5624 2741 5687 θώρακα
2762 5631 2844 5682 τῆς
2871 5627 3183 5683 δικαιοσύνης.

2178 5696 2200 5719 θ
2222 5682 2301 5730 Sic
2323 5686 2541 5743 quinque
2581 5682 2696 5734 niss.
2723 5693 2772 5732 el,
2804 5688 2952 5736 Savil.
2983 5682 3147 5736 Morel]
3191 5711 3201 5736 :

2116 5745 2404 5810 βουλώμεθα,
2419 5746 2497 5791 καὶ
2527 5747 2676 5810 ἀκυρα
2694 5747 2839 5794 αὐτοῦ
2867 5751 3123 5810 ποιήσομεν
3145 5752 3223 5798 τά.

2185 5805 2203 5869 ς
2227 5805 2438 5869 εξοιὴοτι.
2466 5811 2515 5852 cl
2542 5805 2736 5856 Cui‘slin.
2760 5805 3126 5869 ἐπιδεικνύμεθα.

2181 5867 2203 5907 ι’
2228 5865 2345 5927 Heg.
2379 5873 2432 5916 cl
2454 5869 2647 5918 Coislin.
2675 5871 2964 5931 ὑπισχνεῖται
2998 5865 3146 5920 δόσιν.
3182 5872 3276 5922 Alii
3303 5874 3485 5922 δώσειν.

3249 5689 3504 5751 δυνάμεως,
3545 5691 3648 5739 ἀλλ’
3673 5691 3778 5742 ’δᾶν
