4080 6308
181 394 239 450 37
1326 373 1390 429 ιΝ
1428 371 1580 428 CAP.
1625 367 1663 426 Ι.
1703 366 1801 425 ϐΕῙ

1910 365 1950 422 5.
1991 361 2224 421 iiOMlL.
2269 360 2354 418 ιιι.
3414 360 3483 417 5,,

183 502 246 559 sb
270 512 452 557 errore
472 493 536 548 ad
549 493 858 555 veritatem,
878 488 970 551 ait,
993 485 1385 555 manuduxerit,
1403 483 1485 537 vel
1507 497 1535 534 a
1555 487 1776 551 peccato

183 595 246 649 ad
278 598 526 647 virtutem
557 587 864 656 proximum
895 579 1180 640 induxerit.
1214 591 1309 646 pro
1339 575 1473 628 virili
1509 582 1657 642 parte
1679 570 1770 623 hu-

183 700 336 741 mana
367 697 455 736 me
479 680 742 735 imitatur.
774 674 984 732 Etenim
1005 672 1120 742 ipse
1144 684 1264 725 eum
1289 668 1428 722 Deus
1448 666 1535 726 sit.
1556 671 1778 733 pr0pter

182 775 312 830 nihil
338 773 480 827 aliud
510 778 748 824 nostram
773 765 944 822 induit
971 777 1208 826 carnem,
1234 768 1290 813 et
1317 767 1534 828 propter
1559 752 1776 808 humani

180 864 393 935 generis
437 861 665 915 salutem
710 857 882 913 factus
908 865 990 910 est
1027 854 1208 907 homo.
1241 848 1348 906 Sed
1387 846 1513 916 quid
1554 859 1656 915 ego
1682 857 1779 897 no—

180 934 346 1009 stram
390 953 539 1006 illum
567 949 807 1004 induisse
847 960 1064 1002 carnem
1093 943 1235 1007 dico,
1274 949 1574 1007 caeteraque
1598 934 1778 990 omnia

178 1043 510 1098 sustinuisse
554 1042 806 1103 humana,
837 1035 1052 1106 quando
1087 1033 1246 1087 etiam
1275 1043 1494 1085 crucem
1523 1023 1778 1094 suscepit,

180 1148 234 1190 ut
253 1151 355 1190 nos
377 1139 598 1206 peccato
624 1129 886 1186 obnoxios
907 1143 935 1180 a
963 1124 1247 1181 maledicto
1273 1119 1563 1177 liberaret?
1594 1118 1659 1172 Et
1679 1117 1781 1170 hoc

180 1241 394 1296 quoque
444 1223 636 1279 Paulus
686 1221 902 1285 clamat,
946 1217 1174 1273 dicens:
1227 1212 1453 1268 Christus
1501 1225 1592 1263 nos
1634 1207 1782 1261 rede-

180 1321 271 1371 mit
322 1334 355 1370 a
405 1314 675 1370 maledicto
721 1312 865 1383 legis,
909 1314 1074 1382 factus
1123 1323 1217 1377 pro
1268 1303 1411 1359 nobis
1459 1299 1784 1355 maledictum

183 1409 327 1482 (Gal.
362 1409 419 1463 3.
449 1408 562 1477 l5).
589 1405 645 1462 Si
675 1405 835 1475 igitur
863 1403 998 1471 ipse,
1021 1400 1108 1470 qui
1141 1399 1280 1453 Deus
1309 1405 1393 1451 est
1417 1405 1471 1450 et
1500 1391 1785 1448 ineffabilia

181 1500 473 1564 assentiar,
519 1495 1027 1565 oh‘benignitatem
1070 1489 1391 1546 inell'abilem
1443 1488 1559 1544 haec
1605 1484 1784 1542 omnia

183 1599 409 1660 propter
454 1603 554 1643 nos
594 1596 650 1641 et
687 1595 906 1656 propter
948 1583 1175 1638 salutem
1216 1589 1456 1635 nostram
1499 1576 1781 1647 suscepit:

183 1681 312 1750 quid
345 1694 456 1735 non
503 1693 535 1734 a
587 1677 742 1733 nobis
769 1689 982 1747 asquum
1009 1683 1090 1729 est
1115 1680 1373 1743 pmstare
1398 1684 1523 1741 erga
1549 1682 1663 1732 eos,
1696 1667 1784 1736 qui

183 1771 398 1842 cognati
426 1778 554 1827 sunt
576 1785 640 1824 ac
660 1767 898 1824 membra
929 1775 1133 1828 nostra,
1156 1773 1215 1818 ut
1239 1773 1458 1832 ereptos
1473 1775 1567 1816 eos
1590 1776 1655 1814 ex
1676 1759 1789 1814 dia-

186 1862 290 1915 buli
340 1858 608 1924 faucibus,
639 1859 695 1913 in
724 1857 860 1910 viam
904 1854 1122 1909 virtutis
1148 1852 1513 1906 inducamus?
1553 1849 1686 1904 Nam
1733 1856 1791 1902 ut

184 1952 366 2006 anima
409 1963 640 2020 corpore
669 1945 1007 2017 praestantior
1034 1953 1135 2009 est,
1170 1944 1240 1997 ita
1272 1943 1354 2007 iis,
1381 1941 1472 2011 qui
1501 1939 1784 2010 indigenti-

185 2045 286 2100 bus
333 2043 600 2115 pecunias
645 2048 702 2096 et
745 2039 1023 2095 facultates
1073 2035 1443 2106 suppeditant,
1499 2032 1792 2102 majoribus

185 2137 429 2204 prmmiis
475 2130 621 2204 digni
667 2141 793 2187 sunt
834 2129 893 2196 ii,
938 2128 1028 2200 qui
1074 2126 1416 2182 admonendo
1450 2131 1505 2179 et
1535 2122 1806 2180 continuo

187 2227 439 2283 docendo
465 2227 519 2280 in
546 2225 688 2279 viam
718 2233 921 2279 rectam
950 2221 1170 2289 supinos
1196 2227 1249 2273 et
1264 2217 1481 2272 desides
1510 2214 1789 2280 inducunt,

186 2315 549 2370 monstrando
575 2314 654 2369 eis
687 2322 744 2368 et
763 2312 1015 2365 vitiorum
1044 2307 1441 2364 deformitatem
1471 2345 1486 2372 ,
1519 2314 1574 2362 et
1595 2303 1798 2360 divinae.

190 2408 408 2462 virtutis
433 2419 681 2476 magnam
709 2401 1157 2475 pulchritudinem
1181 2398 1222 2453 ³.

257 2502 312 2556 5.
348 2498 571 2553 Moralis
622 2495 928 2553 exhortatio.
972 2521 1044 2532 --
1088 2493 1213 2547 llaec
1253 2489 1412 2560 igitur
1442 2487 1621 2543 omnia
1660 2500 1784 2542 cum

185 2593 448 2657 sciamus,
475 2605 584 2660 pra:
609 2588 857 2644 omnibus
884 2586 1005 2641 aliis
1022 2585 1180 2653 hujus
1206 2583 1325 2637 vita:
1346 2581 1491 2635 curis
1521 2580 1588 2635 de
1615 2578 1791 2634 salute

188 2685 384 2738 anima:
417 2682 691 2752 proximos
731 2680 1085 2748 alloquamur,
1117 2673 1364 2731 eamdem
1394 2673 1497 2728 illis
1538 2670 1792 2726 sollicitu-

190 2777 373 2830 dinem
400 2774 726 2843 ingerentes.
757 2769 1002 2840 Optabile
1029 2768 1174 2823 enim
1201 2805 1219 2833 ,
1251 2764 1482 2834 optabile
1515 2763 1690 2832 plane,
1737 2769 1797 2814 ut

191 2865 395 2929 anima,
427 2862 517 2917 cui
565 2860 680 2915 lucc
718 2859 973 2914 continuo
1022 2855 1379 2916 inculcantur,
1411 2852 1582 2922 possit
1610 2849 1796 2906 reduci

189 2968 261 3008 ex
301 2953 502 3022 abysso
527 2949 818 3015 malorum,
848 2947 900 3001 in
933 2959 1159 3016 quorum
1193 2942 1374 2998 medio
1418 2953 1717 3005 versamur,
1746 2947 1802 2993 et

189 3057 546 3113 compescere
587 3040 872 3097 affectuum
901 3077 917 3104 ,
962 3037 1052 3107 qui
1105 3042 1368 3104 perpetuo
1414 3030 1651 3086 animam
1703 3043 1803 3085 no-

194 3144 366 3189 stram
410 3132 686 3194 infestant,
730 3128 1098 3184 rebellionem.
1128 3123 1334 3178 Idcirco
1378 3121 1534 3176 nobis
1559 3135 1694 3190 opus
1719 3125 1804 3174 est

193 3238 392 3293 magna
435 3220 730 3292 vigilantia,
766 3217 1021 3288 quoniam
1060 3223 1114 3270 et
1154 3213 1470 3268 continuum
1514 3211 1670 3266 nobis
1717 3218 1803 3263 est

196 3315 426 3377 bellum,
474 3320 530 3368 et
577 3310 804 3365 inducite
844 3307 1008 3362 nullae
1039 3324 1052 3360 :
1084 3304 1312 3374 ideoque
1350 3301 1548 3356 Paulus
1589 3299 1803 3356 dicebat

197 3407 452 3479 Ephesiis
493 3405 736 3461 scribens
777 3421 790 3457 :
823 3401 944 3456 Non
971 3409 1042 3455 est
1075 3399 1220 3454 nobis
1249 3397 1542 3452 colluctatio
1561 3395 1804 3451 adversus

195 3501 500 3568 sanguinem
530 3506 576 3551 ct
619 3511 843 3561 carnem,
870 3494 960 3549 sed
987 3493 1225 3546 adversus
1252 3491 1586 3561 principatus,
1616 3487 1800 3541 adver-

196 3610 284 3647 sus
305 3599 598 3660 potestates,
626 3589 866 3641 adversus
909 3584 1086 3637 mundi
1114 3583 1369 3646 dominos,
1400 3590 1616 3634 rectores
1663 3588 1804 3632 tene-

195 3685 411 3736 brarum
447 3678 821 3748 sicculihujus,
853 3676 1099 3729 adversus
1126 3671 1417 3745 spirituales
1461 3671 1706 3738 nequitias
1751 3669 1806 3722 in

195 3773 484 3825 crs-latibus
511 3768 726 3839 (Epiros.
761 3766 814 3821 6.
846 3766 961 3834 12).
996 3763 1071 3819 Ne
1097 3762 1438 3827 existimetis,
1470 3761 1564 3824 ait,
1589 3759 1806 3829 vulgare

199 3861 360 3916 nobis
387 3867 659 3914 certamen
689 3856 912 3925 proponi
945 3872 958 3908 :
991 3867 1095 3908 non
1128 3851 1388 3907 adversus
1435 3849 1678 3919 ejusdem
1706 3863 1806 3919 ge-

200 3952 350 4006 neris
379 3949 719 4005 adversarios
748 3947 902 4002 nobis
927 3953 1011 4001 est
1034 3951 1331 4008 certamen,
1365 3956 1538 4011 neque
1566 3957 1631 3995 ex
1653 3953 1808 4010 teque

204 4043 482 4099 exercitus
509 4049 692 4094 noster
721 4039 1014 4092 instructus
1043 4045 1146 4090 est.
1177 4033 1286 4089 Nos
1315 4033 1458 4088 enim
1493 4033 1584 4102 qui
1615 4046 1810 4100 carpo.

202 4135 357 4190 ribus
382 4147 571 4189 sumus
598 4131 818 4196 annexi,
852 4131 902 4183 iu
940 4141 1058 4183 acte
1084 4126 1334 4183 collocati
1367 4139 1571 4190 sumus,
1604 4133 1661 4177 ut
1685 4138 1809 4178 eum

209 4222 551 4293 ineorporeis
577 4220 860 4276 virtutibus
892 4218 1243 4288 confligamus
1273 4233 1286 4268 :
1313 4213 1410 4270 sed
1438 4230 1505 4269 ne
1538 4213 1808 4268 timeatis:

206 4331 336 4372 nam
363 4314 491 4368 licet
519 4311 799 4382 inaequalis
841 4309 913 4364 sit
952 4321 1151 4378 pugna,
1197 4320 1388 4374 magna
1421 4312 1599 4359 tamen
1628 4317 1812 4358 armo-

212 4422 337 4461 rum
367 4414 673 4458 nostrorum
694 4403 862 4455 virtus
886 4409 988 4455 est.
1020 4397 1305 4468 Subjungit
1331 4397 1474 4450 enim
1502 4396 1638 4461 hare,
1663 4393 1814 4460 quasi

208 4496 417 4553 diceret
442 4512 455 4547 ε
481 4494 742 4562 Quoniam
760 4493 983 4547 novistis
1006 4490 1238 4545 hostium
1266 4498 1530 4552 naturam,
1555 4503 1622 4542 ne
1639 4487 1818 4541 animo

211 4586 532 4652 concidatis,
561 4601 626 4640 ne
653 4584 963 4654 torpescatis
980 4583 1044 4637 ad
1065 4596 1318 4651 pugnam;
1343 4580 1460 4644 sed,
1490 4578 1708 4650 Propter
1726 4579 1820 4632 hoc

211 4679 456 4748 suscipite
463 4687 773 4731 armaturam
789 4675 964 4743 Dei,ut
975 4674 1173 4742 possitis
1189 4673 1413 4727 resistere
1428 4671 1624 4724 insidiis
1635 4669 1823 4724 diaboli

215 4771 440 4843 (Ephcs.
484 4771 538 4825 6.
568 4768 680 4838 il).
711 4766 889 4822 Multa:
940 4767 1083 4821 enim
1125 4764 1242 4834 ejus
1290 4773 1417 4817 sunt
1450 4759 1678 4825 insidire,
1713 4759 1818 4816 hoc

216 4872 304 4918 est
332 4862 457 4925 vim,
491 4875 585 4928 per
621 4873 755 4929 quas
779 4857 1194 4927 negligentiores
1222 4853 1564 4923 supplantare
1591 4852 1777 4905 nititur
1805 4867 1821 4906 :

217 4966 357 5022 quas
398 4948 685 5018 diligenter
714 4960 1043 5017 cognoscere
1066 4959 1242 5012 Operm
1268 4943 1497 5012 pretium
1527 4949 1627 5005 est,
1660 4941 1728 4994 ita
1763 4950 1821 4994 ut

219 5041 541 5111 eifogiamus
560 5038 676 5108 ejus
693 5045 936 5102 conatus,
959 5044 1014 5090 et
1033 5034 1238 5088 nullum
1263 5032 1364 5102 ipsi
1388 5033 1684 5101 ingressum
1705 5045 1830 5102 per-

220 5133 522 5190 mittamus.
537 5129 675 5197 Quin
691 5139 745 5186 et
760 5128 955 5197 lingua:
970 5125 1197 5194 diligens
1209 5122 1455 5178 habenda
1465 5131 1548 5177 est
1565 5121 1828 5188 custodia,

222 5237 280 5280 et
298 5223 439 5278 oculi
468 5219 742 5276 muniendi
768 5226 912 5284 sunt,
936 5228 989 5273 et
1015 5232 1165 5270 mens
1180 5214 1474 5286 purganda,
1499 5223 1552 5269 et
1569 5223 1828 5284 perpetuo

225 5316 297 5370 ad
331 5328 562 5384 pugnam
602 5319 822 5382 paratos
853 5322 972 5363 esse
1019 5306 1294 5366 convenit.
1335 5305 1487 5374 quasi
1513 5300 1621 5357 fera
1650 5304 1829 5370 aliqua

229 5422 332 5463 nos
363 5402 582 5458 invadat
603 5442 619 5465 ,
650 5410 705 5455 et
729 5399 926 5454 ledere
950 5404 1194 5452 conetur.
1232 5395 1458 5464 Propter
1486 5392 1629 5463 quod
1671 5391 1830 5445 cmlea

227 5501 332 5555 stis
363 5497 451 5551 illa
469 5496 668 5560 anima,
694 5493 882 5548 doctor
903 5489 1161 5561 gentium,
1187 5489 1365 5560 lingua
1383 5486 1547 5550 orbis,
1576 5484 1706 5538 nihil
1729 5499 1829 5537 nor

231 5602 406 5661 agens
431 5603 527 5657 pro
554 5585 732 5641 salute
761 5582 1165 5654 discipulorum,
1196 5589 1477 5650 postquam
1510 5577 1662 5642 dixit,
1697 5575 1818 5628 Acci

301 5767 318 5796 ι
353 5767 574 5832 Quinque
598 5771 728 5822 stas,
755 5760 924 5810 bonum
943 5758 1157 5814 odorem,
1184 5769 1287 5817 pro,
1313 5751 1739 5817 pulchritudinem.

1890 486 1996 546 ptte
2013 484 2331 528 armaturam
2376 472 2469 527 Dei
2494 490 2512 536 ,'
2543 472 2736 528 iterum
2764 468 3003 542 subjicil,
3032 481 3088 528 et
3116 486 3214 527 nos
3244 474 3481 544 undique

1885 566 2153 630 muniens,
2208 574 2257 620 el
2311 566 2535 619 invictos
2583 563 2807 630 faciens,
2841 565 2920 620 sic
2942 563 3073 619 dicit
3111 582 3125 619 :
3162 564 3309 620 State
3327 567 3482 636 igitur

1884 657 2096 711 accincti
2145 658 2329 711 lumbis
2371 658 2544 712 vestris
2583 657 2634 710 in
2677 657 2916 724 veritate,
2946 664 2991 709 et
3018 656 3186 710 induti
3227 659 3482 711 thoracem

1885 749 2007 818 ﬁdei
2033 749 2073 812 ί,
2102 757 2148 802 et
2176 748 2386 802 calceati
2426 748 2576 818 pedes
2614 756 2801 802 vestros
2825 749 2876 801 in
2910 747 3283 817 prteparatione
3324 764 3480 802 euan-

1884 841 2004 910 gelii
2046 841 2206 910 pacis.
2255 838 2322 893 In
2369 839 2598 894 omnibus
2641 839 2881 893 assumit:
2905 845 3102 890 scutum
3137 837 3279 903 ﬁdei,
3307 838 3359 891 in
3387 854 3485 905 quo

1887 931 2089 1002 possitis
2126 931 2296 984 omnia
2330 931 2431 985 tela
2474 931 2615 985 illius
2658 930 2820 1000 ignita
2844 930 3181 1001 exstinguere,
3211 940 3257 985 et
3281 931 3482 1000 galeam

1885 1021 2129 1075 salutaris
2157 1020 2388 1089 accipite,
2412 1028 2457 1073 et
2483 1019 2713 1088 gladium
2743 1018 2989 1087 Spiritus,
3020 1018 3255 1087 quodest
3282 1020 3484 1072 verbum

1889 1111 1985 1167 Dei
2031 1110 2249 1184 (Ephes.
2290 1111 2343 1166 6.
2393 1108 2628 1180 14—17).
2678 1108 2871 1164 Vidisti
2924 1109 3197 1179 quomodo
3244 1109 3485 1164 omnium

1891 1203 2132 1258 membra
2177 1201 2498 1266 muniverit,
2527 1210 2583 1256 et
2607 1200 2759 1270 quasi
2799 1201 2850 1253 in
2884 1200 3125 1268 prtelium
3174 1187 3486 1272 egressuros

1892 1292 2122 1362 primum
2149 1307 2284 1346 zona
2310 1291 2510 1362 cingat,
2537 1305 2645 1360 quo
2676 1289 3045 1360 expeditiores
3069 1291 3238 1346 simus
3278 1292 3343 1346 ad
3365 1306 3487 1346 eur-

1891 1397 2046 1449 sum;
2077 1383 2200 1438 dein
2243 1381 2428 1436 induat
2453 1395 2554 1435 nos
2594 1379 2834 1445 thorace,
2864 1395 2932 1436 ne
2960 1395 2988 1433 a
3014 1379 3208 1450 jaculis
3237 1382 3488 1436 vulnere-

1892 1490 2031 1540 mur,
2066 1473 2160 1529 sed
2183 1482 2239 1528 et
2264 1471 2428 1542 pedes
2457 1471 2702 1536 munivit,
2734 1479 2790 1526 et
2814 1471 3053 1541 undique
3079 1471 3312 1525 armavit
3339 1469 3485 1526 fide?

1894 1565 2041 1631 llme,
2076 1564 2173 1630 ait,
2221 1563 2337 1618 haec
2364 1561 2526 1631 ignita
2553 1561 2657 1616 tela
2686 1560 2860 1615 hostis
2895 1561 3239 1631 exstinguere
3270 1562 3486 1630 poterit.

1892 1655 2148 1724 Quaenam
2171 1662 2350 1708 autem
2369 1662 2496 1707 sunt
2527 1652 2631 1706 tela
2658 1651 2897 1706 diaboli?
2923 1650 3075 1706 Malm
3101 1652 3488 1720 concupiscen-

1896 1747 2002 1810 tiaa,
2033 1744 2322 1799 immundae
2340 1744 2713 1814 cogitationes,
2737 1743 3028 1814 perniciosi
3049 1742 3294 1806 affectus.
3319 1741 3489 1808 furor,

1897 1835 2212 1901 invidentia,
2242 1834 2463 1901 invidia,
2488 1834 2587 1900 ira,
2612 1833 2819 1899 odium,
2842 1834 3085 1903 pecuniae
3104 1836 3491 1904 concupiscen-

1898 1931 1989 1996 tia,
2019 1938 2074 1984 et
2110 1936 2304 1983 caetera
2331 1928 2505 1982 omnis
2536 1925 2763 1996 ignavia.
2796 1926 2942 1990 Hae,
2969 1926 3063 1991 ait,
3091 1927 3269 1981 omnia
3295 1927 3495 1980 exstin-

1895 2033 2062 2090 guere
2100 2017 2292 2087 poterit
2330 2016 2546 2087 gladius
2586 2015 2834 2087 Spiritus.
2867 2015 2936 2072 Et
2959 2014 3088 2086 quid
3116 2016 3256 2082 dico,
3285 2018 3494 2071 exstin-

1897 2109 2098 2180 guere?
2146 2107 2321 2162 Etiam
2361 2106 2534 2176 ipsum
2580 2104 2750 2161 hostis
2792 2113 2952 2176 caput
2972 2113 3252 2175 amputare
3275 2104 3495 2160 valebit.

1905 2199 2090 2256 Vidisti
2133 2199 2406 2270 quomodo
2435 2198 2706 2252 roboravit
2737 2197 3028 2266 discipulos
3053 2198 3078 2252 τ
3105 2196 3376 2267 quomodo
3405 2213 3500 2252 eos

1898 2301 2054 2348 antea
2079 2306 2201 2346 cera
2226 2290 2524 2357 molliores,
2555 2289 2697 2344 ferro
2721 2287 2970 2343 fortiores
2991 2287 3165 2343 eli‘ecit
3185 2287 3209 2341 ?
3232 2287 3498 2354 Quoniam
3562 2284 3565 2286 ’

1899 2385 2042 2441 enim
2069 2383 2224 2438 nobis
2249 2381 2444 2436 bellum
2462 2389 2565 2444 est,
2596 2395 2703 2434 non
2727 2378 2984 2434 adversus
3030 2393 3248 2434 carnem
3274 2388 3329 2433 et
3370 2393 3499 2434 sau-

1899 2475 2134 2546 guinem,
2154 2471 2248 2527 sed
2266 2471 2523 2526 adversus
2541 2471 2884 2538 incorporeas
2906 2469 3164 2524 virtutes:
3193 2468 3315 2522 ideo
3331 2483 3506 2536 neque

1901 2563 2205 2621 carnalibus
2226 2576 2326 2617 nos
2353 2561 2519 2617 armis
2535 2560 2782 2626 munivit,
2814 2558 2908 2614 sed
2936 2573 3085 2614 arma
3113 2569 3293 2614 nostra
3325 2561 3505 2614 omnia

1903 2655 2204 2727 spiritualia
2250 2662 2395 2719 sunt,
2445 2654 2525 2709 sic
2567 2651 2852 2720 radiantia,
2903 2663 2960 2708 ut
3007 2667 3194 2708 eorum
3237 2651 3500 2724 fulgorem

1903 2749 2117 2805 daemon
2149 2749 2236 2803 ille
2261 2747 2434 2802 malus
2461 2745 2602 2802 ferre
2629 2753 2881 2815 nequeat.

1977 2843 2033 2898 6.
2065 2840 2288 2898 Talibus
2323 2840 2483 2910 igitur
2519 2837 2685 2893 armis
2711 2837 2880 2892 induti
2907 2879 2921 2900 .
2951 2852 3020 2893 ne
3058 2839 3374 2893 horreamus
3403 2852 3504 2907 pu-

1907 2949 2090 3004 gnam,
2139 2947 2207 2987 ne
2251 2931 2515 3002 fugiamus
2551 2942 2943 2999 congressum;
2988 2928 3083 2982 sed
3127 2942 3303 2996 neque
3335 2928 3510 2999 ignavi

1912 3024 2104 3078 simus.
2136 3020 2270 3076 Nam
2322 3020 2482 3086 sicut,
2513 3018 2670 3073 nobis
2703 3017 3061 3088 vigilantibus,
3112 3017 3378 3087 malignus
3404 3018 3514 3072 dm-

1907 3127 2034 3168 mon
2065 3126 2357 3181 numquam
2384 3123 2656 3164 armorum
2689 3117 2997 3162 nostrorum
3037 3107 3217 3161 virtuti
3251 3108 3511 3177 prtevalc-

1911 3203 2009 3268 bit,
2038 3201 2084 3257 si
2118 3202 2443 3256 voluerimus
2473 3200 2653 3255 irritas
2676 3197 2856 3254 facere
2883 3199 3000 3268 ejus
3028 3199 3451 3254 machinationes
3469 3203 3512 3251 ἐ

1909 3289 1986 3343 sic
2040 3287 2086 3341 si
2132 3284 2350 3340 desides
2393 3284 2670 3349 fuerimus,
2726 3282 2874 3338 nulla
2915 3282 3072 3338 nobis
3119 3282 3320 3337 utilitas
3373 3283 3514 3349 erit;

1909 3375 2340 3449 quandoquidem
2363 3375 2612 3429 inimicus
2632 3373 2820 3428 salutis
2847 3381 3046 3427 nostra:
3078 3387 3368 3443 numquam
3391 3372 3517 3427 dor-

1911 3469 2081 3534 mitat,
2107 3476 2161 3522 et
2177 3467 2384 3535 'omnia,
2413 3480 2533 3536 quae
2562 3465 2721 3521 saluti
2755 3474 2954 3520 nostra:
2988 3465 3205 3531 obsunt,
3235 3473 3509 3534 operatur.

1913 3558 2161 3628 Undique
2208 3556 2371 3627 igitur
2422 3570 2694 3610 armemus
2755 3569 2855 3610 nos
2902 3555 3049 3623 ipsos
3085 3596 3102 3623 ,
3154 3561 3210 3611 et
3253 3571 3282 3609 a
3335 3557 3520 3612 verbis

1915 3657 2299 3717 temperemus,
2330 3653 2386 3700 et
2425 3645 2494 3699 ab
2540 3645 2794 3713 operibus
2839 3645 3224 3708 abstineamus,
3276 3660 3395 3715 qum
3421 3659 3521 3701 nos

1913 3736 2112 3792 laedere
2159 3744 2418 3805 possunt;
2471 3743 2526 3789 et
2572 3749 2696 3789 eum
2749 3733 3072 3788 abstinentia
3113 3749 3144 3788 a
3195 3734 3350 3798 cibis,
3409 3743 3519 3788 tum

1912 3827 2138 3880 aliarum
2167 3825 2422 3879 virtutum
2449 3863 2467 3891 ,
2515 3831 2626 3878 tum
2657 3823 2990 3878 liberalitatis
3020 3825 3074 3878 in
3106 3839 3366 3894 pauperes
3395 3840 3490 3896 spe

1914 3918 2088 3974 cimen
2115 3916 2466 3971 exhibeamus
2496 3932 2511 3969 :
2538 3914 2770 3969 scientes
2807 3923 3007 3984 quanta
3039 3913 3194 3969 nobis
3224 3930 3432 3970 merces
3454 3915 3524 3969 oh

1915 4021 2100 4063 curam
2129 4005 2235 4061 illis
2252 4003 2542 4060 exhibitam
2573 4004 2805 4072 reposita
2830 4004 2917 4057 sit.
2937 4003 3092 4067 Nam,
3117 4003 3220 4070 Qui
3239 4006 3523 4068 miseretur,

1917 4099 2028 4164 ait,
2075 4096 2320 4168 pauperi,
2371 4097 2647 4166 [caneretur
2690 4093 2800 4148 Deo
2855 4093 3052 4160 (Prov.
3084 4093 3172 4149 i9.
3205 4095 3331 4165 l7).
3393 4095 3530 4151 Vide

1920 4203 2097 4243 usurae
2124 4201 2303 4241 raram
2330 4194 2574 4239 naturam
2596 4225 2612 4250 ,
2644 4191 2700 4238 et
2727 4183 3119 4239 admirabilem.
3151 4185 3301 4240 Alius
3327 4195 3410 4241 est
3437 4187 3528 4257 qui

1921 4279 2134 4348 accipit,
2166 4287 2221 4333 et
2246 4278 2382 4333 alius
2402 4277 2492 4347 qui
2523 4290 2583 4331 se
2612 4276 2793 4330 dando
2822 4275 3013 4331 fmnori
3041 4277 3332 4332 obnoxium
3361 4279 3485 4333 facit
3512 4295 3526 4343 ;

1923 4386 2098 4441 neque
2141 4371 2245 4424 hoc
2288 4369 2463 4424 solum
2499 4367 2873 4438 spectandum,
2922 4367 3016 4422 sed
3066 4369 3229 4445 etiam
3278 4368 3421 4438 quod
3477 4369 3529 4423 in

1927 4463 2031 4517 hoc
2078 4477 2254 4515 usura:
2291 4473 2490 4531 genere
2537 4473 2714 4529 neque
2744 4459 3008 4528 ingratum
3037 4459 3310 4524 animum,
3356 4473 3532 4529 neque

1927 4553 2095 4608 ullum
2117 4551 2260 4607 aliud
2282 4551 2537 4604 damnum
2553 4549 2916 4620 experiamur.
2941 4549 3124 4619 Neque
3150 4550 3316 4615 enim,
3340 4565 3531 4620 quent-

1927 4643 2215 4700 admodum
2248 4642 2355 4709 hic,
2397 4642 2745 4698 centesimam
2793 4640 2868 4713 (a)
2921 4642 3095 4697 solum
3129 4643 3411 4712 promittit,
3438 4643 3533 4698 sed

1931 4735 2182 4806 centuplo
2221 4734 2372 4804 plura
2403 4733 2566 4799 datis,
2602 4747 2702 4789 nec
2728 4733 2903 4788 solum
2934 4733 3188 4804 centuplo
3217 4733 3388 4804 plura,
3438 4733 3535 4790 sed

1931 4829 2050 4884 haec
2077 4828 2274 4883 dantur
2303 4827 2354 4882 in
2380 4825 2634 4896 praesenti
2675 4825 2803 4891 vita,
2857 4826 2912 4880 in
2959 4825 3139 4880 futuro
3190 4836 3370 4881 autem
3429 4826 3536 4880 vita

1934 4933 2156 4977 aeterna.
2213 4919 2279 4973 Et
2318 4920 2372 4973 in
2420 4918 2670 4988 praesenti
2720 4917 2935 4988 quidem
2964 4918 3090 4982 vita,
3135 4918 3180 4973 si
3218 4920 3339 4987 quis
3384 4918 3541 4973 nobis

1937 5014 2109 5068 solum
2137 5011 2367 5080 duplicia
2410 5008 2754 5078 polliceretur
2784 5023 2883 5077 pro
2919 5006 2983 5062 iis
3022 5023 3142 5077 qua:
3171 5023 3200 5062 a
3228 5009 3382 5063 nobis
3409 5007 3542 5062 dan-

1938 5117 2047 5175 tur,
2079 5103 2250 5175 parati
2289 5117 2532 5158 essemus
2562 5100 2636 5155 illi
2666 5115 2880 5156 omnem
2912 5109 3148 5156 nostram
3189 5101 3540 5155 substantiam

2006 5307 2024 5339 ί
2060 5302 2275 5358 Coislin.,
2299 5295 2514 5356 iustitite,
2542 5309 2646 5357 pro.
2673 5294 2808 5359 ﬁdei.

2007 5371 2029 5401 ²
2062 5353 2378 5432 Sic_quinquo
2398 5353 2583 5432 et
2607 5353 2752 5432 sai-ill.
2777 5365 2830 5427 tn
2865 5356 3031 5432 storel.
3053 5357 3303 5432 autemuita
3324 5353 3546 5432 ‘legeba.

1943 5436 2025 5482 tur
2049 5442 2063 5476 :
2098 5417 2271 5476 Virtuti
2295 5417 2590 5486 praevalebit,
2613 5419 2720 5477 sed,
2744 5418 2788 5470 si
2809 5419 3116 5475 voluerimus,
3137 5417 3303 5466 initus
3317 5417 3547 5479 faciemus

1944 5492 2052 5554 du;
2073 5485 2467 5554 machinationes.

2013 5556 2085 5616 (a)
2114 5546 2432 5616 Centesimam
2465 5551 2570 5614 (Gr.
2603 5549 2909 5616 ἑκατοστήν).
2947 5563 2964 5595 t
3004 5546 3224 5616 Alludit,
3251 5546 3529 5616 inquit__Ss.

1951 5609 2143 5674 vil‘.,'ad
2169 5628 2331 5661 usurae
2364 5609 2526 5674 genus
2571 5613 2946 5674 usitatissimum
2992 5612 3168 5671 priscis
3207 5609 3519 5674 temporibus

1950 5671 2083 5738 quod
2107 5671 2665 5738 ceittesiuia'dieebatur,
2694 5672 2824 5738 quod
2849 5677 3050 5738 centum
3076 5671 3329 5722 mensibus
3350 5680 3532 5720 sorleu

1954 5733 2186 5803 aequaret.
2223 5753 2238 5785 ι
2267 5736 2395 5787 Vide
2416 5737 2557 5787 Tomi
2584 5737 2730 5798 hujus
2755 5734 2896 5783 Praef.
2921 5733 2949 5796 δ
2973 5733 3032 5782 ν.
