4080 6308
582 355 650 412 39
1338 353 1396 412 5.
1425 354 1702 414 JOANNIS
1736 353 2212 420 CllllYSOS’l‘OMI
2253 362 2566 425 .ll'lfflllEP.
2597 370 3131 437 CONSTANTWOP.

579 465 809 532 offerre,
859 464 1069 521 tametsi
1112 480 1255 536 sape
1299 468 1448 530 multi
1476 468 1669 540 ingrati
1695 471 1825 537 sint,
1871 471 2160 541 mutuoque

580 554 690 611 sint
709 556 995 612 avarbrurn
1023 555 1258 614 fraudes.
1282 558 1490 613 Etenim
1520 558 1735 629 plurimi
1766 562 1854 630 qui
1883 560 2034 631 probi
2065 561 2159 615 ha-

579 646 792 712 bentur,
838 645 1077 703 debitum
1121 643 1230 705 non
1264 649 1496 716 solvunt,
1526 650 1610 704 vel
1639 651 1780 721 quod
1811 652 1998 723 Ingrati
2029 651 2157 719 sint,

579 737 661 792 vel
705 752 850 808 sat-pe
890 739 1066 808 inopia
1108 739 1444 812 prohibente.
1490 741 1644 798 Circa
1677 743 1953 798 Dominum
1979 752 2156 800 autem

570 828 812 883 omnium
839 828 970 884 nihil
1000 828 1303 900 huiusmodi
1326 832 1730 903 suspicandum,
1772 833 1865 889 sed
1907 843 1963 890 et
2004 836 2152 907 capi-

569 919 693 976 talis
721 935 927 976 summa
957 921 1150 976 intuto
1173 929 1276 989 est,
1320 931 1376 978 et
1399 924 1699 993 centuplum
1725 922 1812 980 hic
1835 924 2158 995 promittitur

568 1012 841 1078 dantibus,
879 1021 935 1068 et
963 1013 1015 1068 in
1065 1011 1301 1070 futurum
1347 1015 1452 1071 vita
1496 1025 1694 1072 aeterna
1723 1017 1878 1073 nobis
1905 1031 2154 1074 reserva-

570 1116 678 1162 tur.
725 1104 856 1171 Qum
897 1105 1058 1175 igitur
1103 1107 1259 1161 nobis
1297 1106 1542 1162 defensio
1581 1109 1704 1173 erit,
1739 1110 1783 1163 si
1823 1109 2154 1181 negligentes

567 1193 841 1259 fuerimus,
873 1202 930 1250 et
955 1209 1060 1250 non
1076 1195 1514 1251 .festinaverimus
1550 1197 1796 1269 centupla
1837 1214 1934 1269 pro
1969 1201 2153 1270 paucis

566 1287 831 1356 accipere,
874 1296 930 1342 et
959 1301 1054 1356 pro
1081 1286 1429 1354 pra-sentibus
1457 1286 1651 1355 futura,
1678 1299 1733 1344 et
1756 1305 1852 1359 pro
1883 1300 2151 1361 tempora-

565 1374 705 1431 libus
728 1385 924 1430 atterna
950 1392 964 1441 ;
994 1376 1088 1430 sed
1116 1375 1323 1446 placide
1351 1379 1603 1448 pecunias
1627 1379 1803 1449 jannis
1829 1389 1885 1436 et
1914 1383 2152 1439 vectibus

565 1466 958 1531 incluserimus,
1001 1475 1056 1522 et
1082 1467 1437 1538 indigentibus
1482 1485 1590 1526 non
1630 1473 2042 1541 expenderimus
2088 1489 2150 1530 ea

561 1572 684 1626 quas
721 1557 793 1612 ibi
842 1557 988 1611 nullo
1044 1571 1145 1612 usu
1192 1567 1244 1614 et
1294 1567 1496 1617 temere
1531 1561 1732 1630 jacent,
1784 1572 1842 1618 ut
1891 1563 1944 1618 in
1973 1563 2150 1621 futuro

563 1647 762 1702 sacculo
799 1662 985 1703 eorum
1025 1648 1261 1704 subsidia
1298 1652 1672 1708 inveniamus?
1726 1652 1923 1721 Facite,
1956 1657 2144 1728 inquit,

562 1737 702 1791 vobis
745 1737 933 1790 amicos
978 1753 1042 1792 et:
1080 1753 1370 1794 mmo
1403 1741 1681 1812 iniquitatis
1709 1759 1730 1797 :
1755 1753 1812 1798 αι
1855 1747 1972 1800 cum
2008 1747 2144 1816 defe-

559 1826 750 1892 esritis,
790 1826 1036 1894 recipiant
1061 1843 1146 1881 nos
1175 1827 1228 1883 in
1251 1837 1443 1884 eterna
1471 1831 1798 1888 tabcmmla
1848 1834 2017 1905 (Luc.
2057 1838 2145 1893 l6.

561 1915 642 1986 9).
689 1916 833 1981 Scio,
879 1917 1076 1972 multos
1106 1933 1213 1972 non
1247 1919 1409 1975 modo
1433 1935 1540 1976 non
1565 1922 1875 1992 adstipulari
1904 1925 1988 1987 iis.
2028 1943 2148 1997 qua:

559 2019 590 2059 a
619 2006 773 2061 nobis
797 2019 938 2062 nunc
965 2018 1093 2062 sunt
1118 2008 1285 2073 dicta,
1321 2009 1415 2066 sed
1453 2011 1614 2066 etiam
1643 2029 1704 2068 ea
1733 2023 1788 2068 ut
1820 2015 2065 2072 delirium
2095 2027 2150 2074 et

561 2093 788 2148 fabulam
834 2096 1134 2163 audientes,
1182 2097 1360 2163 verbis
1405 2102 1601 2156 nostris
1644 2102 1862 2158 minime
1903 2120 2027 2161 esse
2067 2119 2148 2163 at-

561 2195 759 2242 tentos.
784 2187 933 2244 Unde
961 2203 1063 2258 ego
1077 2189 1290 2244 crucior
1315 2200 1369 2246 et
1395 2190 1574 2260 doleo,
1599 2193 1739 2263 quod
1768 2210 1939 2266 neque
1967 2214 2145 2255 rerum

557 2277 908 2345 experientia,
962 2291 1136 2348 neque
1172 2287 1335 2334 tanta!
1373 2279 1464 2336 Dei
1511 2283 1912 2352 promissiones,
1970 2301 2146 2358 neque

557 2369 716 2423 timor
770 2369 1067 2425 futurorum
1092 2411 1109 2436 ,
1174 2386 1347 2440 neque
1393 2374 1716 2444 quotidianae
1756 2377 2146 2438 admonitiones

557 2467 753 2512 ttostrze
791 2459 934 2529 apud
979 2459 1112 2514 tales
1139 2462 1426 2533 quidquam
1454 2465 1751 2534 proﬁciant.
1801 2467 1918 2524 Non
1967 2479 2142 2528 tamen

552 2546 798 2613 cessabo,
849 2548 1011 2603 etiam
1061 2549 1159 2616 sic,
1208 2552 1277 2607 ab
1325 2551 1429 2608 hoc
1466 2553 1644 2610 dando
1685 2558 1931 2626 consilio,
1975 2560 2144 2620 donec

556 2653 650 2693 eos
697 2639 990 2707 frequentia
1032 2641 1353 2698 monitorum
1399 2655 1716 2714 superatos,
1779 2659 2012 2706 attentos
2058 2663 2112 2708 at

552 2743 656 2796 que
685 2729 964 2798 vigilantes
993 2729 1309 2796 reddidero,
1354 2742 1514 2804 atque
1557 2750 1622 2790 ex
1661 2739 1879 2808 crapula
1909 2751 1963 2796 et
1990 2742 2138 2797 ebri-

553 2827 715 2884 etate,
743 2833 902 2888 qnam
931 2819 986 2874 in
1011 2819 1419 2877 obteuebratatn
1450 2823 1663 2880 illorum
1703 2837 1939 2885 mentem
1967 2833 2138 2887 avidi-

555 2919 636 2963 tas
673 2910 1017 2979 pecuniarum
1059 2911 1278 2978 invexit,
1323 2928 1514 2970 eruere
1540 2915 1776 2973 voluero.
1817 2918 1944 2977 Scio
1961 2924 2138 2990 enim,

553 3001 666 3055 scio
709 2997 823 3055 fore
870 3008 928 3055 ut
968 3015 1063 3069 per
1104 3003 1328 3071 gratiam
1361 3003 1453 3060 Dei
1491 3020 1795 3064 sermonum
1836 3020 2140 3069 nostrorum

555 3087 871 3159 t‘n~qncntia,
920 3099 976 3144 et
1019 3089 1209 3160 jejunii
1258 3094 1493 3150 studium
1543 3096 1688 3169 ipsos
1725 3101 1805 3156 vel
1835 3115 2010 3159 seroa
2036 3104 2139 3160 dif-

555 3179 676 3234 ﬁcili
703 3180 804 3235 hoc
831 3184 1018 3236 morbo
1040 3178 1267 3240 liberare
1289 3225 1306 3252 ,
1353 3186 1709 3262 perfecqu
1741 3195 1955 3250 sanitati
1982 3199 2138 3252 resti-

552 3279 701 3326 tuere
753 3270 952 3341 possit,
983 3280 1043 3327 ut
1068 3282 1124 3328 et
1147 3274 1243 3344 ipsi
1272 3289 1302 3329 a
1328 3278 1636 3348 suppliciis,
1687 3297 1808 3353 qua:
1854 3286 1919 3342 iis
1957 3297 2136 3358 parata

552 3370 696 3425 sunt,
733 3361 1044 3432 liberentur,
1074 3375 1130 3420 et
1157 3381 1258 3421 nos
1286 3381 1317 3420 a
1346 3369 1559 3426 tristitia
1596 3387 1881 3445 eruamur,
1934 3390 1991 3436 et
2044 3397 2140 3452 pro

549 3450 795 3506 omnibus
831 3451 1054 3520 gloriam
1101 3452 1398 3513 referamus
1452 3459 1561 3514 Deo
1587 3460 1756 3530 Patri,
1808 3475 1864 3522 et
1891 3450 2057 3539 Filio,
2083 3484 2139 3528 et

549 3539 772 3610 Spiritui
810 3553 1013 3610 sancto,
1047 3560 1188 3602 nunc
1217 3555 1271 3604 et
1315 3564 1547 3622 semper,
1594 3564 1650 3611 et
1697 3557 1750 3613 in
1795 3562 1990 3618 saeuis
2037 3579 2140 3621 ste-

547 3632 807 3688 culorum.
849 3634 1037 3690 Amen.

1135 3747 1416 3808 IIOMIIJA
1462 3753 1550 3811 IV.

548 3851 690 3907 Dixit
708 3869 901 3925 quoque
925 3852 1060 3911 Deus
1091 3872 1110 3911 :
1137 3858 1253 3915 Fiat
1276 3859 1666 3921 ﬁrmamentum
1687 3869 1739 3925 in
1763 3874 1938 3930 medio
1957 3891 2133 3948 aquae,

615 3955 672 4000 et
694 3944 895 4001 dividat
921 3947 1058 4004 inter
1082 3963 1273 4021 aquam
1297 3961 1353 4010 et
1379 3969 1572 4027 aquam
1604 3977 1617 4014 :
1649 3965 1705 4017 et
1728 3961 1925 4022 factum
1949 3944 2033 4025 est
2063 3944 2135 4026 ita

616 4033 783 4103 (Gen.
818 4037 870 4092 1.
897 4035 994 4109 6).

621 4169 672 4221 t.
717 4166 915 4224 Vidcns
955 4185 1077 4242 ego,
1127 4173 1479 4247 dilectissimi,
1526 4185 1758 4245 alata-ein
1785 4199 1841 4247 et
1869 4197 2133 4264 quotidie-

550 4273 675 4312 num
705 4269 939 4316 vestrum
968 4275 1311 4336 conventum,
1359 4283 1604 4345 magnam
1635 4282 1869 4353 percipio
1890 4291 2132 4359 volupta-

548 4356 676 4412 tem,
715 4357 769 4403 et
807 4349 1056 4407 clementi
1085 4353 1193 4412 Deo
1219 4357 1443 4428 gloriam
1467 4363 1537 4420 de
1565 4349 1804 4437 profectu
1831 4349 2132 4437 vestro-re-

548 4437 749 4495 ferendi
789 4437 968 4497 ﬁnem'
988 4458 1096 4498 non
1141 4444 1296 4503 facio.
1351 4451 1483 4508 Nam
1529 4457 1668 4516 sicut
1703 4466 1906 4520 esurire
1934 4484 2129 4541 corpo-

547 4527 672 4582 ralis
700 4529 940 4586 sanitatis
955 4531 1213 4592 indicium
1240 4549 1342 4607 est,
1363 4541 1431 4597 ita
1458 4557 1512 4600 et
1539 4550 1713 4606 studio
1739 4569 1930 4626 magno
1944 4527 2130 4621 audire

545 4619 727 4673 divina
771 4621 981 4692 eloquia
1028 4623 1182 4682 bona:
1223 4632 1387 4687 animi
1431 4637 1747 4697 valetudinis
1774 4619 2126 4709 certissimum

545 4808 659 4854 stus
721 4799 772 4857 in
811 4801 923 4857 suis
969 4803 1398 4878 beatitudinibus,
1431 4831 1566 4885 quas
1598 4820 1650 4874 in
1678 4836 1860 4884 monte
1887 4836 2124 4904 protulit,

544 4890 752 4945 dicebat
778 4909 791 4944 :
817 4891 966 4949 Beati
989 4897 1076 4965 qui
1099 4900 1321 4956 esuriant
1344 4913 1390 4958 et
1408 4906 1583 4964 sitiunt
1600 4913 1872 4986 justitiam,
1889 4890 2128 4994 quoniam

546 4981 645 5048 ipsi
670 4984 1266 5058 suturabuntur(.llattli.
1291 4996 1344 5051 5.
1377 4996 1452 5068 6).
1485 4981 1615 5069 Quis
1648 5005 1806 5077 igitur
1837 4981 1995 5085 digne
2032 4981 2126 5078 vos

546 5071 764 5126 laudare
787 5075 982 5142 valeat,
1021 5079 1112 5148 qui
1157 5087 1323 5141 semel
1362 5088 1429 5144 ab
1476 5071 1712 5153 omnium
1744 5071 1966 5161 Domino
1995 5109 2125 5166 bea-

545 5161 821 5215 titudinem
849 5168 1145 5236 accepistis,
1195 5182 1249 5229 et
1286 5177 1354 5231 ab
1398 5195 1466 5236 eo
1513 5184 1716 5242 inﬁnita
1758 5190 1895 5249 bona
1935 5212 2123 5268 exspeo

544 5251 748 5304 ctatis?
782 5251 832 5306 Is
859 5256 1001 5343 enim
1049 5259 1256 5319 Domini
1299 5272 1466 5325 nostri
1508 5290 1626 5330 mos
1661 5288 1764 5346 est,
1811 5293 1869 5338 ut
1915 5251 2125 5357 quoties

546 5338 688 5393 videt
730 5345 957 5398 animam
998 5341 1238 5419 aliquam
1291 5359 1460 5416 multo
1518 5338 1785 5426 desiderio
1841 5338 2123 5452 atttilioque

547 5433 779 5487 maxime
845 5438 1210 5505 spiritualibus
1271 5449 1600 5524 inhiantem,
1649 5462 1935 5524 liberaliter
1979 5433 2120 5532 illam

547 5526 713 5590 gratia
752 5535 808 5580 et
858 5533 1120 5597 opulentis
1170 5538 1326 5596 donis
1373 5546 1485 5601 suis
1539 5550 1844 5623 locupletet.

3786 415 3864 469 41)

2273 475 2496 549 Propter
2543 499 2639 540 vos
2684 488 2848 554 enim,
2904 501 2961 548 et
3005 509 3223 565 propter
3257 506 3487 559 vestrum
3536 509 3857 578 profectum.

2266 582 2479 625 omnem
2523 571 2664 632 hunc
2695 577 2942 637 laborem
2987 586 3298 656 toleramus,
3349 601 3407 648 ut
3453 604 3509 650 et
3537 571 3654 654 'vos
3696 571 3863 660 citius

2263 659 2330 714 ad
2371 660 2546 731 ipsum
2585 666 2794 725 virtutis
2837 671 3103 755 fastigium
3155 682 3477 752 ascendatis,
3520 687 3684 745 futuri
3731 659 3859 750 vitm

2262 748 2455 807 divinae
2491 759 2730 829 magistri
2777 751 3154 839 omnibusqui
3185 786 3280 827 vos
3315 776 3627 846 respiciunt,
3657 790 3713 836 et
3754 799 3859 838 no-

2263 840 2343 897 bis
2387 845 2559 917 major
2593 848 2805 908 dicendi
2854 855 3044 913 ﬁducia
3086 863 3326 929 accedat,
3356 840 3444 936 qui
3472 840 3714 928 videmus
3744 889 3857 930 non

2262 933 2315 989 in
2361 950 2576 1005 vanum,
2628 957 2728 999 nec
2771 944 2966 1003 frustra
3013 965 3111 1005 nos
3160 933 3441 1022 laborare;
3492 959 3588 1014 sed
3613 965 3858 1031 quotidie

2257 1038 2444 1082 semen
2475 1026 2578 1084 boc
2603 1032 2876 1100 spirituale
2904 1038 2956 1092 in
2986 1040 3136 1096 vobis
3173 1058 3442 1114 crescere,
3495 1064 3670 1120 neque
3712 1055 3856 1110 sicut

2260 1115 2313 1172 in
2359 1123 2641 1192 evangelio
2685 1128 2969 1185 seminanti
3014 1134 3213 1202 evenit,
3287 1136 3361 1192 ita
3405 1149 3460 1196 et
3505 1143 3661 1198 nobis
3711 1159 3851 1200 con-

2259 1209 2481 1278 tingere.
2528 1211 2604 1267 lbi
2654 1215 2799 1270 enim
2837 1233 2942 1272 una
2987 1230 3189 1278 tantum
3243 1241 3365 1294 pars
3389 1231 3544 1286 salva
3585 1231 3705 1300 fuit,
3739 1246 3854 1293 tres

2258 1301 2548 1366 perierunt.
2598 1303 2732 1372 Quia
2777 1321 2984 1376 semen,
3052 1313 3196 1383 quod
3247 1331 3401 1374 secus
3454 1323 3590 1376 viam
3631 1327 3850 1394 cecidit,

2256 1390 2373 1442 sine
2425 1388 2602 1446 fructu
2655 1398 2874 1463 mansit,
2927 1409 2981 1453 et
3026 1403 3169 1472 quod
3215 1404 3356 1461 inter
3409 1410 3623 1478 spinas,
3675 1388 3848 1470 sntio:

2254 1487 2432 1534 catum
2480 1485 2778 1554 est;un
2830 1497 3010 1544 autem
3067 1491 3120 1546 in
3172 1505 3407 1562 petram,
3460 1500 3512 1553 in
3562 1506 3852 1572 superficie

2254 1585 2496 1639 manens,
2541 1574 2774 1634 fructum
2823 1581 3016 1639 afferre
3060 1589 3298 1657 nequivit
3319 1590 3528 1662 (Matth.
3554 1595 3640 1650 15.
3669 1596 3798 1666 4-7)
3833 1616 3847 1652 :

2255 1662 2340 1717 hic
2382 1662 2437 1718 in
2487 1669 2657 1736 gratia
2710 1670 2804 1726 Dei
2848 1688 2972 1743 spes
3027 1687 3142 1743 est,
3206 1680 3356 1749 fore,
3417 1696 3474 1739 ut
3517 1701 3638 1742 eum
3683 1662 3851 1748 omne

2254 1753 2305 1809 in
2357 1763 2554 1813 terram
2621 1759 2815 1818 bonam
2858 1766 3147 1837 ceciderit,
3202 1773 3292 1827 alii
3333 1774 3560 1832 reddant
3614 1778 3848 1836 fructum

2249 1848 2579 1917 centuplum,
2609 1851 3150 1925 alitsexagesimum,
3193 1863 3282 1917 alii
3337 1863 3687 1935 trigesimum.
3733 1871 3850 1928 lloc

2252 1945 2490 1993 nostram
2535 1942 2867 2001 alacritatem
2919 1947 3103 2016 fovet,
3159 1951 3261 2007 hoc
3309 1966 3543 2012 mentem
3604 1962 3846 2031 excitat,

2251 2031 2393 2098 quod
2437 2034 2670 2090 sciamus
2715 2052 2820 2092 non
2872 2040 2924 2093 in
2969 2056 3198 2109 vanum,
3245 2063 3344 2102 nec
3395 2047 3591 2106 frustra
3639 2068 3853 2108 sermo-

2250 2133 2348 2172 nes
2376 2135 2473 2176 nos
2506 2121 2697 2190 facere,
2731 2128 2827 2182 sed
2872 2133 3096 2187 arrectis
3126 2137 3341 2191 auribus
3365 2124 3419 2194 et
3442 2140 3642 2196 intenta
3665 2153 3849 2200 mente

2251 2207 2392 2263 dicta
2427 2220 2610 2267 nostra
2637 2216 2826 2287 accipi.
2865 2219 3038 2290 Atque
3070 2222 3183 2279 bace
3209 2243 3313 2280 non
3340 2229 3607 2287 adulando
3631 2235 3846 2292 caritati

2256 2309 2447 2354 vestra:
2468 2300 2611 2368 dico,
2651 2305 2743 2361 sed
2773 2307 3018 2378 conjecto
3045 2315 3371 2373 alacritatem
3393 2322 3549 2377 exiis
3573 2339 3694 2393 quae
3728 2326 3846 2384 beri

2247 2402 2278 2440 a
2309 2390 2464 2446 nobis
2490 2391 2632 2448 dicta
2662 2409 2803 2452 sunt.
2855 2400 3109 2459 Videbam
3140 2408 3282 2462 enim
3314 2426 3409 2466 vos
3433 2390 3623 2470 omnes
3657 2419 3847 2476 avidos

2248 2481 2506 2541 doctrinas
2532 2487 2602 2544 ab
2629 2506 2726 2546 ore
2754 2508 2876 2549 meo
2906 2497 3222 2565 pendentes.
3271 2513 3327 2558 et
3352 2507 3530 2561 omnia
3560 2509 3846 2579 facientes,

2247 2589 2317 2629 ne
2343 2576 2470 2647 quid
2498 2593 2593 2634 vos
2620 2580 2883 2639 dictorum
2925 2590 3252 2656 praeteriret;
3303 2605 3560 2662 praeterea
3604 2576 3845 2659 continui

2248 2667 2462 2736 plausus
2500 2673 2738 2730 maxime
2767 2677 3120 2748 testabantur,
3167 2698 3264 2738 vos
3301 2686 3439 2742 dicta
3470 2695 3843 2761 magnavolu-

2249 2767 2390 2828 ptate
2431 2761 2723 2832 suscipere.
2794 2766 2900 2834 Qui
2951 2779 3128 2826 autem
3166 2772 3366 2844 aliquid
3417 2778 3610 2850 volupe
3654 2784 3842 2852 audit,

2245 2860 2450 2907 certum
2478 2863 2562 2909 est
2602 2855 2731 2911 illud
2772 2859 3034 2927 profunde
3080 2864 3134 2919 in
3179 2867 3358 2921 animo
3401 2868 3562 2940 ﬁgere
3594 2891 3609 2927 :
3641 2875 3842 2946 ubique

2244 2940 2401 2995 altius
2444 2956 2733 3013 reponens,
2785 2948 2913 3004 facit
2954 2967 3025 3007 ne
3069 2954 3218 3010 eradi
3238 2955 3477 3016 delerive
3495 2973 3675 3034 queat.
3710 2940 3846 3034 Q-uis

2247 3029 2406 3099 igitur
2448 3032 2608 3104 digne
2649 3050 2746 3092 vos
2782 3037 3036 3108 laudare,
3085 3053 3140 3098 et
3178 3060 3276 3101 nos
3323 3029 3529 3105 beatos
3549 3029 3845 3119 praedicare

2246 3132 2448 3192 posset,
2495 3127 2584 3196 qui
2632 3127 2686 3182 in
2733 3144 2893 3187 aures
2929 3131 3198 3204 loquimur
3242 3139 3612 3198 audientium?
3649 3143 3845 3202 Beatus

2245 3213 2411 3279 enim,
2439 3218 2535 3280 ait,
2571 3219 2659 3289 qui
2685 3219 2912 3290 loquitur
2933 3223 2987 3277 in
3014 3242 3164 3282 aures
3191 3229 3506 3286 audientium
3535 3233 3721 3306 (Eccli.
3744 3239 3838 3295 25.

2244 3302 2355 3374 12).
2383 3304 2496 3360 Hoc
2537 3309 2849 3376 prazclarum
2888 3328 3024 3383 opus
3057 3316 3263 3386 jejunio
3304 3302 3580 3392 acceptum
3621 3327 3847 3398 refero,

2245 3392 2346 3450 hoc
2391 3396 2685 3453 remedium
2727 3402 2954 3459 salutem
2995 3417 3274 3477 apemtum
3300 3421 3384 3467 est
3407 3414 3707 3473 animarum
3739 3392 3843 3475 no;

2243 3490 2494 3540 strarum.
2519 3487 2670 3554 Quod
2703 3490 2748 3544 si
2775 3492 2844 3546 ab
2874 3494 3026 3550 initio
3048 3500 3228 3554 statim
3259 3511 3462 3559 tantum
3490 3509 3644 3564 nobis
3671 3511 3844 3568 robur

2242 3575 2499 3644 ostendit,
2543 3581 2956 3647 procedentibus
2999 3587 3188 3646 diebus
3230 3604 3427 3662 quanta
3475 3586 3837 3669 exspectanda

2243 3667 2444 3724 utilitas
2471 3669 2744 3728 at'fntura?
2778 3674 2951 3732 Unum
2976 3678 3078 3736 hoc
3103 3696 3199 3740 vos
3224 3684 3468 3754 obsecro,
3499 3667 3764 3751 [tl—lim.”
3786 3708 3839 3752 st

2240 3769 2454 3816 tremore
2493 3763 2708 3818 salutem
2751 3778 2966 3823 uestram
3005 3775 3280 3842 operamini
3332 3777 3500 3849 (Phil.
3529 3782 3585 3837 2.
3619 3784 3733 3858 12),
3781 3799 3840 3844 et

2241 3851 2444 3906 nullum
2467 3853 2668 3910 aditum
2697 3859 2975 3916 concedite
3005 3863 3222 3921 inimico
3244 3868 3431 3926 salutis
3459 3883 3674 3932 vestrm.
3692 3851 3832 3935 Nam

2241 3941 2427 3999 videns
2471 3961 2611 4002 nunc
2658 3950 2963 4018 spirituales
3013 3964 3218 4013 vestras
3263 3958 3493 4029 divitias,
3534 3965 3730 4024 insanit
3778 3982 3835 4028 et

2241 4033 2463 4102 ferocit,
2536 4047 2592 4094 et
2634 4041 2770 4097 sicut
2829 4044 2915 4100 leo
2967 4047 3182 4118 rugiens
3243 4051 3529 4122 circumit,
3580 4073 3830 4128 quaerens

2238 4138 2398 4194 quem
2437 4125 2662 4184 devoret
2682 4132 2760 4200 (1.
2791 4132 2905 4188 Pet.
2935 4137 2988 4190 5.
3017 4137 3096 4204 8).
3157 4139 3353 4194 Verum
3384 4146 3430 4198 si
3465 4125 3630 4203 sobrii
3660 4149 3826 4210 fueri-

2238 4227 2379 4278 mus,
2409 4215 2535 4271 nulli
2565 4221 2877 4286 prtevalebit
2913 4239 3008 4293 per
3030 4228 3254 4295 gratiam
3283 4231 3394 4287 Dei.

2306 4302 2360 4357 2.
2413 4304 2559 4360 Talia
2587 4309 2728 4363 enim
2759 4321 2882 4366 sunt
2907 4329 3055 4370 arma
3079 4327 3257 4383 nostra
3284 4323 3598 4393 spiritualia,
3633 4331 3832 4397 quibus

2237 4406 2334 4446 nos
2381 4393 2551 4449 induit
2589 4397 2820 4466 Spiritus
2847 4404 3035 4470 gratia,
3076 4408 3214 4464 sicut
3259 4409 3374 4466 lteri
3415 4393 3690 4474 caritatem
3731 4437 3827 4481 ve-

2237 4489 2401 4536 stram
2443 4483 2742 4542 doeuimus.
2793 4488 2851 4545 Si
2877 4492 3035 4562 igitur
3065 4495 3148 4552 his
3175 4502 3431 4559 continuo
3457 4507 3693 4563 membra
3725 4527 3828 4567 no-

2237 4580 2347 4625 stra
2385 4576 2753 4642 munierimus,
2805 4582 2946 4638 nulla
2998 4587 3098 4642 tela
3143 4590 3214 4646 ab
3252 4593 3340 4648 Illo
3383 4597 3576 4653 emissa
3617 4603 3681 4656 ad
3728 4618 3828 4660 nos

2233 4663 2539 4732 pertingere
2584 4675 2852 4734 poterunt,
2904 4674 2998 4727 sed
3048 4676 3198 4732 irrita
3252 4680 3319 4735 ad
3367 4683 3539 4754 ipsum
3588 4691 3826 4750 reditura

2232 4762 2359 4807 sunt
2386 4772 2398 4807 :
2432 4756 2712 4814 adamante
2739 4761 2883 4816 enim
2905 4765 3186 4824 solidiores
3212 4770 3302 4825 Dei
3325 4777 3492 4842 gratia
3512 4793 3609 4833 nos
3638 4783 3825 4851 efﬁcit,

2232 4851 2288 4897 et
2313 4843 2359 4897 si
2390 4845 2650 4914 volumus,
2697 4853 2918 4908 omnino
2947 4855 3191 4914 invictos.
3238 4861 3420 4933 Itaque
3447 4869 3584 4923 sicut
3610 4873 3700 4941 qui
3733 4876 3826 4930 ad-

2231 4945 2499 4991 amantem
2543 4940 2734 5008 tundit,
2777 4944 2909 4998 nihil
2949 4946 3216 5006 adamanti
3259 4966 3436 5025 nocet,
3466 4959 3560 5015 sed
3588 4940 3824 5033 seipsum

2233 5024 2439 5097 fatigat,
2482 5037 2535 5084 et
2577 5031 2743 5086 robur
2771 5049 2926 5090 suum
2956 5037 3256 5109 imminuit;
3297 5055 3352 5100 et
3390 5024 3478 5117 qui
3517 5024 3702 5107 contra
3729 5056 3826 5110 sti-

2231 5117 2404 5172 mulos
2428 5120 2686 5188 calcitrat,
2719 5138 2845 5178 suos
2872 5127 3036 5195 pedes
3055 5143 3299 5189 cruentat
3323 5154 3337 5190 :
3360 5137 3413 5192 in
3439 5139 3579 5196 hunc
3603 5144 3822 5201 modum

2230 5223 2318 5264 res
2361 5223 2419 5264 se
2445 5210 2643 5266 habent
2669 5224 2866 5270 nostrae
2891 5231 3011 5272 cum
3037 5222 3222 5279 salutis
3250 5237 3447 5283 nostra:
3488 5232 3820 5305 adversario,

2231 5300 2275 5353 si
2301 5301 2484 5365 armis,
2535 5318 2656 5373 quae
2696 5307 2852 5361 nobis
2882 5309 3110 5379 Spiritus
3150 5319 3319 5372 sancti
3368 5323 3534 5389 gratia
3579 5300 3817 5392 exhibet,

2230 5393 2484 5449 continuo
2511 5411 2607 5451 nos
2636 5401 2957 5456 muniamus.
3007 5404 3173 5462 Tanta
3216 5411 3360 5464 enim
3401 5413 3610 5470 illorum
3656 5419 3823 5476 virtus

2230 5493 2330 5547 cst,
2375 5494 2434 5540 ut
2472 5489 2648 5544 radios
2676 5491 2800 5546 inde
2837 5493 3162 5563 fulgurantes
3187 5500 3525 5557 adversarius
3551 5511 3822 5566 sustinere

2232 5589 2334 5628 non
2377 5579 2564 5645 possit,
2608 5581 2701 5634 sed
2754 5583 2858 5638 illis
2911 5587 3049 5640 oculi
3089 5590 3206 5658 ejus
3252 5606 3609 5652 excmcentur.
3691 5602 3821 5668 llis,

2105 5702 2118 5722 ,
2229 5681 2430 5735 qumso,
2478 5671 2643 5725 armis
2681 5687 2892 5743 semper
2939 5691 3036 5732 nos
3082 5683 3403 5752 muniamus,
3435 5699 3486 5740 ct
3515 5693 3592 5743 sic
3634 5693 3821 5748 muniti

2232 5757 2282 5810 in
2315 5756 2485 5816 forum
2515 5774 2609 5816 nos
2653 5765 3024 5824 conferamus:
3074 5771 3150 5828 sic
3200 5773 3336 5844 apud
3375 5777 3576 5837 amicos
3619 5783 3816 5854 simus,
