  <div class='ocr_page' id='page_1' title='image "/cluster/home/n/w/nwhite01/storage/ocr_20150623/53/pst.000005712526/041.png"; bbox 0 0 4080 6308; ppageno 0'>
   <div class='ocr_carea' id='block_1_1' title="bbox 448 343 3864 427">
    <p class='ocr_par' dir='ltr' id='par_1_1' title="bbox 448 343 3864 427">
     <span class='ocr_line' id='line_1_1' title="bbox 448 343 3864 427; baseline -0.008 -2"><span class='ocrx_word' id='word_1_1' title='bbox 448 366 509 427; x_wconf 80' lang='grc' dir='ltr'>ει</span> <span class='ocrx_word' id='word_1_2' title='bbox 1233 364 1290 421; x_wconf 87' lang='lat' dir='ltr'>S.</span> <span class='ocrx_word' id='word_1_3' title='bbox 1332 361 1615 420; x_wconf 70' lang='lat' dir='ltr'>JOANNIS</span> <span class='ocrx_word' id='word_1_4' title='bbox 1653 354 2146 418; x_wconf 69' lang='grc' dir='ltr'>οιιιιγδοετοδιι</span> <span class='ocrx_word' id='word_1_5' title='bbox 2187 352 2499 410; x_wconf 71' lang='grc' dir='ltr'>ΑῐὶΟΙΙιΕΡ.</span> <span class='ocrx_word' id='word_1_6' title='bbox 2540 349 3084 406; x_wconf 63' lang='grc' dir='ltr'>(ἓΟλδΤΑΝἸΊΝΟΡ.</span> <span class='ocrx_word' id='word_1_7' title='bbox 3797 343 3864 398; x_wconf 67' lang='grc'>42</span> 
     </span>
    </p>
   </div>
   <div class='ocr_carea' id='block_1_2' title="bbox 450 472 2099 552">
    <p class='ocr_par' dir='ltr' id='par_1_2' title="bbox 450 472 2099 552">
     <span class='ocr_line' id='line_1_2' title="bbox 450 472 2099 552; baseline -0.007 -17"><span class='ocrx_word' id='word_1_8' title='bbox 450 483 515 535; x_wconf 72' lang='lat' dir='ltr'><strong>bc</strong></span> <span class='ocrx_word' id='word_1_9' title='bbox 551 480 649 552; x_wconf 80' lang='grc' dir='ltr'>τῆς</span> <span class='ocrx_word' id='word_1_10' title='bbox 688 480 861 551; x_wconf 84' lang='grc' dir='ltr'>αὑγῆς</span> <span class='ocrx_word' id='word_1_11' title='bbox 905 479 999 549; x_wconf 79' lang='grc' dir='ltr'>τῆς</span> <span class='ocrx_word' id='word_1_12' title='bbox 1053 477 1265 543; x_wconf 73' lang='grc' dir='ltr'>ἰκεῖθεν</span> <span class='ocrx_word' id='word_1_13' title='bbox 1296 490 1319 519; x_wconf 79' lang='grc' dir='ltr'>ι</span> <span class='ocrx_word' id='word_1_14' title='bbox 1369 474 1811 545; x_wconf 81' lang='grc' dir='ltr'>ἐκπεμπομένης.</span> <span class='ocrx_word' id='word_1_15' title='bbox 1856 472 2099 532; x_wconf 88' lang='grc' dir='ltr'>Τούτοις,</span> 
     </span>
    </p>
   </div>
   <div class='ocr_carea' id='block_1_3' title="bbox 452 558 2099 639">
    <p class='ocr_par' dir='ltr' id='par_1_3' title="bbox 452 558 2099 639">
     <span class='ocr_line' id='line_1_3' title="bbox 452 558 2099 639; baseline -0.007 -18"><span class='ocrx_word' id='word_1_16' title='bbox 452 566 772 639; x_wconf 78' lang='grc' dir='ltr'>παρακαλῶ,</span> <span class='ocrx_word' id='word_1_17' title='bbox 815 568 922 629; x_wconf 82' lang='grc' dir='ltr'>τοῖς</span> <span class='ocrx_word' id='word_1_18' title='bbox 962 566 1145 629; x_wconf 79' lang='grc' dir='ltr'>ὅπλοις</span> <span class='ocrx_word' id='word_1_19' title='bbox 1192 563 1475 624; x_wconf 79' lang='grc' dir='ltr'>διαπαντὸς</span> <span class='ocrx_word' id='word_1_20' title='bbox 1506 563 1729 624; x_wconf 73' lang='grc' dir='ltr'>ἑαυτοὺς</span> <span class='ocrx_word' id='word_1_21' title='bbox 1757 558 2099 630; x_wconf 74' lang='grc' dir='ltr'>τειχίζοντες,</span> 
     </span>
    </p>
   </div>
   <div class='ocr_carea' id='block_1_4' title="bbox 458 642 2106 723">
    <p class='ocr_par' dir='ltr' id='par_1_4' title="bbox 458 642 2106 723">
     <span class='ocr_line' id='line_1_4' title="bbox 458 642 2106 723; baseline -0.007 -18"><span class='ocrx_word' id='word_1_22' title='bbox 458 653 600 705; x_wconf 83' lang='grc' dir='ltr'>οὑτω</span> <span class='ocrx_word' id='word_1_23' title='bbox 632 654 724 705; x_wconf 80' lang='grc' dir='ltr'>καὶ</span> <span class='ocrx_word' id='word_1_24' title='bbox 758 654 838 715; x_wconf 88' lang='grc' dir='ltr'>εἰς</span> <span class='ocrx_word' id='word_1_25' title='bbox 866 653 1070 723; x_wconf 79' lang='grc' dir='ltr'>ἀγοράν</span> <span class='ocrx_word' id='word_1_26' title='bbox 1100 649 1470 719; x_wconf 83' lang='grc' dir='ltr'>ὲμϐάλλωμεν,</span> <span class='ocrx_word' id='word_1_27' title='bbox 1499 650 1592 701; x_wconf 76' lang='grc' dir='ltr'>καὶ</span> <span class='ocrx_word' id='word_1_28' title='bbox 1625 648 1798 715; x_wconf 78' lang='grc' dir='ltr'>φίλοις</span> <span class='ocrx_word' id='word_1_29' title='bbox 1834 642 2106 713; x_wconf 74' lang='grc' dir='ltr'>συγγενώο</span> 
     </span>
    </p>
   </div>
   <div class='ocr_carea' id='block_1_5' title="bbox 458 730 2115 809">
    <p class='ocr_par' dir='ltr' id='par_1_5' title="bbox 458 730 2115 809">
     <span class='ocr_line' id='line_1_5' title="bbox 458 730 2115 809; baseline -0.005 -19"><span class='ocrx_word' id='word_1_30' title='bbox 458 737 615 807; x_wconf 86' lang='grc' dir='ltr'>μεθα,</span> <span class='ocrx_word' id='word_1_31' title='bbox 652 738 745 791; x_wconf 75' lang='grc' dir='ltr'>καὶ</span> <span class='ocrx_word' id='word_1_32' title='bbox 775 739 1070 809; x_wconf 84' lang='grc' dir='ltr'>πράγματα</span> <span class='ocrx_word' id='word_1_33' title='bbox 1106 734 1589 805; x_wconf 76' lang='grc' dir='ltr'>μεταχειρίζωμεν.</span> <span class='ocrx_word' id='word_1_34' title='bbox 1623 734 1731 788; x_wconf 78' lang='grc' dir='ltr'>Καὶ</span> <span class='ocrx_word' id='word_1_35' title='bbox 1769 732 1822 784; x_wconf 89' lang='grc' dir='ltr'>τί</span> <span class='ocrx_word' id='word_1_36' title='bbox 1858 732 1999 799; x_wconf 76' lang='grc' dir='ltr'>λέγω</span> <span class='ocrx_word' id='word_1_37' title='bbox 2026 730 2115 792; x_wconf 87' lang='grc' dir='ltr'>εἰς</span> 
     </span>
    </p>
   </div>
   <div class='ocr_carea' id='block_1_6' title="bbox 457 816 2107 895">
    <p class='ocr_par' dir='ltr' id='par_1_6' title="bbox 457 816 2107 895">
     <span class='ocr_line' id='line_1_6' title="bbox 457 816 2107 895; baseline -0.005 -17"><span class='ocrx_word' id='word_1_38' title='bbox 457 826 700 895; x_wconf 86' lang='grc' dir='ltr'>άγοράν;</span> <span class='ocrx_word' id='word_1_39' title='bbox 736 824 847 878; x_wconf 73' lang='grc' dir='ltr'>Καὶ</span> <span class='ocrx_word' id='word_1_40' title='bbox 896 826 975 885; x_wconf 88' lang='grc' dir='ltr'>εἰς</span> <span class='ocrx_word' id='word_1_41' title='bbox 1008 820 1301 890; x_wconf 64' lang='grc' dir='ltr'>ἐκκλησίαν</span> <span class='ocrx_word' id='word_1_42' title='bbox 1329 820 1674 881; x_wconf 87' lang='grc' dir='ltr'>ἀπαντῶντες</span> <span class='ocrx_word' id='word_1_43' title='bbox 1701 818 1870 871; x_wconf 88' lang='grc' dir='ltr'>ταῦτα</span> <span class='ocrx_word' id='word_1_44' title='bbox 1897 816 2107 887; x_wconf 76' lang='grc' dir='ltr'>ἔχωμεν</span> 
     </span>
    </p>
   </div>
   <div class='ocr_carea' id='block_1_7' title="bbox 456 902 2108 982">
    <p class='ocr_par' dir='ltr' id='par_1_7' title="bbox 456 902 2108 982">
     <span class='ocr_line' id='line_1_7' title="bbox 456 902 2108 982; baseline -0.004 -21"><span class='ocrx_word' id='word_1_45' title='bbox 456 910 587 981; x_wconf 68' lang='grc' dir='ltr'>ἡμῖν</span> <span class='ocrx_word' id='word_1_46' title='bbox 620 908 733 982; x_wconf 67' lang='grc'>[24]</span> <span class='ocrx_word' id='word_1_47' title='bbox 764 910 1138 979; x_wconf 87' lang='grc' dir='ltr'>περικείμενα,</span> <span class='ocrx_word' id='word_1_48' title='bbox 1178 908 1271 961; x_wconf 76' lang='grc' dir='ltr'>καὶ</span> <span class='ocrx_word' id='word_1_49' title='bbox 1308 907 1486 960; x_wconf 73' lang='grc' dir='ltr'>οἶκαδε</span> <span class='ocrx_word' id='word_1_50' title='bbox 1523 906 1829 967; x_wconf 77' lang='grc' dir='ltr'>ἐπανιόντες</span> <span class='ocrx_word' id='word_1_51' title='bbox 1857 906 1950 957; x_wconf 75' lang='grc' dir='ltr'>καὶ</span> <span class='ocrx_word' id='word_1_52' title='bbox 1976 902 2108 956; x_wconf 90' lang='grc' dir='ltr'>καθ-</span> 
     </span>
    </p>
   </div>
   <div class='ocr_carea' id='block_1_8' title="bbox 457 990 2108 1064">
    <p class='ocr_par' dir='ltr' id='par_1_8' title="bbox 457 990 2108 1064">
     <span class='ocr_line' id='line_1_8' title="bbox 457 990 2108 1064; baseline -0.004 -17"><span class='ocrx_word' id='word_1_53' title='bbox 457 993 717 1058; x_wconf 71' lang='grc' dir='ltr'>εύδοντες,</span> <span class='ocrx_word' id='word_1_54' title='bbox 756 994 848 1048; x_wconf 77' lang='grc' dir='ltr'>καὶ</span> <span class='ocrx_word' id='word_1_55' title='bbox 884 994 1311 1064; x_wconf 88' lang='grc' dir='ltr'>διανιστάμενοι,</span> <span class='ocrx_word' id='word_1_56' title='bbox 1356 993 1448 1045; x_wconf 82' lang='grc' dir='ltr'>καὶ</span> <span class='ocrx_word' id='word_1_57' title='bbox 1492 991 1758 1061; x_wconf 86' lang='grc' dir='ltr'>μηδέποτε</span> <span class='ocrx_word' id='word_1_58' title='bbox 1798 990 1935 1043; x_wconf 88' lang='grc' dir='ltr'>αὑτά</span> <span class='ocrx_word' id='word_1_59' title='bbox 1971 990 2108 1042; x_wconf 86' lang='grc' dir='ltr'>ἀπο-</span> 
     </span>
    </p>
   </div>
   <div class='ocr_carea' id='block_1_9' title="bbox 462 1075 2106 1151">
    <p class='ocr_par' dir='ltr' id='par_1_9' title="bbox 462 1075 2106 1151">
     <span class='ocr_line' id='line_1_9' title="bbox 462 1075 2106 1151; baseline -0.003 -19"><span class='ocrx_word' id='word_1_60' title='bbox 462 1080 682 1150; x_wconf 79' lang='grc' dir='ltr'>θώμεθα</span> <span class='ocrx_word' id='word_1_61' title='bbox 706 1081 855 1151; x_wconf 78' lang='grc' dir='ltr'>παρά</span> <span class='ocrx_word' id='word_1_62' title='bbox 884 1081 1060 1133; x_wconf 77' lang='grc' dir='ltr'>πᾶσαν</span> <span class='ocrx_word' id='word_1_63' title='bbox 1096 1078 1254 1149; x_wconf 88' lang='grc' dir='ltr'>ἡμῶν</span> <span class='ocrx_word' id='word_1_64' title='bbox 1281 1080 1379 1145; x_wconf 80' lang='grc' dir='ltr'>τὴν</span> <span class='ocrx_word' id='word_1_65' title='bbox 1406 1076 1549 1147; x_wconf 79' lang='grc' dir='ltr'>ζωήν</span> <span class='ocrx_word' id='word_1_66' title='bbox 1570 1093 1581 1105; x_wconf 88' lang='grc'>·</span> <span class='ocrx_word' id='word_1_67' title='bbox 1613 1077 1799 1130; x_wconf 83' lang='grc' dir='ltr'>άπεισι</span> <span class='ocrx_word' id='word_1_68' title='bbox 1836 1078 1943 1146; x_wconf 78' lang='grc' dir='ltr'>γάρ</span> <span class='ocrx_word' id='word_1_69' title='bbox 1983 1075 2106 1145; x_wconf 84' lang='grc' dir='ltr'>μεθ’</span> 
     </span>
    </p>
   </div>
   <div class='ocr_carea' id='block_1_10' title="bbox 458 1161 2117 1236">
    <p class='ocr_par' dir='ltr' id='par_1_10' title="bbox 458 1161 2117 1236">
     <span class='ocr_line' id='line_1_10' title="bbox 458 1161 2117 1236; baseline -0.003 -20"><span class='ocrx_word' id='word_1_70' title='bbox 458 1165 637 1236; x_wconf 89' lang='grc' dir='ltr'>ἡμῶν,</span> <span class='ocrx_word' id='word_1_71' title='bbox 663 1166 754 1218; x_wconf 81' lang='grc' dir='ltr'>καὶ</span> <span class='ocrx_word' id='word_1_72' title='bbox 789 1165 890 1234; x_wconf 80' lang='grc' dir='ltr'>τῆς</span> <span class='ocrx_word' id='word_1_73' title='bbox 916 1166 1031 1218; x_wconf 69' lang='grc' dir='ltr'>ἐκεῖ</span> <span class='ocrx_word' id='word_1_74' title='bbox 1054 1164 1359 1235; x_wconf 76' lang='grc' dir='ltr'>παρρησίας</span> <span class='ocrx_word' id='word_1_75' title='bbox 1384 1162 1411 1201; x_wconf 71' lang='grc' dir='ltr'>ιι</span> <span class='ocrx_word' id='word_1_76' title='bbox 1438 1161 1694 1225; x_wconf 86' lang='grc' dir='ltr'>ὑπόθεσις</span> <span class='ocrx_word' id='word_1_77' title='bbox 1722 1164 1852 1231; x_wconf 86' lang='grc' dir='ltr'>ἡμῖν</span> <span class='ocrx_word' id='word_1_78' title='bbox 1877 1161 2117 1229; x_wconf 86' lang='grc' dir='ltr'>μεγίστη</span> 
     </span>
    </p>
   </div>
   <div class='ocr_carea' id='block_1_11' title="bbox 459 1245 2107 1320">
    <p class='ocr_par' dir='ltr' id='par_1_11' title="bbox 459 1245 2107 1320">
     <span class='ocr_line' id='line_1_11' title="bbox 459 1245 2107 1320; baseline -0.001 -20"><span class='ocrx_word' id='word_1_79' title='bbox 459 1252 685 1317; x_wconf 80' lang='grc' dir='ltr'>γίνεται.</span> <span class='ocrx_word' id='word_1_80' title='bbox 711 1250 846 1303; x_wconf 74' lang='grc' dir='ltr'>Οὑδὲ</span> <span class='ocrx_word' id='word_1_81' title='bbox 874 1250 982 1320; x_wconf 80' lang='grc' dir='ltr'>γὰρ</span> <span class='ocrx_word' id='word_1_82' title='bbox 1008 1250 1205 1319; x_wconf 84' lang='grc' dir='ltr'>ὁμοίως</span> <span class='ocrx_word' id='word_1_83' title='bbox 1242 1250 1353 1311; x_wconf 83' lang='grc' dir='ltr'>τοῖς</span> <span class='ocrx_word' id='word_1_84' title='bbox 1382 1247 1658 1317; x_wconf 77' lang='grc' dir='ltr'>αἰσθητοῖς</span> <span class='ocrx_word' id='word_1_85' title='bbox 1682 1248 1864 1310; x_wconf 80' lang='grc' dir='ltr'>ὅπλοις</span> <span class='ocrx_word' id='word_1_86' title='bbox 1888 1245 2107 1318; x_wconf 78' lang='grc' dir='ltr'>βαρύνει</span> 
     </span>
    </p>
   </div>
   <div class='ocr_carea' id='block_1_12' title="bbox 458 1332 2109 1405">
    <p class='ocr_par' dir='ltr' id='par_1_12' title="bbox 458 1332 2109 1405">
     <span class='ocr_line' id='line_1_12' title="bbox 458 1332 2109 1405; baseline -0.001 -20"><span class='ocrx_word' id='word_1_87' title='bbox 458 1334 519 1385; x_wconf 85' lang='grc' dir='ltr'>τὸ</span> <span class='ocrx_word' id='word_1_88' title='bbox 549 1334 731 1405; x_wconf 88' lang='grc' dir='ltr'>σῶμα,</span> <span class='ocrx_word' id='word_1_89' title='bbox 758 1334 895 1388; x_wconf 74' lang='grc' dir='ltr'>ἀλλὰ</span> <span class='ocrx_word' id='word_1_90' title='bbox 948 1334 1147 1404; x_wconf 74' lang='grc' dir='ltr'>μᾶλλον</span> <span class='ocrx_word' id='word_1_91' title='bbox 1180 1333 1448 1401; x_wconf 76' lang='grc' dir='ltr'>κουφίζει,</span> <span class='ocrx_word' id='word_1_92' title='bbox 1488 1334 1579 1385; x_wconf 76' lang='grc' dir='ltr'>καὶ</span> <span class='ocrx_word' id='word_1_93' title='bbox 1615 1334 1901 1402; x_wconf 80' lang='grc' dir='ltr'><strong>μετάρσιον</strong></span> <span class='ocrx_word' id='word_1_94' title='bbox 1941 1332 2109 1403; x_wconf 78' lang='grc' dir='ltr'>ἐργά-</span> 
     </span>
    </p>
   </div>
   <div class='ocr_carea' id='block_1_13' title="bbox 460 1417 2109 1489">
    <p class='ocr_par' dir='ltr' id='par_1_13' title="bbox 460 1417 2109 1489">
     <span class='ocr_line' id='line_1_13' title="bbox 460 1417 2109 1489; baseline 0 -19"><span class='ocrx_word' id='word_1_95' title='bbox 460 1419 630 1485; x_wconf 80' lang='grc' dir='ltr'>ζεται,</span> <span class='ocrx_word' id='word_1_96' title='bbox 661 1422 755 1473; x_wconf 76' lang='grc' dir='ltr'>καὶ</span> <span class='ocrx_word' id='word_1_97' title='bbox 801 1420 898 1489; x_wconf 82' lang='grc' dir='ltr'>τὴν</span> <span class='ocrx_word' id='word_1_98' title='bbox 935 1420 1087 1489; x_wconf 72' lang='grc' dir='ltr'>ἰσχὺν</span> <span class='ocrx_word' id='word_1_99' title='bbox 1133 1418 1422 1472; x_wconf 67' lang='grc' dir='ltr'>ἐπιτείνει·</span> <span class='ocrx_word' id='word_1_100' title='bbox 1460 1418 1619 1488; x_wconf 85' lang='grc' dir='ltr'>μόνον</span> <span class='ocrx_word' id='word_1_101' title='bbox 1669 1418 1766 1471; x_wconf 84' lang='grc' dir='ltr'>ὲάν</span> <span class='ocrx_word' id='word_1_102' title='bbox 1810 1419 1946 1471; x_wconf 86' lang='grc' dir='ltr'>αὑτά</span> <span class='ocrx_word' id='word_1_103' title='bbox 1988 1417 2109 1471; x_wconf 85' lang='grc' dir='ltr'>καθ’</span> 
     </span>
    </p>
   </div>
   <div class='ocr_carea' id='block_1_14' title="bbox 460 1501 2110 1574">
    <p class='ocr_par' dir='ltr' id='par_1_14' title="bbox 460 1501 2110 1574">
     <span class='ocr_line' id='line_1_14' title="bbox 460 1501 2110 1574; baseline -0.001 -20"><span class='ocrx_word' id='word_1_104' title='bbox 460 1503 697 1574; x_wconf 69' lang='grc' dir='ltr'>ἑκάστην</span> <span class='ocrx_word' id='word_1_105' title='bbox 744 1502 962 1573; x_wconf 70' lang='grc' dir='ltr'>ἡμέραν</span> <span class='ocrx_word' id='word_1_106' title='bbox 1009 1503 1438 1572; x_wconf 84' lang='grc' dir='ltr'>ἀποσμήχωμεν,</span> <span class='ocrx_word' id='word_1_107' title='bbox 1483 1501 1621 1554; x_wconf 81' lang='grc' dir='ltr'>ὥστε</span> <span class='ocrx_word' id='word_1_108' title='bbox 1670 1501 1896 1572; x_wconf 85' lang='grc' dir='ltr'>λαμπρά</span> <span class='ocrx_word' id='word_1_109' title='bbox 1924 1501 2110 1570; x_wconf 83' lang='grc' dir='ltr'>φαινό-</span> 
     </span>
    </p>
   </div>
   <div class='ocr_carea' id='block_1_15' title="bbox 463 1584 2109 1658">
    <p class='ocr_par' dir='ltr' id='par_1_15' title="bbox 463 1584 2109 1658">
     <span class='ocr_line' id='line_1_15' title="bbox 463 1584 2109 1658; baseline -0.002 -17"><span class='ocrx_word' id='word_1_110' title='bbox 463 1605 601 1657; x_wconf 87' lang='grc' dir='ltr'>μενα</span> <span class='ocrx_word' id='word_1_111' title='bbox 639 1589 727 1643; x_wconf 75' lang='grc' dir='ltr'>διὰ</span> <span class='ocrx_word' id='word_1_112' title='bbox 757 1589 857 1658; x_wconf 83' lang='grc' dir='ltr'>τῆς</span> <span class='ocrx_word' id='word_1_113' title='bbox 903 1588 1106 1652; x_wconf 84' lang='grc' dir='ltr'>οἰκείας</span> <span class='ocrx_word' id='word_1_114' title='bbox 1146 1589 1428 1658; x_wconf 72' lang='grc' dir='ltr'>ἀστραπῆς</span> <span class='ocrx_word' id='word_1_115' title='bbox 1468 1588 1673 1658; x_wconf 90' lang='grc' dir='ltr'>πηροῦν</span> <span class='ocrx_word' id='word_1_116' title='bbox 1704 1589 1802 1651; x_wconf 86' lang='grc' dir='ltr'>τάς</span> <span class='ocrx_word' id='word_1_117' title='bbox 1831 1587 1980 1656; x_wconf 75' lang='grc' dir='ltr'>δψεις</span> <span class='ocrx_word' id='word_1_118' title='bbox 2018 1584 2109 1638; x_wconf 88' lang='grc' dir='ltr'>τοῦ</span> 
     </span>
    </p>
   </div>
   <div class='ocr_carea' id='block_1_16' title="bbox 462 1672 2114 1745">
    <p class='ocr_par' dir='ltr' id='par_1_16' title="bbox 462 1672 2114 1745">
     <span class='ocr_line' id='line_1_16' title="bbox 462 1672 2114 1745; baseline -0.002 -18"><span class='ocrx_word' id='word_1_119' title='bbox 462 1674 698 1745; x_wconf 82' lang='grc' dir='ltr'>πονηροῦ</span> <span class='ocrx_word' id='word_1_120' title='bbox 725 1673 993 1744; x_wconf 84' lang='grc' dir='ltr'>δαίμονος,</span> <span class='ocrx_word' id='word_1_121' title='bbox 1029 1674 1204 1728; x_wconf 89' lang='grc' dir='ltr'>πάντα</span> <span class='ocrx_word' id='word_1_122' title='bbox 1236 1674 1377 1728; x_wconf 76' lang='grc' dir='ltr'>κατὰ</span> <span class='ocrx_word' id='word_1_123' title='bbox 1411 1673 1507 1743; x_wconf 85' lang='grc' dir='ltr'>τῆς</span> <span class='ocrx_word' id='word_1_124' title='bbox 1546 1672 1817 1742; x_wconf 78' lang='grc' dir='ltr'>σωτηρίας</span> <span class='ocrx_word' id='word_1_125' title='bbox 1847 1672 1947 1740; x_wconf 85' lang='grc' dir='ltr'>τῆς</span> <span class='ocrx_word' id='word_1_126' title='bbox 1985 1673 2114 1741; x_wconf 86' lang='grc' dir='ltr'>ἡμε-</span> 
     </span>
    </p>
   </div>
   <div class='ocr_carea' id='block_1_17' title="bbox 463 1756 2113 1829">
    <p class='ocr_par' dir='ltr' id='par_1_17' title="bbox 463 1756 2113 1829">
     <span class='ocr_line' id='line_1_17' title="bbox 463 1756 2113 1829; baseline -0.002 -17"><span class='ocrx_word' id='word_1_127' title='bbox 463 1759 628 1828; x_wconf 85' lang='grc' dir='ltr'>τέρας</span> <span class='ocrx_word' id='word_1_128' title='bbox 682 1759 1095 1829; x_wconf 81' lang='grc' dir='ltr'>μηχανωμένου.</span> <span class='ocrx_word' id='word_1_129' title='bbox 1138 1758 1273 1827; x_wconf 73' lang='grc' dir='ltr'>Φέρε</span> <span class='ocrx_word' id='word_1_130' title='bbox 1317 1758 1380 1827; x_wconf 86' lang='grc' dir='ltr'>δὴ</span> <span class='ocrx_word' id='word_1_131' title='bbox 1423 1758 1625 1821; x_wconf 73' lang='grc' dir='ltr'>λοιπον,</span> <span class='ocrx_word' id='word_1_132' title='bbox 1676 1756 1862 1829; x_wconf 67' lang='grc' dir='ltr'>ἐπειδὴ</span> <span class='ocrx_word' id='word_1_133' title='bbox 1915 1756 2113 1819; x_wconf 87' lang='grc' dir='ltr'>ἰκανῶς</span> 
     </span>
    </p>
   </div>
   <div class='ocr_carea' id='block_1_18' title="bbox 464 1843 2113 1915">
    <p class='ocr_par' dir='ltr' id='par_1_18' title="bbox 464 1843 2113 1915">
     <span class='ocr_line' id='line_1_18' title="bbox 464 1843 2113 1915; baseline -0.002 -18"><span class='ocrx_word' id='word_1_134' title='bbox 464 1845 605 1914; x_wconf 72' lang='grc' dir='ltr'>ὑμᾶς</span> <span class='ocrx_word' id='word_1_135' title='bbox 664 1843 1104 1914; x_wconf 83' lang='grc' dir='ltr'>καθωπλίσαμεν,</span> <span class='ocrx_word' id='word_1_136' title='bbox 1158 1843 1257 1915; x_wconf 81' lang='grc' dir='ltr'>τὴν</span> <span class='ocrx_word' id='word_1_137' title='bbox 1324 1845 1525 1913; x_wconf 81' lang='grc' dir='ltr'>συνήθη</span> <span class='ocrx_word' id='word_1_138' title='bbox 1588 1843 1920 1915; x_wconf 81' lang='grc' dir='ltr'>παραϐῶμεν</span> <span class='ocrx_word' id='word_1_139' title='bbox 1983 1844 2113 1912; x_wconf 86' lang='grc' dir='ltr'>ὑμῖν</span> 
     </span>
    </p>
   </div>
   <div class='ocr_carea' id='block_1_19' title="bbox 461 1929 2114 2000">
    <p class='ocr_par' dir='ltr' id='par_1_19' title="bbox 461 1929 2114 2000">
     <span class='ocr_line' id='line_1_19' title="bbox 461 1929 2114 2000; baseline 0.001 -19"><span class='ocrx_word' id='word_1_140' title='bbox 461 1929 758 1999; x_wconf 80' lang='grc' dir='ltr'>τράπεζαν,</span> <span class='ocrx_word' id='word_1_141' title='bbox 802 1930 895 1984; x_wconf 73' lang='grc' dir='ltr'>καὶ</span> <span class='ocrx_word' id='word_1_142' title='bbox 936 1929 1004 1983; x_wconf 80' lang='grc' dir='ltr'>τά</span> <span class='ocrx_word' id='word_1_143' title='bbox 1036 1929 1301 1984; x_wconf 77' lang='grc' dir='ltr'>ἀκόλουθα</span> <span class='ocrx_word' id='word_1_144' title='bbox 1350 1931 1457 1982; x_wconf 88' lang='grc' dir='ltr'>τῶν</span> <span class='ocrx_word' id='word_1_145' title='bbox 1485 1930 1609 1999; x_wconf 76' lang='grc' dir='ltr'>χθὲς</span> <span class='ocrx_word' id='word_1_146' title='bbox 1639 1931 1771 2000; x_wconf 87' lang='grc' dir='ltr'>ἡμῖν</span> <span class='ocrx_word' id='word_1_147' title='bbox 1811 1929 2114 2000; x_wconf 78' lang='grc' dir='ltr'>εἰρημένων</span> 
     </span>
    </p>
   </div>
   <div class='ocr_carea' id='block_1_20' title="bbox 463 2014 2114 2087">
    <p class='ocr_par' dir='ltr' id='par_1_20' title="bbox 463 2014 2114 2087">
     <span class='ocr_line' id='line_1_20' title="bbox 463 2014 2114 2087; baseline 0.001 -20"><span class='ocrx_word' id='word_1_148' title='bbox 463 2014 751 2086; x_wconf 75' lang='grc' dir='ltr'>προθῶμεν</span> <span class='ocrx_word' id='word_1_149' title='bbox 780 2017 872 2068; x_wconf 73' lang='grc' dir='ltr'>ἐπὶ</span> <span class='ocrx_word' id='word_1_150' title='bbox 916 2015 1016 2085; x_wconf 82' lang='grc' dir='ltr'>τῆς</span> <span class='ocrx_word' id='word_1_151' title='bbox 1063 2016 1331 2087; x_wconf 82' lang='grc' dir='ltr'>ὑμετέρας</span> <span class='ocrx_word' id='word_1_152' title='bbox 1361 2015 1601 2084; x_wconf 81' lang='grc' dir='ltr'>ἀγάπης,</span> <span class='ocrx_word' id='word_1_153' title='bbox 1649 2015 1808 2069; x_wconf 88' lang='grc' dir='ltr'>πάλιν</span> <span class='ocrx_word' id='word_1_154' title='bbox 1840 2016 1929 2067; x_wconf 79' lang='grc' dir='ltr'>τὸν</span> <span class='ocrx_word' id='word_1_155' title='bbox 1982 2015 2114 2068; x_wconf 87' lang='grc' dir='ltr'>θαυ-</span> 
     </span>
    </p>
   </div>
   <div class='ocr_carea' id='block_1_21' title="bbox 467 2100 2115 2171">
    <p class='ocr_par' dir='ltr' id='par_1_21' title="bbox 467 2100 2115 2171">
     <span class='ocr_line' id='line_1_21' title="bbox 467 2100 2115 2171; baseline -0.001 -18"><span class='ocrx_word' id='word_1_156' title='bbox 467 2100 659 2169; x_wconf 88' lang='grc' dir='ltr'>μάσιον</span> <span class='ocrx_word' id='word_1_157' title='bbox 696 2102 983 2170; x_wconf 77' lang='grc' dir='ltr'>ἑστιάτορα</span> <span class='ocrx_word' id='word_1_158' title='bbox 1035 2101 1124 2153; x_wconf 84' lang='grc' dir='ltr'>τὸν</span> <span class='ocrx_word' id='word_1_159' title='bbox 1166 2102 1428 2171; x_wconf 78' lang='grc' dir='ltr'>μακάριον</span> <span class='ocrx_word' id='word_1_160' title='bbox 1488 2100 1743 2160; x_wconf 84' lang='grc' dir='ltr'>Μωὺσέα,</span> <span class='ocrx_word' id='word_1_161' title='bbox 1797 2100 1887 2152; x_wconf 75' lang='grc' dir='ltr'>τὸν</span> <span class='ocrx_word' id='word_1_162' title='bbox 1944 2101 2115 2170; x_wconf 87' lang='grc' dir='ltr'>μέγαν</span> 
     </span>
    </p>
   </div>
   <div class='ocr_carea' id='block_1_22' title="bbox 465 2185 2114 2256">
    <p class='ocr_par' dir='ltr' id='par_1_22' title="bbox 465 2185 2114 2256">
     <span class='ocr_line' id='line_1_22' title="bbox 465 2185 2114 2256; baseline -0.001 -19"><span class='ocrx_word' id='word_1_163' title='bbox 465 2187 746 2256; x_wconf 74' lang='grc' dir='ltr'>προφήτην</span> <span class='ocrx_word' id='word_1_164' title='bbox 773 2186 871 2256; x_wconf 84' lang='grc' dir='ltr'>τῆς</span> <span class='ocrx_word' id='word_1_165' title='bbox 895 2186 1063 2255; x_wconf 83' lang='grc' dir='ltr'>καλῆς</span> <span class='ocrx_word' id='word_1_166' title='bbox 1089 2185 1289 2255; x_wconf 83' lang='grc' dir='ltr'>ταύτης</span> <span class='ocrx_word' id='word_1_167' title='bbox 1309 2185 1655 2249; x_wconf 77' lang='grc' dir='ltr'>διδασκαλίας</span> <span class='ocrx_word' id='word_1_168' title='bbox 1676 2185 1917 2256; x_wconf 79' lang='grc' dir='ltr'>ἡγεμόνα</span> <span class='ocrx_word' id='word_1_169' title='bbox 1958 2201 2114 2254; x_wconf 90' lang='grc' dir='ltr'>ποιη-</span> 
     </span>
    </p>
   </div>
   <div class='ocr_carea' id='block_1_23' title="bbox 452 2267 2115 2342">
    <p class='ocr_par' dir='ltr' id='par_1_23' title="bbox 452 2267 2115 2342">
     <span class='ocr_line' id='line_1_23' title="bbox 452 2267 2115 2342; baseline -0.001 -18"><span class='ocrx_word' id='word_1_170' title='bbox 452 2271 705 2341; x_wconf 82' lang='grc' dir='ltr'>’σάμενοι.</span> <span class='ocrx_word' id='word_1_171' title='bbox 740 2270 965 2339; x_wconf 87' lang='grc' dir='ltr'>Ἰδωμεν</span> <span class='ocrx_word' id='word_1_172' title='bbox 996 2267 1087 2323; x_wconf 80' lang='grc' dir='ltr'>οῦν</span> <span class='ocrx_word' id='word_1_173' title='bbox 1132 2274 1254 2323; x_wconf 88' lang='grc' dir='ltr'>τίνα</span> <span class='ocrx_word' id='word_1_174' title='bbox 1289 2272 1457 2336; x_wconf 69' lang='grc' dir='ltr'>ἐστὶν,</span> <span class='ocrx_word' id='word_1_175' title='bbox 1508 2272 1544 2324; x_wconf 73' lang='grc' dir='ltr'>ἃ</span> <span class='ocrx_word' id='word_1_176' title='bbox 1573 2275 1666 2325; x_wconf 74' lang='grc' dir='ltr'>καὶ</span> <span class='ocrx_word' id='word_1_177' title='bbox 1705 2274 1939 2342; x_wconf 84' lang='grc' dir='ltr'>σήμερον</span> <span class='ocrx_word' id='word_1_178' title='bbox 1973 2272 2115 2341; x_wconf 74' lang='grc' dir='ltr'>ἡμᾶς</span> 
     </span>
    </p>
   </div>
   <div class='ocr_carea' id='block_1_24' title="bbox 464 2356 2115 2428">
    <p class='ocr_par' dir='ltr' id='par_1_24' title="bbox 464 2356 2115 2428">
     <span class='ocr_line' id='line_1_24' title="bbox 464 2356 2115 2428; baseline -0.001 -17"><span class='ocrx_word' id='word_1_179' title='bbox 464 2358 669 2424; x_wconf 78' lang='grc' dir='ltr'>διδάξαι</span> <span class='ocrx_word' id='word_1_180' title='bbox 705 2356 969 2427; x_wconf 87' lang='grc' dir='ltr'>βούλεται,</span> <span class='ocrx_word' id='word_1_181' title='bbox 1011 2358 1105 2411; x_wconf 72' lang='grc' dir='ltr'>καὶ</span> <span class='ocrx_word' id='word_1_182' title='bbox 1153 2358 1505 2427; x_wconf 80' lang='grc' dir='ltr'>προσέχωμεν</span> <span class='ocrx_word' id='word_1_183' title='bbox 1552 2357 1794 2428; x_wconf 84' lang='grc' dir='ltr'>ἀκριϐῶς</span> <span class='ocrx_word' id='word_1_184' title='bbox 1835 2360 1945 2421; x_wconf 84' lang='grc' dir='ltr'>τοῖς</span> <span class='ocrx_word' id='word_1_185' title='bbox 1987 2359 2115 2428; x_wconf 78' lang='grc' dir='ltr'>παρ’</span> 
     </span>
    </p>
   </div>
   <div class='ocr_carea' id='block_1_25' title="bbox 468 2442 2114 2512">
    <p class='ocr_par' dir='ltr' id='par_1_25' title="bbox 468 2442 2114 2512">
     <span class='ocr_line' id='line_1_25' title="bbox 468 2442 2114 2512; baseline -0.001 -17"><span class='ocrx_word' id='word_1_186' title='bbox 468 2443 633 2496; x_wconf 86' lang='grc' dir='ltr'>αὑτοῦ</span> <span class='ocrx_word' id='word_1_187' title='bbox 662 2442 997 2511; x_wconf 75' lang='grc' dir='ltr'>λεγομένοις.</span> <span class='ocrx_word' id='word_1_188' title='bbox 1028 2443 1162 2495; x_wconf 79' lang='grc' dir='ltr'><strong>Οὐδὲ</strong></span> <span class='ocrx_word' id='word_1_189' title='bbox 1204 2442 1311 2511; x_wconf 85' lang='grc' dir='ltr'>γὰρ</span> <span class='ocrx_word' id='word_1_190' title='bbox 1340 2444 1514 2512; x_wconf 68' lang='grc' dir='ltr'>οἰκείᾳ</span> <span class='ocrx_word' id='word_1_191' title='bbox 1544 2443 1763 2512; x_wconf 79' lang='grc' dir='ltr'>δυνάμει</span> <span class='ocrx_word' id='word_1_192' title='bbox 1798 2442 2114 2511; x_wconf 74' lang='grc' dir='ltr'>φθέγγεται,</span> 
     </span>
    </p>
   </div>
   <div class='ocr_carea' id='block_1_26' title="bbox 469 2527 2117 2601">
    <p class='ocr_par' dir='ltr' id='par_1_26' title="bbox 469 2527 2117 2601">
     <span class='ocr_line' id='line_1_26' title="bbox 469 2527 2117 2601; baseline -0.001 -19"><span class='ocrx_word' id='word_1_193' title='bbox 469 2529 582 2582; x_wconf 81' lang='grc' dir='ltr'>ἀλλ’</span> <span class='ocrx_word' id='word_1_194' title='bbox 624 2530 765 2597; x_wconf 73' lang='grc' dir='ltr'>άπερ</span> <span class='ocrx_word' id='word_1_195' title='bbox 806 2528 871 2583; x_wconf 77' lang='grc' dir='ltr'>ἂν</span> <span class='ocrx_word' id='word_1_196' title='bbox 901 2531 933 2598; x_wconf 80' lang='grc' dir='ltr'>ἡ</span> <span class='ocrx_word' id='word_1_197' title='bbox 970 2527 1062 2580; x_wconf 83' lang='grc' dir='ltr'>τοῦ</span> <span class='ocrx_word' id='word_1_198' title='bbox 1097 2529 1411 2597; x_wconf 85' lang='grc' dir='ltr'>Πνεύματος</span> <span class='ocrx_word' id='word_1_199' title='bbox 1440 2530 1599 2598; x_wconf 91' lang='grc' dir='ltr'>χάρις</span> <span class='ocrx_word' id='word_1_200' title='bbox 1642 2530 1900 2601; x_wconf 81' lang='grc' dir='ltr'>ὲνηχὴσῃ,</span> <span class='ocrx_word' id='word_1_201' title='bbox 1950 2528 2117 2581; x_wconf 87' lang='grc' dir='ltr'>ταῦτα</span> 
     </span>
    </p>
   </div>
   <div class='ocr_carea' id='block_1_27' title="bbox 470 2611 2118 2685">
    <p class='ocr_par' dir='ltr' id='par_1_27' title="bbox 470 2611 2118 2685">
     <span class='ocr_line' id='line_1_27' title="bbox 470 2611 2118 2685; baseline 0.001 -21"><span class='ocrx_word' id='word_1_202' title='bbox 470 2612 557 2665; x_wconf 83' lang='grc' dir='ltr'>διὰ</span> <span class='ocrx_word' id='word_1_203' title='bbox 587 2614 684 2681; x_wconf 83' lang='grc' dir='ltr'>τῆς</span> <span class='ocrx_word' id='word_1_204' title='bbox 716 2613 917 2675; x_wconf 75' lang='grc' dir='ltr'>οἰκείας</span> <span class='ocrx_word' id='word_1_205' title='bbox 962 2613 1223 2683; x_wconf 75' lang='grc' dir='ltr'>προφέρει</span> <span class='ocrx_word' id='word_1_206' title='bbox 1267 2611 1532 2683; x_wconf 86' lang='grc' dir='ltr'>γλώττης,</span> <span class='ocrx_word' id='word_1_207' title='bbox 1574 2613 1835 2666; x_wconf 83' lang='grc' dir='ltr'>διδάσκων</span> <span class='ocrx_word' id='word_1_208' title='bbox 1872 2614 1970 2685; x_wconf 86' lang='grc' dir='ltr'>τὴν</span> <span class='ocrx_word' id='word_1_209' title='bbox 2009 2614 2118 2666; x_wconf 88' lang='grc' dir='ltr'>τῶν</span> 
     </span>
    </p>
   </div>
   <div class='ocr_carea' id='block_1_28' title="bbox 460 2696 2119 2769">
    <p class='ocr_par' dir='ltr' id='par_1_28' title="bbox 460 2696 2119 2769">
     <span class='ocr_line' id='line_1_28' title="bbox 460 2696 2119 2769; baseline 0 -19"><span class='ocrx_word' id='word_1_210' title='bbox 460 2696 774 2767; x_wconf 79' lang='grc' dir='ltr'>ἀνθρώπων</span> <span class='ocrx_word' id='word_1_211' title='bbox 836 2696 1017 2765; x_wconf 86' lang='grc' dir='ltr'>φύσιν.</span> <span class='ocrx_word' id='word_1_212' title='bbox 1073 2698 1401 2767; x_wconf 82' lang='grc' dir='ltr'>’Δπαρτίσας</span> <span class='ocrx_word' id='word_1_213' title='bbox 1457 2697 1635 2752; x_wconf 87' lang='grc' dir='ltr'>τοίνυν</span> <span class='ocrx_word' id='word_1_214' title='bbox 1690 2700 1779 2751; x_wconf 83' lang='grc' dir='ltr'>τὸν</span> <span class='ocrx_word' id='word_1_215' title='bbox 1831 2701 1960 2769; x_wconf 77' lang='grc' dir='ltr'>περὶ</span> <span class='ocrx_word' id='word_1_216' title='bbox 2020 2698 2119 2767; x_wconf 84' lang='grc' dir='ltr'>τῆς</span> 
     </span>
    </p>
   </div>
   <div class='ocr_carea' id='block_1_29' title="bbox 471 2782 2119 2854">
    <p class='ocr_par' dir='ltr' id='par_1_29' title="bbox 471 2782 2119 2854">
     <span class='ocr_line' id='line_1_29' title="bbox 471 2782 2119 2854; baseline 0.001 -20"><span class='ocrx_word' id='word_1_217' title='bbox 471 2782 690 2854; x_wconf 79' lang='grc' dir='ltr'>πρώτης</span> <span class='ocrx_word' id='word_1_218' title='bbox 721 2782 930 2853; x_wconf 87' lang='grc' dir='ltr'>ἡμέρας</span> <span class='ocrx_word' id='word_1_219' title='bbox 963 2782 1138 2850; x_wconf 88' lang='grc' dir='ltr'>λόγον,</span> <span class='ocrx_word' id='word_1_220' title='bbox 1172 2784 1265 2835; x_wconf 76' lang='grc' dir='ltr'>καὶ</span> <span class='ocrx_word' id='word_1_221' title='bbox 1307 2784 1477 2836; x_wconf 86' lang='grc' dir='ltr'>εἰπὼν</span> <span class='ocrx_word' id='word_1_222' title='bbox 1509 2783 1646 2853; x_wconf 70' lang='grc' dir='ltr'>μετὰ</span> <span class='ocrx_word' id='word_1_223' title='bbox 1682 2785 1778 2853; x_wconf 72' lang='grc' dir='ltr'>τὴν</span> <span class='ocrx_word' id='word_1_224' title='bbox 1814 2784 1906 2836; x_wconf 85' lang='grc' dir='ltr'>τοῦ</span> <span class='ocrx_word' id='word_1_225' title='bbox 1944 2785 2119 2852; x_wconf 75' lang='grc' dir='ltr'>φωτὸς</span> 
     </span>
    </p>
   </div>
   <div class='ocr_carea' id='block_1_30' title="bbox 470 2868 2119 2940">
    <p class='ocr_par' dir='ltr' id='par_1_30' title="bbox 470 2868 2119 2940">
     <span class='ocr_line' id='line_1_30' title="bbox 470 2868 2119 2940; baseline 0.001 -17"><span class='ocrx_word' id='word_1_226' title='bbox 470 2870 848 2940; x_wconf 84' lang='grc' dir='ltr'>δημιουργίαν,</span> <span class='ocrx_word' id='word_1_227' title='bbox 904 2868 1162 2938; x_wconf 81' lang='grc' dir='ltr'>Ἐγένετο</span> <span class='ocrx_word' id='word_1_228' title='bbox 1215 2870 1477 2939; x_wconf 72' lang='grc' dir='ltr'>ἑσπέρα,</span> <span class='ocrx_word' id='word_1_229' title='bbox 1530 2870 1628 2923; x_wconf 81' lang='grc' dir='ltr'>καί</span> <span class='ocrx_word' id='word_1_230' title='bbox 1677 2870 1912 2940; x_wconf 74' lang='grc' dir='ltr'>ἐγένετο</span> <span class='ocrx_word' id='word_1_231' title='bbox 1950 2872 2119 2940; x_wconf 81' lang='grc' dir='ltr'>πρωῒ,</span> 
     </span>
    </p>
   </div>
   <div class='ocr_carea' id='block_1_31' title="bbox 470 2954 2121 3025">
    <p class='ocr_par' dir='ltr' id='par_1_31' title="bbox 470 2954 2121 3025">
     <span class='ocr_line' id='line_1_31' title="bbox 470 2954 2121 3025; baseline 0.002 -17"><span class='ocrx_word' id='word_1_232' title='bbox 470 2954 659 3024; x_wconf 75' lang='grc' dir='ltr'>ἡμέρα</span> <span class='ocrx_word' id='word_1_233' title='bbox 682 2957 809 3024; x_wconf 84' lang='grc' dir='ltr'>μία,</span> <span class='ocrx_word' id='word_1_234' title='bbox 845 2956 1003 3008; x_wconf 87' lang='grc' dir='ltr'>πάλιν</span> <span class='ocrx_word' id='word_1_235' title='bbox 1027 2956 1157 3025; x_wconf 79' lang='grc' dir='ltr'>φησί</span> <span class='ocrx_word' id='word_1_236' title='bbox 1178 2974 1190 2986; x_wconf 88' lang='grc'><strong>·</strong></span> <span class='ocrx_word' id='word_1_237' title='bbox 1220 2958 1324 3011; x_wconf 79' lang='grc' dir='ltr'>Καὶ</span> <span class='ocrx_word' id='word_1_238' title='bbox 1355 2954 1521 3010; x_wconf 75' lang='grc' dir='ltr'>εἶπεν</span> <span class='ocrx_word' id='word_1_239' title='bbox 1548 2959 1580 3011; x_wconf 88' lang='grc' dir='ltr'>ό</span> <span class='ocrx_word' id='word_1_240' title='bbox 1605 2958 1776 3022; x_wconf 87' lang='grc' dir='ltr'>Θεός·</span> <span class='ocrx_word' id='word_1_241' title='bbox 1805 2958 2121 3025; x_wconf 74' lang='grc' dir='ltr'>Γενηθήτω</span> 
     </span>
    </p>
   </div>
   <div class='ocr_carea' id='block_1_32' title="bbox 471 3041 2122 3112">
    <p class='ocr_par' dir='ltr' id='par_1_32' title="bbox 471 3041 2122 3112">
     <span class='ocr_line' id='line_1_32' title="bbox 471 3041 2122 3112; baseline 0 -17"><span class='ocrx_word' id='word_1_242' title='bbox 471 3042 773 3110; x_wconf 80' lang='grc' dir='ltr'>στερέωμα</span> <span class='ocrx_word' id='word_1_243' title='bbox 802 3042 870 3095; x_wconf 74' lang='grc' dir='ltr'>έν</span> <span class='ocrx_word' id='word_1_244' title='bbox 910 3041 1078 3111; x_wconf 83' lang='grc' dir='ltr'>μέσῳ</span> <span class='ocrx_word' id='word_1_245' title='bbox 1125 3042 1233 3096; x_wconf 87' lang='grc' dir='ltr'>τοῦ</span> <span class='ocrx_word' id='word_1_246' title='bbox 1286 3042 1495 3107; x_wconf 81' lang='grc' dir='ltr'>ὕδατος</span> <span class='ocrx_word' id='word_1_247' title='bbox 1520 3082 1535 3106; x_wconf 93' lang='grc'>,</span> <span class='ocrx_word' id='word_1_248' title='bbox 1580 3041 1677 3096; x_wconf 80' lang='grc' dir='ltr'>καί</span> <span class='ocrx_word' id='word_1_249' title='bbox 1714 3042 1869 3097; x_wconf 71' lang='grc' dir='ltr'>ἔστω</span> <span class='ocrx_word' id='word_1_250' title='bbox 1913 3043 2122 3112; x_wconf 82' lang='grc' dir='ltr'>διαχω-</span> 
     </span>
    </p>
   </div>
   <div class='ocr_carea' id='block_1_33' title="bbox 468 3127 2124 3198">
    <p class='ocr_par' dir='ltr' id='par_1_33' title="bbox 468 3127 2124 3198">
     <span class='ocr_line' id='line_1_33' title="bbox 468 3127 2124 3198; baseline 0.001 -18"><span class='ocrx_word' id='word_1_251' title='bbox 468 3127 630 3195; x_wconf 68' lang='grc' dir='ltr'>ρίζὶον·</span> <span class='ocrx_word' id='word_1_252' title='bbox 660 3127 959 3197; x_wconf 82' lang='grc' dir='ltr'>ἀναμέσον</span> <span class='ocrx_word' id='word_1_253' title='bbox 1004 3128 1219 3194; x_wconf 81' lang='grc' dir='ltr'>ὓδατος</span> <span class='ocrx_word' id='word_1_254' title='bbox 1256 3128 1355 3181; x_wconf 79' lang='grc' dir='ltr'>καί</span> <span class='ocrx_word' id='word_1_255' title='bbox 1392 3127 1628 3194; x_wconf 78' lang='grc' dir='ltr'>ὓδατος.</span> <span class='ocrx_word' id='word_1_256' title='bbox 1664 3128 1861 3181; x_wconf 84' lang='grc' dir='ltr'>Σκόπει</span> <span class='ocrx_word' id='word_1_257' title='bbox 1906 3146 1997 3198; x_wconf 87' lang='grc' dir='ltr'>μοι</span> <span class='ocrx_word' id='word_1_258' title='bbox 2039 3131 2124 3182; x_wconf 75' lang='grc' dir='ltr'>ὲν-</span> 
     </span>
    </p>
   </div>
   <div class='ocr_carea' id='block_1_34' title="bbox 470 3216 2123 3289">
    <p class='ocr_par' dir='ltr' id='par_1_34' title="bbox 470 3216 2123 3289">
     <span class='ocr_line' id='line_1_34' title="bbox 470 3216 2123 3289; baseline 0.001 -21"><span class='ocrx_word' id='word_1_259' title='bbox 470 3216 669 3276; x_wconf 83' lang='grc' dir='ltr'>ταῦθα.</span> <span class='ocrx_word' id='word_1_260' title='bbox 695 3218 960 3287; x_wconf 74' lang='grc' dir='ltr'>ἀγαπητε,</span> <span class='ocrx_word' id='word_1_261' title='bbox 999 3216 1341 3281; x_wconf 79' lang='grc' dir='ltr'>διδασκαλίας</span> <span class='ocrx_word' id='word_1_262' title='bbox 1378 3216 1719 3271; x_wconf 83' lang='grc' dir='ltr'>ἀκολουθίαν.</span> <span class='ocrx_word' id='word_1_263' title='bbox 1760 3217 1975 3287; x_wconf 79' lang='grc' dir='ltr'>Ἐπειδὴ</span> <span class='ocrx_word' id='word_1_264' title='bbox 2015 3218 2123 3289; x_wconf 90' lang='grc' dir='ltr'>γάρ</span> 
     </span>
    </p>
   </div>
   <div class='ocr_carea' id='block_1_35' title="bbox 473 3300 2124 3374">
    <p class='ocr_par' dir='ltr' id='par_1_35' title="bbox 473 3300 2124 3374">
     <span class='ocr_line' id='line_1_35' title="bbox 473 3300 2124 3374; baseline 0.002 -21"><span class='ocrx_word' id='word_1_265' title='bbox 473 3303 759 3373; x_wconf 82' lang='grc' dir='ltr'>προλαϐὼν</span> <span class='ocrx_word' id='word_1_266' title='bbox 790 3306 918 3374; x_wconf 85' lang='grc' dir='ltr'>ἡμῖν</span> <span class='ocrx_word' id='word_1_267' title='bbox 941 3300 1059 3357; x_wconf 84' lang='grc' dir='ltr'>εἷπε</span> <span class='ocrx_word' id='word_1_268' title='bbox 1099 3304 1238 3373; x_wconf 85' lang='grc' dir='ltr'>μετά</span> <span class='ocrx_word' id='word_1_269' title='bbox 1265 3303 1361 3373; x_wconf 80' lang='grc' dir='ltr'>τὴν</span> <span class='ocrx_word' id='word_1_270' title='bbox 1396 3302 1491 3357; x_wconf 85' lang='grc' dir='ltr'>τοῦ</span> <span class='ocrx_word' id='word_1_271' title='bbox 1515 3302 1744 3373; x_wconf 85' lang='grc' dir='ltr'>ούρανοῦ</span> <span class='ocrx_word' id='word_1_272' title='bbox 1776 3304 1867 3356; x_wconf 61' lang='grc' dir='ltr'>καὶ⁵</span> <span class='ocrx_word' id='word_1_273' title='bbox 1893 3302 1993 3372; x_wconf 87' lang='grc' dir='ltr'>τῆς</span> <span class='ocrx_word' id='word_1_274' title='bbox 2021 3304 2124 3373; x_wconf 84' lang='grc' dir='ltr'>γῆς</span> 
     </span>
    </p>
   </div>
   <div class='ocr_carea' id='block_1_36' title="bbox 472 3386 2125 3459">
    <p class='ocr_par' dir='ltr' id='par_1_36' title="bbox 472 3386 2125 3459">
     <span class='ocr_line' id='line_1_36' title="bbox 472 3386 2125 3459; baseline 0.001 -20"><span class='ocrx_word' id='word_1_275' title='bbox 472 3388 846 3459; x_wconf 66' lang='grc' dir='ltr'>δημιουργίαν,</span> <span class='ocrx_word' id='word_1_276' title='bbox 889 3390 969 3442; x_wconf 76' lang='grc' dir='ltr'>ὅτι</span> <span class='ocrx_word' id='word_1_277' title='bbox 1025 3391 1084 3443; x_wconf 82' lang='grc' dir='ltr'><strong><em>Ἠ</em></strong></span> <span class='ocrx_word' id='word_1_278' title='bbox 1119 3389 1189 3442; x_wconf 76' lang='grc' dir='ltr'>δὲ</span> <span class='ocrx_word' id='word_1_279' title='bbox 1231 3389 1307 3457; x_wconf 74' lang='grc' dir='ltr'>γῆ</span> <span class='ocrx_word' id='word_1_280' title='bbox 1357 3386 1434 3459; x_wconf 79' lang='grc' dir='ltr'>ἦν</span> <span class='ocrx_word' id='word_1_281' title='bbox 1466 3390 1717 3457; x_wconf 76' lang='grc' dir='ltr'>ἀόρατος</span> <span class='ocrx_word' id='word_1_282' title='bbox 1762 3389 1859 3443; x_wconf 79' lang='grc' dir='ltr'>καί</span> <span class='ocrx_word' id='word_1_283' title='bbox 1911 3390 2125 3443; x_wconf 78' lang='grc' dir='ltr'>ἀκατα-</span> 
     </span>
    </p>
   </div>
   <div class='ocr_carea' id='block_1_37' title="bbox 474 3466 2128 3535">
    <p class='ocr_par' dir='ltr' id='par_1_37' title="bbox 474 3466 2128 3535">
     <span class='ocr_line' id='line_1_37' title="bbox 474 3466 2128 3535; baseline 0.001 -18"><span class='ocrx_word' id='word_1_284' title='bbox 474 3467 841 3530; x_wconf 75' lang='grc' dir='ltr'>σκεύαστος,</span> <span class='ocrx_word' id='word_1_285' title='bbox 886 3467 982 3518; x_wconf 84' lang='grc' dir='ltr'>καί</span> <span class='ocrx_word' id='word_1_286' title='bbox 1039 3466 1155 3533; x_wconf 83' lang='grc' dir='ltr'>τὴν</span> <span class='ocrx_word' id='word_1_287' title='bbox 1215 3467 1411 3521; x_wconf 79' lang='grc' dir='ltr'>αἰτίαν</span> <span class='ocrx_word' id='word_1_288' title='bbox 1473 3466 1864 3535; x_wconf 78' lang='grc' dir='ltr'>προσέθηκεν,</span> <span class='ocrx_word' id='word_1_289' title='bbox 1912 3467 1993 3520; x_wconf 82' lang='grc' dir='ltr'>δτι</span> <span class='ocrx_word' id='word_1_290' title='bbox 2040 3466 2128 3519; x_wconf 81' lang='grc' dir='ltr'>διά</span> 
     </span>
    </p>
   </div>
   <div class='ocr_carea' id='block_1_38' title="bbox 473 3538 2123 3612">
    <p class='ocr_par' dir='ltr' id='par_1_38' title="bbox 473 3538 2123 3612">
     <span class='ocr_line' id='line_1_38' title="bbox 473 3538 2123 3612; baseline 0 -17"><span class='ocrx_word' id='word_1_291' title='bbox 473 3542 631 3596; x_wconf 82' lang='grc' dir='ltr'>τοῦτο</span> <span class='ocrx_word' id='word_1_292' title='bbox 653 3538 719 3612; x_wconf 77' lang='grc' dir='ltr'>ἦν</span> <span class='ocrx_word' id='word_1_293' title='bbox 745 3543 993 3611; x_wconf 77' lang='grc' dir='ltr'>ἀόρατος,</span> <span class='ocrx_word' id='word_1_294' title='bbox 1018 3543 1103 3597; x_wconf 82' lang='grc' dir='ltr'>διὰ</span> <span class='ocrx_word' id='word_1_295' title='bbox 1138 3543 1199 3597; x_wconf 78' lang='grc' dir='ltr'>τὸ</span> <span class='ocrx_word' id='word_1_296' title='bbox 1226 3544 1589 3597; x_wconf 83' lang='grc' dir='ltr'>καλύπτεσθαι</span> <span class='ocrx_word' id='word_1_297' title='bbox 1617 3547 1723 3601; x_wconf 82' lang='grc' dir='ltr'>ὑπὸ</span> <span class='ocrx_word' id='word_1_298' title='bbox 1749 3543 1843 3598; x_wconf 87' lang='grc' dir='ltr'>τοῦ</span> <span class='ocrx_word' id='word_1_299' title='bbox 1883 3544 2123 3607; x_wconf 89' lang='grc' dir='ltr'>σκότους,</span> 
     </span>
    </p>
   </div>
   <div class='ocr_carea' id='block_1_39' title="bbox 476 3620 2128 3694">
    <p class='ocr_par' dir='ltr' id='par_1_39' title="bbox 476 3620 2128 3694">
     <span class='ocr_line' id='line_1_39' title="bbox 476 3620 2128 3694; baseline -0.001 -19"><span class='ocrx_word' id='word_1_300' title='bbox 476 3622 572 3675; x_wconf 74' lang='grc' dir='ltr'>καὶ</span> <span class='ocrx_word' id='word_1_301' title='bbox 596 3622 703 3673; x_wconf 85' lang='grc' dir='ltr'>τῶν</span> <span class='ocrx_word' id='word_1_302' title='bbox 739 3622 944 3675; x_wconf 82' lang='grc' dir='ltr'>ὑδάτων</span> <span class='ocrx_word' id='word_1_303' title='bbox 964 3639 976 3653; x_wconf 93' lang='grc'><strong>·</strong></span> <span class='ocrx_word' id='word_1_304' title='bbox 1020 3623 1163 3691; x_wconf 77' lang='grc' dir='ltr'>ὕδωρ</span> <span class='ocrx_word' id='word_1_305' title='bbox 1190 3624 1296 3694; x_wconf 84' lang='grc' dir='ltr'>γὰρ</span> <span class='ocrx_word' id='word_1_306' title='bbox 1333 3620 1401 3693; x_wconf 82' lang='grc' dir='ltr'>ἡν</span> <span class='ocrx_word' id='word_1_307' title='bbox 1429 3624 1489 3676; x_wconf 83' lang='grc' dir='ltr'>τὸ</span> <span class='ocrx_word' id='word_1_308' title='bbox 1517 3624 1765 3694; x_wconf 74' lang='grc' dir='ltr'>πάν,καὶ</span> <span class='ocrx_word' id='word_1_309' title='bbox 1796 3622 2003 3685; x_wconf 86' lang='grc' dir='ltr'>σκότος,</span> <span class='ocrx_word' id='word_1_310' title='bbox 2033 3622 2128 3675; x_wconf 75' lang='grc' dir='ltr'>καὶ</span> 
     </span>
    </p>
   </div>
   <div class='ocr_carea' id='block_1_40' title="bbox 476 3692 2131 3773">
    <p class='ocr_par' dir='ltr' id='par_1_40' title="bbox 476 3692 2131 3773">
     <span class='ocr_line' id='line_1_40' title="bbox 476 3692 2131 3773; baseline 0.002 -21"><span class='ocrx_word' id='word_1_311' title='bbox 476 3700 628 3752; x_wconf 76' lang='grc' dir='ltr'>οὐδὲν</span> <span class='ocrx_word' id='word_1_312' title='bbox 661 3699 873 3769; x_wconf 77' lang='grc' dir='ltr'>ἕτερον’</span> <span class='ocrx_word' id='word_1_313' title='bbox 908 3696 1025 3753; x_wconf 87' lang='grc' dir='ltr'>εἶτα</span> <span class='ocrx_word' id='word_1_314' title='bbox 1064 3701 1157 3754; x_wconf 82' lang='grc' dir='ltr'>τοῦ</span> <span class='ocrx_word' id='word_1_315' title='bbox 1188 3692 1457 3754; x_wconf 80' lang='grc' dir='ltr'>Δεσπότου</span> <span class='ocrx_word' id='word_1_316' title='bbox 1501 3692 1900 3772; x_wconf 81' lang='grc' dir='ltr'>προστάξαντος</span> <span class='ocrx_word' id='word_1_317' title='bbox 1931 3742 1945 3763; x_wconf 91' lang='grc'>,</span> <span class='ocrx_word' id='word_1_318' title='bbox 1990 3720 2131 3773; x_wconf 85' lang='grc' dir='ltr'>παρ·</span> 
     </span>
    </p>
   </div>
   <div class='ocr_carea' id='block_1_41' title="bbox 477 3775 2131 3850">
    <p class='ocr_par' dir='ltr' id='par_1_41' title="bbox 477 3775 2131 3850">
     <span class='ocr_line' id='line_1_41' title="bbox 477 3775 2131 3850; baseline 0.003 -22"><span class='ocrx_word' id='word_1_319' title='bbox 477 3775 616 3845; x_wconf 85' lang='grc' dir='ltr'>ἡχθη</span> <span class='ocrx_word' id='word_1_320' title='bbox 656 3777 716 3829; x_wconf 82' lang='grc' dir='ltr'>τὸ</span> <span class='ocrx_word' id='word_1_321' title='bbox 761 3777 909 3845; x_wconf 88' lang='grc' dir='ltr'>φῶς,</span> <span class='ocrx_word' id='word_1_322' title='bbox 958 3779 1052 3831; x_wconf 79' lang='grc' dir='ltr'>καὶ</span> <span class='ocrx_word' id='word_1_323' title='bbox 1105 3778 1468 3850; x_wconf 79' lang='grc' dir='ltr'>διαχωρισμὺς</span> <span class='ocrx_word' id='word_1_324' title='bbox 1517 3781 1709 3847; x_wconf 84' lang='grc' dir='ltr'>γέγονε</span> <span class='ocrx_word' id='word_1_325' title='bbox 1754 3790 1776 3821; x_wconf 70' lang='grc' dir='ltr'><strong>ι</strong></span> <span class='ocrx_word' id='word_1_326' title='bbox 1826 3780 1999 3847; x_wconf 82' lang='grc' dir='ltr'>φωτὸς</span> <span class='ocrx_word' id='word_1_327' title='bbox 2038 3784 2131 3835; x_wconf 75' lang='grc' dir='ltr'>καὶ</span> 
     </span>
    </p>
   </div>
   <div class='ocr_carea' id='block_1_42' title="bbox 480 3855 2131 3928">
    <p class='ocr_par' dir='ltr' id='par_1_42' title="bbox 480 3855 2131 3928">
     <span class='ocr_line' id='line_1_42' title="bbox 480 3855 2131 3928; baseline 0.002 -20"><span class='ocrx_word' id='word_1_328' title='bbox 480 3856 732 3917; x_wconf 83' lang='grc' dir='ltr'>σκότους,</span> <span class='ocrx_word' id='word_1_329' title='bbox 782 3857 877 3909; x_wconf 76' lang='grc' dir='ltr'>καὶ</span> <span class='ocrx_word' id='word_1_330' title='bbox 930 3856 993 3909; x_wconf 79' lang='grc' dir='ltr'>τὸ</span> <span class='ocrx_word' id='word_1_331' title='bbox 1052 3856 1149 3927; x_wconf 84' lang='grc' dir='ltr'>μὲν</span> <span class='ocrx_word' id='word_1_332' title='bbox 1186 3855 1285 3928; x_wconf 80' lang='grc' dir='ltr'>τὴν</span> <span class='ocrx_word' id='word_1_333' title='bbox 1346 3858 1444 3925; x_wconf 78' lang='grc' dir='ltr'>τῆς</span> <span class='ocrx_word' id='word_1_334' title='bbox 1496 3857 1709 3928; x_wconf 73' lang='grc' dir='ltr'>ἡμέρας</span> <span class='ocrx_word' id='word_1_335' title='bbox 1762 3859 2131 3927; x_wconf 84' lang='grc' dir='ltr'>προσηγορίαν</span> 
     </span>
    </p>
   </div>
   <div class='ocr_carea' id='block_1_43' title="bbox 477 3933 2131 4006">
    <p class='ocr_par' dir='ltr' id='par_1_43' title="bbox 477 3933 2131 4006">
     <span class='ocr_line' id='line_1_43' title="bbox 477 3933 2131 4006; baseline 0.004 -22"><span class='ocrx_word' id='word_1_336' title='bbox 477 3933 655 3995; x_wconf 73' lang='grc' dir='ltr'>ἔλαϐε,</span> <span class='ocrx_word' id='word_1_337' title='bbox 683 3933 743 3987; x_wconf 78' lang='grc' dir='ltr'>τὸ</span> <span class='ocrx_word' id='word_1_338' title='bbox 788 3934 845 3987; x_wconf 78' lang='grc' dir='ltr'>δὲ</span> <span class='ocrx_word' id='word_1_339' title='bbox 873 3936 971 4005; x_wconf 84' lang='grc' dir='ltr'>τὴν</span> <span class='ocrx_word' id='word_1_340' title='bbox 1018 3935 1115 4004; x_wconf 83' lang='grc' dir='ltr'>τῆς</span> <span class='ocrx_word' id='word_1_341' title='bbox 1149 3935 1341 3997; x_wconf 77' lang='grc' dir='ltr'>νυκτὸς</span> <span class='ocrx_word' id='word_1_342' title='bbox 1368 3934 1616 4000; x_wconf 75' lang='grc' dir='ltr'>ἐδέξατοο</span> <span class='ocrx_word' id='word_1_343' title='bbox 1662 3934 1821 3988; x_wconf 83' lang='grc' dir='ltr'>πάλιν</span> <span class='ocrx_word' id='word_1_344' title='bbox 1868 3937 2015 4006; x_wconf 74' lang='grc' dir='ltr'>ἡμᾶς</span> <span class='ocrx_word' id='word_1_345' title='bbox 2053 3937 2131 3991; x_wconf 78' lang='grc' dir='ltr'>διο</span> 
     </span>
    </p>
   </div>
   <div class='ocr_carea' id='block_1_44' title="bbox 474 4009 2132 4083">
    <p class='ocr_par' dir='ltr' id='par_1_44' title="bbox 474 4009 2132 4083">
     <span class='ocr_line' id='line_1_44' title="bbox 474 4009 2132 4083; baseline 0.003 -22"><span class='ocrx_word' id='word_1_346' title='bbox 474 4009 630 4073; x_wconf 84' lang='grc' dir='ltr'>δάξαι</span> <span class='ocrx_word' id='word_1_347' title='bbox 674 4009 948 4080; x_wconf 84' lang='grc' dir='ltr'>βούλεται,</span> <span class='ocrx_word' id='word_1_348' title='bbox 995 4012 1076 4065; x_wconf 84' lang='grc' dir='ltr'>ὅτι</span> <span class='ocrx_word' id='word_1_349' title='bbox 1124 4011 1312 4081; x_wconf 83' lang='grc' dir='ltr'>ὥσπερ</span> <span class='ocrx_word' id='word_1_350' title='bbox 1355 4010 1416 4064; x_wconf 83' lang='grc' dir='ltr'>τὸ</span> <span class='ocrx_word' id='word_1_351' title='bbox 1465 4012 1653 4076; x_wconf 84' lang='grc' dir='ltr'>σκότος</span> <span class='ocrx_word' id='word_1_352' title='bbox 1686 4013 1849 4065; x_wconf 88' lang='grc' dir='ltr'>διεῖλε</span> <span class='ocrx_word' id='word_1_353' title='bbox 1900 4014 1961 4066; x_wconf 80' lang='grc' dir='ltr'>τὺ</span> <span class='ocrx_word' id='word_1_354' title='bbox 2017 4015 2132 4083; x_wconf 85' lang='grc' dir='ltr'>φῶς</span> 
     </span>
    </p>
   </div>
   <div class='ocr_carea' id='block_1_45' title="bbox 480 4088 2133 4160">
    <p class='ocr_par' dir='ltr' id='par_1_45' title="bbox 480 4088 2133 4160">
     <span class='ocr_line' id='line_1_45' title="bbox 480 4088 2133 4160; baseline 0 -19"><span class='ocrx_word' id='word_1_355' title='bbox 480 4088 834 4159; x_wconf 87' lang='grc' dir='ltr'>παραγαγὼν,</span> <span class='ocrx_word' id='word_1_356' title='bbox 874 4091 968 4143; x_wconf 83' lang='grc' dir='ltr'>καὶ</span> <span class='ocrx_word' id='word_1_357' title='bbox 1016 4091 1228 4158; x_wconf 76' lang='grc' dir='ltr'>ἑκάστῳ</span> <span class='ocrx_word' id='word_1_358' title='bbox 1256 4088 1354 4155; x_wconf 86' lang='grc' dir='ltr'>τὴν</span> <span class='ocrx_word' id='word_1_359' title='bbox 1384 4088 1727 4157; x_wconf 74' lang='grc' dir='ltr'>ἁρμόζουσαν</span> <span class='ocrx_word' id='word_1_360' title='bbox 1765 4089 2133 4160; x_wconf 85' lang='grc' dir='ltr'>προσηγορίαν</span> 
     </span>
    </p>
   </div>
   <div class='ocr_carea' id='block_1_46' title="bbox 480 4166 2134 4238">
    <p class='ocr_par' dir='ltr' id='par_1_46' title="bbox 480 4166 2134 4238">
     <span class='ocr_line' id='line_1_46' title="bbox 480 4166 2134 4238; baseline 0.001 -18"><span class='ocrx_word' id='word_1_361' title='bbox 480 4167 769 4237; x_wconf 64' lang='grc' dir='ltr'>ἐπέθηκεν,</span> <span class='ocrx_word' id='word_1_362' title='bbox 794 4167 933 4221; x_wconf 85' lang='grc' dir='ltr'>οὑτω</span> <span class='ocrx_word' id='word_1_363' title='bbox 956 4168 1049 4221; x_wconf 73' lang='grc' dir='ltr'>καὶ</span> <span class='ocrx_word' id='word_1_364' title='bbox 1072 4168 1132 4220; x_wconf 74' lang='grc' dir='ltr'>τὸ</span> <span class='ocrx_word' id='word_1_365' title='bbox 1160 4166 1360 4237; x_wconf 84' lang='grc' dir='ltr'>πλῆθος</span> <span class='ocrx_word' id='word_1_366' title='bbox 1384 4167 1489 4219; x_wconf 88' lang='grc' dir='ltr'>τῶν</span> <span class='ocrx_word' id='word_1_367' title='bbox 1518 4166 1724 4221; x_wconf 83' lang='grc' dir='ltr'>ὑδάτων</span> <span class='ocrx_word' id='word_1_368' title='bbox 1753 4168 2134 4238; x_wconf 86' lang='grc' dir='ltr'>προστάγματι</span> 
     </span>
    </p>
   </div>
   <div class='ocr_carea' id='block_1_47' title="bbox 476 4246 696 4299">
    <p class='ocr_par' dir='ltr' id='par_1_47' title="bbox 476 4246 696 4299">
     <span class='ocr_line' id='line_1_47' title="bbox 476 4246 696 4299; baseline 0.005 -1"><span class='ocrx_word' id='word_1_369' title='bbox 476 4246 696 4299; x_wconf 78' lang='grc' dir='ltr'>διαιρεῖ.</span> 
     </span>
    </p>
   </div>
   <div class='ocr_carea' id='block_1_48' title="bbox 548 4264 2135 4395">
    <p class='ocr_par' dir='ltr' id='par_1_48' title="bbox 548 4264 2135 4395">
     <span class='ocr_line' id='line_1_48' title="bbox 548 4264 2135 4395; baseline 0.001 -19"><span class='ocrx_word' id='word_1_370' title='bbox 548 4264 747 4393; x_wconf 47' lang='grc' dir='ltr'>ζ’ῗῗὲαὶ</span> <span class='ocrx_word' id='word_1_371' title='bbox 777 4324 877 4395; x_wconf 84' lang='grc' dir='ltr'>ὅρα</span> <span class='ocrx_word' id='word_1_372' title='bbox 896 4323 1120 4393; x_wconf 77' lang='grc' dir='ltr'>δύναμιν</span> <span class='ocrx_word' id='word_1_373' title='bbox 1136 4321 1360 4392; x_wconf 77' lang='grc' dir='ltr'>ἄφατον,</span> <span class='ocrx_word' id='word_1_374' title='bbox 1392 4322 1485 4376; x_wconf 78' lang='grc' dir='ltr'>καὶ</span> <span class='ocrx_word' id='word_1_375' title='bbox 1510 4322 1686 4376; x_wconf 86' lang='grc' dir='ltr'>πάντα</span> <span class='ocrx_word' id='word_1_376' title='bbox 1701 4320 2036 4393; x_wconf 87' lang='grc' dir='ltr'>ἀνθρώπινον</span> <span class='ocrx_word' id='word_1_377' title='bbox 2048 4323 2135 4377; x_wconf 89' lang='grc' dir='ltr'>λο-</span> 
     </span>
    </p>
   </div>
   <div class='ocr_carea' id='block_1_49' title="bbox 480 4399 2134 4473">
    <p class='ocr_par' dir='ltr' id='par_1_49' title="bbox 480 4399 2134 4473">
     <span class='ocr_line' id='line_1_49' title="bbox 480 4399 2134 4473; baseline -0.001 -18"><span class='ocrx_word' id='word_1_378' title='bbox 480 4402 676 4473; x_wconf 74' lang='grc' dir='ltr'>γισμὸν</span> <span class='ocrx_word' id='word_1_379' title='bbox 710 4401 1157 4470; x_wconf 87' lang='grc' dir='ltr'>ὑπερϐαίνουσαν.</span> <span class='ocrx_word' id='word_1_380' title='bbox 1197 4399 1421 4453; x_wconf 78' lang='grc' dir='ltr'>Κελεύει</span> <span class='ocrx_word' id='word_1_381' title='bbox 1461 4400 1569 4469; x_wconf 82' lang='grc' dir='ltr'>γὰρ</span> <span class='ocrx_word' id='word_1_382' title='bbox 1610 4400 1788 4469; x_wconf 89' lang='grc' dir='ltr'>μόνον,</span> <span class='ocrx_word' id='word_1_383' title='bbox 1820 4402 1911 4456; x_wconf 76' lang='grc' dir='ltr'>καὶ</span> <span class='ocrx_word' id='word_1_384' title='bbox 1940 4402 2001 4454; x_wconf 86' lang='grc' dir='ltr'>τὸ</span> <span class='ocrx_word' id='word_1_385' title='bbox 2035 4401 2134 4471; x_wconf 79' lang='grc' dir='ltr'>μὲν</span> 
     </span>
    </p>
   </div>
   <div class='ocr_carea' id='block_1_50' title="bbox 480 4477 2135 4551">
    <p class='ocr_par' dir='ltr' id='par_1_50' title="bbox 480 4477 2135 4551">
     <span class='ocr_line' id='line_1_50' title="bbox 480 4477 2135 4551; baseline 0 -18"><span class='ocrx_word' id='word_1_386' title='bbox 480 4483 794 4551; x_wconf 71' lang='grc' dir='ltr'>παράγεται</span> <span class='ocrx_word' id='word_1_387' title='bbox 827 4478 855 4517; x_wconf 75' lang='grc' dir='ltr'>(ι</span> <span class='ocrx_word' id='word_1_388' title='bbox 902 4477 1011 4531; x_wconf 89' lang='grc' dir='ltr'>τῶν</span> <span class='ocrx_word' id='word_1_389' title='bbox 1062 4478 1359 4547; x_wconf 76' lang='grc' dir='ltr'>στοιχείων,</span> <span class='ocrx_word' id='word_1_390' title='bbox 1408 4478 1471 4531; x_wconf 79' lang='grc' dir='ltr'>τὸ</span> <span class='ocrx_word' id='word_1_391' title='bbox 1522 4479 1580 4531; x_wconf 81' lang='grc' dir='ltr'>δὲ</span> <span class='ocrx_word' id='word_1_392' title='bbox 1633 4482 1973 4549; x_wconf 89' lang='grc' dir='ltr'>παραχωρεῖ.</span> <span class='ocrx_word' id='word_1_393' title='bbox 2025 4480 2135 4533; x_wconf 76' lang='lat' dir='ltr'>Kal</span> 
     </span>
    </p>
   </div>
   <div class='ocr_carea' id='block_1_51' title="bbox 480 4556 2137 4628">
    <p class='ocr_par' dir='ltr' id='par_1_51' title="bbox 480 4556 2137 4628">
     <span class='ocr_line' id='line_1_51' title="bbox 480 4556 2137 4628; baseline -0.001 -15"><span class='ocrx_word' id='word_1_394' title='bbox 480 4556 631 4624; x_wconf 74' lang='grc' dir='ltr'>εἶπε,</span> <span class='ocrx_word' id='word_1_395' title='bbox 670 4558 855 4628; x_wconf 76' lang='grc' dir='ltr'>φησὶν,</span> <span class='ocrx_word' id='word_1_396' title='bbox 899 4560 931 4610; x_wconf 84' lang='grc' dir='ltr'>ό</span> <span class='ocrx_word' id='word_1_397' title='bbox 973 4556 1133 4622; x_wconf 84' lang='grc' dir='ltr'>Θεὸς,</span> <span class='ocrx_word' id='word_1_398' title='bbox 1185 4557 1499 4623; x_wconf 75' lang='grc' dir='ltr'>Γενηθήτω</span> <span class='ocrx_word' id='word_1_399' title='bbox 1540 4557 1839 4626; x_wconf 79' lang='grc' dir='ltr'>στερέωμα</span> <span class='ocrx_word' id='word_1_400' title='bbox 1866 4558 1933 4610; x_wconf 78' lang='grc' dir='ltr'>ἐν</span> <span class='ocrx_word' id='word_1_401' title='bbox 1968 4557 2137 4626; x_wconf 82' lang='grc' dir='ltr'>μέσῳ</span> 
     </span>
    </p>
   </div>
   <div class='ocr_carea' id='block_1_52' title="bbox 480 4634 2135 4703">
    <p class='ocr_par' dir='ltr' id='par_1_52' title="bbox 480 4634 2135 4703">
     <span class='ocr_line' id='line_1_52' title="bbox 480 4634 2135 4703; baseline -0.001 -13"><span class='ocrx_word' id='word_1_402' title='bbox 480 4636 589 4690; x_wconf 76' lang='grc' dir='ltr'>τοῦ</span> <span class='ocrx_word' id='word_1_403' title='bbox 625 4636 858 4699; x_wconf 85' lang='grc' dir='ltr'>ὕδατος,</span> <span class='ocrx_word' id='word_1_404' title='bbox 892 4635 986 4687; x_wconf 82' lang='grc' dir='ltr'>καί</span> <span class='ocrx_word' id='word_1_405' title='bbox 1025 4634 1179 4688; x_wconf 74' lang='grc' dir='ltr'>ἔστω</span> <span class='ocrx_word' id='word_1_406' title='bbox 1206 4634 1551 4703; x_wconf 77' lang='grc' dir='ltr'>διαχωρίζΟν</span> <span class='ocrx_word' id='word_1_407' title='bbox 1585 4634 1890 4703; x_wconf 79' lang='grc' dir='ltr'>ἀναμέσον</span> <span class='ocrx_word' id='word_1_408' title='bbox 1919 4636 2135 4701; x_wconf 81' lang='grc' dir='ltr'>ὕδατος</span> 
     </span>
    </p>
   </div>
   <div class='ocr_carea' id='block_1_53' title="bbox 484 4711 2133 4781">
    <p class='ocr_par' dir='ltr' id='par_1_53' title="bbox 484 4711 2133 4781">
     <span class='ocr_line' id='line_1_53' title="bbox 484 4711 2133 4781; baseline -0.001 -14"><span class='ocrx_word' id='word_1_409' title='bbox 484 4712 583 4767; x_wconf 87' lang='grc' dir='ltr'>καί</span> <span class='ocrx_word' id='word_1_410' title='bbox 616 4713 851 4777; x_wconf 79' lang='grc' dir='ltr'>ὕδατος.</span> <span class='ocrx_word' id='word_1_411' title='bbox 897 4712 963 4763; x_wconf 89' lang='grc' dir='ltr'>Τί</span> <span class='ocrx_word' id='word_1_412' title='bbox 1010 4713 1152 4775; x_wconf 81' lang='grc' dir='ltr'>ὲστι,</span> <span class='ocrx_word' id='word_1_413' title='bbox 1197 4711 1514 4780; x_wconf 80' lang='grc' dir='ltr'>Γενηθήτω</span> <span class='ocrx_word' id='word_1_414' title='bbox 1562 4712 1900 4781; x_wconf 81' lang='grc' dir='ltr'>στερέωμα;</span> <span class='ocrx_word' id='word_1_415' title='bbox 1938 4713 2023 4775; x_wconf 82' lang='grc' dir='ltr'>Ὠς</span> <span class='ocrx_word' id='word_1_416' title='bbox 2068 4713 2133 4766; x_wconf 83' lang='grc' dir='ltr'>ἂν</span> 
     </span>
    </p>
   </div>
   <div class='ocr_carea' id='block_1_54' title="bbox 483 4789 2131 4862">
    <p class='ocr_par' dir='ltr' id='par_1_54' title="bbox 483 4789 2131 4862">
     <span class='ocr_line' id='line_1_54' title="bbox 483 4789 2131 4862; baseline -0.001 -18"><span class='ocrx_word' id='word_1_417' title='bbox 483 4791 627 4845; x_wconf 82' lang='grc' dir='ltr'>εἰποι</span> <span class='ocrx_word' id='word_1_418' title='bbox 658 4807 741 4852; x_wconf 90' lang='grc' dir='ltr'>τις</span> <span class='ocrx_word' id='word_1_419' title='bbox 768 4789 982 4861; x_wconf 84' lang='grc' dir='ltr'>γλώττῃ</span> <span class='ocrx_word' id='word_1_420' title='bbox 1015 4789 1348 4861; x_wconf 89' lang='grc' dir='ltr'>ἀνθρωπίνῃ,</span> <span class='ocrx_word' id='word_1_421' title='bbox 1378 4790 1577 4859; x_wconf 82' lang='grc' dir='ltr'>τειχίον</span> <span class='ocrx_word' id='word_1_422' title='bbox 1609 4807 1661 4842; x_wconf 87' lang='grc' dir='ltr'>τι</span> <span class='ocrx_word' id='word_1_423' title='bbox 1687 4790 1779 4843; x_wconf 82' lang='grc' dir='ltr'>καὶ</span> <span class='ocrx_word' id='word_1_424' title='bbox 1806 4790 2131 4862; x_wconf 83' lang='grc' dir='ltr'>διάφραγμα</span> 
     </span>
    </p>
   </div>
   <div class='ocr_carea' id='block_1_55' title="bbox 480 4869 2135 4943">
    <p class='ocr_par' dir='ltr' id='par_1_55' title="bbox 480 4869 2135 4943">
     <span class='ocr_line' id='line_1_55' title="bbox 480 4869 2135 4943; baseline 0.001 -19"><span class='ocrx_word' id='word_1_425' title='bbox 480 4869 725 4943; x_wconf 82' lang='grc' dir='ltr'>διαιροῦν</span> <span class='ocrx_word' id='word_1_426' title='bbox 759 4872 984 4943; x_wconf 82' lang='grc' dir='ltr'>μεταξὺ.</span> <span class='ocrx_word' id='word_1_427' title='bbox 1026 4874 1120 4926; x_wconf 72' lang='grc' dir='ltr'>καὶ</span> <span class='ocrx_word' id='word_1_428' title='bbox 1148 4872 1422 4943; x_wconf 79' lang='grc' dir='ltr'>χωρισμὸν</span> <span class='ocrx_word' id='word_1_429' title='bbox 1458 4870 1850 4941; x_wconf 78' lang='grc' dir='ltr'>ἐργαζόμενον.</span> <span class='ocrx_word' id='word_1_430' title='bbox 1896 4874 2005 4926; x_wconf 73' lang='grc' dir='ltr'>Καὶ</span> <span class='ocrx_word' id='word_1_431' title='bbox 2047 4874 2135 4927; x_wconf 74' lang='grc' dir='ltr'>ἵνα</span> 
     </span>
    </p>
   </div>
   <div class='ocr_carea' id='block_1_56' title="bbox 487 4950 2134 5023">
    <p class='ocr_par' dir='ltr' id='par_1_56' title="bbox 487 4950 2134 5023">
     <span class='ocr_line' id='line_1_56' title="bbox 487 4950 2134 5023; baseline 0.001 -20"><span class='ocrx_word' id='word_1_432' title='bbox 487 4952 665 5022; x_wconf 81' lang='grc' dir='ltr'>μάθῃς</span> <span class='ocrx_word' id='word_1_433' title='bbox 714 4952 812 5023; x_wconf 79' lang='grc' dir='ltr'>τὴν</span> <span class='ocrx_word' id='word_1_434' title='bbox 859 4951 1058 5021; x_wconf 85' lang='grc' dir='ltr'>πολλὴν</span> <span class='ocrx_word' id='word_1_435' title='bbox 1103 4952 1345 5020; x_wconf 77' lang='grc' dir='ltr'>ὑπακοὴν</span> <span class='ocrx_word' id='word_1_436' title='bbox 1384 4951 1490 5002; x_wconf 87' lang='grc' dir='ltr'>τῶν</span> <span class='ocrx_word' id='word_1_437' title='bbox 1539 4950 1834 5021; x_wconf 83' lang='grc' dir='ltr'>στοιχείων,</span> <span class='ocrx_word' id='word_1_438' title='bbox 1887 4951 1981 5004; x_wconf 78' lang='grc' dir='ltr'>καὶ</span> <span class='ocrx_word' id='word_1_439' title='bbox 2035 4952 2134 5021; x_wconf 80' lang='grc' dir='ltr'>τὴν</span> 
     </span>
    </p>
   </div>
   <div class='ocr_carea' id='block_1_57' title="bbox 485 5028 2133 5101">
    <p class='ocr_par' dir='ltr' id='par_1_57' title="bbox 485 5028 2133 5101">
     <span class='ocr_line' id='line_1_57' title="bbox 485 5028 2133 5101; baseline -0.001 -17"><span class='ocrx_word' id='word_1_440' title='bbox 485 5031 925 5101; x_wconf 81' lang='grc' dir='ltr'>ὑπερϐάλλουσαν</span> <span class='ocrx_word' id='word_1_441' title='bbox 975 5029 1199 5100; x_wconf 89' lang='grc' dir='ltr'>δύναμιν</span> <span class='ocrx_word' id='word_1_442' title='bbox 1253 5029 1348 5083; x_wconf 86' lang='grc' dir='ltr'>τοῦ</span> <span class='ocrx_word' id='word_1_443' title='bbox 1396 5028 1760 5100; x_wconf 78' lang='grc' dir='ltr'>δημιουργοῦ,</span> <span class='ocrx_word' id='word_1_444' title='bbox 1812 5028 1977 5099; x_wconf 74' lang='grc' dir='ltr'>φησί’</span> <span class='ocrx_word' id='word_1_445' title='bbox 2026 5028 2133 5083; x_wconf 78' lang='grc' dir='ltr'>Καί</span> 
     </span>
    </p>
   </div>
   <div class='ocr_carea' id='block_1_58' title="bbox 485 5104 2130 5179">
    <p class='ocr_par' dir='ltr' id='par_1_58' title="bbox 485 5104 2130 5179">
     <span class='ocr_line' id='line_1_58' title="bbox 485 5104 2130 5179; baseline 0 -17"><span class='ocrx_word' id='word_1_446' title='bbox 485 5109 721 5177; x_wconf 68' lang='grc' dir='ltr'>ἐγένετο</span> <span class='ocrx_word' id='word_1_447' title='bbox 750 5109 955 5174; x_wconf 84' lang='grc' dir='ltr'>οὕτως.</span> <span class='ocrx_word' id='word_1_448' title='bbox 992 5104 1126 5163; x_wconf 79' lang='grc' dir='ltr'>Εἰπε</span> <span class='ocrx_word' id='word_1_449' title='bbox 1162 5108 1342 5179; x_wconf 88' lang='grc' dir='ltr'>μόνον,</span> <span class='ocrx_word' id='word_1_450' title='bbox 1379 5108 1471 5162; x_wconf 79' lang='grc' dir='ltr'>καὶ</span> <span class='ocrx_word' id='word_1_451' title='bbox 1499 5108 1560 5160; x_wconf 78' lang='grc' dir='ltr'>τὸ</span> <span class='ocrx_word' id='word_1_452' title='bbox 1593 5106 1750 5176; x_wconf 74' lang='grc' dir='ltr'>ἔργον</span> <span class='ocrx_word' id='word_1_453' title='bbox 1780 5108 2130 5178; x_wconf 74' lang='grc' dir='ltr'>ἠκολούθησε.</span> 
     </span>
    </p>
   </div>
   <div class='ocr_carea' id='block_1_59' title="bbox 489 5184 2137 5256">
    <p class='ocr_par' dir='ltr' id='par_1_59' title="bbox 489 5184 2137 5256">
     <span class='ocr_line' id='line_1_59' title="bbox 489 5184 2137 5256; baseline -0.001 -16"><span class='ocrx_word' id='word_1_454' title='bbox 489 5186 597 5240; x_wconf 78' lang='grc' dir='ltr'>Καὶ</span> <span class='ocrx_word' id='word_1_455' title='bbox 630 5186 896 5252; x_wconf 80' lang='grc' dir='ltr'>ἐποίησε,</span> <span class='ocrx_word' id='word_1_456' title='bbox 922 5187 1104 5256; x_wconf 77' lang='grc' dir='ltr'>φησὶν,</span> <span class='ocrx_word' id='word_1_457' title='bbox 1134 5190 1165 5239; x_wconf 85' lang='grc' dir='ltr'>ό</span> <span class='ocrx_word' id='word_1_458' title='bbox 1200 5186 1341 5251; x_wconf 87' lang='grc' dir='ltr'>Θεὸς</span> <span class='ocrx_word' id='word_1_459' title='bbox 1373 5186 1437 5256; x_wconf 81' lang='grc' dir='ltr'>τὸ</span> <span class='ocrx_word' id='word_1_460' title='bbox 1464 5184 1785 5252; x_wconf 81' lang='grc' dir='ltr'>στερέωμα.</span> <span class='ocrx_word' id='word_1_461' title='bbox 1816 5188 1911 5239; x_wconf 85' lang='grc' dir='ltr'>καί</span> <span class='ocrx_word' id='word_1_462' title='bbox 1939 5186 2137 5255; x_wconf 81' lang='grc' dir='ltr'>διεχώ-</span> 
     </span>
    </p>
   </div>
   <div class='ocr_carea' id='block_1_60' title="bbox 483 5254 2136 5333">
    <p class='ocr_par' dir='ltr' id='par_1_60' title="bbox 483 5254 2136 5333">
     <span class='ocr_line' id='line_1_60' title="bbox 483 5254 2136 5333; baseline 0.002 -20"><span class='ocrx_word' id='word_1_463' title='bbox 483 5279 656 5331; x_wconf 77' lang='grc' dir='ltr'>ρισεν</span> <span class='ocrx_word' id='word_1_464' title='bbox 692 5266 725 5316; x_wconf 79' lang='grc' dir='ltr'><em>ὁ</em></span> <span class='ocrx_word' id='word_1_465' title='bbox 755 5262 897 5327; x_wconf 86' lang='grc' dir='ltr'>Θεὸς</span> <span class='ocrx_word' id='word_1_466' title='bbox 933 5254 1238 5333; x_wconf 80' lang='grc' dir='ltr'>ἀναμέσον</span> <span class='ocrx_word' id='word_1_467' title='bbox 1265 5262 1371 5317; x_wconf 88' lang='grc' dir='ltr'>τοῦ</span> <span class='ocrx_word' id='word_1_468' title='bbox 1408 5254 1645 5328; x_wconf 77' lang='grc' dir='ltr'>ὕδατος,</span> <span class='ocrx_word' id='word_1_469' title='bbox 1678 5262 1709 5315; x_wconf 82' lang='grc' dir='ltr'>δ</span> <span class='ocrx_word' id='word_1_470' title='bbox 1742 5258 1819 5331; x_wconf 82' lang='grc' dir='ltr'>ἦν</span> <span class='ocrx_word' id='word_1_471' title='bbox 1860 5254 2136 5319; x_wconf 74' lang='grc' dir='ltr'>ὑποκάτω</span> 
     </span>
    </p>
   </div>
   <div class='ocr_carea' id='block_1_61' title="bbox 489 5337 2136 5411">
    <p class='ocr_par' dir='ltr' id='par_1_61' title="bbox 489 5337 2136 5411">
     <span class='ocr_line' id='line_1_61' title="bbox 489 5337 2136 5411; baseline 0.002 -17"><span class='ocrx_word' id='word_1_472' title='bbox 489 5337 595 5395; x_wconf 80' lang='grc' dir='ltr'>τοῦ</span> <span class='ocrx_word' id='word_1_473' title='bbox 642 5343 1073 5411; x_wconf 85' lang='grc' dir='ltr'>στερεώματος,</span> <span class='ocrx_word' id='word_1_474' title='bbox 1120 5344 1215 5397; x_wconf 72' lang='grc' dir='ltr'>καί</span> <span class='ocrx_word' id='word_1_475' title='bbox 1249 5341 1554 5410; x_wconf 80' lang='grc' dir='ltr'>ἀνσμέσον</span> <span class='ocrx_word' id='word_1_476' title='bbox 1606 5340 1709 5395; x_wconf 81' lang='grc' dir='ltr'>τοῦ</span> <span class='ocrx_word' id='word_1_477' title='bbox 1766 5343 1978 5410; x_wconf 79' lang='grc' dir='ltr'>ὕδατος</span> <span class='ocrx_word' id='word_1_478' title='bbox 2031 5344 2136 5398; x_wconf 87' lang='grc' dir='ltr'>τοῦ</span> 
     </span>
    </p>
   </div>
   <div class='ocr_carea' id='block_1_62' title="bbox 489 5418 2135 5488">
    <p class='ocr_par' dir='ltr' id='par_1_62' title="bbox 489 5418 2135 5488">
     <span class='ocr_line' id='line_1_62' title="bbox 489 5418 2135 5488; baseline 0.001 -17"><span class='ocrx_word' id='word_1_479' title='bbox 489 5418 690 5471; x_wconf 76' lang='grc' dir='ltr'>ἐπάνω</span> <span class='ocrx_word' id='word_1_480' title='bbox 719 5419 824 5472; x_wconf 85' lang='grc' dir='ltr'>τοῦ</span> <span class='ocrx_word' id='word_1_481' title='bbox 870 5420 1287 5487; x_wconf 81' lang='grc' dir='ltr'>στερεώματος.</span> <span class='ocrx_word' id='word_1_482' title='bbox 1333 5420 1643 5487; x_wconf 77' lang='grc' dir='ltr'>Γενομένου,</span> <span class='ocrx_word' id='word_1_483' title='bbox 1678 5420 1839 5488; x_wconf 73' lang='grc' dir='ltr'>φησὶ,</span> <span class='ocrx_word' id='word_1_484' title='bbox 1883 5420 1975 5473; x_wconf 86' lang='grc' dir='ltr'>τοῦ</span> <span class='ocrx_word' id='word_1_485' title='bbox 2013 5438 2135 5473; x_wconf 83' lang='grc' dir='ltr'>στε-</span> 
     </span>
    </p>
   </div>
   <div class='ocr_carea' id='block_1_63' title="bbox 495 5495 2135 5569">
    <p class='ocr_par' dir='ltr' id='par_1_63' title="bbox 495 5495 2135 5569">
     <span class='ocr_line' id='line_1_63' title="bbox 495 5495 2135 5569; baseline 0.002 -22"><span class='ocrx_word' id='word_1_486' title='bbox 495 5496 794 5566; x_wconf 88' lang='grc' dir='ltr'>ρεώματος,</span> <span class='ocrx_word' id='word_1_487' title='bbox 818 5497 886 5550; x_wconf 75' lang='grc' dir='ltr'>τὰ</span> <span class='ocrx_word' id='word_1_488' title='bbox 922 5497 1019 5566; x_wconf 83' lang='grc' dir='ltr'>μὲν</span> <span class='ocrx_word' id='word_1_489' title='bbox 1045 5496 1153 5551; x_wconf 89' lang='grc' dir='ltr'>τῶν</span> <span class='ocrx_word' id='word_1_490' title='bbox 1182 5495 1386 5550; x_wconf 74' lang='grc' dir='ltr'>ὑδάτων</span> <span class='ocrx_word' id='word_1_491' title='bbox 1420 5496 1751 5565; x_wconf 77' lang='grc' dir='ltr'>προσέταξεν</span> <span class='ocrx_word' id='word_1_492' title='bbox 1778 5497 1878 5550; x_wconf 88' lang='grc' dir='ltr'>ὑπὸ</span> <span class='ocrx_word' id='word_1_493' title='bbox 1905 5496 2018 5569; x_wconf 76' lang='grc'>[25]</span> <span class='ocrx_word' id='word_1_494' title='bbox 2042 5498 2135 5551; x_wconf 89' lang='grc' dir='ltr'>τοῦ</span> 
     </span>
    </p>
   </div>
   <div class='ocr_carea' id='block_1_64' title="bbox 556 5596 2138 5657">
    <p class='ocr_par' dir='ltr' id='par_1_64' title="bbox 556 5596 2138 5657">
     <span class='ocr_line' id='line_1_64' title="bbox 556 5596 2138 5657; baseline 0.001 -11"><span class='ocrx_word' id='word_1_495' title='bbox 556 5600 581 5627; x_wconf 75' lang='grc'><strong>⁸</strong></span> <span class='ocrx_word' id='word_1_496' title='bbox 607 5599 702 5647; x_wconf 76' lang='lat' dir='ltr'>Sex</span> <span class='ocrx_word' id='word_1_497' title='bbox 728 5612 843 5647; x_wconf 83' lang='lat' dir='ltr'>mss.</span> <span class='ocrx_word' id='word_1_498' title='bbox 867 5604 921 5647; x_wconf 77' lang='lat' dir='ltr'>el</span> <span class='ocrx_word' id='word_1_499' title='bbox 943 5598 1089 5647; x_wconf 78' lang='lat' dir='ltr'>Savil.</span> <span class='ocrx_word' id='word_1_500' title='bbox 1115 5605 1198 5657; x_wconf 83' lang='grc' dir='ltr'>τῆς</span> <span class='ocrx_word' id='word_1_501' title='bbox 1221 5596 1439 5646; x_wconf 80' lang='grc' dir='ltr'>ἐντεῦθεν.</span> <span class='ocrx_word' id='word_1_502' title='bbox 1469 5596 1639 5645; x_wconf 77' lang='lat' dir='ltr'><strong>Morel.</strong></span> <span class='ocrx_word' id='word_1_503' title='bbox 1666 5603 1749 5655; x_wconf 78' lang='grc' dir='ltr'>τῆς</span> <span class='ocrx_word' id='word_1_504' title='bbox 1773 5599 1959 5647; x_wconf 77' lang='grc' dir='ltr'>ἐκεῖθεν.</span> <span class='ocrx_word' id='word_1_505' title='bbox 1986 5599 2138 5649; x_wconf 82' lang='lat' dir='ltr'>Paulo</span> 
     </span>
    </p>
   </div>
   <div class='ocr_carea' id='block_1_65' title="bbox 494 5658 2118 5781">
    <p class='ocr_par' dir='ltr' id='par_1_65' title="bbox 494 5658 2118 5781">
     <span class='ocr_line' id='line_1_65' title="bbox 494 5658 2118 5721; baseline 0 -14"><span class='ocrx_word' id='word_1_506' title='bbox 494 5672 557 5721; x_wconf 81' lang='grc' dir='ltr'>ρο</span> <span class='ocrx_word' id='word_1_507' title='bbox 574 5665 603 5707; x_wconf 68' lang='grc' dir='ltr'>αἰ</span> <span class='ocrx_word' id='word_1_508' title='bbox 613 5659 807 5710; x_wconf 81' lang='lat' dir='ltr'>Coislin.</span> <span class='ocrx_word' id='word_1_509' title='bbox 821 5659 877 5707; x_wconf 83' lang='grc' dir='ltr'>τά</span> <span class='ocrx_word' id='word_1_510' title='bbox 886 5660 1131 5721; x_wconf 80' lang='grc' dir='ltr'>πράγματα</span> <span class='ocrx_word' id='word_1_511' title='bbox 1142 5658 2118 5721; x_wconf 50' lang='grc' dir='ltr'>διαχειριζὼμεθαὸενίί,μεταχειριζώμεθα</span> 
     </span>
     <span class='ocr_line' id='line_1_66' title="bbox 554 5718 2073 5781; baseline 0.001 -14"><span class='ocrx_word' id='word_1_512' title='bbox 554 5718 582 5759; x_wconf 77' lang='lat' dir='ltr'>b</span> <span class='ocrx_word' id='word_1_513' title='bbox 621 5721 685 5767; x_wconf 80' lang='lat' dir='ltr'>lu</span> <span class='ocrx_word' id='word_1_514' title='bbox 706 5725 843 5769; x_wconf 77' lang='lat' dir='ltr'><strong>recte</strong></span> <span class='ocrx_word' id='word_1_515' title='bbox 862 5720 1088 5781; x_wconf 24' lang='lat' dir='ltr'>Savlltel</span> <span class='ocrx_word' id='word_1_516' title='bbox 1109 5721 1231 5781; x_wconf 74' lang='lat' dir='ltr'>Reg.</span> <span class='ocrx_word' id='word_1_517' title='bbox 1258 5720 1307 5767; x_wconf 86' lang='lat' dir='ltr'>In</span> <span class='ocrx_word' id='word_1_518' title='bbox 1327 5718 1634 5781; x_wconf 15' lang='lat' dir='ltr'>rMoreliAhmcr</span> <span class='ocrx_word' id='word_1_519' title='bbox 1662 5722 1898 5781; x_wconf 69' lang='lat' dir='ltr'>pgrmixla</span> <span class='ocrx_word' id='word_1_520' title='bbox 1922 5720 2073 5770; x_wconf 80' lang='lat' dir='ltr'>fuere.</span> 
     </span>
    </p>
   </div>
   <div class='ocr_carea' id='block_1_66' title="bbox 557 5778 1758 5842">
    <p class='ocr_par' dir='ltr' id='par_1_66' title="bbox 557 5778 1758 5842">
     <span class='ocr_line' id='line_1_67' title="bbox 557 5778 1758 5842; baseline 0.002 -18"><span class='ocrx_word' id='word_1_521' title='bbox 557 5784 581 5842; x_wconf 59' lang='grc' dir='ltr'>εξ</span> <span class='ocrx_word' id='word_1_522' title='bbox 604 5781 750 5829; x_wconf 70' lang='lat' dir='ltr'>Snvil.</span> <span class='ocrx_word' id='word_1_523' title='bbox 778 5782 977 5842; x_wconf 77' lang='grc' dir='ltr'>ἐγένετο.</span> <span class='ocrx_word' id='word_1_524' title='bbox 1004 5780 1125 5829; x_wconf 72' lang='lat' dir='ltr'><strong>Octo</strong></span> <span class='ocrx_word' id='word_1_525' title='bbox 1147 5778 1259 5829; x_wconf 57' lang='lat' dir='ltr'>m&#39;ss.</span> <span class='ocrx_word' id='word_1_526' title='bbox 1283 5780 1459 5840; x_wconf 82' lang='grc' dir='ltr'>γέγονε.</span> <span class='ocrx_word' id='word_1_527' title='bbox 1488 5778 1667 5829; x_wconf 65' lang='lat' dir='ltr'>Morel;</span> <span class='ocrx_word' id='word_1_528' title='bbox 1684 5778 1758 5837; x_wconf 84' lang='grc' dir='ltr'>ἧν.</span> 
     </span>
    </p>
   </div>
   <div class='ocr_carea' id='block_1_67' title="bbox 559 5838 1082 5902">
    <p class='ocr_par' dir='ltr' id='par_1_67' title="bbox 559 5838 1082 5902">
     <span class='ocr_line' id='line_1_68' title="bbox 559 5838 1082 5902; baseline 0.002 -14"><span class='ocrx_word' id='word_1_529' title='bbox 559 5838 585 5879; x_wconf 74' lang='grc' dir='ltr'><strong><em>ἀ</em></strong></span> <span class='ocrx_word' id='word_1_530' title='bbox 616 5842 747 5891; x_wconf 75' lang='lat' dir='ltr'><strong>l’nus</strong></span> <span class='ocrx_word' id='word_1_531' title='bbox 763 5838 1082 5902; x_wconf 73' lang='grc' dir='ltr'>παραγίνεται.</span> 
     </span>
    </p>
   </div>
   <div class='ocr_carea' id='block_1_68' title="bbox 2207 452 3867 538">
    <p class='ocr_par' dir='ltr' id='par_1_68' title="bbox 2207 452 3867 538">
     <span class='ocr_line' id='line_1_69' title="bbox 2207 452 3867 538; baseline -0.007 -18"><span class='ocrx_word' id='word_1_532' title='bbox 2207 466 2581 538; x_wconf 85' lang='grc' dir='ltr'>στερεώματος</span> <span class='ocrx_word' id='word_1_533' title='bbox 2610 462 2871 536; x_wconf 83' lang='grc' dir='ltr'>φέρεσθαι</span> <span class='ocrx_word' id='word_1_534' title='bbox 2909 472 2957 527; x_wconf 79' lang='grc'>⁸,</span> <span class='ocrx_word' id='word_1_535' title='bbox 3001 463 3071 516; x_wconf 84' lang='grc' dir='ltr'>τά</span> <span class='ocrx_word' id='word_1_536' title='bbox 3115 462 3169 515; x_wconf 85' lang='grc' dir='ltr'>δὲ</span> <span class='ocrx_word' id='word_1_537' title='bbox 3205 459 3344 538; x_wconf 82' lang='grc' dir='ltr'>ὑπὲρ</span> <span class='ocrx_word' id='word_1_538' title='bbox 3374 460 3482 513; x_wconf 88' lang='grc' dir='ltr'>τῶν</span> <span class='ocrx_word' id='word_1_539' title='bbox 3512 458 3697 538; x_wconf 57' lang='grc' dir='ltr'>νώτων</span> <span class='ocrx_word' id='word_1_540' title='bbox 3729 452 3867 538; x_wconf 75' lang='grc' dir='ltr'>εἶναι</span> 
     </span>
    </p>
   </div>
   <div class='ocr_carea' id='block_1_69' title="bbox 2204 531 3867 613">
    <p class='ocr_par' dir='ltr' id='par_1_69' title="bbox 2204 531 3867 613">
     <span class='ocr_line' id='line_1_70' title="bbox 2204 531 3867 613; baseline -0.005 -17"><span class='ocrx_word' id='word_1_541' title='bbox 2204 531 2317 596; x_wconf 68' lang='grc' dir='ltr'>τοῦ</span> <span class='ocrx_word' id='word_1_542' title='bbox 2344 531 2739 613; x_wconf 78' lang='grc' dir='ltr'>στερεώματός.</span> <span class='ocrx_word' id='word_1_543' title='bbox 2778 540 2941 594; x_wconf 80' lang='grc' dir='ltr'>Ἀλλά</span> <span class='ocrx_word' id='word_1_544' title='bbox 2968 540 3019 594; x_wconf 89' lang='grc' dir='ltr'>τί</span> <span class='ocrx_word' id='word_1_545' title='bbox 3061 538 3126 593; x_wconf 73' lang='grc' dir='ltr'>ἄν</span> <span class='ocrx_word' id='word_1_546' title='bbox 3161 555 3247 602; x_wconf 91' lang='grc' dir='ltr'>τις</span> <span class='ocrx_word' id='word_1_547' title='bbox 3272 531 3417 591; x_wconf 75' lang='grc' dir='ltr'>εἴποι</span> <span class='ocrx_word' id='word_1_548' title='bbox 3447 536 3607 591; x_wconf 83' lang='grc' dir='ltr'>τοῦτο</span> <span class='ocrx_word' id='word_1_549' title='bbox 3638 531 3777 588; x_wconf 84' lang='grc' dir='ltr'>εἶναι</span> <span class='ocrx_word' id='word_1_550' title='bbox 3807 535 3867 588; x_wconf 81' lang='grc' dir='ltr'>τὸ</span> 
     </span>
    </p>
   </div>
   <div class='ocr_carea' id='block_1_70' title="bbox 2204 624 3869 700">
    <p class='ocr_par' dir='ltr' id='par_1_70' title="bbox 2204 624 3869 700">
     <span class='ocr_line' id='line_1_71' title="bbox 2204 624 3869 700; baseline -0.004 -17"><span class='ocrx_word' id='word_1_551' title='bbox 2204 630 2520 700; x_wconf 77' lang='grc' dir='ltr'>στερέωμας</span> <span class='ocrx_word' id='word_1_552' title='bbox 2550 630 2731 700; x_wconf 78' lang='grc' dir='ltr'>’Υδωρ</span> <span class='ocrx_word' id='word_1_553' title='bbox 2769 628 3034 699; x_wconf 78' lang='grc' dir='ltr'>πεπηγὸς,</span> <span class='ocrx_word' id='word_1_554' title='bbox 3062 627 3177 680; x_wconf 74' lang='grc' dir='ltr'>ἀλλ’</span> <span class='ocrx_word' id='word_1_555' title='bbox 3212 624 3350 696; x_wconf 81' lang='grc' dir='ltr'>ἀέρά</span> <span class='ocrx_word' id='word_1_556' title='bbox 3386 625 3507 679; x_wconf 80' lang='grc' dir='ltr'>τινά</span> <span class='ocrx_word' id='word_1_557' title='bbox 3534 642 3869 696; x_wconf 87' lang='grc' dir='ltr'>συνεστραμ-</span> 
     </span>
    </p>
   </div>
   <div class='ocr_carea' id='block_1_71' title="bbox 2207 702 3869 779">
    <p class='ocr_par' dir='ltr' id='par_1_71' title="bbox 2207 702 3869 779">
     <span class='ocr_line' id='line_1_72' title="bbox 2207 702 3869 779; baseline -0.004 -20"><span class='ocrx_word' id='word_1_558' title='bbox 2207 707 2385 779; x_wconf 84' lang='grc' dir='ltr'>μένον,</span> <span class='ocrx_word' id='word_1_559' title='bbox 2429 707 2543 759; x_wconf 79' lang='grc' dir='ltr'>ἀλλ’</span> <span class='ocrx_word' id='word_1_560' title='bbox 2575 708 2764 778; x_wconf 75' lang='grc' dir='ltr'>ἑτέραν</span> <span class='ocrx_word' id='word_1_561' title='bbox 2791 706 2912 759; x_wconf 80' lang='grc' dir='ltr'>τινὰ</span> <span class='ocrx_word' id='word_1_562' title='bbox 2938 704 3159 766; x_wconf 86' lang='grc' dir='ltr'>οὐσίαν;</span> <span class='ocrx_word' id='word_1_563' title='bbox 3187 705 3299 757; x_wconf 82' lang='grc' dir='ltr'>Οὑκ</span> <span class='ocrx_word' id='word_1_564' title='bbox 3337 703 3402 757; x_wconf 82' lang='grc' dir='ltr'>άν</span> <span class='ocrx_word' id='word_1_565' title='bbox 3438 721 3519 766; x_wconf 88' lang='grc' dir='ltr'>τις</span> <span class='ocrx_word' id='word_1_566' title='bbox 3545 704 3733 764; x_wconf 70' lang='grc' dir='ltr'>ἁπλῶς</span> <span class='ocrx_word' id='word_1_567' title='bbox 3759 702 3869 754; x_wconf 89' lang='grc' dir='ltr'>τῶν</span> 
     </span>
    </p>
   </div>
   <div class='ocr_carea' id='block_1_72' title="bbox 2204 780 3866 855">
    <p class='ocr_par' dir='ltr' id='par_1_72' title="bbox 2204 780 3866 855">
     <span class='ocr_line' id='line_1_73' title="bbox 2204 780 3866 855; baseline -0.005 -18"><span class='ocrx_word' id='word_1_568' title='bbox 2204 781 2265 838; x_wconf 81' lang='grc' dir='ltr'>εὖ</span> <span class='ocrx_word' id='word_1_569' title='bbox 2300 784 2637 855; x_wconf 88' lang='grc' dir='ltr'>φρονούντων</span> <span class='ocrx_word' id='word_1_570' title='bbox 2672 782 3080 854; x_wconf 80' lang='grc' dir='ltr'>διισχυρίσαιτο.</span> <span class='ocrx_word' id='word_1_571' title='bbox 3119 781 3281 834; x_wconf 78' lang='grc' dir='ltr'>Ἀλλά</span> <span class='ocrx_word' id='word_1_572' title='bbox 3308 782 3573 851; x_wconf 77' lang='grc' dir='ltr'>προσήκει</span> <span class='ocrx_word' id='word_1_573' title='bbox 3604 780 3772 851; x_wconf 80' lang='grc' dir='ltr'>πολλῇ</span> <span class='ocrx_word' id='word_1_574' title='bbox 3798 782 3866 848; x_wconf 82' lang='grc' dir='ltr'>τῇ</span> 
     </span>
    </p>
   </div>
   <div class='ocr_carea' id='block_1_73' title="bbox 2206 865 3869 942">
    <p class='ocr_par' dir='ltr' id='par_1_73' title="bbox 2206 865 3869 942">
     <span class='ocr_line' id='line_1_74' title="bbox 2206 865 3869 942; baseline -0.004 -18"><span class='ocrx_word' id='word_1_575' title='bbox 2206 871 2589 942; x_wconf 82' lang='grc' dir='ltr'>εὐγνωμοσύνῃ</span> <span class='ocrx_word' id='word_1_576' title='bbox 2636 870 3003 941; x_wconf 77' lang='grc' dir='ltr'>κεχρημένους</span> <span class='ocrx_word' id='word_1_577' title='bbox 3034 868 3283 937; x_wconf 82' lang='grc' dir='ltr'>δέχεσθαι</span> <span class='ocrx_word' id='word_1_578' title='bbox 3328 867 3397 920; x_wconf 77' lang='grc' dir='ltr'>τὰ</span> <span class='ocrx_word' id='word_1_579' title='bbox 3442 867 3733 942; x_wconf 79' lang='grc' dir='ltr'>λεγόμενα,</span> <span class='ocrx_word' id='word_1_580' title='bbox 3773 865 3869 919; x_wconf 75' lang='grc' dir='ltr'>καὶ</span> 
     </span>
    </p>
   </div>
   <div class='ocr_carea' id='block_1_74' title="bbox 2210 939 3871 1030">
    <p class='ocr_par' dir='ltr' id='par_1_74' title="bbox 2210 939 3871 1030">
     <span class='ocr_line' id='line_1_75' title="bbox 2210 939 3871 1030; baseline -0.005 -18"><span class='ocrx_word' id='word_1_581' title='bbox 2210 960 2283 1028; x_wconf 80' lang='grc' dir='ltr'>μὴ</span> <span class='ocrx_word' id='word_1_582' title='bbox 2324 939 2630 1030; x_wconf 79' lang='grc' dir='ltr'>περαιτέρω</span> <span class='ocrx_word' id='word_1_583' title='bbox 2664 939 2762 1026; x_wconf 81' lang='grc' dir='ltr'>τῆς</span> <span class='ocrx_word' id='word_1_584' title='bbox 2802 955 3007 1020; x_wconf 87' lang='grc' dir='ltr'>οἰκείας</span> <span class='ocrx_word' id='word_1_585' title='bbox 3056 956 3269 1023; x_wconf 82' lang='grc' dir='ltr'>φύσεως</span> <span class='ocrx_word' id='word_1_586' title='bbox 3324 939 3753 1025; x_wconf 80' lang='grc' dir='ltr'>ὑπερϐαίνοντας</span> <span class='ocrx_word' id='word_1_587' title='bbox 3791 952 3871 1004; x_wconf 90' lang='grc' dir='ltr'>δι-</span> 
     </span>
    </p>
   </div>
   <div class='ocr_carea' id='block_1_75' title="bbox 2207 1032 3871 1107">
    <p class='ocr_par' dir='ltr' id='par_1_75' title="bbox 2207 1032 3871 1107">
     <span class='ocr_line' id='line_1_76' title="bbox 2207 1032 3871 1107; baseline -0.004 -19"><span class='ocrx_word' id='word_1_588' title='bbox 2207 1036 2527 1107; x_wconf 81' lang='grc' dir='ltr'>ερευνᾶσθαι</span> <span class='ocrx_word' id='word_1_589' title='bbox 2571 1037 2638 1089; x_wconf 83' lang='grc' dir='ltr'>τά</span> <span class='ocrx_word' id='word_1_590' title='bbox 2681 1035 2820 1104; x_wconf 78' lang='grc' dir='ltr'>ὑπὲρ</span> <span class='ocrx_word' id='word_1_591' title='bbox 2864 1036 3041 1104; x_wconf 77' lang='grc' dir='ltr'>ἡμᾶς,</span> <span class='ocrx_word' id='word_1_592' title='bbox 3084 1033 3220 1086; x_wconf 80' lang='grc' dir='ltr'>ἀλλὰ</span> <span class='ocrx_word' id='word_1_593' title='bbox 3261 1032 3419 1086; x_wconf 85' lang='grc' dir='ltr'>τοῦτο</span> <span class='ocrx_word' id='word_1_594' title='bbox 3464 1032 3625 1103; x_wconf 83' lang='grc' dir='ltr'>μόνον</span> <span class='ocrx_word' id='word_1_595' title='bbox 3671 1032 3871 1084; x_wconf 77' lang='grc' dir='ltr'>εἰδέναι</span> 
     </span>
    </p>
   </div>
   <div class='ocr_carea' id='block_1_76' title="bbox 2208 1107 3870 1182">
    <p class='ocr_par' dir='ltr' id='par_1_76' title="bbox 2208 1107 3870 1182">
     <span class='ocr_line' id='line_1_77' title="bbox 2208 1107 3870 1182; baseline -0.004 -15"><span class='ocrx_word' id='word_1_596' title='bbox 2208 1115 2301 1167; x_wconf 77' lang='grc' dir='ltr'>καὶ</span> <span class='ocrx_word' id='word_1_597' title='bbox 2349 1115 2600 1182; x_wconf 80' lang='grc' dir='ltr'>κατέχειν</span> <span class='ocrx_word' id='word_1_598' title='bbox 2636 1111 2765 1181; x_wconf 79' lang='grc' dir='ltr'>παρ’</span> <span class='ocrx_word' id='word_1_599' title='bbox 2798 1113 3045 1174; x_wconf 75' lang='grc' dir='ltr'>ἑαυτοῖς,</span> <span class='ocrx_word' id='word_1_600' title='bbox 3093 1112 3175 1163; x_wconf 84' lang='grc' dir='ltr'>ὃτι</span> <span class='ocrx_word' id='word_1_601' title='bbox 3219 1110 3297 1181; x_wconf 81' lang='grc' dir='ltr'>τῷ</span> <span class='ocrx_word' id='word_1_602' title='bbox 3353 1109 3732 1181; x_wconf 83' lang='grc' dir='ltr'>προστάγματι</span> <span class='ocrx_word' id='word_1_603' title='bbox 3775 1107 3870 1160; x_wconf 86' lang='grc' dir='ltr'>τοῦ</span> 
     </span>
    </p>
   </div>
   <div class='ocr_carea' id='block_1_77' title="bbox 2207 1184 3873 1259">
    <p class='ocr_par' dir='ltr' id='par_1_77' title="bbox 2207 1184 3873 1259">
     <span class='ocr_line' id='line_1_78' title="bbox 2207 1184 3873 1259; baseline -0.005 -15"><span class='ocrx_word' id='word_1_604' title='bbox 2207 1190 2473 1244; x_wconf 73' lang='grc' dir='ltr'>Δεσπότω</span> <span class='ocrx_word' id='word_1_605' title='bbox 2523 1188 2779 1259; x_wconf 82' lang='grc' dir='ltr'>παρήχθη</span> <span class='ocrx_word' id='word_1_606' title='bbox 2832 1189 2893 1241; x_wconf 79' lang='grc' dir='ltr'>τὸ</span> <span class='ocrx_word' id='word_1_607' title='bbox 2940 1188 3229 1257; x_wconf 77' lang='grc' dir='ltr'>στερέωμα</span> <span class='ocrx_word' id='word_1_608' title='bbox 3272 1186 3365 1240; x_wconf 77' lang='grc' dir='ltr'>τὸν</span> <span class='ocrx_word' id='word_1_609' title='bbox 3426 1186 3702 1257; x_wconf 82' lang='grc' dir='ltr'>χωρισμὸν</span> <span class='ocrx_word' id='word_1_610' title='bbox 3760 1184 3873 1237; x_wconf 88' lang='grc' dir='ltr'>τῶν</span> 
     </span>
    </p>
   </div>
   <div class='ocr_carea' id='block_1_78' title="bbox 2209 1262 3873 1338">
    <p class='ocr_par' dir='ltr' id='par_1_78' title="bbox 2209 1262 3873 1338">
     <span class='ocr_line' id='line_1_79' title="bbox 2209 1262 3873 1338; baseline -0.005 -15"><span class='ocrx_word' id='word_1_611' title='bbox 2209 1270 2413 1323; x_wconf 90' lang='grc' dir='ltr'>ὑδάτων</span> <span class='ocrx_word' id='word_1_612' title='bbox 2447 1266 2827 1338; x_wconf 65' lang='grc' dir='ltr'>ἐργαζόμενον,</span> <span class='ocrx_word' id='word_1_613' title='bbox 2870 1267 2962 1319; x_wconf 69' lang='grc' dir='ltr'>καὶ</span> <span class='ocrx_word' id='word_1_614' title='bbox 2993 1266 3062 1318; x_wconf 81' lang='grc' dir='ltr'>τά</span> <span class='ocrx_word' id='word_1_615' title='bbox 3106 1267 3203 1335; x_wconf 77' lang='grc' dir='ltr'>μὲν</span> <span class='ocrx_word' id='word_1_616' title='bbox 3248 1265 3399 1319; x_wconf 79' lang='grc' dir='ltr'>κάτω</span> <span class='ocrx_word' id='word_1_617' title='bbox 3427 1265 3676 1333; x_wconf 78' lang='grc' dir='ltr'>κατέχον,</span> <span class='ocrx_word' id='word_1_618' title='bbox 3709 1262 3780 1316; x_wconf 78' lang='grc' dir='ltr'>τά</span> <span class='ocrx_word' id='word_1_619' title='bbox 3814 1262 3873 1315; x_wconf 76' lang='grc' dir='ltr'>δε</span> 
     </span>
    </p>
   </div>
   <div class='ocr_carea' id='block_1_79' title="bbox 2208 1342 3872 1416">
    <p class='ocr_par' dir='ltr' id='par_1_79' title="bbox 2208 1342 3872 1416">
     <span class='ocr_line' id='line_1_80' title="bbox 2208 1342 3872 1416; baseline -0.004 -15"><span class='ocrx_word' id='word_1_620' title='bbox 2208 1348 2320 1401; x_wconf 79' lang='grc' dir='ltr'>ἄνω</span> <span class='ocrx_word' id='word_1_621' title='bbox 2352 1346 2599 1416; x_wconf 82' lang='grc' dir='ltr'>μετέωρα</span> <span class='ocrx_word' id='word_1_622' title='bbox 2628 1346 2768 1415; x_wconf 80' lang='grc' dir='ltr'>ὑπὲρ</span> <span class='ocrx_word' id='word_1_623' title='bbox 2798 1344 2906 1397; x_wconf 90' lang='grc' dir='ltr'>τῶν</span> <span class='ocrx_word' id='word_1_624' title='bbox 2940 1345 3158 1398; x_wconf 90' lang='grc' dir='ltr'>οἰκείων</span> <span class='ocrx_word' id='word_1_625' title='bbox 3198 1343 3384 1397; x_wconf 81' lang='grc' dir='ltr'>νώτων</span> <span class='ocrx_word' id='word_1_626' title='bbox 3414 1343 3597 1411; x_wconf 90' lang='grc' dir='ltr'>φέρειν</span> <span class='ocrx_word' id='word_1_627' title='bbox 3633 1342 3872 1409; x_wconf 85' lang='grc' dir='ltr'>δυνάμε-</span> 
     </span>
    </p>
   </div>
   <div class='ocr_carea' id='block_1_80' title="bbox 2208 1419 3874 1493">
    <p class='ocr_par' dir='ltr' id='par_1_80' title="bbox 2208 1419 3874 1493">
     <span class='ocr_line' id='line_1_81' title="bbox 2208 1419 3874 1493; baseline -0.004 -15"><span class='ocrx_word' id='word_1_628' title='bbox 2208 1441 2316 1478; x_wconf 89' lang='grc' dir='ltr'>νον.</span> <span class='ocrx_word' id='word_1_629' title='bbox 2348 1424 2457 1478; x_wconf 77' lang='grc' dir='ltr'>Καὶ</span> <span class='ocrx_word' id='word_1_630' title='bbox 2505 1422 2781 1485; x_wconf 70' lang='grc' dir='ltr'>ἐκάλεσε,</span> <span class='ocrx_word' id='word_1_631' title='bbox 2826 1423 3010 1493; x_wconf 80' lang='grc' dir='ltr'>φησὶν,</span> <span class='ocrx_word' id='word_1_632' title='bbox 3059 1425 3091 1475; x_wconf 87' lang='grc' dir='ltr'>ό</span> <span class='ocrx_word' id='word_1_633' title='bbox 3133 1421 3276 1485; x_wconf 83' lang='grc' dir='ltr'>Θεὸς</span> <span class='ocrx_word' id='word_1_634' title='bbox 3317 1419 3384 1473; x_wconf 87' lang='grc' dir='ltr'>τὸ</span> <span class='ocrx_word' id='word_1_635' title='bbox 3424 1419 3725 1487; x_wconf 74' lang='grc' dir='ltr'>στερέωμα</span> <span class='ocrx_word' id='word_1_636' title='bbox 3772 1421 3874 1472; x_wconf 81' lang='grc' dir='ltr'>οὐ·</span> 
     </span>
    </p>
   </div>
   <div class='ocr_carea' id='block_1_81' title="bbox 2202 1496 3876 1570">
    <p class='ocr_par' dir='ltr' id='par_1_81' title="bbox 2202 1496 3876 1570">
     <span class='ocr_line' id='line_1_82' title="bbox 2202 1496 3876 1570; baseline -0.004 -16"><span class='ocrx_word' id='word_1_637' title='bbox 2202 1502 2412 1570; x_wconf 86' lang='grc' dir='ltr'>ρανόν.</span> <span class='ocrx_word' id='word_1_638' title='bbox 2437 1501 2575 1570; x_wconf 84' lang='grc' dir='ltr'>Ὂρα</span> <span class='ocrx_word' id='word_1_639' title='bbox 2608 1498 2723 1563; x_wconf 90' lang='grc' dir='ltr'>πῶς</span> <span class='ocrx_word' id='word_1_640' title='bbox 2755 1502 2819 1569; x_wconf 76' lang='grc' dir='ltr'>τῇ</span> <span class='ocrx_word' id='word_1_641' title='bbox 2847 1501 2982 1570; x_wconf 74' lang='grc' dir='ltr'>αὐτῇ</span> <span class='ocrx_word' id='word_1_642' title='bbox 3016 1499 3305 1569; x_wconf 69' lang='grc' dir='ltr'>ἀκολουθίᾳ</span> <span class='ocrx_word' id='word_1_643' title='bbox 3343 1499 3437 1550; x_wconf 74' lang='grc' dir='ltr'>καὶ</span> <span class='ocrx_word' id='word_1_644' title='bbox 3468 1496 3564 1549; x_wconf 76' lang='grc' dir='ltr'>νῦν</span> <span class='ocrx_word' id='word_1_645' title='bbox 3606 1500 3876 1567; x_wconf 77' lang='grc' dir='ltr'>ἐχρήσατο</span> 
     </span>
    </p>
   </div>
   <div class='ocr_carea' id='block_1_82' title="bbox 2210 1572 3874 1649">
    <p class='ocr_par' dir='ltr' id='par_1_82' title="bbox 2210 1572 3874 1649">
     <span class='ocr_line' id='line_1_83' title="bbox 2210 1572 3874 1649; baseline 0.001 -20"><span class='ocrx_word' id='word_1_646' title='bbox 2210 1580 2244 1647; x_wconf 96' lang='grc' dir='ltr'>ἡ</span> <span class='ocrx_word' id='word_1_647' title='bbox 2282 1577 2401 1631; x_wconf 90' lang='grc' dir='ltr'>θεία</span> <span class='ocrx_word' id='word_1_648' title='bbox 2442 1578 2651 1649; x_wconf 87' lang='grc' dir='ltr'>Γραφή.</span> <span class='ocrx_word' id='word_1_649' title='bbox 2696 1577 2961 1646; x_wconf 82' lang='grc' dir='ltr'>Καθάπερ</span> <span class='ocrx_word' id='word_1_650' title='bbox 2996 1572 3114 1628; x_wconf 80' lang='grc' dir='ltr'>εἰπε</span> <span class='ocrx_word' id='word_1_651' title='bbox 3148 1575 3304 1645; x_wconf 71' lang='grc' dir='ltr'>χθὲς,</span> <span class='ocrx_word' id='word_1_652' title='bbox 3352 1572 3671 1641; x_wconf 79' lang='grc' dir='ltr'>Γενηθήτω</span> <span class='ocrx_word' id='word_1_653' title='bbox 3723 1573 3874 1641; x_wconf 72' lang='grc' dir='ltr'>φῶς.</span> 
     </span>
    </p>
   </div>
   <div class='ocr_carea' id='block_1_83' title="bbox 2210 1650 3879 1725">
    <p class='ocr_par' dir='ltr' id='par_1_83' title="bbox 2210 1650 3879 1725">
     <span class='ocr_line' id='line_1_84' title="bbox 2210 1650 3879 1725; baseline -0.002 -17"><span class='ocrx_word' id='word_1_654' title='bbox 2210 1657 2305 1717; x_wconf 74' lang='grc' dir='ltr'>καὶ</span> <span class='ocrx_word' id='word_1_655' title='bbox 2353 1654 2491 1725; x_wconf 82' lang='grc' dir='ltr'>μετὰ</span> <span class='ocrx_word' id='word_1_656' title='bbox 2522 1654 2580 1706; x_wconf 83' lang='grc' dir='ltr'>τὸ</span> <span class='ocrx_word' id='word_1_657' title='bbox 2620 1654 2983 1725; x_wconf 83' lang='grc' dir='ltr'>παραχθῆναι,</span> <span class='ocrx_word' id='word_1_658' title='bbox 3036 1653 3155 1705; x_wconf 82' lang='grc' dir='ltr'>τότε</span> <span class='ocrx_word' id='word_1_659' title='bbox 3194 1653 3496 1721; x_wconf 80' lang='grc' dir='ltr'>ὲπὴγαγεν,</span> <span class='ocrx_word' id='word_1_660' title='bbox 3526 1652 3717 1704; x_wconf 83' lang='grc' dir='ltr'>Ἔστω</span> <span class='ocrx_word' id='word_1_661' title='bbox 3746 1650 3879 1704; x_wconf 79' lang='grc' dir='ltr'>δια-</span> 
     </span>
    </p>
   </div>
   <div class='ocr_carea' id='block_1_84' title="bbox 2212 1726 3878 1801">
    <p class='ocr_par' dir='ltr' id='par_1_84' title="bbox 2212 1726 3878 1801">
     <span class='ocr_line' id='line_1_85' title="bbox 2212 1726 3878 1801; baseline -0.003 -17"><span class='ocrx_word' id='word_1_662' title='bbox 2212 1730 2455 1801; x_wconf 82' lang='grc' dir='ltr'>χωρίζον</span> <span class='ocrx_word' id='word_1_663' title='bbox 2480 1731 2785 1799; x_wconf 80' lang='grc' dir='ltr'>ἀναμέσον</span> <span class='ocrx_word' id='word_1_664' title='bbox 2814 1731 2919 1783; x_wconf 76' lang='grc' dir='ltr'>τοῦ</span> <span class='ocrx_word' id='word_1_665' title='bbox 2952 1730 3165 1798; x_wconf 70' lang='grc' dir='ltr'>φωτὸς,</span> <span class='ocrx_word' id='word_1_666' title='bbox 3194 1730 3288 1781; x_wconf 74' lang='grc' dir='ltr'>καὶ</span> <span class='ocrx_word' id='word_1_667' title='bbox 3316 1728 3585 1797; x_wconf 71' lang='grc' dir='ltr'>ἀναμέσον</span> <span class='ocrx_word' id='word_1_668' title='bbox 3617 1726 3712 1779; x_wconf 87' lang='grc' dir='ltr'>τοῦ</span> <span class='ocrx_word' id='word_1_669' title='bbox 3750 1727 3878 1780; x_wconf 85' lang='grc' dir='ltr'>σκό-</span> 
     </span>
    </p>
   </div>
   <div class='ocr_carea' id='block_1_85' title="bbox 2212 1806 3879 1877">
    <p class='ocr_par' dir='ltr' id='par_1_85' title="bbox 2212 1806 3879 1877">
     <span class='ocr_line' id='line_1_86' title="bbox 2212 1806 3879 1877; baseline -0.003 -15"><span class='ocrx_word' id='word_1_670' title='bbox 2212 1827 2355 1872; x_wconf 91' lang='grc' dir='ltr'>τους,</span> <span class='ocrx_word' id='word_1_671' title='bbox 2401 1810 2493 1863; x_wconf 74' lang='grc' dir='ltr'>καὶ</span> <span class='ocrx_word' id='word_1_672' title='bbox 2535 1809 2709 1871; x_wconf 82' lang='grc' dir='ltr'>οὑτως</span> <span class='ocrx_word' id='word_1_673' title='bbox 2746 1808 2807 1860; x_wconf 81' lang='grc' dir='ltr'>τὸ</span> <span class='ocrx_word' id='word_1_674' title='bbox 2846 1808 2960 1876; x_wconf 87' lang='grc' dir='ltr'>φῶς</span> <span class='ocrx_word' id='word_1_675' title='bbox 3005 1807 3219 1877; x_wconf 79' lang='grc' dir='ltr'>ἡμέραν</span> <span class='ocrx_word' id='word_1_676' title='bbox 3266 1807 3559 1860; x_wconf 56' lang='grc' dir='ltr'>ἐκάλεσεν</span> <span class='ocrx_word' id='word_1_677' title='bbox 3594 1806 3736 1858; x_wconf 78' lang='grc' dir='ltr'>οὕτω</span> <span class='ocrx_word' id='word_1_678' title='bbox 3782 1807 3879 1871; x_wconf 73' lang='grc' dir='ltr'>καὶ</span> 
     </span>
    </p>
   </div>
   <div class='ocr_carea' id='block_1_86' title="bbox 2215 1882 3880 1956">
    <p class='ocr_par' dir='ltr' id='par_1_86' title="bbox 2215 1882 3880 1956">
     <span class='ocr_line' id='line_1_87' title="bbox 2215 1882 3880 1956; baseline -0.002 -17"><span class='ocrx_word' id='word_1_679' title='bbox 2215 1889 2451 1956; x_wconf 81' lang='grc' dir='ltr'>σήμερον</span> <span class='ocrx_word' id='word_1_680' title='bbox 2509 1884 2627 1938; x_wconf 85' lang='grc' dir='ltr'>εἰπε</span> <span class='ocrx_word' id='word_1_681' title='bbox 2647 1900 2662 1916; x_wconf 87' lang='grc'><strong>·</strong></span> <span class='ocrx_word' id='word_1_682' title='bbox 2712 1884 3028 1951; x_wconf 72' lang='grc' dir='ltr'>Γενηθήτω</span> <span class='ocrx_word' id='word_1_683' title='bbox 3081 1884 3383 1952; x_wconf 83' lang='grc' dir='ltr'>στερέωμα</span> <span class='ocrx_word' id='word_1_684' title='bbox 3437 1885 3507 1937; x_wconf 77' lang='grc' dir='ltr'>ἐν</span> <span class='ocrx_word' id='word_1_685' title='bbox 3553 1882 3721 1951; x_wconf 77' lang='grc' dir='ltr'>μέσῳ</span> <span class='ocrx_word' id='word_1_686' title='bbox 3768 1882 3880 1936; x_wconf 84' lang='grc' dir='ltr'>τοῦ</span> 
     </span>
    </p>
   </div>
   <div class='ocr_carea' id='block_1_87' title="bbox 2214 1960 3881 2031">
    <p class='ocr_par' dir='ltr' id='par_1_87' title="bbox 2214 1960 3881 2031">
     <span class='ocr_line' id='line_1_88' title="bbox 2214 1960 3881 2031; baseline -0.004 -14"><span class='ocrx_word' id='word_1_687' title='bbox 2214 1964 2448 2029; x_wconf 78' lang='grc' dir='ltr'>ὕδατος.</span> <span class='ocrx_word' id='word_1_688' title='bbox 2483 1960 2612 2016; x_wconf 84' lang='grc' dir='ltr'>Εἶτα</span> <span class='ocrx_word' id='word_1_689' title='bbox 2660 1963 2912 2031; x_wconf 84' lang='grc' dir='ltr'>καθάπερ</span> <span class='ocrx_word' id='word_1_690' title='bbox 2960 1962 3053 2015; x_wconf 78' lang='grc' dir='ltr'>ἐπὶ</span> <span class='ocrx_word' id='word_1_691' title='bbox 3102 1962 3195 2015; x_wconf 89' lang='grc' dir='ltr'>τοῦ</span> <span class='ocrx_word' id='word_1_692' title='bbox 3235 1960 3429 2029; x_wconf 74' lang='grc' dir='ltr'>φωτὸς,</span> <span class='ocrx_word' id='word_1_693' title='bbox 3477 1961 3619 2013; x_wconf 79' lang='grc' dir='ltr'>οὕτω</span> <span class='ocrx_word' id='word_1_694' title='bbox 3650 1961 3743 2012; x_wconf 77' lang='grc' dir='ltr'>καὶ</span> <span class='ocrx_word' id='word_1_695' title='bbox 3791 1961 3881 2012; x_wconf 80' lang='grc' dir='ltr'>ὲν-</span> 
     </span>
    </p>
   </div>
   <div class='ocr_carea' id='block_1_88' title="bbox 2214 2046 3878 2118">
    <p class='ocr_par' dir='ltr' id='par_1_88' title="bbox 2214 2046 3878 2118">
     <span class='ocr_line' id='line_1_89' title="bbox 2214 2046 3878 2118; baseline -0.001 -17"><span class='ocrx_word' id='word_1_696' title='bbox 2214 2050 2387 2103; x_wconf 84' lang='grc' dir='ltr'>ταῦθα</span> <span class='ocrx_word' id='word_1_697' title='bbox 2438 2048 2673 2112; x_wconf 83' lang='grc' dir='ltr'>ἐδίδαξεν</span> <span class='ocrx_word' id='word_1_698' title='bbox 2716 2050 2863 2117; x_wconf 79' lang='grc' dir='ltr'>ἡμᾶς</span> <span class='ocrx_word' id='word_1_699' title='bbox 2908 2047 3007 2117; x_wconf 82' lang='grc' dir='ltr'>τὴν</span> <span class='ocrx_word' id='word_1_700' title='bbox 3066 2046 3251 2118; x_wconf 77' lang='grc' dir='ltr'>χρείαν</span> <span class='ocrx_word' id='word_1_701' title='bbox 3306 2046 3400 2099; x_wconf 85' lang='grc' dir='ltr'>τοῦ</span> <span class='ocrx_word' id='word_1_702' title='bbox 3459 2046 3878 2116; x_wconf 85' lang='grc' dir='ltr'>στερεώματος,</span> 
     </span>
    </p>
   </div>
   <div class='ocr_carea' id='block_1_89' title="bbox 2218 2122 3882 2193">
    <p class='ocr_par' dir='ltr' id='par_1_89' title="bbox 2218 2122 3882 2193">
     <span class='ocr_line' id='line_1_90' title="bbox 2218 2122 3882 2193; baseline -0.002 -13"><span class='ocrx_word' id='word_1_703' title='bbox 2218 2127 2398 2180; x_wconf 80' lang='grc' dir='ltr'>Ὥστε</span> <span class='ocrx_word' id='word_1_704' title='bbox 2457 2124 2838 2193; x_wconf 64' lang='grc' dir='ltr'>διαχαερίζειν,</span> <span class='ocrx_word' id='word_1_705' title='bbox 2880 2125 3063 2193; x_wconf 71' lang='grc' dir='ltr'>φησὶν.</span> <span class='ocrx_word' id='word_1_706' title='bbox 3120 2122 3425 2192; x_wconf 77' lang='grc' dir='ltr'>ἀναμέσον</span> <span class='ocrx_word' id='word_1_707' title='bbox 3492 2123 3711 2187; x_wconf 79' lang='grc' dir='ltr'>ὓδατος</span> <span class='ocrx_word' id='word_1_708' title='bbox 3777 2122 3882 2176; x_wconf 78' lang='grc' dir='ltr'>καί</span> 
     </span>
    </p>
   </div>
   <div class='ocr_carea' id='block_1_90' title="bbox 2214 2200 3882 2274">
    <p class='ocr_par' dir='ltr' id='par_1_90' title="bbox 2214 2200 3882 2274">
     <span class='ocr_line' id='line_1_91' title="bbox 2214 2200 3882 2274; baseline -0.002 -18"><span class='ocrx_word' id='word_1_709' title='bbox 2214 2204 2451 2270; x_wconf 77' lang='grc' dir='ltr'>ὕδατος.</span> <span class='ocrx_word' id='word_1_710' title='bbox 2488 2206 2596 2258; x_wconf 79' lang='grc' dir='ltr'>Καὶ</span> <span class='ocrx_word' id='word_1_711' title='bbox 2624 2207 2712 2258; x_wconf 86' lang='grc' dir='ltr'>ὅτε</span> <span class='ocrx_word' id='word_1_712' title='bbox 2752 2203 2915 2256; x_wconf 78' lang='grc' dir='ltr'>αὑτοῦ</span> <span class='ocrx_word' id='word_1_713' title='bbox 2958 2205 3055 2274; x_wconf 78' lang='grc' dir='ltr'>τὴν</span> <span class='ocrx_word' id='word_1_714' title='bbox 3094 2202 3282 2271; x_wconf 82' lang='grc' dir='ltr'>χρείαν</span> <span class='ocrx_word' id='word_1_715' title='bbox 3311 2200 3549 2272; x_wconf 81' lang='grc' dir='ltr'>φανερὰν</span> <span class='ocrx_word' id='word_1_716' title='bbox 3576 2203 3710 2271; x_wconf 88' lang='grc' dir='ltr'>ἡμῖν</span> <span class='ocrx_word' id='word_1_717' title='bbox 3742 2217 3882 2253; x_wconf 85' lang='grc' dir='ltr'>κατ-</span> 
     </span>
    </p>
   </div>
   <div class='ocr_carea' id='block_1_91' title="bbox 2215 2278 3881 2353">
    <p class='ocr_par' dir='ltr' id='par_1_91' title="bbox 2215 2278 3881 2353">
     <span class='ocr_line' id='line_1_92' title="bbox 2215 2278 3881 2353; baseline -0.002 -19"><span class='ocrx_word' id='word_1_718' title='bbox 2215 2282 2429 2353; x_wconf 76' lang='grc' dir='ltr'>έστησε,</span> <span class='ocrx_word' id='word_1_719' title='bbox 2454 2282 2573 2335; x_wconf 85' lang='grc' dir='ltr'>τότε</span> <span class='ocrx_word' id='word_1_720' title='bbox 2606 2281 2856 2351; x_wconf 86' lang='grc' dir='ltr'>καθάπερ</span> <span class='ocrx_word' id='word_1_721' title='bbox 2884 2282 2961 2350; x_wconf 82' lang='grc' dir='ltr'>τῷ</span> <span class='ocrx_word' id='word_1_722' title='bbox 2991 2283 3128 2349; x_wconf 81' lang='grc' dir='ltr'>φωτὶ</span> <span class='ocrx_word' id='word_1_723' title='bbox 3160 2282 3256 2350; x_wconf 75' lang='grc' dir='ltr'>τὴν</span> <span class='ocrx_word' id='word_1_724' title='bbox 3284 2279 3577 2349; x_wconf 84' lang='grc' dir='ltr'>ὀνομασίαν</span> <span class='ocrx_word' id='word_1_725' title='bbox 3607 2278 3881 2348; x_wconf 80' lang='grc' dir='ltr'>προσέθη-</span> 
     </span>
    </p>
   </div>
   <div class='ocr_carea' id='block_1_92' title="bbox 2217 2354 3883 2430">
    <p class='ocr_par' dir='ltr' id='par_1_92' title="bbox 2217 2354 3883 2430">
     <span class='ocr_line' id='line_1_93' title="bbox 2217 2354 3883 2430; baseline -0.004 -17"><span class='ocrx_word' id='word_1_726' title='bbox 2217 2377 2330 2423; x_wconf 85' lang='grc' dir='ltr'>κεν,</span> <span class='ocrx_word' id='word_1_727' title='bbox 2362 2360 2504 2414; x_wconf 84' lang='grc' dir='ltr'>οῦτω</span> <span class='ocrx_word' id='word_1_728' title='bbox 2538 2361 2629 2413; x_wconf 72' lang='grc' dir='ltr'>καὶ</span> <span class='ocrx_word' id='word_1_729' title='bbox 2657 2359 2735 2429; x_wconf 80' lang='grc' dir='ltr'>τῷ</span> <span class='ocrx_word' id='word_1_730' title='bbox 2774 2358 3111 2430; x_wconf 86' lang='grc' dir='ltr'>στερεώματι</span> <span class='ocrx_word' id='word_1_731' title='bbox 3142 2358 3240 2427; x_wconf 77' lang='grc' dir='ltr'>τὴν</span> <span class='ocrx_word' id='word_1_732' title='bbox 3284 2356 3656 2427; x_wconf 83' lang='grc' dir='ltr'>προσηγορίαν</span> <span class='ocrx_word' id='word_1_733' title='bbox 3684 2354 3883 2424; x_wconf 70' lang='grc' dir='ltr'>ἐπέθη-</span> 
     </span>
    </p>
   </div>
   <div class='ocr_carea' id='block_1_93' title="bbox 2218 2432 3885 2507">
    <p class='ocr_par' dir='ltr' id='par_1_93' title="bbox 2218 2432 3885 2507">
     <span class='ocr_line' id='line_1_94' title="bbox 2218 2432 3885 2507; baseline -0.004 -17"><span class='ocrx_word' id='word_1_734' title='bbox 2218 2455 2332 2491; x_wconf 86' lang='grc' dir='ltr'>κεν.</span> <span class='ocrx_word' id='word_1_735' title='bbox 2365 2439 2475 2492; x_wconf 83' lang='grc' dir='ltr'>Καί</span> <span class='ocrx_word' id='word_1_736' title='bbox 2504 2438 2776 2500; x_wconf 72' lang='grc' dir='ltr'>ἐκάλεσε,</span> <span class='ocrx_word' id='word_1_737' title='bbox 2810 2439 2963 2507; x_wconf 78' lang='grc' dir='ltr'>φησὶ,</span> <span class='ocrx_word' id='word_1_738' title='bbox 2990 2436 3058 2489; x_wconf 88' lang='grc' dir='ltr'>τὸ</span> <span class='ocrx_word' id='word_1_739' title='bbox 3086 2435 3390 2504; x_wconf 78' lang='grc' dir='ltr'>στερέωμα</span> <span class='ocrx_word' id='word_1_740' title='bbox 3415 2432 3695 2501; x_wconf 80' lang='grc' dir='ltr'>οὐρανὸν,</span> <span class='ocrx_word' id='word_1_741' title='bbox 3722 2432 3885 2484; x_wconf 87' lang='grc' dir='ltr'>τοῦτο</span> 
     </span>
    </p>
   </div>
   <div class='ocr_carea' id='block_1_94' title="bbox 2218 2508 3884 2587">
    <p class='ocr_par' dir='ltr' id='par_1_94' title="bbox 2218 2508 3884 2587">
     <span class='ocr_line' id='line_1_95' title="bbox 2218 2508 3884 2587; baseline -0.006 -18"><span class='ocrx_word' id='word_1_742' title='bbox 2218 2516 2280 2569; x_wconf 81' lang='grc' dir='ltr'>τὸ</span> <span class='ocrx_word' id='word_1_743' title='bbox 2320 2516 2613 2587; x_wconf 84' lang='grc' dir='ltr'>ὁρώμενον.</span> <span class='ocrx_word' id='word_1_744' title='bbox 2665 2516 2773 2567; x_wconf 76' lang='grc' dir='ltr'>Καὶ</span> <span class='ocrx_word' id='word_1_745' title='bbox 2820 2514 2966 2577; x_wconf 74' lang='grc' dir='ltr'>πιῖις,</span> <span class='ocrx_word' id='word_1_746' title='bbox 3011 2514 3177 2583; x_wconf 79' lang='grc' dir='ltr'>φησὶ,</span> <span class='ocrx_word' id='word_1_747' title='bbox 3213 2514 3355 2575; x_wconf 77' lang='grc' dir='ltr'>τινὲς</span> <span class='ocrx_word' id='word_1_748' title='bbox 3388 2511 3665 2581; x_wconf 82' lang='grc' dir='ltr'>βούλονται</span> <span class='ocrx_word' id='word_1_749' title='bbox 3698 2508 3884 2576; x_wconf 82' lang='grc' dir='ltr'>λέγειν</span> 
     </span>
    </p>
   </div>
   <div class='ocr_carea' id='block_1_95' title="bbox 2220 2587 3882 2663">
    <p class='ocr_par' dir='ltr' id='par_1_95' title="bbox 2220 2587 3882 2663">
     <span class='ocr_line' id='line_1_96' title="bbox 2220 2587 3882 2663; baseline -0.004 -17"><span class='ocrx_word' id='word_1_750' title='bbox 2220 2593 2447 2657; x_wconf 77' lang='grc' dir='ltr'>πολλοὺς</span> <span class='ocrx_word' id='word_1_751' title='bbox 2499 2594 2760 2663; x_wconf 85' lang='grc' dir='ltr'>οὑρανοὺς</span> <span class='ocrx_word' id='word_1_752' title='bbox 2815 2591 3181 2661; x_wconf 73' lang='grc' dir='ltr'>γεγενῆσθαις</span> <span class='ocrx_word' id='word_1_753' title='bbox 3233 2591 3345 2643; x_wconf 79' lang='grc' dir='ltr'>Οὐκ</span> <span class='ocrx_word' id='word_1_754' title='bbox 3402 2590 3511 2643; x_wconf 76' lang='grc' dir='ltr'>ἀπὸ</span> <span class='ocrx_word' id='word_1_755' title='bbox 3567 2588 3669 2655; x_wconf 81' lang='grc' dir='ltr'>τῆς</span> <span class='ocrx_word' id='word_1_756' title='bbox 3728 2587 3882 2649; x_wconf 88' lang='grc' dir='ltr'>θείας</span> 
     </span>
    </p>
   </div>
   <div class='ocr_carea' id='block_1_96' title="bbox 2220 2663 3885 2743">
    <p class='ocr_par' dir='ltr' id='par_1_96' title="bbox 2220 2663 3885 2743">
     <span class='ocr_line' id='line_1_97' title="bbox 2220 2663 3885 2743; baseline -0.005 -19"><span class='ocrx_word' id='word_1_757' title='bbox 2220 2673 2441 2743; x_wconf 83' lang='grc' dir='ltr'>Γραφῆς</span> <span class='ocrx_word' id='word_1_758' title='bbox 2480 2672 2649 2724; x_wconf 83' lang='grc' dir='ltr'>ταῦτα</span> <span class='ocrx_word' id='word_1_759' title='bbox 2683 2670 3072 2740; x_wconf 88' lang='grc' dir='ltr'>διδασκόμενοι,</span> <span class='ocrx_word' id='word_1_760' title='bbox 3110 2668 3225 2722; x_wconf 80' lang='grc' dir='ltr'>ἀλλ’</span> <span class='ocrx_word' id='word_1_761' title='bbox 3259 2666 3317 2732; x_wconf 75' lang='grc' dir='ltr'>ἐξ</span> <span class='ocrx_word' id='word_1_762' title='bbox 3346 2667 3563 2721; x_wconf 86' lang='grc' dir='ltr'>οἰκείων</span> <span class='ocrx_word' id='word_1_763' title='bbox 3602 2663 3885 2743; x_wconf 79' lang='grc' dir='ltr'>λογισμῶν</span> 
     </span>
    </p>
   </div>
   <div class='ocr_carea' id='block_1_97' title="bbox 2220 2742 3886 2820">
    <p class='ocr_par' dir='ltr' id='par_1_97' title="bbox 2220 2742 3886 2820">
     <span class='ocr_line' id='line_1_98' title="bbox 2220 2742 3886 2820; baseline -0.004 -18"><span class='ocrx_word' id='word_1_764' title='bbox 2220 2742 2548 2820; x_wconf 84' lang='grc' dir='ltr'>ὁρμώμενοι.</span> <span class='ocrx_word' id='word_1_765' title='bbox 2602 2751 2660 2801; x_wconf 91' lang='lat'>&#39;0</span> <span class='ocrx_word' id='word_1_766' title='bbox 2712 2748 2818 2820; x_wconf 83' lang='grc' dir='ltr'>γὰρ</span> <span class='ocrx_word' id='word_1_767' title='bbox 2863 2748 3132 2818; x_wconf 88' lang='grc' dir='ltr'>μακάριος</span> <span class='ocrx_word' id='word_1_768' title='bbox 3180 2746 3419 2815; x_wconf 81' lang='grc' dir='ltr'>Μωῦσῆς</span> <span class='ocrx_word' id='word_1_769' title='bbox 3474 2743 3627 2797; x_wconf 69' lang='grc' dir='ltr'>οὐδὲν</span> <span class='ocrx_word' id='word_1_770' title='bbox 3676 2742 3886 2796; x_wconf 86' lang='grc' dir='ltr'>τούτων</span> 
     </span>
    </p>
   </div>
   <div class='ocr_carea' id='block_1_98' title="bbox 2222 2821 3887 2897">
    <p class='ocr_par' dir='ltr' id='par_1_98' title="bbox 2222 2821 3887 2897">
     <span class='ocr_line' id='line_1_99' title="bbox 2222 2821 3887 2897; baseline -0.005 -17"><span class='ocrx_word' id='word_1_771' title='bbox 2222 2829 2382 2894; x_wconf 81' lang='grc' dir='ltr'>πλέον</span> <span class='ocrx_word' id='word_1_772' title='bbox 2418 2829 2563 2897; x_wconf 75' lang='grc' dir='ltr'>ἡμᾶς</span> <span class='ocrx_word' id='word_1_773' title='bbox 2601 2825 2866 2879; x_wconf 73' lang='grc' dir='ltr'>διδάσκειο</span> <span class='ocrx_word' id='word_1_774' title='bbox 2900 2824 3073 2878; x_wconf 85' lang='grc' dir='ltr'>εἰπὼν</span> <span class='ocrx_word' id='word_1_775' title='bbox 3105 2824 3235 2895; x_wconf 72' lang='grc' dir='ltr'>γὰρ,</span> <span class='ocrx_word' id='word_1_776' title='bbox 3270 2824 3366 2876; x_wconf 83' lang='grc' dir='ltr'>Ἐν</span> <span class='ocrx_word' id='word_1_777' title='bbox 3396 2821 3551 2891; x_wconf 80' lang='grc' dir='ltr'>ἀρχῇ</span> <span class='ocrx_word' id='word_1_778' title='bbox 3590 2822 3887 2889; x_wconf 76' lang='grc' dir='ltr'>ἐποίησεν</span> 
     </span>
    </p>
   </div>
   <div class='ocr_carea' id='block_1_99' title="bbox 2223 2896 3889 2971">
    <p class='ocr_par' dir='ltr' id='par_1_99' title="bbox 2223 2896 3889 2971">
     <span class='ocr_line' id='line_1_100' title="bbox 2223 2896 3889 2971; baseline -0.004 -14"><span class='ocrx_word' id='word_1_779' title='bbox 2223 2908 2255 2957; x_wconf 85' lang='grc' dir='ltr'>ό</span> <span class='ocrx_word' id='word_1_780' title='bbox 2290 2904 2432 2968; x_wconf 85' lang='grc' dir='ltr'>Θεὸς</span> <span class='ocrx_word' id='word_1_781' title='bbox 2462 2896 2575 2956; x_wconf 82' lang='grc' dir='ltr'>τὸν</span> <span class='ocrx_word' id='word_1_782' title='bbox 2619 2902 2880 2970; x_wconf 71' lang='grc' dir='ltr'>οἰφανὸν</span> <span class='ocrx_word' id='word_1_783' title='bbox 2919 2902 3019 2955; x_wconf 85' lang='grc' dir='ltr'>καί</span> <span class='ocrx_word' id='word_1_784' title='bbox 3064 2902 3178 2969; x_wconf 80' lang='grc' dir='ltr'>τὴν</span> <span class='ocrx_word' id='word_1_785' title='bbox 3214 2899 3363 2971; x_wconf 76' lang='grc' dir='ltr'>τῆν’</span> <span class='ocrx_word' id='word_1_786' title='bbox 3403 2896 3522 2953; x_wconf 82' lang='grc' dir='ltr'>εῐτα</span> <span class='ocrx_word' id='word_1_787' title='bbox 3552 2899 3651 2971; x_wconf 80' lang='grc' dir='ltr'>τὴν</span> <span class='ocrx_word' id='word_1_788' title='bbox 3703 2900 3889 2953; x_wconf 85' lang='grc' dir='ltr'>αἰτίαν</span> 
     </span>
    </p>
   </div>
   <div class='ocr_carea' id='block_1_100' title="bbox 2222 2978 3887 3051">
    <p class='ocr_par' dir='ltr' id='par_1_100' title="bbox 2222 2978 3887 3051">
     <span class='ocr_line' id='line_1_101' title="bbox 2222 2978 3887 3051; baseline -0.001 -18"><span class='ocrx_word' id='word_1_789' title='bbox 2222 2981 2437 3045; x_wconf 61' lang='grc' dir='ltr'>διδάξας</span> <span class='ocrx_word' id='word_1_790' title='bbox 2475 2981 2541 3033; x_wconf 80' lang='grc' dir='ltr'>δι’</span> <span class='ocrx_word' id='word_1_791' title='bbox 2571 2983 2636 3051; x_wconf 89' lang='grc' dir='ltr'>ἡν</span> <span class='ocrx_word' id='word_1_792' title='bbox 2674 2982 2906 3051; x_wconf 85' lang='grc' dir='ltr'>ἀόρατος</span> <span class='ocrx_word' id='word_1_793' title='bbox 2946 2980 3242 3050; x_wconf 74' lang='grc' dir='ltr'>ετύγχανεν</span> <span class='ocrx_word' id='word_1_794' title='bbox 3278 2982 3312 3049; x_wconf 91' lang='grc' dir='ltr'>ἡ</span> <span class='ocrx_word' id='word_1_795' title='bbox 3352 2979 3447 3047; x_wconf 83' lang='grc' dir='ltr'>γῆ,</span> <span class='ocrx_word' id='word_1_796' title='bbox 3483 2978 3590 3032; x_wconf 74' lang='grc' dir='ltr'>ὑπὸ</span> <span class='ocrx_word' id='word_1_797' title='bbox 3618 2978 3715 3031; x_wconf 86' lang='grc' dir='ltr'>τοῦ</span> <span class='ocrx_word' id='word_1_798' title='bbox 3759 2978 3887 3032; x_wconf 71' lang='lat' dir='ltr'>6x6-</span> 
     </span>
    </p>
   </div>
   <div class='ocr_carea' id='block_1_101' title="bbox 2223 3058 3888 3130">
    <p class='ocr_par' dir='ltr' id='par_1_101' title="bbox 2223 3058 3888 3130">
     <span class='ocr_line' id='line_1_102' title="bbox 2223 3058 3888 3130; baseline 0 -19"><span class='ocrx_word' id='word_1_799' title='bbox 2223 3077 2348 3122; x_wconf 88' lang='grc' dir='ltr'>τους</span> <span class='ocrx_word' id='word_1_800' title='bbox 2377 3060 2607 3113; x_wconf 72' lang='grc' dir='ltr'>καὶτῶν</span> <span class='ocrx_word' id='word_1_801' title='bbox 2638 3061 2844 3114; x_wconf 88' lang='grc' dir='ltr'>ὑδάτων</span> <span class='ocrx_word' id='word_1_802' title='bbox 2882 3061 2983 3130; x_wconf 79' lang='grc' dir='ltr'>τῆς</span> <span class='ocrx_word' id='word_1_803' title='bbox 3021 3060 3258 3113; x_wconf 88' lang='grc' dir='ltr'>ἀϐύσσου</span> <span class='ocrx_word' id='word_1_804' title='bbox 3298 3058 3705 3129; x_wconf 82' lang='grc' dir='ltr'>καλυπτομένη,</span> <span class='ocrx_word' id='word_1_805' title='bbox 3747 3059 3888 3127; x_wconf 74' lang='grc' dir='ltr'>μετὰ</span> 
     </span>
    </p>
   </div>
   <div class='ocr_carea' id='block_1_102' title="bbox 2222 3137 3890 3210">
    <p class='ocr_par' dir='ltr' id='par_1_102' title="bbox 2222 3137 3890 3210">
     <span class='ocr_line' id='line_1_103' title="bbox 2222 3137 3890 3210; baseline -0.002 -19"><span class='ocrx_word' id='word_1_806' title='bbox 2222 3140 2321 3210; x_wconf 81' lang='grc' dir='ltr'>τὴν</span> <span class='ocrx_word' id='word_1_807' title='bbox 2366 3138 2459 3191; x_wconf 86' lang='grc' dir='ltr'>τοῦ</span> <span class='ocrx_word' id='word_1_808' title='bbox 2499 3140 2673 3207; x_wconf 74' lang='grc' dir='ltr'>φωτὸς</span> <span class='ocrx_word' id='word_1_809' title='bbox 2712 3140 3073 3209; x_wconf 90' lang='grc' dir='ltr'>δημιουργίαν</span> <span class='ocrx_word' id='word_1_810' title='bbox 3119 3139 3270 3203; x_wconf 85' lang='grc' dir='ltr'>τάξει</span> <span class='ocrx_word' id='word_1_811' title='bbox 3316 3140 3424 3190; x_wconf 77' lang='grc' dir='ltr'>τινὶ</span> <span class='ocrx_word' id='word_1_812' title='bbox 3456 3138 3547 3190; x_wconf 75' lang='grc' dir='ltr'>καὶ</span> <span class='ocrx_word' id='word_1_813' title='bbox 3584 3137 3890 3206; x_wconf 61' lang='grc' dir='ltr'>ἀκολουθίᾳ</span> 
     </span>
    </p>
   </div>
   <div class='ocr_carea' id='block_1_103' title="bbox 2224 3213 3892 3285">
    <p class='ocr_par' dir='ltr' id='par_1_103' title="bbox 2224 3213 3892 3285">
     <span class='ocr_line' id='line_1_104' title="bbox 2224 3213 3892 3285; baseline 0 -18"><span class='ocrx_word' id='word_1_814' title='bbox 2224 3216 2500 3285; x_wconf 63' lang='grc' dir='ltr'>χρώμενός</span> <span class='ocrx_word' id='word_1_815' title='bbox 2547 3232 2705 3284; x_wconf 88' lang='grc' dir='ltr'>φησι·</span> <span class='ocrx_word' id='word_1_816' title='bbox 2753 3217 2861 3270; x_wconf 77' lang='grc' dir='ltr'>Καὶ</span> <span class='ocrx_word' id='word_1_817' title='bbox 2902 3213 3069 3270; x_wconf 76' lang='grc' dir='ltr'>εἷπεν</span> <span class='ocrx_word' id='word_1_818' title='bbox 3105 3219 3137 3269; x_wconf 86' lang='grc' dir='ltr'>ό</span> <span class='ocrx_word' id='word_1_819' title='bbox 3172 3215 3343 3281; x_wconf 87' lang='grc' dir='ltr'>Θεὸς,</span> <span class='ocrx_word' id='word_1_820' title='bbox 3385 3213 3702 3284; x_wconf 80' lang='grc' dir='ltr'>Γενηθήτω</span> <span class='ocrx_word' id='word_1_821' title='bbox 3753 3229 3892 3267; x_wconf 83' lang='grc' dir='ltr'>στε-</span> 
     </span>
    </p>
   </div>
   <div class='ocr_carea' id='block_1_104' title="bbox 2215 3291 3891 3365">
    <p class='ocr_par' dir='ltr' id='par_1_104' title="bbox 2215 3291 3891 3365">
     <span class='ocr_line' id='line_1_105' title="bbox 2215 3291 3891 3365; baseline 0.001 -19"><span class='ocrx_word' id='word_1_822' title='bbox 2215 3294 2433 3362; x_wconf 81' lang='grc' dir='ltr'>ρέωμα.</span> <span class='ocrx_word' id='word_1_823' title='bbox 2460 3291 2589 3347; x_wconf 83' lang='grc' dir='ltr'>Εἶτα</span> <span class='ocrx_word' id='word_1_824' title='bbox 2611 3294 2708 3365; x_wconf 84' lang='grc' dir='ltr'>τὴν</span> <span class='ocrx_word' id='word_1_825' title='bbox 2737 3294 2925 3364; x_wconf 85' lang='grc' dir='ltr'>χρείαν</span> <span class='ocrx_word' id='word_1_826' title='bbox 2953 3295 3116 3348; x_wconf 88' lang='grc' dir='ltr'>αὑτοῦ</span> <span class='ocrx_word' id='word_1_827' title='bbox 3148 3294 3335 3347; x_wconf 86' lang='grc' dir='ltr'>τούτου</span> <span class='ocrx_word' id='word_1_828' title='bbox 3368 3293 3460 3347; x_wconf 88' lang='grc' dir='ltr'>τοῦ</span> <span class='ocrx_word' id='word_1_829' title='bbox 3505 3293 3891 3365; x_wconf 75' lang='grc' dir='ltr'>περεὼματος</span> 
     </span>
    </p>
   </div>
   <div class='ocr_carea' id='block_1_105' title="bbox 2229 3368 3893 3443">
    <p class='ocr_par' dir='ltr' id='par_1_105' title="bbox 2229 3368 3893 3443">
     <span class='ocr_line' id='line_1_106' title="bbox 2229 3368 3893 3443; baseline -0.001 -18"><span class='ocrx_word' id='word_1_830' title='bbox 2229 3372 2363 3441; x_wconf 84' lang='grc' dir='ltr'>μετά</span> <span class='ocrx_word' id='word_1_831' title='bbox 2394 3372 2675 3443; x_wconf 84' lang='grc' dir='ltr'>ἀκριϐείας</span> <span class='ocrx_word' id='word_1_832' title='bbox 2697 3368 2936 3437; x_wconf 79' lang='grc' dir='ltr'>διδάξας,</span> <span class='ocrx_word' id='word_1_833' title='bbox 2967 3374 3059 3425; x_wconf 78' lang='grc' dir='ltr'>καὶ</span> <span class='ocrx_word' id='word_1_834' title='bbox 3098 3372 3287 3435; x_wconf 88' lang='grc' dir='ltr'>εἰπὼν,</span> <span class='ocrx_word' id='word_1_835' title='bbox 3314 3373 3491 3425; x_wconf 84' lang='grc' dir='ltr'>Ὥστε</span> <span class='ocrx_word' id='word_1_836' title='bbox 3518 3369 3893 3440; x_wconf 70' lang='grc' dir='ltr'>διαχωρίζειν</span> 
     </span>
    </p>
   </div>
   <div class='ocr_carea' id='block_1_106' title="bbox 2226 3448 3891 3517">
    <p class='ocr_par' dir='ltr' id='par_1_106' title="bbox 2226 3448 3891 3517">
     <span class='ocr_line' id='line_1_107' title="bbox 2226 3448 3891 3517; baseline 0 -15"><span class='ocrx_word' id='word_1_837' title='bbox 2226 3449 2532 3517; x_wconf 83' lang='grc' dir='ltr'>ἀναμέσον</span> <span class='ocrx_word' id='word_1_838' title='bbox 2588 3451 2803 3515; x_wconf 79' lang='grc' dir='ltr'>ὕδατος</span> <span class='ocrx_word' id='word_1_839' title='bbox 2848 3451 2945 3504; x_wconf 86' lang='grc' dir='ltr'>καί</span> <span class='ocrx_word' id='word_1_840' title='bbox 3000 3451 3248 3515; x_wconf 81' lang='grc' dir='ltr'>ὕδατος,</span> <span class='ocrx_word' id='word_1_841' title='bbox 3294 3449 3425 3503; x_wconf 76' lang='grc' dir='ltr'>αὑτὸ</span> <span class='ocrx_word' id='word_1_842' title='bbox 3468 3448 3624 3502; x_wconf 88' lang='grc' dir='ltr'>τοῦτο</span> <span class='ocrx_word' id='word_1_843' title='bbox 3660 3451 3720 3501; x_wconf 83' lang='grc' dir='ltr'>τὸ</span> <span class='ocrx_word' id='word_1_844' title='bbox 3764 3466 3891 3502; x_wconf 85' lang='grc' dir='ltr'>στε-</span> 
     </span>
    </p>
   </div>
   <div class='ocr_carea' id='block_1_107' title="bbox 2231 3522 3895 3597">
    <p class='ocr_par' dir='ltr' id='par_1_107' title="bbox 2231 3522 3895 3597">
     <span class='ocr_line' id='line_1_108' title="bbox 2231 3522 3895 3597; baseline 0 -18"><span class='ocrx_word' id='word_1_845' title='bbox 2231 3527 2417 3596; x_wconf 86' lang='grc' dir='ltr'>ρέωμα</span> <span class='ocrx_word' id='word_1_846' title='bbox 2441 3528 2667 3597; x_wconf 75' lang='grc' dir='ltr'>οὐρανὸν</span> <span class='ocrx_word' id='word_1_847' title='bbox 2696 3528 2919 3581; x_wconf 75' lang='grc' dir='ltr'>ἐκάλεσε</span> <span class='ocrx_word' id='word_1_848' title='bbox 2950 3528 3011 3580; x_wconf 83' lang='grc' dir='ltr'>τὸ</span> <span class='ocrx_word' id='word_1_849' title='bbox 3040 3522 3146 3581; x_wconf 89' lang='grc' dir='ltr'>τῶν</span> <span class='ocrx_word' id='word_1_850' title='bbox 3180 3527 3383 3581; x_wconf 83' lang='grc' dir='ltr'>ὑδάτων</span> <span class='ocrx_word' id='word_1_851' title='bbox 3419 3526 3692 3596; x_wconf 83' lang='grc' dir='ltr'>χωρισμὸν</span> <span class='ocrx_word' id='word_1_852' title='bbox 3721 3527 3895 3597; x_wconf 74' lang='grc' dir='ltr'>ἔργα·</span> 
     </span>
    </p>
   </div>
   <div class='ocr_carea' id='block_1_108' title="bbox 2228 3606 3895 3679">
    <p class='ocr_par' dir='ltr' id='par_1_108' title="bbox 2228 3606 3895 3679">
     <span class='ocr_line' id='line_1_109' title="bbox 2228 3606 3895 3679; baseline 0.001 -20"><span class='ocrx_word' id='word_1_853' title='bbox 2228 3608 2480 3677; x_wconf 82' lang='grc' dir='ltr'>σάμενον.</span> <span class='ocrx_word' id='word_1_854' title='bbox 2510 3610 2606 3671; x_wconf 87' lang='grc' dir='ltr'>Τίς</span> <span class='ocrx_word' id='word_1_855' title='bbox 2631 3608 2695 3662; x_wconf 76' lang='grc' dir='ltr'>ἂν</span> <span class='ocrx_word' id='word_1_856' title='bbox 2728 3606 2819 3662; x_wconf 82' lang='grc' dir='ltr'>οῦν</span> <span class='ocrx_word' id='word_1_857' title='bbox 2840 3608 3023 3662; x_wconf 82' lang='grc' dir='ltr'>λοιπὸν</span> <span class='ocrx_word' id='word_1_858' title='bbox 3062 3608 3198 3679; x_wconf 86' lang='grc' dir='ltr'>μετά</span> <span class='ocrx_word' id='word_1_859' title='bbox 3227 3608 3324 3678; x_wconf 80' lang='grc' dir='ltr'>τὴν</span> <span class='ocrx_word' id='word_1_860' title='bbox 3352 3606 3617 3675; x_wconf 87' lang='grc' dir='ltr'>τοσαύτην</span> <span class='ocrx_word' id='word_1_861' title='bbox 3642 3607 3895 3660; x_wconf 83' lang='grc' dir='ltr'>διδασκα-</span> 
     </span>
    </p>
   </div>
   <div class='ocr_carea' id='block_1_109' title="bbox 2229 3684 3893 3755">
    <p class='ocr_par' dir='ltr' id='par_1_109' title="bbox 2229 3684 3893 3755">
     <span class='ocr_line' id='line_1_110' title="bbox 2229 3684 3893 3755; baseline 0.001 -17"><span class='ocrx_word' id='word_1_862' title='bbox 2229 3684 2345 3739; x_wconf 87' lang='grc' dir='ltr'>λίαν</span> <span class='ocrx_word' id='word_1_863' title='bbox 2384 3686 2676 3755; x_wconf 87' lang='grc' dir='ltr'>ἀνάσχοιτο</span> <span class='ocrx_word' id='word_1_864' title='bbox 2705 3686 2814 3741; x_wconf 82' lang='grc' dir='ltr'>τῶν</span> <span class='ocrx_word' id='word_1_865' title='bbox 2867 3686 3052 3750; x_wconf 83' lang='grc' dir='ltr'>ἁπλῶς</span> <span class='ocrx_word' id='word_1_866' title='bbox 3084 3686 3145 3749; x_wconf 77' lang='grc' dir='ltr'>εξ</span> <span class='ocrx_word' id='word_1_867' title='bbox 3183 3685 3390 3748; x_wconf 90' lang='grc' dir='ltr'>οἰκείας</span> <span class='ocrx_word' id='word_1_868' title='bbox 3432 3685 3668 3748; x_wconf 87' lang='grc' dir='ltr'>διανοίας</span> <span class='ocrx_word' id='word_1_869' title='bbox 3717 3686 3893 3755; x_wconf 81' lang='grc' dir='ltr'>φθέγ-</span> 
     </span>
    </p>
   </div>
   <div class='ocr_carea' id='block_1_110' title="bbox 2228 3762 3891 3835">
    <p class='ocr_par' dir='ltr' id='par_1_110' title="bbox 2228 3762 3891 3835">
     <span class='ocr_line' id='line_1_111' title="bbox 2228 3762 3891 3835; baseline 0.002 -22"><span class='ocrx_word' id='word_1_870' title='bbox 2228 3762 2422 3828; x_wconf 88' lang='grc' dir='ltr'>γεσθαι</span> <span class='ocrx_word' id='word_1_871' title='bbox 2483 3762 2842 3832; x_wconf 82' lang='grc' dir='ltr'>βουλομένων,</span> <span class='ocrx_word' id='word_1_872' title='bbox 2896 3765 2990 3817; x_wconf 75' lang='grc' dir='ltr'>καὶ</span> <span class='ocrx_word' id='word_1_873' title='bbox 3023 3762 3352 3825; x_wconf 90' lang='grc' dir='ltr'>ἀπεναντίας</span> <span class='ocrx_word' id='word_1_874' title='bbox 3399 3765 3465 3833; x_wconf 78' lang='grc' dir='ltr'>τῇ</span> <span class='ocrx_word' id='word_1_875' title='bbox 3519 3762 3639 3829; x_wconf 79' lang='grc' dir='ltr'>θεία</span> <span class='ocrx_word' id='word_1_876' title='bbox 3692 3763 3891 3835; x_wconf 72' lang='grc' dir='ltr'>Γραφῇ</span> 
     </span>
    </p>
   </div>
   <div class='ocr_carea' id='block_1_111' title="bbox 2230 3838 3891 3911">
    <p class='ocr_par' dir='ltr' id='par_1_111' title="bbox 2230 3838 3891 3911">
     <span class='ocr_line' id='line_1_112' title="bbox 2230 3838 3891 3911; baseline 0.001 -20"><span class='ocrx_word' id='word_1_877' title='bbox 2230 3838 2456 3902; x_wconf 79' lang='grc' dir='ltr'>πολλοὺς</span> <span class='ocrx_word' id='word_1_878' title='bbox 2504 3841 2761 3910; x_wconf 79' lang='grc' dir='ltr'>οὑρανοῦς</span> <span class='ocrx_word' id='word_1_879' title='bbox 2817 3841 2995 3909; x_wconf 88' lang='grc' dir='ltr'>λέγειν</span> <span class='ocrx_word' id='word_1_880' title='bbox 3046 3838 3501 3911; x_wconf 80' lang='grc' dir='ltr'>ὲπιχειρούντων;</span> <span class='ocrx_word' id='word_1_881' title='bbox 3559 3840 3699 3892; x_wconf 82' lang='grc' dir='ltr'>Ἀλλ’</span> <span class='ocrx_word' id='word_1_882' title='bbox 3753 3842 3891 3906; x_wconf 69' lang='grc' dir='ltr'>ἰδοῦ,</span> 
     </span>
    </p>
   </div>
   <div class='ocr_carea' id='block_1_112' title="bbox 2231 3914 3892 3990">
    <p class='ocr_par' dir='ltr' id='par_1_112' title="bbox 2231 3914 3892 3990">
     <span class='ocr_line' id='line_1_113' title="bbox 2231 3914 3892 3990; baseline 0.001 -21"><span class='ocrx_word' id='word_1_883' title='bbox 2231 3919 2414 3987; x_wconf 80' lang='grc' dir='ltr'>φησὶν,</span> <span class='ocrx_word' id='word_1_884' title='bbox 2440 3919 2469 3971; x_wconf 88' lang='grc' dir='ltr'>ό</span> <span class='ocrx_word' id='word_1_885' title='bbox 2503 3919 2763 3990; x_wconf 77' lang='grc' dir='ltr'>μακάριος</span> <span class='ocrx_word' id='word_1_886' title='bbox 2789 3918 2950 3971; x_wconf 78' lang='grc' dir='ltr'>Δαυτδ</span> <span class='ocrx_word' id='word_1_887' title='bbox 2977 3914 3124 3971; x_wconf 74' lang='grc' dir='ltr'>αἶνον</span> <span class='ocrx_word' id='word_1_888' title='bbox 3154 3920 3440 3988; x_wconf 78' lang='grc' dir='ltr'>ἀναφέρων</span> <span class='ocrx_word' id='word_1_889' title='bbox 3475 3916 3554 3987; x_wconf 85' lang='grc' dir='ltr'>τῷ</span> <span class='ocrx_word' id='word_1_890' title='bbox 3592 3917 3710 3987; x_wconf 83' lang='grc' dir='ltr'>Θεῷ</span> <span class='ocrx_word' id='word_1_891' title='bbox 3750 3918 3892 3989; x_wconf 76' lang='grc' dir='ltr'>ἔφη·</span> 
     </span>
    </p>
   </div>
   <div class='ocr_carea' id='block_1_113' title="bbox 2233 3994 3894 4069">
    <p class='ocr_par' dir='ltr' id='par_1_113' title="bbox 2233 3994 3894 4069">
     <span class='ocr_line' id='line_1_114' title="bbox 2233 3994 3894 4069; baseline 0 -19"><span class='ocrx_word' id='word_1_892' title='bbox 2233 4011 2355 4050; x_wconf 85' lang='grc' dir='ltr'>σεν·</span> <span class='ocrx_word' id='word_1_893' title='bbox 2402 3994 2628 4049; x_wconf 83' lang='grc' dir='ltr'>Αἰνεῖτε</span> <span class='ocrx_word' id='word_1_894' title='bbox 2666 3998 2851 4051; x_wconf 87' lang='grc' dir='ltr'>αὐτὸν</span> <span class='ocrx_word' id='word_1_895' title='bbox 2896 4001 2949 4051; x_wconf 90' lang='grc' dir='ltr'>οἰ</span> <span class='ocrx_word' id='word_1_896' title='bbox 2994 3997 3236 4065; x_wconf 75' lang='grc' dir='ltr'>οὐρανοὶ</span> <span class='ocrx_word' id='word_1_897' title='bbox 3279 3995 3400 4050; x_wconf 86' lang='grc' dir='ltr'>τῶν</span> <span class='ocrx_word' id='word_1_898' title='bbox 3450 3995 3741 4063; x_wconf 84' lang='grc' dir='ltr'>οὐρανῶν.</span> <span class='ocrx_word' id='word_1_899' title='bbox 3797 4000 3894 4069; x_wconf 77' lang='grc' dir='ltr'>Μὴ</span> 
     </span>
    </p>
   </div>
   <div class='ocr_carea' id='block_1_114' title="bbox 2232 4072 3896 4147">
    <p class='ocr_par' dir='ltr' id='par_1_114' title="bbox 2232 4072 3896 4147">
     <span class='ocr_line' id='line_1_115' title="bbox 2232 4072 3896 4147; baseline 0.001 -22"><span class='ocrx_word' id='word_1_900' title='bbox 2232 4072 2555 4144; x_wconf 84' lang='grc' dir='ltr'>θορυϐηθῇς,</span> <span class='ocrx_word' id='word_1_901' title='bbox 2597 4073 2867 4144; x_wconf 77' lang='grc' dir='ltr'>ἀγαπητὲ,</span> <span class='ocrx_word' id='word_1_902' title='bbox 2905 4075 3038 4144; x_wconf 71' lang='grc' dir='ltr'>μηδὲ</span> <span class='ocrx_word' id='word_1_903' title='bbox 3078 4076 3307 4145; x_wconf 81' lang='grc' dir='ltr'>νομίσῃς</span> <span class='ocrx_word' id='word_1_904' title='bbox 3336 4074 3434 4145; x_wconf 79' lang='grc' dir='ltr'>τὴν</span> <span class='ocrx_word' id='word_1_905' title='bbox 3472 4074 3635 4141; x_wconf 87' lang='grc' dir='ltr'>ἁγίαν</span> <span class='ocrx_word' id='word_1_906' title='bbox 3668 4075 3896 4147; x_wconf 75' lang='grc' dir='ltr'>Γραφὴν</span> 
     </span>
    </p>
   </div>
   <div class='ocr_carea' id='block_1_115' title="bbox 2232 4151 3895 4222">
    <p class='ocr_par' dir='ltr' id='par_1_115' title="bbox 2232 4151 3895 4222">
     <span class='ocr_line' id='line_1_116' title="bbox 2232 4151 3895 4222; baseline 0.002 -19"><span class='ocrx_word' id='word_1_907' title='bbox 2232 4151 2445 4204; x_wconf 82' lang='grc' dir='ltr'>ἐναντία</span> <span class='ocrx_word' id='word_1_908' title='bbox 2475 4152 2641 4222; x_wconf 74' lang='grc' dir='ltr'>ἑαυτῇ</span> <span class='ocrx_word' id='word_1_909' title='bbox 2673 4151 2854 4219; x_wconf 84' lang='grc' dir='ltr'>λέγειν</span> <span class='ocrx_word' id='word_1_910' title='bbox 2889 4152 3044 4205; x_wconf 65' lang='grc' dir='ltr'>ποτί-</span> <span class='ocrx_word' id='word_1_911' title='bbox 3076 4152 3210 4205; x_wconf 82' lang='grc' dir='ltr'>άλλά</span> <span class='ocrx_word' id='word_1_912' title='bbox 3240 4151 3473 4221; x_wconf 88' lang='grc' dir='ltr'>μάνθανε</span> <span class='ocrx_word' id='word_1_913' title='bbox 3500 4152 3601 4221; x_wconf 80' lang='grc' dir='ltr'>τήν</span> <span class='ocrx_word' id='word_1_914' title='bbox 3628 4152 3895 4222; x_wconf 79' lang='grc' dir='ltr'>ἀλήθειαν</span> 
     </span>
    </p>
   </div>
   <div class='ocr_carea' id='block_1_116' title="bbox 2232 4229 3892 4301">
    <p class='ocr_par' dir='ltr' id='par_1_116' title="bbox 2232 4229 3892 4301">
     <span class='ocr_line' id='line_1_117' title="bbox 2232 4229 3892 4301; baseline 0.002 -20"><span class='ocrx_word' id='word_1_915' title='bbox 2232 4230 2337 4282; x_wconf 88' lang='grc' dir='ltr'>τῶν</span> <span class='ocrx_word' id='word_1_916' title='bbox 2374 4229 2699 4300; x_wconf 78' lang='grc' dir='ltr'>εἰρημένων,</span> <span class='ocrx_word' id='word_1_917' title='bbox 2730 4230 2822 4283; x_wconf 78' lang='grc' dir='ltr'>καὶ</span> <span class='ocrx_word' id='word_1_918' title='bbox 2863 4229 3107 4299; x_wconf 83' lang='grc' dir='ltr'>κατέχων</span> <span class='ocrx_word' id='word_1_919' title='bbox 3137 4230 3235 4301; x_wconf 80' lang='grc' dir='ltr'>τὴν</span> <span class='ocrx_word' id='word_1_920' title='bbox 3270 4230 3472 4301; x_wconf 83' lang='grc' dir='ltr'>ἀκριϐῆ</span> <span class='ocrx_word' id='word_1_921' title='bbox 3510 4229 3715 4301; x_wconf 88' lang='grc' dir='ltr'>ταύτης</span> <span class='ocrx_word' id='word_1_922' title='bbox 3742 4231 3892 4284; x_wconf 74' lang='grc' dir='ltr'>διδα-</span> 
     </span>
    </p>
   </div>
   <div class='ocr_carea' id='block_1_117' title="bbox 2235 4315 3892 4391">
    <p class='ocr_par' dir='ltr' id='par_1_117' title="bbox 2235 4315 3892 4391">
     <span class='ocr_line' id='line_1_118' title="bbox 2235 4315 3892 4391; baseline 0.001 -23"><span class='ocrx_word' id='word_1_923' title='bbox 2235 4315 2453 4369; x_wconf 88' lang='grc' dir='ltr'>σκαλίαν</span> <span class='ocrx_word' id='word_1_924' title='bbox 2481 4318 2500 4355; x_wconf 73' lang='grc' dir='ltr'>ί</span> <span class='ocrx_word' id='word_1_925' title='bbox 2511 4356 2527 4381; x_wconf 94' lang='grc'>,</span> <span class='ocrx_word' id='word_1_926' title='bbox 2554 4316 2868 4388; x_wconf 83' lang='grc' dir='ltr'>ἀπόφραξον</span> <span class='ocrx_word' id='word_1_927' title='bbox 2896 4315 2995 4380; x_wconf 82' lang='grc' dir='ltr'>τὰς</span> <span class='ocrx_word' id='word_1_928' title='bbox 3025 4316 3194 4381; x_wconf 84' lang='grc' dir='ltr'>ἀκοὰς</span> <span class='ocrx_word' id='word_1_929' title='bbox 3222 4319 3335 4381; x_wconf 87' lang='grc' dir='ltr'>τοῖς</span> <span class='ocrx_word' id='word_1_930' title='bbox 3355 4317 3681 4380; x_wconf 86' lang='grc' dir='ltr'>ἀπεναντίας</span> <span class='ocrx_word' id='word_1_931' title='bbox 3712 4317 3892 4391; x_wconf 88' lang='grc' dir='ltr'>ταύτῃ</span> 
     </span>
    </p>
   </div>
   <div class='ocr_carea' id='block_1_118' title="bbox 2234 4404 2645 4474">
    <p class='ocr_par' dir='ltr' id='par_1_118' title="bbox 2234 4404 2645 4474">
     <span class='ocr_line' id='line_1_119' title="bbox 2234 4404 2645 4474; baseline -0.002 -17"><span class='ocrx_word' id='word_1_932' title='bbox 2234 4404 2645 4474; x_wconf 82' lang='grc' dir='ltr'>φθεγγομένοις.</span> 
     </span>
    </p>
   </div>
   <div class='ocr_carea' id='block_1_119' title="bbox 2304 4490 3893 4563">
    <p class='ocr_par' dir='ltr' id='par_1_119' title="bbox 2304 4490 3893 4563">
     <span class='ocr_line' id='line_1_120' title="bbox 2304 4490 3893 4563; baseline 0.002 -19"><span class='ocrx_word' id='word_1_933' title='bbox 2304 4491 2366 4547; x_wconf 89' lang='grc' dir='ltr'>δ’.</span> <span class='ocrx_word' id='word_1_934' title='bbox 2388 4493 2451 4545; x_wconf 89' lang='grc' dir='ltr'>Τί</span> <span class='ocrx_word' id='word_1_935' title='bbox 2472 4492 2528 4545; x_wconf 89' lang='grc' dir='ltr'>δέ</span> <span class='ocrx_word' id='word_1_936' title='bbox 2557 4494 2724 4557; x_wconf 73' lang='grc' dir='ltr'>ἐστιν,</span> <span class='ocrx_word' id='word_1_937' title='bbox 2751 4492 2779 4545; x_wconf 81' lang='grc' dir='ltr'><strong>ὃ</strong></span> <span class='ocrx_word' id='word_1_938' title='bbox 2813 4490 3071 4561; x_wconf 90' lang='grc' dir='ltr'>βούλομαι</span> <span class='ocrx_word' id='word_1_939' title='bbox 3106 4491 3297 4559; x_wconf 83' lang='grc' dir='ltr'>εἰπεῖν,</span> <span class='ocrx_word' id='word_1_940' title='bbox 3324 4491 3590 4546; x_wconf 83' lang='grc' dir='ltr'>ἀκούσατε</span> <span class='ocrx_word' id='word_1_941' title='bbox 3611 4491 3752 4563; x_wconf 86' lang='grc' dir='ltr'>μετὰ</span> <span class='ocrx_word' id='word_1_942' title='bbox 3766 4492 3893 4546; x_wconf 86' lang='grc' dir='ltr'>πολ-</span> 
     </span>
    </p>
   </div>
   <div class='ocr_carea' id='block_1_120' title="bbox 2233 4573 3893 4645">
    <p class='ocr_par' dir='ltr' id='par_1_120' title="bbox 2233 4573 3893 4645">
     <span class='ocr_line' id='line_1_121' title="bbox 2233 4573 3893 4645; baseline 0.002 -19"><span class='ocrx_word' id='word_1_943' title='bbox 2233 4573 2329 4643; x_wconf 82' lang='grc' dir='ltr'>λῆς</span> <span class='ocrx_word' id='word_1_944' title='bbox 2359 4574 2456 4643; x_wconf 83' lang='grc' dir='ltr'>τῆς</span> <span class='ocrx_word' id='word_1_945' title='bbox 2485 4574 2774 4645; x_wconf 83' lang='grc' dir='ltr'>προσοχῆς,</span> <span class='ocrx_word' id='word_1_946' title='bbox 2800 4574 2887 4627; x_wconf 83' lang='grc' dir='ltr'>ἴνα</span> <span class='ocrx_word' id='word_1_947' title='bbox 2921 4574 2995 4643; x_wconf 86' lang='grc' dir='ltr'>μὴ</span> <span class='ocrx_word' id='word_1_948' title='bbox 3035 4574 3268 4636; x_wconf 83' lang='grc' dir='ltr'>εὐκόλως</span> <span class='ocrx_word' id='word_1_949' title='bbox 3302 4575 3749 4645; x_wconf 84' lang='grc' dir='ltr'>παρασαλεύησθε</span> <span class='ocrx_word' id='word_1_950' title='bbox 3785 4578 3893 4629; x_wconf 78' lang='grc' dir='ltr'>ὑπὸ</span> 
     </span>
    </p>
   </div>
   <div class='ocr_carea' id='block_1_121' title="bbox 2232 4661 3894 4733">
    <p class='ocr_par' dir='ltr' id='par_1_121' title="bbox 2232 4661 3894 4733">
     <span class='ocr_line' id='line_1_122' title="bbox 2232 4661 3894 4733; baseline 0.002 -20"><span class='ocrx_word' id='word_1_951' title='bbox 2232 4661 2339 4714; x_wconf 83' lang='grc' dir='ltr'>τῶν</span> <span class='ocrx_word' id='word_1_952' title='bbox 2367 4662 2433 4716; x_wconf 82' lang='grc' dir='ltr'>τὰ</span> <span class='ocrx_word' id='word_1_953' title='bbox 2464 4662 2845 4733; x_wconf 85' lang='grc' dir='ltr'>παριστάμενα</span> <span class='ocrx_word' id='word_1_954' title='bbox 2876 4661 3049 4729; x_wconf 83' lang='grc' dir='ltr'>λέγειν</span> <span class='ocrx_word' id='word_1_955' title='bbox 3077 4661 3432 4731; x_wconf 77' lang='grc' dir='ltr'>βουλομένων.</span> <span class='ocrx_word' id='word_1_956' title='bbox 3461 4663 3637 4715; x_wconf 78' lang='grc' dir='ltr'>Πᾶσαι</span> <span class='ocrx_word' id='word_1_957' title='bbox 3663 4664 3717 4715; x_wconf 84' lang='grc' dir='ltr'>αἱ</span> <span class='ocrx_word' id='word_1_958' title='bbox 3747 4664 3894 4717; x_wconf 87' lang='grc' dir='ltr'>θεῖαι</span> 
     </span>
    </p>
   </div>
   <div class='ocr_carea' id='block_1_122' title="bbox 2236 4740 3892 4814">
    <p class='ocr_par' dir='ltr' id='par_1_122' title="bbox 2236 4740 3892 4814">
     <span class='ocr_line' id='line_1_123' title="bbox 2236 4740 3892 4814; baseline 0.001 -20"><span class='ocrx_word' id='word_1_959' title='bbox 2236 4742 2404 4813; x_wconf 87' lang='grc' dir='ltr'>βίϐλοι</span> <span class='ocrx_word' id='word_1_960' title='bbox 2448 4741 2544 4810; x_wconf 84' lang='grc' dir='ltr'>τῆς</span> <span class='ocrx_word' id='word_1_961' title='bbox 2577 4740 2815 4803; x_wconf 77' lang='grc' dir='ltr'>Παλαιᾶς</span> <span class='ocrx_word' id='word_1_962' title='bbox 2841 4741 3110 4811; x_wconf 84' lang='grc' dir='ltr'>Διαθὴκης</span> <span class='ocrx_word' id='word_1_963' title='bbox 3142 4742 3205 4811; x_wconf 72' lang='grc' dir='ltr'>τῇ</span> <span class='ocrx_word' id='word_1_964' title='bbox 3244 4740 3503 4810; x_wconf 85' lang='grc' dir='ltr'>Ἐϐραίων</span> <span class='ocrx_word' id='word_1_965' title='bbox 3528 4740 3739 4813; x_wconf 80' lang='grc' dir='ltr'>γλώττῃ</span> <span class='ocrx_word' id='word_1_966' title='bbox 3771 4742 3892 4814; x_wconf 75' lang='grc'>[26]</span> 
     </span>
    </p>
   </div>
   <div class='ocr_carea' id='block_1_123' title="bbox 2236 4815 3894 4891">
    <p class='ocr_par' dir='ltr' id='par_1_123' title="bbox 2236 4815 3894 4891">
     <span class='ocr_line' id='line_1_124' title="bbox 2236 4815 3894 4891; baseline 0.001 -18"><span class='ocrx_word' id='word_1_967' title='bbox 2236 4820 2293 4886; x_wconf 86' lang='grc' dir='ltr'>ὲξ</span> <span class='ocrx_word' id='word_1_968' title='bbox 2320 4820 2491 4891; x_wconf 77' lang='grc' dir='ltr'>ἀρχῆς</span> <span class='ocrx_word' id='word_1_969' title='bbox 2519 4815 2657 4889; x_wconf 86' lang='grc' dir='ltr'>ἡσαν</span> <span class='ocrx_word' id='word_1_970' title='bbox 2686 4819 3111 4889; x_wconf 85' lang='grc' dir='ltr'>συντεθειμέναι,</span> <span class='ocrx_word' id='word_1_971' title='bbox 3139 4820 3231 4872; x_wconf 76' lang='grc' dir='ltr'>καὶ</span> <span class='ocrx_word' id='word_1_972' title='bbox 3256 4819 3414 4872; x_wconf 85' lang='grc' dir='ltr'>τοῦτο</span> <span class='ocrx_word' id='word_1_973' title='bbox 3445 4819 3641 4882; x_wconf 90' lang='grc' dir='ltr'>πάντες</span> <span class='ocrx_word' id='word_1_974' title='bbox 3666 4821 3731 4873; x_wconf 80' lang='grc' dir='ltr'>ἂν</span> <span class='ocrx_word' id='word_1_975' title='bbox 3758 4822 3894 4891; x_wconf 88' lang='grc' dir='ltr'>ἡμῖν</span> 
     </span>
    </p>
   </div>
   <div class='ocr_carea' id='block_1_124' title="bbox 2236 4895 3896 4969">
    <p class='ocr_par' dir='ltr' id='par_1_124' title="bbox 2236 4895 3896 4969">
     <span class='ocr_line' id='line_1_125' title="bbox 2236 4895 3896 4969; baseline 0 -17"><span class='ocrx_word' id='word_1_976' title='bbox 2236 4898 2739 4967; x_wconf 83' lang='grc' dir='ltr'>συνομολογήσαιεν.</span> <span class='ocrx_word' id='word_1_977' title='bbox 2766 4899 2839 4950; x_wconf 93' lang='grc' dir='ltr'>Οὑ</span> <span class='ocrx_word' id='word_1_978' title='bbox 2876 4896 2983 4968; x_wconf 77' lang='grc' dir='ltr'>πρὸ</span> <span class='ocrx_word' id='word_1_979' title='bbox 3014 4895 3218 4950; x_wconf 80' lang='grc' dir='ltr'>πολλῶν</span> <span class='ocrx_word' id='word_1_980' title='bbox 3254 4897 3310 4950; x_wconf 80' lang='grc' dir='ltr'>δὲ</span> <span class='ocrx_word' id='word_1_981' title='bbox 3348 4897 3485 4950; x_wconf 76' lang='grc' dir='ltr'>ἐτῶν</span> <span class='ocrx_word' id='word_1_982' title='bbox 3510 4898 3609 4967; x_wconf 85' lang='grc' dir='ltr'>τῆς</span> <span class='ocrx_word' id='word_1_983' title='bbox 3641 4897 3734 4950; x_wconf 86' lang='grc' dir='ltr'>τοῦ</span> <span class='ocrx_word' id='word_1_984' title='bbox 3764 4901 3896 4969; x_wconf 84' lang='grc' dir='ltr'>Χρι-</span> 
     </span>
    </p>
   </div>
   <div class='ocr_carea' id='block_1_125' title="bbox 2237 4974 3895 5048">
    <p class='ocr_par' dir='ltr' id='par_1_125' title="bbox 2237 4974 3895 5048">
     <span class='ocr_line' id='line_1_126' title="bbox 2237 4974 3895 5048; baseline 0.002 -19"><span class='ocrx_word' id='word_1_985' title='bbox 2237 4975 2359 5029; x_wconf 87' lang='grc' dir='ltr'>στοῦ</span> <span class='ocrx_word' id='word_1_986' title='bbox 2424 4974 2717 5045; x_wconf 81' lang='grc' dir='ltr'>παρουσίας</span> <span class='ocrx_word' id='word_1_987' title='bbox 2788 4974 3038 5044; x_wconf 82' lang='grc' dir='ltr'>βασιλεύς</span> <span class='ocrx_word' id='word_1_988' title='bbox 3087 4992 3168 5037; x_wconf 90' lang='grc' dir='ltr'>τις</span> <span class='ocrx_word' id='word_1_989' title='bbox 3232 4974 3563 5045; x_wconf 87' lang='grc' dir='ltr'>Πτολεμαῖος</span> <span class='ocrx_word' id='word_1_990' title='bbox 3615 4977 3744 5047; x_wconf 81' lang='grc' dir='ltr'>περὶ</span> <span class='ocrx_word' id='word_1_991' title='bbox 3790 4977 3895 5048; x_wconf 81' lang='grc' dir='ltr'>τὴν</span> 
     </span>
    </p>
   </div>
   <div class='ocr_carea' id='block_1_126' title="bbox 2234 5051 3893 5125">
    <p class='ocr_par' dir='ltr' id='par_1_126' title="bbox 2234 5051 3893 5125">
     <span class='ocr_line' id='line_1_127' title="bbox 2234 5051 3893 5125; baseline -0.003 -15"><span class='ocrx_word' id='word_1_992' title='bbox 2234 5056 2342 5110; x_wconf 87' lang='grc' dir='ltr'>τῶν</span> <span class='ocrx_word' id='word_1_993' title='bbox 2382 5053 2599 5123; x_wconf 87' lang='grc' dir='ltr'>βιϐλίων</span> <span class='ocrx_word' id='word_1_994' title='bbox 2640 5052 2961 5123; x_wconf 76' lang='grc' dir='ltr'>συναγωγὴν</span> <span class='ocrx_word' id='word_1_995' title='bbox 2999 5051 3196 5121; x_wconf 89' lang='grc' dir='ltr'>πολλήν</span> <span class='ocrx_word' id='word_1_996' title='bbox 3234 5070 3355 5104; x_wconf 91' lang='grc' dir='ltr'>τινα</span> <span class='ocrx_word' id='word_1_997' title='bbox 3396 5054 3628 5123; x_wconf 76' lang='grc' dir='ltr'>σπουδὴν</span> <span class='ocrx_word' id='word_1_998' title='bbox 3660 5056 3893 5125; x_wconf 81' lang='grc' dir='ltr'>ποιησά-</span> 
     </span>
    </p>
   </div>
   <div class='ocr_carea' id='block_1_127' title="bbox 2240 5129 3896 5204">
    <p class='ocr_par' dir='ltr' id='par_1_127' title="bbox 2240 5129 3896 5204">
     <span class='ocr_line' id='line_1_128' title="bbox 2240 5129 3896 5204; baseline -0.001 -17"><span class='ocrx_word' id='word_1_999' title='bbox 2240 5150 2417 5204; x_wconf 90' lang='grc' dir='ltr'>μενος,</span> <span class='ocrx_word' id='word_1_1000' title='bbox 2465 5134 2556 5186; x_wconf 67' lang='grc' dir='ltr'>καῖ</span> <span class='ocrx_word' id='word_1_1001' title='bbox 2591 5130 2758 5184; x_wconf 88' lang='grc' dir='ltr'>πολλά</span> <span class='ocrx_word' id='word_1_1002' title='bbox 2790 5131 2951 5200; x_wconf 72' lang='grc' dir='ltr'>ἔτερα</span> <span class='ocrx_word' id='word_1_1003' title='bbox 2991 5129 3307 5198; x_wconf 87' lang='grc' dir='ltr'>συναγαγὼν</span> <span class='ocrx_word' id='word_1_1004' title='bbox 3337 5132 3432 5185; x_wconf 79' lang='grc' dir='ltr'>καὶ</span> <span class='ocrx_word' id='word_1_1005' title='bbox 3462 5130 3715 5201; x_wconf 88' lang='grc' dir='ltr'>διάφορα,</span> <span class='ocrx_word' id='word_1_1006' title='bbox 3749 5132 3896 5200; x_wconf 75' lang='grc' dir='ltr'>ἔγνω</span> 
     </span>
    </p>
   </div>
   <div class='ocr_carea' id='block_1_128' title="bbox 2233 5206 3892 5282">
    <p class='ocr_par' dir='ltr' id='par_1_128' title="bbox 2233 5206 3892 5282">
     <span class='ocr_line' id='line_1_129' title="bbox 2233 5206 3892 5282; baseline -0.001 -15"><span class='ocrx_word' id='word_1_1007' title='bbox 2233 5215 2342 5268; x_wconf 84' lang='grc' dir='ltr'>δεῖν</span> <span class='ocrx_word' id='word_1_1008' title='bbox 2375 5211 2467 5264; x_wconf 74' lang='grc' dir='ltr'>καὶ</span> <span class='ocrx_word' id='word_1_1009' title='bbox 2504 5209 2707 5273; x_wconf 87' lang='grc' dir='ltr'>ταύτας</span> <span class='ocrx_word' id='word_1_1010' title='bbox 2747 5208 2845 5272; x_wconf 77' lang='grc' dir='ltr'>τὰς</span> <span class='ocrx_word' id='word_1_1011' title='bbox 2884 5206 3097 5278; x_wconf 86' lang='grc' dir='ltr'>βίϐλους</span> <span class='ocrx_word' id='word_1_1012' title='bbox 3140 5211 3480 5276; x_wconf 80' lang='grc' dir='ltr'>συναγαγεῖν.</span> <span class='ocrx_word' id='word_1_1013' title='bbox 3516 5211 3892 5282; x_wconf 68' lang='grc' dir='ltr'>Μεταπεμψάο</span> 
     </span>
    </p>
   </div>
   <div class='ocr_carea' id='block_1_129' title="bbox 2241 5286 3897 5362">
    <p class='ocr_par' dir='ltr' id='par_1_129' title="bbox 2241 5286 3897 5362">
     <span class='ocr_line' id='line_1_130' title="bbox 2241 5286 3897 5362; baseline -0.004 -18"><span class='ocrx_word' id='word_1_1014' title='bbox 2241 5308 2399 5362; x_wconf 88' lang='grc' dir='ltr'>μενος</span> <span class='ocrx_word' id='word_1_1015' title='bbox 2427 5286 2519 5343; x_wconf 81' lang='grc' dir='ltr'>οὖν</span> <span class='ocrx_word' id='word_1_1016' title='bbox 2556 5305 2706 5352; x_wconf 83' lang='grc' dir='ltr'>τινας</span> <span class='ocrx_word' id='word_1_1017' title='bbox 2741 5287 2848 5341; x_wconf 88' lang='grc' dir='ltr'>τῶν</span> <span class='ocrx_word' id='word_1_1018' title='bbox 2881 5288 2939 5341; x_wconf 74' lang='grc' dir='ltr'>ὲν</span> <span class='ocrx_word' id='word_1_1019' title='bbox 2979 5287 3367 5357; x_wconf 87' lang='grc' dir='ltr'>Ἰεροσολύμοις</span> <span class='ocrx_word' id='word_1_1020' title='bbox 3402 5287 3687 5357; x_wconf 81' lang='grc' dir='ltr'>Ἰουδαίων,</span> <span class='ocrx_word' id='word_1_1021' title='bbox 3728 5308 3897 5362; x_wconf 76' lang='grc' dir='ltr'>μετα..</span> 
     </span>
    </p>
   </div>
   <div class='ocr_carea' id='block_1_130' title="bbox 2237 5366 3896 5444">
    <p class='ocr_par' dir='ltr' id='par_1_130' title="bbox 2237 5366 3896 5444">
     <span class='ocr_line' id='line_1_131' title="bbox 2237 5366 3896 5444; baseline 0.002 -22"><span class='ocrx_word' id='word_1_1022' title='bbox 2237 5370 2419 5424; x_wconf 87' lang='grc' dir='ltr'>ϐαλεῖν</span> <span class='ocrx_word' id='word_1_1023' title='bbox 2459 5372 2538 5433; x_wconf 86' lang='grc' dir='ltr'>εἰς</span> <span class='ocrx_word' id='word_1_1024' title='bbox 2586 5368 2685 5439; x_wconf 80' lang='grc' dir='ltr'>τὴν</span> <span class='ocrx_word' id='word_1_1025' title='bbox 2721 5367 2944 5421; x_wconf 84' lang='grc' dir='ltr'>Ἐλλάδα</span> <span class='ocrx_word' id='word_1_1026' title='bbox 2985 5367 3227 5436; x_wconf 87' lang='grc' dir='ltr'>γλῶτταν</span> <span class='ocrx_word' id='word_1_1027' title='bbox 3270 5366 3567 5437; x_wconf 83' lang='grc' dir='ltr'>προσέταξε</span> <span class='ocrx_word' id='word_1_1028' title='bbox 3597 5372 3651 5410; x_wconf 73' lang='grc' dir='ltr'>ε’</span> <span class='ocrx_word' id='word_1_1029' title='bbox 3699 5373 3791 5424; x_wconf 77' lang='grc' dir='ltr'>καὶ</span> <span class='ocrx_word' id='word_1_1030' title='bbox 3828 5373 3896 5444; x_wconf 81' lang='grc' dir='ltr'>δὴ</span> 
     </span>
    </p>
   </div>
   <div class='ocr_carea' id='block_1_131' title="bbox 2236 5448 3897 5520">
    <p class='ocr_par' dir='ltr' id='par_1_131' title="bbox 2236 5448 3897 5520">
     <span class='ocr_line' id='line_1_132' title="bbox 2236 5448 3897 5520; baseline 0.001 -15"><span class='ocrx_word' id='word_1_1031' title='bbox 2236 5451 2394 5506; x_wconf 84' lang='grc' dir='ltr'>τοῦτο</span> <span class='ocrx_word' id='word_1_1032' title='bbox 2440 5452 2519 5514; x_wconf 88' lang='grc' dir='ltr'>εἰς</span> <span class='ocrx_word' id='word_1_1033' title='bbox 2572 5450 2731 5520; x_wconf 65' lang='grc' dir='ltr'>ἔργον</span> <span class='ocrx_word' id='word_1_1034' title='bbox 2789 5448 2934 5517; x_wconf 84' lang='grc' dir='ltr'>αὐτῷ</span> <span class='ocrx_word' id='word_1_1035' title='bbox 2986 5448 3349 5518; x_wconf 71' lang='grc' dir='ltr'>ἐξενήνεκται.</span> <span class='ocrx_word' id='word_1_1036' title='bbox 3393 5449 3637 5515; x_wconf 81' lang='grc' dir='ltr'>Ἐγένετο</span> <span class='ocrx_word' id='word_1_1037' title='bbox 3690 5451 3745 5503; x_wconf 76' lang='grc' dir='ltr'>δὲ</span> <span class='ocrx_word' id='word_1_1038' title='bbox 3797 5456 3897 5506; x_wconf 80' lang='grc' dir='ltr'>καὶ</span> 
     </span>
    </p>
   </div>
   <div class='ocr_carea' id='block_1_132' title="bbox 2238 5526 3897 5600">
    <p class='ocr_par' dir='ltr' id='par_1_132' title="bbox 2238 5526 3897 5600">
     <span class='ocr_line' id='line_1_133' title="bbox 2238 5526 3897 5600; baseline 0.002 -20"><span class='ocrx_word' id='word_1_1039' title='bbox 2238 5532 2392 5587; x_wconf 81' lang='grc' dir='ltr'>τοῦτο</span> <span class='ocrx_word' id='word_1_1040' title='bbox 2433 5532 2530 5600; x_wconf 82' lang='grc' dir='ltr'>τῆς</span> <span class='ocrx_word' id='word_1_1041' title='bbox 2571 5528 2662 5581; x_wconf 84' lang='grc' dir='ltr'>τοῦ</span> <span class='ocrx_word' id='word_1_1042' title='bbox 2692 5526 2826 5580; x_wconf 86' lang='grc' dir='ltr'>Θεοῦ</span> <span class='ocrx_word' id='word_1_1043' title='bbox 2869 5528 3175 5597; x_wconf 87' lang='grc' dir='ltr'>οἰκονομίας</span> <span class='ocrx_word' id='word_1_1044' title='bbox 3212 5526 3391 5597; x_wconf 78' lang='grc' dir='ltr'>ἔργον,</span> <span class='ocrx_word' id='word_1_1045' title='bbox 3420 5526 3559 5579; x_wconf 84' lang='grc' dir='ltr'>ῶστε</span> <span class='ocrx_word' id='word_1_1046' title='bbox 3612 5529 3686 5598; x_wconf 83' lang='grc' dir='ltr'>μὴ</span> <span class='ocrx_word' id='word_1_1047' title='bbox 3730 5529 3897 5598; x_wconf 88' lang='grc' dir='ltr'>μόνον</span> 
     </span>
    </p>
   </div>
   <div class='ocr_carea' id='block_1_133' title="bbox 2304 5632 3646 5696">
    <p class='ocr_par' dir='ltr' id='par_1_133' title="bbox 2304 5632 3646 5696">
     <span class='ocr_line' id='line_1_134' title="bbox 2304 5632 3646 5696; baseline 0.001 -16"><span class='ocrx_word' id='word_1_1048' title='bbox 2304 5646 2328 5696; x_wconf 60' lang='lat'><strong>9</strong></span> <span class='ocrx_word' id='word_1_1049' title='bbox 2350 5634 2551 5696; x_wconf 72' lang='lat' dir='ltr'>Septem</span> <span class='ocrx_word' id='word_1_1050' title='bbox 2578 5646 2687 5696; x_wconf 51' lang='lat' dir='ltr'>mss.</span> <span class='ocrx_word' id='word_1_1051' title='bbox 2718 5639 2767 5696; x_wconf 65' lang='lat' dir='ltr'>el</span> <span class='ocrx_word' id='word_1_1052' title='bbox 2792 5632 3035 5696; x_wconf 66' lang='grc' dir='ltr'>εει-ἰιὺπὸ</span> <span class='ocrx_word' id='word_1_1053' title='bbox 3058 5634 3112 5681; x_wconf 81' lang='grc' dir='ltr'>τὸ</span> <span class='ocrx_word' id='word_1_1054' title='bbox 3136 5635 3383 5696; x_wconf 77' lang='grc' dir='ltr'>στερέωμα</span> <span class='ocrx_word' id='word_1_1055' title='bbox 3409 5635 3646 5696; x_wconf 81' lang='grc' dir='ltr'>φέρεσθαι.</span> 
     </span>
    </p>
   </div>
   <div class='ocr_carea' id='block_1_134' title="bbox 2307 5691 3898 5755">
    <p class='ocr_par' dir='ltr' id='par_1_134' title="bbox 2307 5691 3898 5755">
     <span class='ocr_line' id='line_1_135' title="bbox 2307 5691 3898 5755; baseline 0 -14"><span class='ocrx_word' id='word_1_1056' title='bbox 2307 5691 2545 5745; x_wconf 62' lang='lat' dir='ltr'>‘Coislin.</span> <span class='ocrx_word' id='word_1_1057' title='bbox 2592 5694 2677 5749; x_wconf 83' lang='grc' dir='ltr'>τήν</span> <span class='ocrx_word' id='word_1_1058' title='bbox 2716 5694 2953 5755; x_wconf 74' lang='grc' dir='ltr'>ἀκρίϐειαν</span> <span class='ocrx_word' id='word_1_1059' title='bbox 2992 5695 3161 5752; x_wconf 84' lang='grc' dir='ltr'>ταύτης</span> <span class='ocrx_word' id='word_1_1060' title='bbox 3202 5691 3642 5755; x_wconf 14' lang='grc' dir='ltr'>τῆςᾼδιδασκαλίας.</span> <span class='ocrx_word' id='word_1_1061' title='bbox 3688 5691 3809 5741; x_wconf 33' lang='lat' dir='ltr'>Infra</span> <span class='ocrx_word' id='word_1_1062' title='bbox 3835 5696 3898 5745; x_wconf 68' lang='grc' dir='ltr'>τὰ</span> 
     </span>
    </p>
   </div>
   <div class='ocr_carea' id='block_1_135' title="bbox 2247 5752 3893 5857">
    <p class='ocr_par' dir='ltr' id='par_1_135' title="bbox 2247 5752 3893 5857">
     <span class='ocr_line' id='line_1_136' title="bbox 2247 5752 3893 5857; baseline 0 -52"><span class='ocrx_word' id='word_1_1063' title='bbox 2247 5756 2585 5857; x_wconf 53' lang='grc' dir='ltr'>παριστάμενα,</span> <span class='ocrx_word' id='word_1_1064' title='bbox 2602 5752 2843 5819; x_wconf 68' lang='lat' dir='ltr'>Quidquid</span> <span class='ocrx_word' id='word_1_1065' title='bbox 2866 5753 2913 5803; x_wconf 76' lang='lat' dir='ltr'>in</span> <span class='ocrx_word' id='word_1_1066' title='bbox 2934 5762 3133 5805; x_wconf 62' lang='lat' dir='ltr'>amntem</span> <span class='ocrx_word' id='word_1_1067' title='bbox 3153 5753 3329 5805; x_wconf 75' lang='lat' dir='ltr'>veneri!</span> <span class='ocrx_word' id='word_1_1068' title='bbox 3362 5755 3463 5804; x_wconf 79' lang='lat' dir='ltr'><strong>Hoc</strong></span> <span class='ocrx_word' id='word_1_1069' title='bbox 3483 5767 3578 5801; x_wconf 86' lang='lat' dir='ltr'>non</span> <span class='ocrx_word' id='word_1_1070' title='bbox 3601 5755 3893 5805; x_wconf 76' lang='lat' dir='ltr'>etiamalibi.</span> 
     </span>
     <span class='ocr_line' id='line_1_137' title="bbox 2362 5815 3891 5857; baseline 0 0"><span class='ocrx_word' id='word_1_1071' title='bbox 2362 5816 2444 5857; x_wconf 78' lang='lat' dir='ltr'>Sic</span> <span class='ocrx_word' id='word_1_1072' title='bbox 2468 5816 2615 5857; x_wconf 70' lang='lat' dir='ltr'>Sam.</span> <span class='ocrx_word' id='word_1_1073' title='bbox 2643 5827 2804 5857; x_wconf 73' lang='lat' dir='ltr'>reme:</span> <span class='ocrx_word' id='word_1_1074' title='bbox 2848 5818 2897 5857; x_wconf 83' lang='lat' dir='ltr'>in</span> <span class='ocrx_word' id='word_1_1075' title='bbox 2923 5818 3033 5857; x_wconf 77' lang='lat' dir='ltr'>mlil.</span> <span class='ocrx_word' id='word_1_1076' title='bbox 3064 5817 3227 5857; x_wconf 66' lang='lat' dir='ltr'>“mnf.</span> <span class='ocrx_word' id='word_1_1077' title='bbox 3258 5817 3425 5857; x_wconf 60' lang='grc' dir='ltr'>σῇσι-αι</span> <span class='ocrx_word' id='word_1_1078' title='bbox 3453 5817 3707 5857; x_wconf 71' lang='grc' dir='ltr'>προσέταξε</span> <span class='ocrx_word' id='word_1_1079' title='bbox 3753 5815 3891 5857; x_wconf 78' lang='lat' dir='ltr'>Enn-</span> 
     </span>
    </p>
   </div>
   <div class='ocr_carea' id='block_1_136' title="bbox 2362 5815 3891 5878">
    <p class='ocr_par' dir='ltr' id='par_1_136' title="bbox 2362 5815 3891 5878">
     <span class='ocr_line' id='line_1_138' title="bbox 2362 5815 3891 5878; baseline 0 -13"><span class='ocrx_word' id='word_1_1080' title='bbox 2362 5816 2444 5865; x_wconf 86' lang='lat' dir='ltr'>Sic</span> <span class='ocrx_word' id='word_1_1081' title='bbox 2468 5816 2617 5865; x_wconf 73' lang='lat' dir='ltr'>Suvil.</span> <span class='ocrx_word' id='word_1_1082' title='bbox 2643 5815 2805 5875; x_wconf 64' lang='lat' dir='ltr'>recfe;</span> <span class='ocrx_word' id='word_1_1083' title='bbox 2848 5818 2897 5864; x_wconf 83' lang='lat' dir='ltr'>in</span> <span class='ocrx_word' id='word_1_1084' title='bbox 2923 5818 3033 5866; x_wconf 72' lang='lat' dir='ltr'>odit.</span> <span class='ocrx_word' id='word_1_1085' title='bbox 3064 5817 3227 5866; x_wconf 78' lang='lat' dir='ltr'>Monu‘.</span> <span class='ocrx_word' id='word_1_1086' title='bbox 3258 5817 3425 5865; x_wconf 78' lang='lat' dir='ltr'>aberat</span> <span class='ocrx_word' id='word_1_1087' title='bbox 3453 5817 3707 5878; x_wconf 74' lang='grc' dir='ltr'>προσέταξε</span> <span class='ocrx_word' id='word_1_1088' title='bbox 3753 5815 3891 5865; x_wconf 73' lang='lat' dir='ltr'>Eon.</span> 
     </span>
    </p>
   </div>
  </div>
