4080 6308
260 417 315 473 ιι
1433 391 1494 448 IN
1535 374 1687 446 car.
1732 385 1771 440 ι.
1807 381 2050 439 ῦῖἰΝΕΞ.
2095 383 2325 439 llOMlL.
2372 383 2459 439 tv.
3499 394 3568 448 η

258 533 333 585 sic
379 541 545 597 opera
595 521 989 595 aggrediamur.
1063 514 1129 569 Et
1173 510 1298 583 quid
1350 507 1472 564 dico
1526 506 1577 558 in
1633 498 1856 597 forum?

259 594 433 677 Etiam
476 621 530 674 in
577 594 864 674 ecclesiam
908 615 1192 681 pergentes
1234 599 1479 659 instructi
1521 597 1626 653 illis
1669 594 1856 658 simus,

259 728 313 774 et
360 716 586 772 domum
638 710 949 773 redeuntes,
1002 715 1058 760 et
1101 699 1454 763 dormientes,
1498 702 1554 750 et
1599 688 1856 760 evigilan-

259 818 358 870 tes,
414 819 592 875 neque
636 814 890 872 umquam
946 810 1041 867 per
1083 801 1250 850 totam
1295 789 1459 844 vitam
1493 792 1730 841 nostram
1771 780 1858 834 illa

255 871 624 969 deponamus;
653 890 1008 959 commigrent
1034 885 1176 942 enim
1208 879 1506 943 nobiscum,
1534 883 1590 932 ct
1627 873 1693 927 ad
1717 871 1859 969 illam

259 962 423 1046 vitam
449 999 703 1057 magnum
731 981 940 1037 ﬁducia:
970 977 1123 1033 nobis
1152 978 1524 1044 argumentum
1552 973 1696 1022 sunt.
1746 962 1860 1018 Non

257 1082 402 1137 enim
424 1081 563 1135 sicut
587 1075 861 1135 sensibilia
887 1087 1035 1128 arma
1054 1083 1248 1140 corpus
1273 1073 1494 1138 gravant
1527 1080 1541 1117 :
1567 1060 1662 1117 sed
1693 1058 1863 1114 levius

259 1173 495 1229 reddunt
539 1180 593 1224 et
640 1149 967 1237 expeditius,
1016 1173 1080 1216 ac
1121 1156 1426 1219 sublimius,
1471 1154 1741 1221 roburque
1764 1165 1861 1205 au-

258 1272 389 1334 gent
421 1278 437 1314 :
476 1270 680 1316 tantum
707 1270 851 1311 cura:
873 1253 963 1320 sit,
991 1260 1046 1306 ut
1073 1251 1188 1320 ipsa
1208 1243 1446 1318 quotidie
1471 1244 1861 1312 abstergamus,

260 1331 328 1410 ita
374 1364 434 1408 ut
465 1351 662 1423 fulgida
695 1350 820 1411 sint,
847 1357 902 1402 et
929 1343 1091 1401 radiis
1120 1347 1394 1398 excmcent
1420 1335 1605 1393 oculos
1649 1331 1862 1423 maligni

259 1419 569 1506 dmmouis;
595 1439 774 1494 omnia
812 1445 997 1498 contra
1038 1432 1263 1488 salutem
1294 1437 1528 1482 nostram
1555 1419 1854 1479 machinan-

261 1536 350 1589 tis.
385 1537 521 1603 Age,
551 1531 801 1601 quoniam
841 1526 972 1582 satis
1017 1536 1114 1577 vos
1138 1519 1304 1576 armis
1334 1515 1704 1596 instruximus,
1730 1525 1862 1566 con-

263 1637 476 1682 suetam
520 1637 660 1678 nunc
690 1621 841 1676 vobis
879 1630 1118 1673 mensam
1154 1623 1506 1684 apponamus,
1556 1615 1611 1662 et
1645 1620 1709 1660 ea
1745 1619 1888 1674 qum.

264 1720 576 1774 hesternam
627 1713 910 1768 lectionem
967 1714 1300 1778 sequuntur,
1355 1700 1610 1769 deinceps
1655 1695 1864 1752 caritati

264 1819 459 1865 vestra:
490 1816 874 1876 proponamus,
907 1813 1116 1854 rursum
1158 1791 1529 1851 admirabilem
1560 1788 1708 1843 illum
1738 1799 1868 1840 cono

267 1899 396 1953 vivii
429 1874 788 1953 exhibitorem
831 1892 1041 1946 beatum
1077 1887 1303 1951 Mosem,
1336 1895 1587 1950 maguum
1638 1874 1867 1947 prophe-

267 2002 399 2056 tam,
445 1990 601 2044 bona:
633 1986 790 2056 hujus
829 1981 1087 2038 doctrina:
1127 1977 1320 2032 ducem
1369 1972 1642 2028 facientes.
1671 1967 1866 2022 Videa-

267 2095 387 2136 mus
428 2080 586 2150 igitur
632 2089 875 2147 quzrnam
925 2071 1032 2126 sint
1078 2083 1140 2124 ea
1171 2081 1290 2138 quae
1334 2063 1493 2119 hodie
1525 2075 1625 2117 nos
1671 2058 1868 2113 docere

268 2172 399 2237 vult,
451 2149 505 2225 et
537 2169 822 2238 diligenter
857 2164 1011 2218 dictis
1037 2161 1155 2230 ejus
1183 2156 1547 2214 attendamus.
1577 2152 1694 2207 Non
1723 2149 1867 2205 enim

266 2278 362 2317 sua
415 2261 610 2316 virtute
658 2256 924 2328 loquitur,
983 2252 1076 2308 sed
1117 2262 1470 2321 quaecumque
1513 2243 1588 2300 illi
1640 2241 1869 2313 Spiritus

267 2356 440 2412 sancti
489 2354 660 2425 gratia
715 2350 964 2412 insonat,
1004 2360 1067 2401 ea
1109 2358 1203 2414 per
1238 2355 1390 2398 suam
1435 2337 1706 2407 linguam,
1771 2332 1872 2388 do-

266 2447 441 2502 cendo
469 2445 760 2499 humanum
783 2454 975 2511 genus,
1022 2434 1242 2507 profert.
1291 2431 1673 2486 Consummato
1711 2425 1872 2496 igitur

266 2538 334 2592 de
387 2535 478 2590 die
508 2534 682 2604 primo
715 2543 986 2592 sermone,
1020 2533 1300 2597 postquam
1324 2520 1548 2576 formata
1579 2518 1699 2572 luce
1713 2516 1868 2582 dixit,

270 2629 490 2682 Factum
527 2635 599 2679 est
641 2638 861 2693 vespere,
913 2628 960 2674 et
1008 2620 1198 2690 factum
1242 2622 1312 2668 est
1350 2627 1516 2674 mane,
1563 2604 1670 2663 dies
1714 2623 1867 2674 unus,

268 2721 464 2776 iterum
495 2716 624 2772 dicit
657 2731 671 2769 :
705 2715 759 2769 6.
804 2712 1040 2781 Dixitque
1078 2707 1217 2762 Deus
1267 2721 1285 2760 :
1329 2702 1451 2757 Fiat
1494 2703 1872 2773 ﬁrmamentum

267 2810 319 2863 in
365 2808 533 2863 medio
586 2821 768 2879 aqua,
831 2813 877 2857 et
939 2802 1003 2855 sit
1061 2798 1376 2868 distinguens
1414 2794 1545 2847 inter
1590 2805 1776 2860 aquam
1824 2797 1872 2841 et

265 2917 473 2972 aquam.
539 2895 771 2954 Attende
821 2895 942 2962 hic,
999 2891 1313 2956 carissime,
1370 2885 1631 2942 doctrina:
1679 2895 1873 2939 conse-

266 2993 566 3063 quentiam.
598 2988 860 3056 Quoniam
911 2985 1054 3041 enim
1108 2990 1264 3038 antea
1317 2979 1471 3035 nobis
1518 2978 1688 3038 dixit,
1751 2982 1872 3045 post

266 3081 384 3138 οωὶὶ
433 3089 488 3136 et
535 3090 693 3134 terrae
745 3077 1070 3132 creationem
1122 3091 1137 3126 :
1189 3072 1345 3126 Terra
1372 3077 1538 3123 autem
1566 3075 1676 3123 erat
1706 3065 1872 3120 inuisi-

267 3173 386 3227 bilis
422 3181 472 3224 et
519 3169 899 3243 incomposita;
950 3175 1007 3221 et
1045 3178 1263 3219 causam
1317 3160 1602 3230 apposuit,
1653 3167 1873 3228 propter

269 3265 374 3318 hoc
417 3261 583 3316 fuisse
631 3257 970 3323 invisibilem,
1021 3255 1146 3326 quia
1196 3251 1434 3309 tenebris
1470 3260 1523 3305 et
1570 3250 1726 3320 aquis
1775 3250 1875 3304 ob—

269 3355 551 3426 tegebatur
588 3369 604 3407 :
641 3351 818 3406 omnia
854 3349 999 3405 enim
1049 3357 1201 3403 erant
1243 3359 1379 3416 aqua
1427 3355 1483 3400 et
1521 3345 1777 3410 tenebrm,
1817 3351 1873 3397 et

270 3448 403 3503 nihil
452 3456 752 3517 praeterea;
813 3452 868 3497 et
917 3448 1099 3512 postea
1158 3447 1424 3511 praecepto
1478 3437 1690 3492 Domini
1748 3450 1868 3505 pro-

269 3540 487 3595 duczam
534 3551 654 3592 esse
696 3535 868 3590 lucem
925 3533 1228 3603 factamque
1279 3529 1679 3585 distinctionem
1735 3527 1870 3583 lucis

271 3640 324 3684 et
382 3627 764 3690 tenebrarum;
833 3625 902 3678 ita
941 3633 998 3678 ut
1039 3623 1125 3677 illa
1163 3621 1269 3676 diei
1310 3619 1735 3690 appellationem
1777 3632 1871 3673 ac-

270 3719 500 3788 ceperit,
556 3716 674 3771 ha:c
713 3731 841 3770 vero
880 3714 1053 3768 noctis
1084 3729 1099 3767 :
1129 3713 1324 3767 iterum
1369 3725 1467 3765 nos
1501 3708 1698 3764 docere
1737 3707 1870 3774 vult,

270 3824 421 3873 eum,
456 3809 594 3863 sicut
620 3805 868 3862 tenebras
893 3803 1158 3873 separavit
1189 3801 1441 3871 producta
1469 3799 1610 3861 luce,
1633 3805 1689 3853 et
1713 3797 1874 3851 utris-

270 3916 379 3970 que
421 3912 714 3969 congruum
763 3895 1079 3950 vocabulum
1130 3891 1356 3958 indidit,
1403 3891 1476 3945 ita
1533 3899 1589 3946 et
1633 3889 1873 3943 multitu-

271 3991 458 4044 dinem
495 4001 757 4058 aquarum
802 3994 1071 4055 prtecepto
1120 3995 1424 4052 segregare.

347 4081 404 4134 5.
449 4077 690 4132 Potentia
717 4069 812 4130 Dei
841 4074 1035 4129 nullam
1061 4089 1255 4127 moram
1298 4071 1557 4136 admittit;
1584 4069 1872 4137 ﬁrmamen-

276 4183 386 4226 tum
409 4172 533 4242 quid
548 4171 635 4236 sit,
666 4171 749 4223 via:
775 4168 895 4223 sciri
903 4173 1118 4237 potest;
1142 4164 1328 4218 multos
1353 4163 1503 4218 caelos
1523 4177 1629 4216 esse
1653 4177 1754 4215 non
1784 4177 1878 4229 pu-

275 4274 351 4317 tat
408 4262 472 4316 Β.
526 4259 934 4332 Chrysostomus.
969 4287 1041 4299 —-
1068 4257 1132 4311 Et
1174 4256 1296 4311 vide
1335 4252 1658 4310 ineﬁ'abilem
1689 4261 1872 4323 poten-

277 4355 434 4420 tiam,
454 4368 576 4424 qure
601 4366 817 4407 omnem
859 4349 1148 4404 humanam
1185 4345 1399 4403 excedit
1427 4345 1713 4400 rationem.
1743 4342 1878 4398 Nam

276 4447 455 4500 solum
482 4443 652 4513 jubet,
695 4451 750 4496 et
782 4440 991 4496 accedit
1029 4437 1172 4493 aliud
1200 4437 1612 4502 elementorum,
1644 4444 1698 4491 et
1736 4434 1879 4489 aliud

276 4536 512 4593 decedit.
539 4534 800 4604 Dixitque,
823 4533 918 4598 ait,
945 4531 1078 4584 Deus
1102 4545 1122 4585 :
1151 4529 1268 4584 Fiat
1292 4528 1669 4598 ﬁrmamentum
1699 4527 1754 4581 in
1777 4541 1883 4579 me-

278 4632 368 4684 dio
394 4643 560 4697 aquae,
590 4635 635 4680 et
658 4626 723 4680 sit
744 4625 1055 4694 distinguens
1080 4622 1209 4675 inter
1229 4636 1414 4690 aquam
1441 4627 1488 4673 et
1510 4634 1715 4689 aquam.
1741 4615 1879 4683 Quid

278 4731 388 4783 est,
418 4718 536 4773 Fiat
566 4715 984 4787 ﬁrmamentum?
1018 4712 1179 4781 Quasi
1200 4711 1320 4781 quis
1346 4710 1490 4765 dicat
1512 4709 1742 4764 humana
1775 4707 1882 4761 lin-

280 4830 386 4885 gua
417 4834 430 4869 :
462 4812 578 4867 Fiat
599 4811 774 4880 paries
800 4807 1015 4879 quidam
1043 4815 1098 4861 et
1121 4813 1329 4874 septum
1354 4803 1406 4856 in
1437 4801 1614 4857 medio
1635 4798 1883 4856 dividens

281 4917 338 4961 et
370 4903 766 4972 separationem
794 4898 1073 4953 inducens.
1114 4895 1182 4950 Et
1208 4904 1263 4949 ut
1287 4895 1464 4949 discas
1490 4907 1738 4964 magnam
1767 4890 1884 4946 ele-

284 5007 592 5052 mentorum
657 4990 1054 5056 obedientiam,
1117 4987 1581 5054 excellentemque
1632 4985 1883 5039 virtutem

282 5085 529 5158 Opificis,
567 5084 641 5138 ait
666 5100 681 5135 :
707 5080 773 5135 Et
797 5081 989 5152 factum
1017 5088 1090 5133 est
1116 5079 1210 5132 ita.
1242 5076 1385 5130 Dixit
1427 5075 1624 5140 solum,
1669 5082 1722 5129 et
1751 5088 1887 5144 opus

285 5185 574 5247 sequutum
614 5182 716 5227 est.
750 5173 805 5226 7.
839 5169 904 5225 Et
933 5169 1069 5242 fecit,
1101 5169 1196 5233 ait,
1235 5167 1372 5220 Deus
1411 5166 1808 5234 firmamentum,
1840 5175 1887 5218 et

288 5267 462 5320 divisit
503 5263 641 5318 Deus
684 5264 814 5316 inter
838 5267 1046 5332 aquam,
1068 5275 1180 5330 quia
1207 5267 1316 5313 erat
1343 5256 1436 5312 sub
1466 5257 1810 5324 ﬁrmamento,
1841 5264 1889 5309 et

287 5359 424 5411 inter
447 5370 653 5424 aquam,
694 5366 808 5423 quat
834 5359 940 5406 erat
982 5365 1135 5418 super
1168 5348 1561 5417 ﬁrmamentum.
1603 5345 1770 5401 Facto
1799 5345 1888 5400 ﬁr-

291 5455 588 5507 mamento,
620 5443 812 5512 inquit,
837 5441 998 5512 jussit
1022 5453 1187 5510 aquas
1210 5439 1344 5494 alias
1370 5436 1472 5492 sub
1493 5437 1888 5491 ﬁrmamentum

293 5536 447 5600 ferri,
480 5535 613 5590 alias
627 5544 806 5589 autem
833 5547 993 5602 supra
1021 5531 1242 5586 dorsum
1263 5543 1384 5584 esse
1412 5529 1755 5584 ﬁrmamenti.
1785 5527 1891 5583 Sed

292 5628 421 5699 quid
440 5627 654 5682 tandem
678 5640 800 5682 esse
815 5624 1058 5680 dicemus
1077 5625 1178 5678 hoc
1194 5622 1629 5677 ﬁrmamentum?
1655 5623 1890 5693 Aquam-

297 5739 363 5779 ne
409 5721 709 5786 densatam,
740 5718 824 5774 vel
852 5732 1034 5773 aerem
1072 5715 1358 5786 quemdam
1396 5715 1768 5784 convolutum,
1807 5718 1889 5772 vel

296 5815 452 5868 aliam
478 5812 866 5866 substantiam?
893 5809 1061 5866 Nemo
1086 5807 1425 5878 prudentium
1451 5807 1554 5863 hoc
1585 5818 1786 5863 temere
1811 5825 1893 5863 as-

1973 501 2323 554 severaverit.
2355 497 2577 570 Oportet
2619 501 2764 557 enim
2809 517 2996 575 magna
3043 505 3302 565 modestia
3331 521 3385 568 et
3413 526 3569 584 grato

1970 591 2152 645 animo
2190 607 2256 648 ea
2279 609 2399 664 qua:
2421 591 2675 650 dicuntur
2712 611 2742 650 a
2790 598 2942 654 nobis
2969 601 3161 670 accipi,
3194 612 3249 658 et
3291 620 3397 661 non
3428 607 3566 663 ultra

1971 693 2215 739 naturam
2239 693 2479 741 nostram
2500 688 2770 757 progredi,
2802 699 2858 745 et
2881 691 3107 746 scrutari
3133 708 3253 763 qua:
3277 709 3437 766 supra
3471 715 3572 755 nos

1971 790 2128 836 sunt;
2158 780 2252 836 sed
2281 781 2381 836 hoc
2408 785 2583 839 solum
2616 785 2758 841 scire
2797 796 2852 842 et
2893 796 3076 844 tenere
3100 791 3242 861 apud
3274 808 3392 860 nos,
3425 809 3567 865 pra:-

1968 882 2126 942 cepto
2156 873 2366 928 Domini
2395 875 2713 945 productum
2741 892 2864 934 esse
2892 879 3309 950 ﬁrmamentum,
3335 883 3387 940 in
3415 899 3572 954 sepa-

1973 964 2237 1019 rationem
2279 979 2561 1036 aquarum,
2606 969 2750 1037 quod
2780 971 2952 1026 valeat
2995 972 3128 1029 alias
3169 974 3270 1030 sub
3315 991 3375 1030 se
3403 979 3568 1032 conti.

1971 1072 2119 1118 nere,
2153 1057 2286 1112 alias
2309 1073 2439 1114 vero
2475 1073 2688 1122 sursum
2721 1065 2774 1116 in
2804 1061 2968 1119 dorso
2995 1079 3094 1120 suo
3123 1064 3264 1122 ferre
3288 1068 3567 1126 sublimes.

1969 1147 2024 1202 8.
2075 1147 2140 1200 Et
2183 1150 2400 1214 voravit,
2451 1151 2547 1218 ait,
2593 1150 2732 1206 Deus
2770 1153 3151 1222 ﬁrmamentum
3187 1159 3389 1213 etclam.
3435 1135 3572 1217 Vide

1970 1237 2239 1306 quomodo
2290 1239 2479 1295 eadem
2536 1242 2920 1311 consequentia
2975 1246 3136 1300 etiam
3191 1263 3334 1302 nunc
3384 1248 3568 1306 divina

1969 1327 2244 1399 Scriptura
2276 1345 2369 1384 usa
2397 1340 2499 1386 est.
2529 1330 2663 1387 Nam
2703 1333 2842 1388 sicut
2867 1334 3003 1389 dixit
3045 1334 3185 1403 heri,
3220 1334 3340 1392 Fiat
3368 1339 3480 1407 lux,
3507 1351 3564 1396 et

1969 1427 2250 1488 postquam
2279 1419 2536 1489 producta
2572 1419 2833 1489 fuit,t.unc
2854 1422 3088 1494 subjecit
3112 1447 3124 1483 :
3148 1428 3228 1484 Sit
3247 1432 3572 1500 distinguens

1971 1508 2104 1562 inter
2133 1508 2297 1564 lucem
2321 1521 2370 1565 et
2398 1512 2531 1566 inter
2555 1513 2804 1578 tenebras,
2847 1523 2904 1571 et
2927 1517 3006 1572 sic
3030 1517 3204 1573 lucem
3236 1519 3376 1574 diem
3405 1537 3569 1577 voca-

1970 1601 2088 1656 vit:
2123 1602 2192 1656 ita
2239 1611 2291 1656 et
2326 1603 2487 1659 hodie
2524 1605 2697 1660 dixit:
2729 1604 2850 1660 Fiat
2891 1608 3270 1677 ﬁrmamentum
3311 1613 3366 1666 in
3407 1614 3572 1668 medio

1972 1708 2137 1765 aquae.
2168 1693 2297 1749 Dein
2320 1697 2460 1751 sicut
2485 1696 2556 1752 de
2585 1697 2704 1752 luce
2727 1697 2958 1765 dixerat,
2983 1699 3054 1753 ita
3079 1710 3133 1755 et
3157 1702 3242 1756 hic
3270 1701 3451 1758 docuit
3473 1720 3574 1759 nos

1973 1802 2127 1841 ttsum
2173 1787 2516 1854 ﬁrmamenti,
2574 1787 2642 1845 Ut
2691 1789 2908 1858 diuidat,
2971 1793 3066 1858 ait,
3110 1795 3244 1849 inter
3291 1811 3474 1865 aquam
3522 1807 3574 1852 et

1973 1894 2176 1950 aquam.
2211 1878 2279 1933 Et
2305 1887 2586 1950 postquam
2616 1880 2760 1937 hunc
2777 1884 2893 1949 ejus
2916 1898 3070 1938 usum
3098 1883 3408 1952 declaravit,
3445 1896 3571 1942 tunc

1973 1971 2112 2025 sicut
2138 1970 2241 2025 luci
2270 1986 2463 2025 nomen
2495 1971 2666 2034 dedit.
2713 1973 2782 2026 ita
2824 1982 2879 2028 et
2910 1973 3249 2030 [irritamento
3285 1993 3442 2031 suum
3471 1993 3573 2032 no-

1976 2077 2096 2117 men
2130 2062 2403 2132 imposuit.
2454 2063 2521 2118 Et
2559 2065 2773 2131 vocavit,
2819 2065 2914 2134 ait,
2946 2067 3325 2137 firmamentum
3367 2072 3572 2137 malum,

1975 2154 2076 2210 hoc
2101 2158 2244 2225 quod
2269 2156 2496 2212 videtur.
2518 2155 2582 2211 Et
2596 2159 2886 2228 quomodo,
2916 2159 3146 2230 inquies,
3176 2163 3361 2217 volunt
3387 2163 3572 2231 aliqui,

1977 2247 2144 2303 factos
2166 2248 2363 2303 multos
2389 2248 2586 2304 caelos?
2614 2263 2720 2304 non
2746 2264 2814 2304 ex
2842 2249 3023 2304 divina
3059 2249 3333 2321 Scriptura
3363 2251 3465 2308 hoc
3493 2253 3576 2308 di-

1975 2339 2244 2405 dicerunt,
2275 2340 2368 2395 sed
2394 2355 2458 2395 ex
2488 2341 2601 2395 suis
2632 2341 2927 2397 ratiociniis
2956 2341 3061 2398 hoc
3093 2342 3350 2399 inferunt.
3381 2345 3576 2402 Beatus

1974 2443 2152 2487 autem
2184 2432 2359 2489 Muses
2387 2433 2518 2488 nihil
2558 2433 2643 2488 his
2669 2434 2901 2504 amplius
2923 2439 3080 2492 docet
3109 2455 3122 2491 :
3157 2453 3278 2491 nam
3322 2448 3382 2493 ut
3418 2439 3572 2507 dixit,

1975 2522 2042 2578 In
2066 2524 2318 2594 principio
2340 2525 2458 2595 fecit
2493 2523 2630 2579 Deus
2657 2526 2842 2579 calum
2870 2536 2918 2582 et
2955 2536 3140 2584 terram
3171 2544 3191 2584 :
3214 2538 3270 2584 ot
3289 2529 3414 2585 dein
3443 2545 3576 2586 cau-

1975 2629 2090 2669 sam
2114 2613 2298 2670 docuit
2322 2630 2488 2685 quare
2520 2623 2659 2670 terra
2689 2627 2832 2673 esset
2862 2617 3167 2686 invisibilis,
3212 2636 3405 2690 nempe
3433 2622 3576 2691 quod

1975 2707 2189 2762 obtecta
2211 2721 2241 2760 a
2266 2708 2502 2762 tenebris
2532 2719 2586 2764 et
2611 2709 2766 2780 aquis
2800 2709 3016 2783 abyssi;
3047 2722 3168 2782 post
3197 2710 3574 2770 formationem

1977 2795 2131 2864 lucis,
2161 2797 2349 2853 ordine
2375 2807 2430 2853 et
2457 2801 2841 2870 consequentia
2877 2801 3109 2871 quadam
3154 2813 3331 2871 utens,
3360 2805 3532 2875 inquit
3561 2824 3574 2861 :

1980 2887 2046 2941 Et
2089 2888 2220 2942 dixit
2251 2888 2413 2954 Deus,
2462 2888 2587 2943 Fiat
2628 2891 3028 2960 firmamentum.
3064 2894 3264 2949 Deinde
3295 2906 3577 2966 postquam

1975 2975 2157 3032 docuit
2182 2976 2467 3048 diligenter
2492 2995 2646 3034 usum
2686 2980 2840 3036 istius
2857 2980 3203 3050 ﬁrmamenti,
3228 2996 3284 3042 et
3312 2987 3472 3053 dixit,
3508 2989 3578 3043 Ut

1976 3070 2304 3140 distingueret
2343 3071 2472 3125 inter
2491 3088 2677 3139 aquam
2706 3083 2752 3127 et
2781 3089 2987 3144 aquam,
3020 3076 3157 3130 istud
3190 3079 3362 3148 ipsum
3396 3080 3574 3134 firma-

1978 3169 2216 3216 mentum
2244 3163 2383 3232 quod
2411 3179 2670 3233 aquarum
2693 3167 3086 3235 separationem
3111 3169 3358 3237 faciebat,
3387 3173 3579 3228 caelum

1976 3255 2208 3308 vocavit.
2240 3254 2371 3322 Quis
2405 3254 2565 3325 igitur
2602 3264 2723 3325 post
2751 3266 2950 3312 tantam
2989 3258 3287 3315 doctrinam
3317 3260 3454 3316 feret
3485 3278 3581 3319 eos

1977 3348 2067 3417 qui
2094 3362 2160 3402 ex
2205 3361 2302 3403 sua
2331 3356 2512 3403 mente
2543 3349 2707 3419 loqui,
2741 3360 2796 3404 et
2833 3360 3022 3405 contra
3066 3351 3304 3414 divinam
3333 3353 3582 3424 Scriptu-

1978 3454 2092 3494 ram
2120 3439 2318 3494 multos
2343 3439 2507 3494 caelos
2528 3440 2709 3496 dicere
2739 3442 2977 3496 audent?
3017 3444 3087 3498 At
3113 3445 3362 3512 inquiunt
3395 3463 3408 3499 :
3442 3447 3580 3503 Ecce

1979 3529 2168 3585 beatus
2217 3530 2382 3585 David
2429 3531 2642 3586 laudem
2686 3533 2796 3588 Deo
2834 3533 3088 3600 oﬁ‘crcns,
3126 3534 3260 3589 dixit
3294 3554 3308 3590 :
3350 3535 3583 3592 Laudate

1979 3639 2115 3688 eum,
2145 3623 2258 3677 ccli
2284 3623 2525 3678 calorum
2552 3623 2724 3694 (Psal.
2749 3625 2871 3679 H8.
2898 3625 2974 3696 Α).
3001 3625 3078 3681 Ne
3099 3626 3349 3690 tttrberis.
3365 3627 3584 3693 dilecte,

1981 3729 2154 3785 neque
2185 3724 2339 3784 putes
2373 3729 2578 3770 sacram
2609 3715 2940 3786 Scripturam
2973 3716 3180 3788 sibiipsi
3223 3719 3418 3774 alicubi
3446 3735 3578 3774 con-

1982 3807 2198 3868 trariam
2235 3825 2248 3860 :
2279 3806 2376 3862 sed
2402 3807 2547 3863 disce
2575 3808 2751 3877 p0tius
2778 3806 3040 3862 dictorum
3066 3809 3343 3864 veritatem
3363 3853 3378 3877 ,
3420 3823 3476 3866 et
3503 3822 3584 3868 te-

1984 3913 2116 3956 nens
2158 3898 2443 3969 diligenter
2493 3898 2636 3952 illius
2676 3897 3000 3968 doctrinam,
3052 3899 3245 3955 obtura
3285 3916 3446 3959 aures
3502 3904 3586 3960 illi

1982 3993 2252 4049 contraria
2276 3990 2600 4047 dicentibus.

2052 4086 2107 4139 4.
2154 4081 2461 4137 Ptolemaeus
2487 4091 2727 4136 convocat
2748 4079 2901 4136 LXX
2923 4080 3252 4153 Interpretes.
3276 4113 3348 4125 —
3364 4082 3431 4139 Et
3451 4085 3581 4155 quid

1985 4174 2088 4230 hoc
2112 4176 2203 4241 sit,
2234 4172 2377 4245 quod
2406 4174 2586 4228 dicere
2629 4171 2776 4238 volo,
2806 4171 2988 4227 audite
3030 4189 3219 4241 magna
3263 4174 3582 4240 attentione,

1985 4278 2042 4324 ut
2069 4283 2138 4325 ne
2162 4267 2318 4323 facile
2338 4265 2657 4321 moveamini
2681 4279 2711 4318 a
2742 4254 3043 4320 volentibus
3063 4265 3320 4335 quidquid
3354 4266 3405 4320 in
3433 4281 3587 4322 mcu-

1986 4370 2094 4417 tem
2122 4360 2328 4417 venerit
2357 4356 2558 4413 dicere.
2585 4355 2787 4412 Omnes
2811 4355 2978 4411 divini
3009 4356 3129 4409 libri
3162 4355 3372 4412 Veteris
3401 4357 3595 4411 Testa~

1987 4451 2153 4509 menti
2183 4450 2532 4507 Hebraeorum
2561 4448 2738 4517 lingua
2781 4446 2851 4500 ab
2898 4445 3050 4500 initio
3095 4446 3248 4501 fuere
3276 4449 3587 4518 compositi,

1986 4554 2041 4599 et
2070 4544 2123 4598 in
2155 4545 2258 4597 hoc
2284 4540 2562 4595 nobiscum
2605 4537 2980 4592 consenserint
3017 4551 3229 4592 omnes.
3260 4535 3376 4591 Non
3406 4537 3595 4593 multis

1987 4644 2166 4689 autem
2193 4631 2350 4686 annis
2378 4639 2504 4685 ante
2537 4627 2827 4684 adventum
2857 4625 3057 4683 Christi
3087 4641 3185 4682 rex
3211 4627 3428 4697 quidam
3457 4626 3586 4682 Pto-

1988 4727 2206 4781 lemaeus
2237 4722 2337 4799 (a),
2370 4724 2424 4778 in
2446 4721 2764 4792 colligendis
2801 4719 2950 4775 libris
2975 4719 3265 4774 admodum
3291 4720 3589 4786 studiosus;

1989 4818 2173 4874 multis
2196 4817 2317 4871 aliis
2345 4814 2681 4883 diversisque
2713 4812 2938 4876 coactis,
2967 4826 3146 4881 operae
3169 4814 3399 4882 pretium
3428 4822 3588 4882 puta-

1990 4911 2067 4964 vit
2095 4910 2194 4963 hos
2218 4908 2380 4964 etiam
2424 4905 2591 4961 libros
2629 4900 2902 4973 colligere.
2940 4903 3015 4958 Ea
3042 4902 3112 4958 de
3139 4917 3300 4957 causa
3325 4903 3596 4973 quosdam:

1990 5001 2297 5056 Judiearum
2344 4995 2919 5068 Jerosolymitauorum
2973 4994 3196 5062 accivit,
3239 4995 3329 5065 qui
3381 5009 3478 5049 eos
3533 4996 3588 5049 in

1992 5091 2232 5146 Grtecam
2262 5089 2493 5159 linguam
2517 5092 2791 5141 verterent
2816 5103 2829 5140 :
2859 5083 3002 5155 quod
3028 5085 3189 5140 etiam
3222 5084 3515 5154 perfectum
3541 5096 3602 5142 et

1991 5183 2293 5238 absolutum
2327 5179 2443 5233 fuit.
2477 5177 2697 5232 Factum
2721 5187 2900 5230 autem
2923 5176 3130 5231 esthoc
3148 5176 3344 5230 divina:
3376 5177 3600 5247 dispen-

1996 5273 2219 5329 sationis
2249 5285 2405 5341 Opus,
2438 5276 2498 5324 ut
2524 5284 2628 5324 non
2670 5267 2844 5323 solum
2891 5267 3165 5321 ilebraica:
3197 5267 3392 5338 lingua:
3415 5268 3604 5338 periti,.

1999 5365 2091 5420 sed
2120 5372 2174 5420 et
2203 5377 2392 5418 omnes
2417 5360 2506 5432 qui
2537 5369 2707 5415 totum
2735 5359 2920 5412 orbem
2949 5357 3271 5422 inhabitant,
3295 5373 3361 5412 ex
3387 5357 3467 5412 eis
3495 5359 3606 5412 uti~

2058 5563 2146 5675 ((ιῖΙ
2164 5558 2558 5629 Ptolemzeus,_de
2581 5568 2679 5666 quo
2703 5554 2781 5604 hic
2806 5551 3018 5627 loquitur
3041 5552 3421 5624 Chrysostomus,
3447 5555 3610 5604 Phila.

2058 5630 2094 5675 sl;
2149 5639 2206 5675 us
2229 5624 2379 5672 fuisse
2401 5623 2577 5670 dicitur
2620 5632 2649 5666 n
2684 5620 2887 5668 Historia
2916 5621 3133 5671 Ατιειρω,
3159 5627 3298 5675 cujus
3331 5615 3475 5664 tidem
3511 5631 3604 5666 ca:-

1998 5615 2206 5689 delihus
2229 5624 2379 5689 fuisse
2401 5615 2577 5689 dicitur
2599 5615 2649 5689 in
2684 5615 3298 5689 Historia‘Aristeaetcujus
3331 5615 3475 5689 fidem
3511 5631 3604 5666 car

2002 5681 2206 5753 teraque
2227 5687 2386 5753 omnia
2408 5683 2470 5753 ad
2495 5681 3106 5753 versionemjeptuaqinta
3133 5683 3452 5753 Interprettmt
3489 5692 3605 5746 per-

2000 5737 2203 5814 tinentia
2222 5744 2586 5814 exploravimus
2607 5744 2653 5812 in
2680 5737 3083 5792 Praelimiuaribus
3115 5738 3174 5787 ad
3200 5737 3412 5802 tlcxapla
3432 5737 3605 5802 (η’ῖίμμν

2007 5807 2083 5859 uis
2104 5820 2208 5865 cap.
2232 5805 2392 5861 3.11m
2416 5805 2526 5856 vide
2548 5805 2634 5855 sis.
