4080 6308
481 315 551 369 ιδ
1321 311 1379 367 S.
1408 309 1684 366 JOA'NNIS
1725 304 2196 365 CIIRYSOSTOMI
2238 303 2551 361 ARClllEP.
2593 303 3125 361 CONS'I‘ANTINOP.
3698 309 3764 364 μ

484 424 685 480 litatem
718 424 1072 494 perciperent.
1113 421 1372 493 Quodque
1410 420 1722 476 admirabile
1747 435 1808 475 ac
1845 429 2054 488 stupen-

482 514 608 570 dum
649 522 749 579 est,
782 516 872 584 qui
920 514 1048 570 illud
1087 515 1216 585 egit,
1265 527 1370 566 non
1404 510 1708 565 Judamrum
1755 510 2063 579 religionem

481 603 806 667 sectabatur,
838 603 932 658 sed
960 603 1220 658 idolorum
1258 600 1420 663 cultui
1445 599 1656 654 deditus
1684 609 1821 662 erat,
1851 608 1905 653 et
1936 598 2065 666 ipsis

481 695 747 749 contraria
775 695 1056 749 sentiebat.
1088 694 1201 748 lloc
1219 693 1362 747 enim
1385 692 1546 747 modo
1580 707 1639 746 se
1665 692 1864 747 habent
1889 691 2066 744 omnia

483 799 601 853 quae
623 797 652 837 a
685 781 908 839 Domino
937 792 1123 837 nostro
1162 782 1564 852 dispensantur,
1599 791 1655 836 ut
1690 798 1783 852 per
1809 782 2066 836 adversa-

483 880 590 930 rios
622 889 834 943 semper
859 883 1104 928 crescant
1137 875 1374 930 veritatis
1401 883 1688 944 praecepta.
1730 873 1855 927 lltec
1888 881 2065 926 autem

481 981 588 1018 non
617 975 818 1020 temere
849 975 1040 1020 vestrae
1081 964 1290 1020 caritati
1320 963 1672 1029 narraverim,
1715 963 1809 1018 sed
1846 971 1902 1016 ut
1929 962 2068 1016 scire

482 1052 719 1122 possitis,
770 1065 877 1107 non
909 1053 1009 1108 hac
1054 1053 1255 1124 lingua,
1301 1060 1508 1119 nostra,
1555 1051 1788 1122 inquam,
1839 1050 1932 1104 sed
1965 1049 2066 1104 lle-

480 1141 684 1206 braica,
706 1141 870 1197 fuisse
895 1141 995 1198 hos
1013 1143 1178 1197 libros
1200 1142 1548 1210 compositos.
1572 1141 1762 1195 Dicunt
1788 1141 1950 1210 igitur
1978 1140 2066 1209 qui

481 1228 676 1300 tingue
702 1231 821 1301 ejus
857 1230 1099 1300 apprime
1125 1231 1276 1302 gnari
1307 1239 1452 1297 sunt,
1489 1231 1608 1284 caeli
1647 1245 1844 1285 nomen
1876 1229 2066 1300 plurali

480 1335 708 1375 numero
751 1320 818 1374 ab
856 1319 1096 1376 Hebraeis
1123 1321 1326 1388 vocari,
1357 1318 1500 1390 qu-3d
1539 1320 1862 1377 conﬁtentur
1903 1320 2066 1374 etiam

480 1411 568 1480 qui
601 1411 860 1482 Syrorum
889 1411 1122 1482 linguam
1143 1411 1340 1466 sciunt.
1365 1411 1434 1464 Et
1465 1425 1624 1465 nemo
1647 1426 1710 1465 ea
1736 1411 1912 1480 lingua
1937 1409 2070 1464 dicit

480 1499 691 1569 exulum,
719 1501 814 1556 sed
835 1501 972 1556 caeli.
1001 1501 1177 1570 Atque
1202 1500 1403 1555 idcirco
1432 1501 1510 1555 sic
1528 1499 1726 1555 dictum
1758 1507 1843 1554 est
1865 1513 1894 1551 a
1916 1499 2073 1552 beato

485 1592 705 1660 Doride,
748 1590 871 1646 Cati
906 1591 1186 1646 calorum:
1212 1607 1319 1645 non
1364 1589 1508 1658 quod
1551 1588 1698 1642 multi
1751 1589 1861 1642 sint
1902 1587 2066 1643 cmli:

484 1698 589 1736 non
617 1682 758 1735 enim
794 1682 894 1734 hoc
927 1695 1023 1733 nos
1044 1679 1225 1733 docuit
1249 1678 1438 1733 beatus
1456 1676 1664 1738 Moses;
1694 1675 1789 1730 sed
1810 1675 1933 1746 quia
1956 1689 2073 1730 mos

481 1781 562 1825 est
605 1771 794 1839 lingua:
827 1769 1098 1823 llebraicae
1127 1783 1286 1822 unam
1319 1781 1430 1822 rem
1461 1768 1738 1821 nominare
1763 1766 1952 1836 plurali
1980 1781 2074 1820 nu-

483 1873 632 1914 mero
658 1858 734 1930 (α)
766 1875 778 1910 :
813 1859 932 1927 quia
963 1857 1007 1912 si
1049 1857 1200 1911 multi
1227 1865 1427 1923 essent,
1463 1871 1568 1910 non
1599 1855 1869 1910 omisisset
1894 1854 2065 1923 Spiri-

487 1959 572 2005 tus
611 1959 828 2004 sanctus
856 1965 952 2019 per
990 1949 1222 2019 linguam
1264 1947 1403 2002 beati
1454 1946 1677 2014 hujusce
1703 1944 1979 2015 preplteta:
2017 1952 2075 2000 et

483 2040 706 2094 aliorum
738 2039 1106 2093 formationem
1146 2052 1245 2091 nos
1273 2036 1487 2090 docere.
1535 2035 1659 2090 Haec
1677 2034 1961 2104 diligenter
1985 2050 2078 2089 rc-

395 2157 406 2161 ~
485 2130 674 2195 tinete,
706 2128 952 2192 obsecro,
989 2137 1043 2178 ut
1073 2124 1288 2193 possitis
1331 2122 1613 2176 obstruere
1641 2136 1733 2175 ora
1773 2125 1958 2176 eorum
1983 2121 2078 2192 qui

483 2217 754 2273 contraria
782 2215 1161 2272 ecclesiasticis
1199 2212 1458 2267 doctrinis
1499 2211 1749 2276 all'erunt,
1782 2219 1836 2266 ct
1874 2210 1927 2264 in
1963 2219 2078 2265 toto

484 2307 709 2362 videatis
735 2307 984 2361 virtutem
1027 2319 1214 2359 eorum
1240 2318 1359 2374 qum
1408 2301 1461 2356 iu
1493 2301 1768 2371 Scriptura
1795 2300 2080 2355 continett-

485 2409 590 2454 tur.
623 2397 757 2452 Nam
800 2397 998 2451 idcirco
1040 2395 1356 2464 frequenter
1386 2393 1473 2447 hic
1519 2393 1838 2457 convenitis,
1886 2400 1941 2447 et
1979 2407 2080 2448 nos

484 2488 788 2543 uberiorem
812 2486 1116 2542 doctrinam
1143 2484 1622 2549 communicatnus,
1647 2493 1703 2538 ut
1732 2484 1902 2553 parati
1963 2484 2079 2539 sitis

486 2579 633 2633 omni
657 2577 896 2649 poscenti
928 2591 1025 2631 vos
1051 2575 1317 2630 rationem
1349 2573 1577 2630 reddere
1608 2574 1684 2646 (ί.
1720 2573 1837 2628 Pet.
1870 2575 1924 2628 5.
1964 2573 2076 2644 l5).

486 2669 592 2726 Sed
618 2669 684 2724 ad
706 2667 1093 2739 consequentia
1119 2665 1427 2732 redeamus,
1459 2665 1502 2720 si
1533 2664 1724 2733 placet.
1762 2664 1819 2720 8.
1847 2663 1912 2718 Et
1942 2679 2082 2718 coea-

486 2763 575 2824 sit,
617 2759 730 2824 ait,
777 2757 920 2813 Deus
969 2758 1346 2826 ﬁrmamentum
1393 2754 1596 2808 cretum.
1634 2753 1702 2807 Et
1749 2753 1875 2807 uidit
1913 2751 2078 2819 Deus,

485 2852 623 2920 quod
647 2859 771 2906 esset
797 2851 1004 2902 bonum.
1035 2845 1270 2902 Attende
1289 2854 1548 2916 quantum
1576 2844 1659 2897 liis
1685 2842 1865 2898 verbis
1893 2843 2081 2897 buma-

487 2959 572 2998 nie
597 2956 658 2997 se
677 2949 996 3010 attemperet
1018 2937 1334 2993 inﬁrmitati.
1358 2936 1492 2992 Nam
1521 2938 1661 2991 sicut
1683 2935 1750 2989 de
1777 2935 1896 2990 luce
1916 2935 2078 2990 dixit:

499 3031 637 3086 Vidit
665 3031 801 3103 quod
827 3040 956 3084 esset
980 3029 1114 3084 bona
1143 3044 1162 3083 :
1187 3029 1256 3083 ita
1297 3037 1351 3083 et
1381 3043 1523 3082 nune
1551 3026 1620 3082 de
1642 3027 1775 3083 cado
1798 3026 1950 3094 dicit,
1979 3027 2081 3084 hoc

486 3132 590 3190 est,
619 3122 688 3178 de
711 3122 1045 3178 ﬁrmamento
1071 3137 1087 3174 :
1118 3119 1188 3174 Et
1212 3120 1358 3182 vidit,
1393 3119 1585 3189 inquit,
1617 3118 1773 3184 Deus,
1793 3119 1930 3190 quod
1957 3129 2084 3175 esset

486 3215 672 3269 bonum
693 3231 713 3268 :
735 3214 934 3269 docens
951 3227 1052 3268 nos
1082 3227 1177 3282 per
1203 3210 1346 3265 istud
1373 3212 1691 3264 immensam
1723 3210 2082 3280 pulchritudi-

489 3320 609 3359 nem
637 3304 774 3373 ejus.
807 3302 937 3369 Quis
965 3303 1110 3357 enim
1142 3316 1249 3357 non
1278 3300 1685 3370 obstupesceret
1718 3311 1879 3370 atque
1909 3301 2082 3355 admi-

487 3404 697 3449 raretur
715 3391 859 3464 quod
894 3393 1290 3446 ﬁrmamentum
1339 3398 1488 3445 tanto
1529 3399 1773 3461 tempore
1813 3391 2082 3462 vigentem

488 3494 667 3538 servet
693 3481 1169 3554 pulchritudinem,
1210 3488 1264 3535 et
1289 3479 1431 3550 quod
1458 3489 1715 3551 quantum
1744 3481 2085 3552 progreditur

488 3585 722 3646 tempus,
752 3583 958 3629 tantum
985 3582 1244 3642 augeatur
1272 3581 1328 3626 et
1363 3571 1702 3642 pulchritudo
1721 3573 1747 3627 ‘l
1776 3572 1914 3639 Quid
1937 3575 2082 3628 enim

488 3667 785 3733 speciosius
807 3680 893 3730 eo,
917 3664 1061 3735 quod
1087 3663 1296 3718 laudem
1323 3665 1390 3718 ab
1432 3663 1549 3733 ipso
1586 3662 1794 3733 Opiﬁce
1839 3665 2087 3736 accepit?

491 3758 621 3812 Nam
653 3759 696 3814 si
727 3773 829 3813 nos
855 3756 1091 3811 hominis
1117 3769 1255 3824 opus
1281 3754 1528 3809 videntes
1548 3756 1877 3823 absolutum,
1907 3756 2084 3812 admi-

491 3866 672 3916 rantur
689 3849 931 3920 ﬁguram,
955 3847 1138 3909 situm,
1164 3844 1638 3915 pulchritudinem,
1658 3847 2084 3917 proportionem,

490 3943 833 4010 elegantiam,
876 3939 1089 4008 aliaque
1119 3937 1299 3993 omnia
1328 3953 1342 3991 :
1372 3936 1515 4008 quod
1556 3937 1755 3992 iactum
1797 3946 1883 3993 est
1917 3954 1947 3993 a
1974 3939 2087 3995 Deo

491 4033 611 4102 quis
636 4032 798 4101 digne
829 4029 1077 4093 laudarit,
1113 4028 1413 4097 praesertim
1449 4043 1571 4082 cum
1615 4027 1683 4082 ab
1714 4029 1831 4098 ipso
1859 4029 2088 4084 Domino

495 4122 706 4177 laudem
754 4119 993 4191 accepit?
1031 4119 1157 4174 Hmc
1183 4119 1324 4178 cnim
1355 4117 1495 4173 dicta
1537 4117 1611 4172 ita
1641 4128 1788 4187 sunt,
1830 4128 1890 4173 ut
1917 4134 1976 4176 se
2001 4131 2086 4176 at-

496 4212 822 4281 t’emperaret
875 4217 1072 4264 nostrai
1119 4208 1424 4278 fragilitati,
1480 4207 1795 4279 videbisque
1847 4209 1950 4265 hoc
1996 4226 2090 4281 per

494 4302 733 4371 singulas
774 4309 1047 4356 creaturas
1071 4297 1200 4366 dici,
1244 4309 1298 4354 et
1343 4299 1413 4352 ita
1455 4292 1639 4354 mullis
1677 4308 1834 4354 antea
1874 4303 2090 4358 saeculis

496 4393 763 4465 proﬂigari
799 4409 987 4449 ausum
1035 4407 1244 4457 eorum,
1289 4391 1378 4460 qui
1409 4391 1640 4460 linguam
1672 4405 1824 4447 suam
1881 4397 2088 4450 acuturi

493 4499 648 4543 erant
676 4496 860 4542 contra
891 4485 1158 4555 opiﬁcium
1188 4484 1305 4551 Dei,
1339 4493 1392 4538 et
1417 4484 1611 4539 dicturi
1638 4501 1652 4537 :
1684 4484 1862 4551 Quare
1905 4486 2008 4543 hoc
2035 4497 2089 4543 et

495 4583 597 4637 hoc
622 4581 814 4635 factum
842 4579 960 4634 est?
986 4577 1132 4631 Talia
1167 4578 1329 4646 igitur
1346 4576 1584 4630 dicturos
1609 4584 1734 4630 ante
1758 4579 2083 4646 comprimit,

493 4674 717 4729 dicens:
744 4670 808 4724 Et
833 4671 958 4723 vidit
993 4669 1132 4723 Deus
1155 4667 1291 4738 quod
1314 4675 1441 4720 esset
1481 4667 1687 4721 bonum.
1721 4668 1944 4734 Quando
1988 4686 2086 4724 au-

497 4775 604 4819 tem
643 4762 818 4829 audis,
850 4761 992 4816 Vidit
1022 4760 1162 4814 Deus
1200 4766 1255 4812 et
1295 4757 1551 4821 laudavit,
1593 4757 1831 4827 intellige
1857 4758 2084 4824 dictum,

499 4863 655 4926 prout
682 4853 899 4924 dignum
941 4858 1022 4907 est
1050 4851 1119 4906 de
1167 4849 1278 4903 Deo
1312 4847 1478 4914 loqui.
1513 4846 1645 4902 Nam
1689 4849 1778 4918 qui
1817 4851 2087 4918 produxit,

496 4946 657 5001 etiam
684 4945 992 5014 priusquam
1025 4941 1300 5004 formaret,
1325 4935 1527 4992 sciebat
1550 4935 1845 4994 formanda:
1871 4940 1946 4995 rei
1975 4943 2090 5010 pul-

496 5037 896 5101 chritudinem;
947 5033 1041 5090 sed
1089 5031 1212 5102 quia
1263 5043 1363 5084 nos
1406 5027 1651 5083 homines
1689 5029 1858 5099 (tanta
1905 5045 2090 5087 sumus

497 5127 864 5182 imbeciliitate
896 5122 1236 5192 circumdati)
1286 5119 1445 5174 aliter
1481 5119 1584 5174 hoc
1630 5120 1932 5192 intelligere
1979 5139 2086 5178 non

497 5220 790 5290 potuimus,
836 5218 965 5272 ideo.
1001 5217 1083 5270 sic
1111 5213 1312 5270 direxit
1350 5211 1489 5266 beati
1522 5214 1798 5281 prepbette
1830 5214 2086 5284 linguam,

499 5321 555 5364 ut
597 5310 662 5365 ad
693 5308 1042 5365 erudiendum
1071 5307 1364 5360 humanum
1409 5317 1578 5374 genus
1619 5312 1762 5360 tanta
1804 5307 2091 5363 verborum

499 5411 738 5457 uteretur
766 5397 1138 5454 crassitudine.

560 5519 635 5577 (τι)
670 5515 900 5563 mulorum
945 5527 1124 5562 nomen
1169 5511 1404 5577 hebraice
1440 5510 1628 5563 om.
1675 5514 1871 5562 l‘nicum
1918 5511 2090 5577 celum

496 5575 702 5642 admittit
723 5579 1099 5642 chrysostomus,
1128 5583 1179 5623 et
1197 5576 1462 5642 respondet
1481 5584 1780 5642 argumento
1805 5588 1868 5624 ex
1894 5575 2092 5642 ljsalmis

496 5640 721 5696 deducto,
745 5636 842 5700 quo
869 5638 1035 5700 plures
1074 5636 1373 5698 comprobari
1417 5636 1641 5688 videntur
1681 5637 1922 5700 c.1rli;scd
1961 5642 2090 5688 tacet

490 5700 694 5754 l'uulutu
715 5707 896 5763 raptum
923 5713 1079 5763 usque
1103 5702 1161 5748 ad
1183 5708 1380 5749 tertium
1415 5701 1606 5752 czelunt.

2242 418 2297 473 5.
2339 415 2564 483 Quando
2610 416 2766 486 igitur
2795 417 3045 477 sublevas
3079 416 3288 482 oculos,
3319 427 3376 472 et
3402 429 3617 486 spectas
3645 421 3764 475 czeli

2171 506 2645 576 pulchritudinem,
2677 507 3116 576 magnitudinem,
3150 507 3453 570 utilitatem.
3484 518 3612 564 tunc
3639 509 3765 564 inde

2167 599 2236 652 ad
2280 597 2541 668 Opicem
2585 597 2857 664 ascende,
2899 600 3042 655 sicut
3086 609 3143 655 et
3175 601 3390 668 sapiens
3415 600 3634 671 quidam
3683 601 3767 657 di-

2167 686 2325 740 cebat
2375 705 2388 740 :
2436 686 2520 741 Ea:
2581 687 2927 756 magnitudine
2981 697 3029 741 et
3086 690 3463 758 pulchritudine
3512 700 3768 745 creaturo-

2171 791 2285 828 rum
2330 777 2549 830 uniuersi
2588 777 2834 832 Conditor
2869 793 2958 847 per
2997 779 3374 847 proportidnem
3410 781 3772 836 consideratur

2175 865 2330 935 (Sup.
2365 868 2451 922 13.
2482 868 2559 939 5).
2592 868 2659 922 Et
2698 868 2820 923 vide
2847 869 3006 922 etiam
3035 884 3099 923 ex
3140 868 3329 924 horum
3372 872 3766 928 elementorum

2173 955 2512 1022 formatione,
2557 967 2753 1029 quanta
2794 960 2866 1014 sit
2907 959 3118 1014 Domini
3162 961 3235 1015 tui
3264 962 3453 1017 virtus.
3495 963 3628 1018 Nam
3679 967 3767 1019 cui

2173 1059 2335 1115 sagax
2358 1055 2414 1101 et
2443 1047 2640 1116 probus
2685 1060 2768 1102 est
2795 1050 3027 1117 animus,
3073 1049 3121 1105 si
3146 1051 3377 1106 voluerit
3401 1053 3608 1123 singula
3639 1055 3769 1108 visi-

2176 1134 2298 1190 bilia
2325 1137 2552 1190 scrutari
2577 1152 2591 1200 ;
2619 1144 2678 1192 et
2714 1137 2842 1206 quid
2881 1138 3025 1204 dico,
3055 1141 3260 1210 singula
3288 1157 3408 1212 quae
3436 1141 3571 1198 facta
3601 1144 3772 1197 sunt?

2175 1241 2327 1281 suam
2359 1227 2528 1282 solam
2556 1226 2930 1284 formationem
2976 1231 3020 1285 si
3051 1241 3303 1288 accurate
3330 1235 3558 1290 voluerit
3583 1237 3770 1291 censi-

2177 1316 2388 1383 derare,
2420 1317 2618 1372 videbit
2641 1332 2705 1373 es
2735 1319 2912 1387 parvis
2952 1319 3059 1374 illis
3089 1320 3405 1378 immensam
3436 1328 3491 1378 et
3519 1323 3770 1380 ineﬁ'abi-

2176 1405 2280 1460 lem
2317 1406 2420 1460 Dei.
2457 1398 2768 1476 potentiam.
2795 1409 2948 1475 Quod
2993 1410 3038 1466 si
3068 1411 3294 1465 visibilia
3337 1412 3451 1467 sola
3495 1413 3776 1469 sufﬁciunt

2177 1496 2331 1550 nobis
2367 1497 2432 1550 ad
2474 1498 2769 1552 docendam
2808 1501 3061 1571 potentia:
3101 1501 3405 1559 Conditoris
3447 1504 3776 1575 magnitudi-

2178 1598 2326 1648 nem,
2367 1585 2410 1638 si
2449 1595 2503 1639 et
2529 1586 2596 1639 ad
2623 1587 2916 1642 invisibiles
2947 1590 3155 1645 veneris
3183 1591 3428 1659 virtutes,
3455 1602 3511 1648 et
3535 1604 3774 1650 mentem

2178 1675 2484 1732 ostenderis
2513 1675 2580 1731 ad
2622 1677 2934 1747 angelorum
2975 1680 3264 1748 exercitus,
3305 1681 3775 1752 archangelorutn,

2179 1781 2533 1835 supernarum
2585 1767 2862 1834 virtutum,
2927 1770 3268 1838 tltronorum,
3323 1771 3774 1840 dominationum,

2180 1857 2592 1926 principatuum,
2613 1865 2953 1925 potestatum,
2980 1857 3292 1926 Cherubim,
3324 1861 3604 1932 Seraphim
3626 1880 3780 1934 :quze

2182 1963 2356 2013 mens,
2380 1949 2468 2018 qui
2490 1963 2668 2003 sermo
2690 1950 2883 2018 poterit
2903 1965 3156 2007 enarrare
3183 1953 3628 2022 magniﬁcentiam
3655 1956 3780 2025 ejus

2183 2036 2543 2092 ineﬂ’abilem?
2588 2037 2720 2092 Nam
2767 2040 2810 2092 si
2867 2038 3054 2094 beatus
3108 2041 3366 2110 preplteta
3414 2044 3598 2110 David,
3649 2061 3778 2101 cum

2181 2124 2586 2195 dispositionem
2629 2127 2918 2183 visibilium
2957 2129 3373 2197 considerasset,
3419 2133 3780 2201 exclamabat,

2185 2214 2408 2271 dicens:
2444 2215 2612 2283 Quam
2653 2219 2981 2288 magniﬁcam
3019 2229 3136 2272 sunt
3185 2235 3338 2290 Opera
3380 2231 3490 2290 tua,
3523 2221 3786 2277 Domine!

2185 2307 2355 2360 omnia
2379 2306 2434 2361 in
2459 2309 2707 2377 sapientia
2736 2309 2900 2377 feciin
2923 2307 3092 2378 (Psal.
3121 2309 3240 2365 105.
3267 2309 3362 2382 9.4)
3393 2329 3408 2368 :
3441 2313 3508 2378 si,
3536 2313 3778 2384 inquam,

2186 2396 2268 2450 vir
2295 2403 2443 2450 tanto
2471 2397 2668 2466 Spiritu
2699 2398 2971 2467 praeditus,
2999 2408 3054 2455 et
3093 2400 3282 2470 dignus
3313 2401 3546 2469 habitus,
3586 2407 3671 2460 cui
3699 2406 3787 2459 in-

2183 2495 2333 2541 certa
2356 2494 2411 2541 et
2434 2489 2640 2542 occulta
2667 2489 2943 2559 sapientia:
2963 2490 3157 2546 divina:
3179 2491 3666 2560 manifestarentur,
3699 2497 3784 2553 sic

2185 2575 2520 2632 exclamabat
2551 2594 2566 2634 :
2597 2579 2724 2649 quid
2766 2579 3068 2636 diceremus
3107 2596 3205 2636 nos
3247 2583 3338 2654 qui
3366 2591 3508 2638 terra
3556 2596 3612 2640 et
3645 2587 3788 2641 cinis

2186 2684 2393 2736 sumus,
2439 2680 2495 2726 et
2520 2669 2778 2727 debemus
2806 2673 3064 2729 continuo
3092 2675 3298 2730 vultum
3346 2676 3688 2745 submittere,
3727 2688 3788 2735 ct

2186 2761 2571 2833 obstupescere
2605 2763 2977 2820 universorum
3027 2765 3238 2821 Domini
3276 2766 3600 2825 ineﬁ'abilem
3629 2769 3788 2826 beni-

2186 2852 2488 2922 gnitatem?
2557 2853 2625 2908 Et
2661 2853 2789 2923 quid
2832 2855 2952 2910 dico
3018 2856 3370 2926 prophetam?
3418 2857 3614 2916 Beatus
3670 2859 3792 2930 ipse

2189 2942 2406 3009 Paulus,
2427 2944 2604 2999 anima
2631 2943 2718 3000 illa
2763 2945 2830 3000 ad
2864 2945 3027 3001 caelos
3055 2962 3224 3018 usque
3250 2947 3517 3016 sublimis,
3557 2965 3789 3020 corpore

2186 3038 2570 3106 circumdatus,
2603 3048 2657 3095 et
2686 3055 2808 3098 cum
2858 3041 3190 3112 incorporeis
3214 3042 3501 3100 virtutibus
3546 3053 3788 3113 certans,

2189 3130 2244 3185 in
2271 3139 2414 3186 terra
2445 3132 2746 3198 ambulans,
2777 3144 2830 3189 et
2861 3136 3024 3189 animi
3052 3135 3231 3190 studio
3257 3137 3446 3191 caalum
3475 3151 3790 3208 peragrans,

2187 3236 2308 3277 eum
2352 3224 2403 3277 in
2453 3239 2612 3278 unam
2643 3234 2846 3293 partem
2878 3225 3337 3295 diSpensationum
3386 3228 3478 3282 Dei
3525 3229 3792 3285 incideret

2193 3309 2284 3382 (de
2329 3311 2531 3368 Judaais
2570 3322 2626 3368 et
2672 3315 2961 3384 gentilibus
2999 3316 3217 3386 loquor,
3261 3317 3406 3388 quod
3451 3318 3525 3373 illi
3571 3319 3790 3387 quidem

2189 3403 2371 3473 ejecti,
2401 3404 2452 3457 bi
2475 3413 2652 3460 autem
2682 3405 2734 3460 in
2757 3405 2932 3461 locum
2960 3407 3176 3462 illorum
3204 3409 3490 3464 introducti
3512 3409 3790 3478 fuissent),

2189 3503 2243 3548 et
2273 3507 2457 3549 secum
2499 3493 2784 3561 dubitaret,
2830 3505 2886 3553 et
2930 3498 3261 3554 interuorum
3303 3501 3581 3555 oculorum
3617 3502 3788 3554 verti-

2189 3585 2314 3653 gine
2344 3584 2631 3654 laboraret,
2681 3589 3016 3655 exclamavit,
3061 3590 3286 3646 dicens:
3325 3590 3371 3646 0
3409 3593 3629 3647 altitudo
3659 3592 3793 3646 diui-

2192 3675 2379 3729 tiarum
2404 3683 2451 3729 et
2477 3677 2759 3746 sapientia,
2788 3688 2835 3732 et
2862 3680 3086 3734 scientiae
3116 3679 3232 3748 Dei,
3260 3698 3412 3750 quam
3443 3682 3795 3736 inscruttibilia

2191 3777 2310 3822 sunt
2337 3768 2535 3837 judicia
2561 3770 2692 3840 ejus,
2724 3780 2772 3823 et
2812 3771 3182 3842 investigabiles
3218 3773 3314 3826 vita
3342 3773 3450 3844 ejus
3483 3773 3664 3842 (Rom.
3697 3773 3789 3827 Η.

2192 3858 2322 3928 33)!
2355 3858 2462 3915 Sed
2512 3858 2599 3915 hic
2640 3861 2872 3916 libenter
2901 3862 3134 3931 rogarim
3185 3876 3301 3929 eos,
3334 3863 3424 3932 qui
3456 3861 3524 3918 de
3561 3877 3794 3933 genera—

2195 3951 2340 4004 tione
2373 3949 2493 4005 Filii
2523 3951 2617 4006 Dei
2645 3952 2911 4007 curiosius
2940 3952 3247 4023 exquirunt,
3275 3963 3330 4008 et
3355 3953 3527 4008 sancti
3557 3952 3792 4022 Spiritus

2193 4041 2506 4110 dignitatem
2559 4041 2772 4097 auferre
2811 4050 3019 4097 tentant
3063 4061 3076 4098 :
3121 4041 3276 4098 Unde
3315 4043 3486 4108 vobis,
3541 4044 3794 4109 obsecro,

2197 4139 2361 4186 tanta:
2390 4132 2631 4188 audaciae
2661 4132 2972 4189 temeritas?
2992 4149 3024 4188 a
3050 4148 3154 4204 qua
3181 4133 3479 4188 temeritate
3511 4133 3562 4187 in
3591 4141 3796 4188 tantam

2194 4224 2377 4277 ruistis
2417 4224 2720 4277 insaniam?
2760 4222 2895 4278 Nam
2924 4225 2968 4278 si
3000 4224 3197 4279 Paulus
3242 4223 3332 4278 ille
3382 4232 3564 4278 tantus
3591 4231 3646 4279 et
3673 4225 3800 4282 talis

2191 4312 2388 4380 judicia
2412 4313 2545 4384 ejus,
2580 4313 2683 4369 hoc
2707 4324 2809 4380 est,
2833 4314 3260 4385 dispensationes
3280 4323 3335 4369 et
3352 4313 3793 4385 gubernationes,

2199 4403 2563 4461 inscrutabilia
2590 4419 2710 4459 esse
2735 4403 2865 4458 dicit
2894 4421 2908 4456 :
2938 4413 2994 4458 et
3019 4419 3126 4459 non
3163 4403 3294 4458 dicit
3325 4402 3793 4474 incomprehensi-

2196 4493 2344 4561 bilia,
2381 4496 2478 4550 sed
2508 4495 2894 4560 inscrutabilia,
2939 4496 3008 4549 ita
3037 4504 3094 4549 ut
3133 4495 3360 4550 scrutari
3390 4510 3451 4549 ea
3482 4508 3640 4549 nemo
3672 4509 3799 4563 pos-

2196 4586 2301 4651 sit;
2342 4595 2398 4642 et
2442 4586 2839 4656 investigabiles
2888 4586 3018 4641 dicit
3062 4587 3177 4641 vias
3220 4585 3368 4655 ejus;
3414 4586 3608 4640 iterum
3651 4585 3798 4640 idem

2196 4679 2400 4744 dicens,
2431 4679 2543 4734 vias
2583 4679 2832 4734 mandata
2861 4694 3060 4735 vocans
3090 4687 3143 4734 et
3184 4688 3447 4749 princepta
3476 4697 3490 4735 :
3521 4679 3800 4749 quomodo

2196 4789 2292 4828 ves
2321 4773 2670 4828 substantiam
2702 4773 2870 4842 ipsam
2895 4773 3166 4842 Unigeniti
3189 4771 3452 4827 curiosius
3487 4773 3799 4842 explorare,

2196 4876 2252 4921 et
2284 4864 2516 4936 Spiritus
2545 4865 2716 4920 sancti
2745 4865 3081 4934 dignitatem,
3129 4873 3387 4934 quantum
3432 4866 3483 4919 in
3512 4865 3664 4919 vobis
3689 4875 3802 4932 est,

2198 4959 2515 5014 imminuere
2540 4957 2746 5012 audetis
2772 4956 2885 5029 (a)?
2914 4956 3114 5022 Videte,
3147 4956 3502 5020 dilectissimi,
3533 4967 3802 5026 quantum

2199 5052 2396 5106 malum
2435 5051 2506 5104 sit
2534 5065 2640 5104 non
2669 5049 2954 5118 diligenter
2983 5048 3262 5102 attendere
3293 5048 3360 5102 ad
3387 5063 3448 5102 ca
3479 5063 3598 5116 quae
3627 5049 3676 5101 iu
3708 5048 3800 5102 di-

2199 5143 2335 5196 vinis
2358 5141 2648 5212 Scripturis
2677 5149 2802 5194 sunt
2821 5147 3092 5194 contenta.
3127 5139 3189 5192 lli
3218 5138 3360 5193 enim
3387 5140 3432 5193 si
3463 5156 3584 5193 cum
3616 5141 3798 5208 sagaci

2196 5245 2252 5292 et
2283 5237 2444 5306 proba
2475 5243 2655 5289 mente
2683 5231 2981 5287 doctrinam
3011 5231 3206 5285 divina:
3231 5228 3522 5299 Scriptura:
3550 5230 3801 5299 accepis-

2197 5339 2335 5394 teut,
2373 5336 2428 5382 et
2468 5341 2574 5382 non
2602 5338 2698 5380 sua
2729 5339 2794 5379 ex
2823 5323 3041 5393 proprio
3066 5322 3350 5379 ratiocinio
3376 5322 3798 5393 excogitassent,

2259 5505 2333 5567 (α)
2364 5505 2588 5555 Haeretici
2623 5504 2706 5566 qui
2734 5501 3052 5568 substantiam
3074 5501 3320 5568 Unigeniti
3359 5497 3600 5568 curiosius
3622 5495 3801 5568 exple.-

2196 5558 2385 5625 rai'ia'nt,
2412 5575 2463 5615 et
2483 5558 2685 5629 Spiritus
2706 5566 2859 5629 sancti
2886 5558 3187 5629 dignitatern
3218 5559 3520 5629 minuebant,
3566 5558 3792 5629 Anoiinra'

2199 5639 2338 5680 erant
2378 5623 2431 5678 et
2467 5623 2804 5678 Macedoniam.
2830 5623 3003 5674 Contra
3030 5626 3292 5674 Anomoeos
3336 5623 3794 5688 multas-orationes

2202 5693 2368 5741 habuit
2388 5692 2749 5753 Clirysostmnus
2768 5688 3033 5738 Antiochiae
3055 5695 3106 5736 et
3128 5689 3552 5744 constutttutowlt.
