4080 6308
210 341 275 401 88
1360 342 1424 402 IN
1458 341 1614 402 CAP.
1656 340 1699 398 Ι.
1738 338 1816 398 οε

1923 338 1985 396 LS.
2027 337 2259 398 ιιοιιιι..
2301 338 2391 398 IV.
3447 341 3520 401 ιϐ

210 455 516 527 neutiquam
565 455 620 512 in
664 465 870 514 tantam
921 457 1198 514 venissent
1235 458 1556 513 amentiam.
1599 455 1668 511 At
1710 467 1809 510 nos

209 561 383 618 neque
407 549 482 603 sit
514 561 794 606 cessemus
820 549 1014 605 divina:
1034 549 1325 621 Seriptune
1352 547 1654 604 tcsthuenia
1682 547 1812 617 ipsis

206 639 468 710 objieere,
512 650 566 697 et
602 656 764 698 aures
811 653 1022 698 nostsz
1050 643 1117 697 ad
1144 641 1462 713 pestilentes
1491 657 1676 697 eorum
1717 639 1812 696 do—

205 738 410 794 ctriaas
437 738 712 810 obsepine.

276 828 332 885 Β.
363 828 473 886 Sed
511 830 693 887 nescio
729 830 1001 902 quomodo
1031 832 1227 888 iterum
1250 829 1322 885 ab
1354 829 1564 901 impetu
1609 832 1813 884 oratio-

207 921 292 974 nis
324 921 380 976 in
411 921 530 978 lucc
571 925 746 981 evecti
791 938 980 978 sunms
1001 964 1016 988 ,
1049 933 1102 978 ct
1137 939 1168 978 a
1193 931 1448 979 contextu
1471 921 1766 977 excidimus
1795 937 1812 976 :

212 1012 335 1066 ιιιηυ
369 1015 565 1071 iterum
591 1017 658 1071 ad
693 1018 872 1087 priora
895 1017 1080 1074 redeat
1103 1032 1303 1074 sermo.
1345 1015 1412 1071 Et
1439 1015 1666 1079 vocavit,
1691 1014 1813 1080 ait,

211 1104 352 1162 Deus
389 1108 769 1177 [immunes
828 1110 1012 1165 caelum
1029 1151 1045 1172 .
1089 1120 1137 1165 ct
1165 1109 1290 1165 uidit
1330 1107 1474 1164 Deus
1516 1107 1655 1180 quod
1687 1117 1816 1162 esset

207 1197 400 1251 bonum
463 1196 534 1252 Et
559 1202 750 1270 factum
771 1213 850 1256 cst
877 1217 1099 1272 vespere,
1125 1209 1172 1255 ct
1201 1200 1394 1272 factum
1413 1209 1489 1256 est
1510 1214 1686 1264 tuane,
1709 1199 1818 1253 dics

207 1288 490 1343 secundas.
514 1289 890 1362 Appellatione
914 1291 1084 1347 indita
1124 1291 1464 1348 [irritamento
1483 1333 1498 1358 ,
1523 1299 1582 1347 et
1603 1289 1820 1345 laudato

205 1395 402 1449 opere,
434 1380 595 1438 tinem
627 1382 880 1454 imposuit
921 1383 1029 1440 diei
1059 1383 1337 1450 secundo,
1365 1392 1420 1439 et
1440 1382 1612 1439 dixit:
1641 1379 1710 1436 Et
1735 1384 1819 1452 fa-

208 1481 348 1524 clum
375 1481 452 1526 cst
497 1488 739 1542 vespere,
765 1484 810 1530 ct
843 1478 1040 1548 factum
1085 1486 1160 1532 cst
1186 1492 1371 1542 mane,
1397 1476 1506 1532 dies
1546 1475 1818 1534 secundus.

214 1561 406 1618 Vidisti
431 1574 630 1636 quanta
648 1566 922 1638 diligentia
947 1581 1047 1623 nos
1065 1567 1245 1634 docet,
1279 1567 1441 1640 tinem
1468 1567 1604 1623 lueis
1628 1581 1820 1637 vespe-

211 1669 327 1707 r.nn
377 1669 606 1721 vnctus,
634 1665 688 1712 et
727 1657 888 1713 tinent
931 1659 1105 1715 noctis
1153 1673 1348 1725 mane,
1391 1643 1446 1714 et
1475 1668 1644 1714 totum
1691 1657 1818 1713 iltud

209 1743 357 1799 diem
383 1786 400 1810 ,
431 1754 492 1802 ut
532 1763 601 1804 ne
625 1760 870 1806 ervemus
897 1765 996 1806 nos
1015 1792 1031 1817 ,
1058 1766 1234 1823 neque
1265 1760 1512 1823 putemus
1538 1766 1819 1821 vesperam

213 1837 376 1888 tinem
421 1850 546 1893 esse
592 1837 739 1907 diei,
787 1841 884 1896 sed
931 1842 1214 1899 manifeste
1262 1843 1496 1899 sciamus
1545 1843 1822 1915 utriusque

214 1927 452 1994 spatium
481 1944 648 1986 unum
693 1930 837 1988 diem
869 1933 1130 2006 implere?
1157 1934 1226 1991 Et
1249 1950 1475 2007 vespere
1497 1935 1658 1993 linem
1688 1935 1822 1992 lucis

215 2023 366 2071 recte
406 2018 530 2088 quis
576 2019 809 2090 dixerit,
874 2037 1034 2079 mane
1076 2031 1296 2092 autem,
1352 2024 1455 2080 hoc
1508 2035 1623 2091 εδι,
1659 2023 1821 2081 [luem

115 2175 124 2192 ι
214 2105 426 2172 sectis,
468 2109 922 2180 complementum
970 2113 1100 2170 diei.
1145 2113 1260 2171 Hoc
1302 2115 1447 2170 enim
1490 2117 1604 2171 vnit
1642 2113 1820 2171 divina

214 2196 498 2270 Scriptura
529 2200 897 2272 manifestam,
928 2205 1117 2261 dicens
1142 2225 1156 2262 :
1187 2205 1254 2262 Et
1278 2208 1471 2280 factum
1493 2217 1568 2263 est
1596 2225 1818 2280 vespere,

216 2299 262 2342 et
313 2290 514 2357 factum
540 2299 614 2346 est
656 2309 842 2358 me,
882 2295 990 2350 dies
1029 2297 1301 2353 secundus.
1349 2296 1514 2354 Forte
1559 2299 1822 2368 prolixius

217 2393 528 2436 senuonem
551 2385 912 2455 extendimus,
948 2402 1052 2444 non
1077 2388 1200 2444 data
1226 2404 1390 2460 opera
1407 2431 1423 2456 ,
1455 2390 1550 2446 sed
1577 2390 1646 2446 ab
1670 2392 1785 2462 ipsa
1803 2435 1820 2457 ,

219 2480 276 2526 ut
320 2472 532 2530 dixerit
565 2477 831 2549 quispiam
852 2521 868 2546 ,
896 2480 1183 2536 verborum
1225 2483 1607 2553 consequentia
1631 2524 1648 2551 ,
1672 2484 1820 2554 quasi

216 2563 408 2635 lapide
449 2567 682 2638 quodam
708 2584 869 2627 amne
909 2572 958 2626 vi
988 2571 1268 2629 abstracti.
1308 2572 1526 2645 Vosque
1557 2574 1716 2643 hujus
1741 2575 1818 2629 rei

216 2669 377 2711 causa
423 2659 586 2726 estis,
615 2661 705 2731 qni
749 2677 942 2733 magna
984 2679 1107 2720 cum
1137 2666 1413 2737 voluptate
1457 2666 1600 2722 dicta
1637 2679 1821 2723 nostra

214 2748 436 2803 auditis.
481 2749 626 2807 Nihil
656 2753 801 2810 enim
839 2760 917 2811 sic
960 2758 1200 2813 excitare
1228 2767 1404 2828 potest
1430 2758 1700 2815 dicentem
1723 2802 1739 2826 ,
1769 2771 1822 2816 et

215 2839 608 2896 sententiarum
655 2857 903 2915 magnam
950 2848 1164 2918 copiam
1217 2847 1294 2903 illi
1333 2848 1567 2916 afferre,
1617 2859 1692 2908 ut.
1721 2866 1822 2905 au-

216 2926 455 2984 ditorum
482 2930 755 2988 alacritas.
781 2935 848 2989 Et
871 2936 1009 2990 sicut
1035 2937 1211 3006 supini
1234 2947 1289 2993 et
1316 2937 1532 2994 desides
1551 2939 1823 2996 auditores

216 3019 380 3074 etiam
410 3021 641 3077 multum
673 3025 889 3096 eloquio
915 3026 1180 3083 valentem
1213 3027 1441 3083 reddunt
1469 3030 1776 3100 segniorem
1805 3048 1818 3087 :

216 3109 290 3164 ita
318 3125 416 3166 vos
445 3126 541 3180 per
582 3113 674 3169 Dei
715 3117 944 3185 gratiam
967 3157 985 3183 ,
1013 3117 1225 3172 etiamsi
1253 3118 1383 3172 muti
1426 3133 1673 3175 essemus
1704 3120 1824 3190 plus

215 3215 376 3270 quam
396 3201 604 3273 lapides
627 3204 668 3273 ‘,
691 3206 922 3276 possetis
951 3217 1190 3263 nostrum
1211 3217 1486 3279 stuporem
1507 3210 1819 3278 emendare,

218 3305 269 3346 et
293 3296 716 3352 somnolentiam
745 3297 1016 3356 discutere
1035 3340 1051 3365 ,
1082 3315 1383 3373 coget-eque
1403 3311 1462 3358 ut
1491 3302 1736 3359 dicamus
1757 3319 1821 3358 ea

220 3402 339 3456 qua:
369 3387 526 3443 vobis
566 3389 912 3457 cenducunt,
943 3402 999 3448 et
1040 3392 1109 3447 ad
1151 3402 1387 3449 vestram
1430 3395 1822 3450 institutionem

221 3480 515 3546 pertinent.
557 3481 823 3551 Quoniam
854 3483 1013 3555 igitur
1042 3485 1178 3540 tales
1219 3485 1386 3553 estis,
1419 3495 1605 3556 utpote
1634 3502 1664 3541 a
1713 3487 1822 3542 lico

219 3575 363 3629 docti
388 3617 404 3638 .
433 3588 490 3632 et
532 3577 826 3633 secundum
872 3577 1086 3632 beatum
1133 3578 1354 3634 Paulum
1375 3621 1391 3647 ,
1421 3581 1646 3651 potestis
1686 3581 1822 3636 alios

221 3674 523 3727 admonere
553 3671 732 3743 (item.
758 3672 845 3728 l5.
872 3673 964 3742 ιι)
988 3692 1004 3730 :
1025 3688 1142 3746 age,
1165 3677 1526 3736 obsecramus
1546 3697 1665 3750 vos,
1686 3693 1745 3738 ut
1767 3685 1813 3741 si

227 3779 320 3832 per
357 3762 509 3833 quod
549 3762 724 3830 aliud,
769 3765 1006 3820 maxime
1055 3781 1155 3836 per
1181 3766 1382 3838 jejunii
1422 3777 1662 3841 tempust
1696 3790 1814 3830 ma-

224 3868 388 3924 gnam
417 3854 560 3908 bene
605 3853 822 3908 vivendi
874 3869 1062 3909 curam
1105 3858 1344 3926 geratis,
1402 3874 1504 3914 nec
1539 3860 1631 3916 tiat
1659 3863 1813 3922 vobis

224 3958 412 4000 sermo
439 3941 788 4009 fastidiosus,
823 3944 870 4000 si
892 3945 1224 4015 quotidiede
1245 3947 1452 4006 eisdem
1487 3952 1808 4024 loquamur:

217 4036 410 4091 eadem
439 4036 586 4091 enim
623 4035 804 4092 dicere
847 4036 977 4092 mihi
1012 4038 1228 4108 quidem
1253 4054 1362 4094 non
1385 4053 1550 4111 grave
1573 4082 1588 4106 ,
1619 4057 1819 4098 secun-

215 4125 346 4179 dum
377 4125 595 4180 beatum
621 4125 865 4193 Paulum,
893 4127 1048 4184 vobis
1076 4137 1256 4185 autem
1279 4139 1450 4186 tutum
1474 4131 1734 4205 (Philipp.
1762 4135 1816 4190 5.

221 4221 298 4285 t).
323 4218 391 4286 0,
413 4232 480 4272 us
499 4217 643 4273 enim
686 4217 847 4274 habet
887 4219 1061 4275 anima
1088 4230 1268 4276 nostra
1291 4261 1309 4288 ,
1337 4223 1520 4294 segnis
1562 4239 1684 4279 cum
1717 4225 1814 4292 sit,

214 4307 472 4362 continua
515 4307 902 4366 admonitione.
947 4309 1015 4367 Et
1053 4311 1192 4367 sicut
1229 4326 1424 4383 corpus
1453 4313 1558 4370 hoc
1578 4317 1817 4386 quotidie

214 4413 355 4468 opus
381 4397 542 4454 habet
559 4401 824 4470 corporali
847 4401 1121 4470 alimento,
1146 4410 1204 4458 ut
1231 4418 1298 4460 ne
1317 4405 1370 4459 in
1395 4421 1640 4476 magnam
1658 4410 1816 4479 a'gri-

214 4488 462 4544 tudinem
482 4489 742 4559 incidens,
761 4491 1086 4549 nihilfacere
1106 4494 1272 4564 possit
1291 4517 1306 4552 :
1327 4497 1396 4551 ita
1413 4506 1467 4553 et
1485 4498 1661 4554 anima
1682 4515 1818 4570 opus

214 4582 381 4637 habet
417 4582 681 4651 spirituali
711 4585 868 4652 cibo,
895 4594 951 4641 et
989 4587 1190 4657 optima
1216 4589 1338 4644 vita:
1378 4591 1584 4647 ratione
1607 4633 1624 4658 ,
1658 4603 1715 4647 ιιι
1761 4595 1813 4648 in

210 4674 664 4731 cotisuetudinetn
693 4676 923 4747 aliquam
945 4678 1207 4734 bonorum
1240 4684 1553 4751 perveniens
1576 4725 1590 4749 ,
1621 4684 1812 4740 invicta

208 4767 276 4819 sit
299 4807 318 4830 ,
346 4773 404 4818 et
427 4765 680 4823 resistere
707 4768 876 4838 possit
901 4768 1116 4840 maligni
1147 4769 1313 4826 hostis
1364 4773 1588 4830 insidiis.

284 4857 339 4911 7.
372 4849 589 4910 Horatia
611 4858 916 4922 exhortatio;
934 4859 1134 4934 ludatis
1145 4861 1403 4931 jejunium
1433 4881 1532 4918 non
1553 4867 1813 4936 proderat;

207 4957 466 5019 quantum
481 4949 665 5003 bonum
681 4950 744 5004 sit
761 4951 1078 5006 inimicorum
1100 4953 1644 5023 (filatim—Quotidie
1653 4961 1814 5030 igitur

207 5043 329 5109 ejus
350 5041 600 5097 virtutem
617 5057 844 5114 operose
857 5058 1129 5110 curemus,
1151 5055 1208 5101 et
1223 5062 1321 5101 nos
1337 5048 1481 5116 ipsos
1496 5053 1811 5108 examinan-

209 5141 293 5187 ta-s
312 5172 330 5195 .
365 5146 656 5202 numquam
677 5132 1022 5201 deﬁciamus;
1047 5135 1395 5192 rationarium
1417 5155 1628 5211 quoque
1655 5143 1812 5198 nobis

202 5223 566 5280 mdiciamus
588 5236 771 5282 eorum
793 5239 912 5296 qnze
945 5227 1260 5299 accipimus,
1281 5238 1334 5284 et
1353 5244 1538 5286 eorum
1568 5249 1688 5303 qua!
1712 5250 1810 5290 ex-

207 5316 534 5385 pendimus,
557 5316 813 5387 quidnam
846 5316 1049 5373 utiliter
1063 5329 1118 5373 et
1138 5319 1275 5376 bene
1296 5322 1495 5393 loquuti
1525 5325 1723 5390 simus,
1755 5335 1811 5381 et

201 5408 353 5479 quod
378 5408 608 5463 otiosum
635 5408 862 5464 verbum
889 5410 1295 5480 protuleriinus,
1325 5422 1380 5467 et
1410 5413 1631 5480 iterum,
1673 5416 1804 5486 quid

204 5501 342 5556 utile
384 5514 483 5570 per
503 5513 665 5556 aures
696 5501 749 5554 in
795 5500 1028 5556 animam
1056 5502 1539 5571 intromiscrimus,
1569 5515 1620 5560 ct
1649 5507 1802 5577 quid,

202 5592 352 5665 quod
375 5593 762 5650 detrimentum
791 5594 986 5650 afl'erre
1015 5594 1203 5667 pinsit.
1234 5594 1499 5652 Praeterea
1528 5607 1582 5652 et
1613 5598 1806 5670 lingua:

268 5724 288 5744 ο
323 5711 543 5778 snitum
565 5721 779 5773 quatuor
804 5718 904 5761 uss.
947 5711 1149 5768 habent.
1187 5712 1373 5764 etiamsi
1413 5713 1664 5778 inferiores
1685 5731 1807 5769 esse

201 5787 310 5823 mut
327 5773 583 5833 (anilibus.

1923 451 2137 527 regulas
2160 453 2367 528 aliquas
2395 463 2452 512 ct
2476 469 2714 514 canones
2735 471 3002 532 ponamus
3023 501 3037 528 ,
3063 456 3136 516 ita
3163 471 3222 517 at
3250 461 3398 533 prius
3426 478 3515 519 ru-

1922 549 2194 604 miucntnr
2217 557 2275 605 et
2305 548 2673 621 ponderentur
2697 552 2860 609 verba
2883 591 2902 619 ,
2931 561 2988 609 et
3023 561 3206 624 postea
3234 556 3516 625 mter-an-

1920 647 2008 695 tur
2048 654 2364 708 sermones;
2391 650 2627 699 mentem
2667 656 2802 700 vero
2851 643 2922 700 ita
2949 645 3328 704 b-stituatmts.
3361 657 3421 702 ιιι
3447 662 3517 704 no

1918 731 2047 804 quid
2072 731 2391 790 damnosum
2421 742 2652 806 promat,
2677 743 2734 792 et
2750 735 2797 791 si
2823 723 2962 792 folle
2986 735 3186 809 aliquid
3209 736 3316 792 tale
3344 734 3515 793 forin-

1919 837 2076 880 secus
2104 824 2384 895 inferatur,
2416 825 2469 882 id
2497 827 2678 884 statim
2715 837 2776 884 ut
2813 826 3141 899 superﬂuum
3165 837 3222 885 et
3249 828 3522 901 pernicio-

1921 933 2041 971 sum
2067 931 2448 988 amovcamus,
2473 929 2533 977 et
2573 919 2621 977 si
2662 921 2988 979 intrinsecus
3040 931 3308 990 nascatur,
3337 922 3519 979 statim

1922 1007 2007 1079 pia
2029 1009 2354 1083 cogitatione
2381 1010 2509 1066 illud
2539 1011 2804 1084 tegemus,
2831 1023 2886 1069 ct
2911 1028 2979 1069 ne
3006 1012 3379 1070 existimcnms
3409 1014 3524 1070 ine-

1921 1097 2064 1153 dinm
2096 1115 2266 1170 usque
2293 1101 2360 1156 ad
2387 1117 2664 1172 vesperam
2690 1102 2757 1158 ad
2797 1103 3022 1160 salutem
3053 1105 3208 1167 nobis
3249 1105 3521 1163 sufﬁcere.

1922 1188 2055 1245 Nam
2075 1192 2121 1246 si
2165 1193 2433 1262 perversis
2472 1193 2680 1250 ludatis
2706 1194 2922 1253 dicetiat
2958 1196 3222 1268 benignus
3267 1197 3523 1254 Dominus

1924 1295 2021 1351 per
2045 1283 2361 1352 prophetam
2392 1303 2408 1340 :
2440 1284 2572 1340 Ecce
2609 1287 2734 1341 anni
2780 1289 3108 1361 septuaginta
3128 1303 3149 1344 :
3171 1289 3414 1361 namquid
3430 1289 3521 1361 je-

1922 1372 2190 1439 iunaristis
2237 1374 2361 1428 mihi
2393 1375 2654 1446 jejunium
2673 1377 2701 1433 Υ
2727 1375 2793 1433 Et
2838 1379 2886 1434 si
2908 1379 3226 1434 contrdcritis
3251 1390 3300 1435 et
3336 1380 3523 1435 biberi-

1925 1467 2007 1531 tis.
2037 1484 2205 1522 nonne
2223 1483 2310 1525 ros
2338 1471 2602 1525 comeditis
2626 1480 2673 1525 rt
2699 1469 2919 1528 bibitis?
2949 1470 3077 1528 Nec
3117 1472 3244 1528 dicit
3272 1472 3524 1528 Dominus

1923 1561 2242 1630 omnipotens
2264 1577 2284 1614 :
2307 1560 2341 1616 Ι
2349 1561 2572 1616 udicium
2589 1563 2790 1634 justum
2819 1563 3057 1636 judicate
3077 1606 3092 1629 ,
3123 1565 3525 1620 miscricordiam

1925 1661 1971 1706 et
1999 1652 2370 1707 miserationem
2401 1654 2556 1724 facim
2600 1655 2943 1726 unusquisque
2978 1673 3092 1710 cum
3125 1657 3360 1726 proximo
3383 1674 3478 1711 suo
3503 1671 3526 1713 :

1924 1752 1972 1797 ct
2008 1742 2233 1807 viduam,
2264 1754 2311 1798 et
2336 1745 2626 1816 orphannnt
2649 1787 2663 1809 .
2686 1759 2732 1802 ct
2760 1747 3024 1810 (advertant.
3054 1759 3100 1802 et
3127 1765 3397 1820 pauper-cut
3420 1766 3523 1804 non

1925 1836 2228 1906 opprimatis
2258 1851 2278 1890 .‘
2307 1847 2354 1890 ct
2393 1841 2586 1890 malum
2622 1839 2968 1909 unusquisque
3007 1850 3224 1894 oestrum
3255 1857 3378 1910 erga
3413 1842 3525 1913 [ra-

1927 1935 2053 1980 trcnt
2077 1943 2228 1981 suum
2264 1943 2366 1982 non
2392 1929 2574 2000 cogitet
2598 1930 2652 1983 in
2689 1929 2927 1985 cordibus
2947 1931 3053 1985 suis
3079 1929 3266 2003 (lacn.
3297 1933 3352 1986 7.
3384 1933 3439 1988 5.
3467 1933 3522 1987 6.

1925 2015 1982 2073 9.
2013 2017 2126 2089 10).
2159 2017 2217 2074 Si
2243 2017 2402 2089 igitur
2430 2021 2534 2075 illis
2561 2021 2649 2092 qui
2680 2021 2734 2076 in
2765 2021 2952 2076 umbra
2992 2023 3250 2078 sedebant
3291 2031 3347 2078 et
3376 2032 3525 2079 tene-

1926 2109 2038 2165 bris
2061 2125 2306 2166 errorum
2347 2110 2493 2168 aﬂixi
2517 2123 2672 2169 erant
2695 2155 2712 2180 ,
2747 2113 2877 2168 nihil
2902 2115 3157 2184 proderat
3187 2115 3362 2171 solum
3379 2116 3525 2187 jeju-

1927 2202 2096 2268 nium,
2125 2218 2250 2260 cutn
2277 2202 2392 2260 hzec
2429 2203 2565 2260 bona
2592 2220 2756 2275 opera
2793 2221 2899 2260 non
2923 2206 3158 2262 facerent
3177 2249 3192 2272 ,
3221 2217 3278 2264 et
3304 2223 3337 2264 e
3361 2208 3526 2263 corde

1929 2293 2127 2348 malum
2153 2309 2279 2365 erga
2307 2296 2609 2365 proximum
2653 2312 2758 2350 nou
2781 2296 3064 2353 clituinare
3106 2307 3159 2364 t,
3193 2299 3402 2367 qualem
3430 2298 3527 2354 Ita-

1928 2386 2088 2441 bituri
2114 2401 2212 2442 nos
2238 2401 2424 2442 sumus
2449 2386 2818 2445 defensionem
2849 2431 2865 2456 ,
2893 2404 2923 2442 a
2953 2391 3148 2461 quibus
3177 2391 3380 2462 majora
3407 2394 3527 2448 exi-

1926 2488 2144 2550 guntur,
2174 2491 2228 2536 et
2255 2495 2363 2537 non
2383 2482 2558 2538 solum
2592 2480 2902 2538 ltazctaeere
2924 2484 3194 2554 jubemur,
3223 2485 3316 2540 sed
3343 2494 3400 2541 et
3429 2485 3528 2541 ini-

1927 2574 2097 2628 micos
2139 2573 2363 2645 diligere
2387 2615 2403 2639 ,
2433 2584 2486 2630 et
2514 2590 2610 2632 eos
2655 2575 2962 2632 demereri?
2989 2577 3118 2649 quid
3159 2577 3314 2644 dito,
3340 2579 3528 2636 deute-

1927 2667 2032 2721 reri
2063 2664 2214 2737 (Luc.
2235 2666 2290 2722 ϐ.
2323 2665 2459 2740 27)?
2491 2669 2599 2723 into
2617 2668 2782 2723 etiam
2806 2683 2904 2740 pro
2931 2669 3061 2741 ipsis
3088 2671 3370 2726 Dominum
3402 2687 3528 2741 pre-

1925 2759 2068 2822 cari,
2103 2767 2157 2813 et
2195 2773 2352 2814 orare
2379 2768 2435 2814 ut
2477 2759 2669 2816 salutis
2717 2760 2932 2816 illorum
2975 2776 3160 2817 curam
3196 2762 3388 2831 gelat?
3417 2763 3529 2819 lloc

1927 2850 2072 2904 enim
2106 2850 2262 2904 nobis
2293 2851 2631 2920 potissimum
2663 2851 2717 2906 itt
2765 2850 2857 2906 die
2885 2851 2978 2906 illo
3017 2852 3245 2908 terribili
3297 2854 3529 2924 [uttroci-

1929 2938 2162 3006 nuhi'ur,
2194 2949 2250 2996 et
2281 2941 2579 3012 redemptio
2619 2942 2851 2997 maxima
2893 2945 2998 2999 erit
3050 2955 3389 3014 peccatorum
3431 2961 3528 2999 no-

1928 3044 2160 3086 Strorum
2187 3072 2202 3092 .
2235 3033 2280 3086 si
2329 3033 2408 3086 sic
2452 3033 2630 3088 επιεικιί
2679 3031 2944 3090 fuerimus
2990 3035 3249 3090 adversus
3281 3035 3528 3091 inimicos

1929 3133 2162 3178 nostros.
2207 3123 2356 3179 Licet
2385 3119 2531 3180 enim
2561 3140 2811 3197 maguum
2871 3126 2944 3181 sit
2980 3134 3036 3181 et
3063 3126 3289 3181 arduum
3327 3142 3528 3197 prece-

1928 3226 2076 3288 ptum
2102 3259 2117 3281 ,
2148 3218 2193 3272 si
2224 3227 2401 3274 tamen
2427 3219 2708 3288 premium
2738 3220 2942 3291 cogites
2969 3220 3265 3290 repositum
3308 3229 3529 3276 stt-etum

1930 3309 1980 3364 id
2024 3309 2478 3380 exsequentibus,
2510 3307 2646 3365 nihil
2697 3311 2919 3366 omnino
2963 3311 3264 3376 videbitur,
3310 3313 3522 3367 etiamsi

1927 3402 2084 3457 valde
2099 3401 2322 3457 arduum
2339 3402 2428 3456 sit.
2441 3401 2720 3469 Quodnam
2739 3400 2941 3459 esthoc
2954 3405 2978 3458 1'
2993 3402 3053 3458 Si
3067 3406 3163 3458 ltoc
3173 3404 3411 3474 feceritis,
3430 3404 3527 3469 ait,

1926 3496 2117 3551 similes
2142 3496 2282 3552 eritis
2311 3493 2461 3551 Patri
2485 3506 2648 3551 oestro
2668 3537 2684 3562 ,
2725 3497 2816 3567 qui
2857 3497 2911 3551 in
2939 3498 3078 3551 aclis
3121 3509 3193 3551 cst
3221 3495 3439 3567 (.llattlt.
3469 3495 3526 3550 5.

1924 3586 2020 3655 45)
2073 3585 2142 3640 Et
2186 3597 2242 3640 ut
2274 3587 2606 3641 manifestius
2646 3585 2790 3641 hunc
2819 3602 3126 3642 sermonem
3158 3587 3314 3641 nobis
3341 3587 3528 3643 decia-

1927 3685 2044 3741 ret,
2067 3676 2303 3732 subdidit
2330 3719 2346 3741 ,
2378 3677 2510 3746 Quia
2531 3677 2690 3732 solem
2717 3695 2865 3733 suum
2889 3679 3012 3733 oriri
3038 3681 3162 3750 facit
3191 3697 3344 3751 super
3366 3680 3529 3735 maius

1925 3777 1974 3821 ct
2025 3767 2218 3834 bonos,
2261 3777 2307 3822 ct
2353 3769 2481 3839 ptuit
2529 3787 2681 3840 super
2723 3771 2885 3836 iustos
2927 3780 2974 3824 ct
3013 3771 3252 3842 injustas.
3297 3769 3529 3826 lmitaris

1923 3859 2091 3926 enim,
2121 3861 2314 3930 inquit,
2345 3877 2440 3929 pro
2485 3862 2735 3916 immanis
2761 3862 2965 3917 viribus
3009 3862 3196 3918 licunt.
3227 3863 3358 3917 Nam
3387 3864 3527 3919 ι-ἱιιιι

1925 3951 2017 4006 ille
2065 3966 2171 4006 non
2199 3951 2376 4005 solum
2402 3952 2561 4020 justis
2586 3992 2602 4016 ,
2643 3951 2736 4007 sed
2759 3961 2812 4008 ct
2835 3951 2902 4008 iis
2927 3953 3017 4023 qui
3046 3954 3184 4007 mata
3229 3965 3523 4023 operantur

1923 4044 2093 4099 solem
2125 4043 2254 4098 oriri
2307 4042 2465 4107 facit,
2495 4052 2548 4099 et
2576 4043 2806 4114 pluviam
2845 4053 2900 4098 et
2947 4044 3145 4099 imbres
3184 4060 3393 4100 annuos
3416 4063 3522 4100 non

1926 4136 2081 4192 bonis
2123 4137 2296 4193 solum
2335 4137 2671 4206 suppeditat,
2699 4137 2794 4192 sed
2820 4145 2876 4192 et
2906 4137 3164 4206 improbis
3197 4156 3211 4193 :
3240 4139 3317 4192 sic
3343 4148 3396 4192 ct
3427 4149 3481 4193 tu
3506 4179 3522 4204 .

1922 4230 1966 4283 si
1999 4245 2106 4284 non
2137 4230 2311 4284 Solum
2338 4229 2623 4300 diligentes
2649 4230 2912 4300 tediligis,
2935 4229 3028 4285 sed
3056 4232 3217 4284 etiam
3248 4231 3517 4296 inimicos,

1925 4337 2021 4386 pro
2049 4322 2186 4376 virili
2229 4322 2511 4376 Dominum
2546 4332 2692 4376 tuum
2735 4322 2984 4378 imitaris.
3022 4323 3207 4377 Vidisti
3250 4324 3522 4393 quomodo

1923 4415 1976 4468 itt
2027 4429 2339 4482 supremum
2373 4415 2585 4468 culmen
2617 4414 2949 4469 cduxiteum
2995 4416 3084 4487 qui
3130 4416 3264 4468 hanc
3307 4417 3519 4485 operari

1922 4506 2062 4559 Valet
2109 4504 2360 4558 virtutem
2382 4505 2409 4561 ἳ,
2433 4504 2816 4560 Verumtamen
2861 4520 2930 4562 ne
2975 4505 3343 4561 difﬁcultatem
3387 4507 3463 4563 rei
3502 4509 3518 4540 '

1919 4600 2093 4654 solum
2149 4600 2633 4671 cogites,dilecte.
2668 4600 2762 4654 sed
2818 4601 2963 4670 prius
3016 4611 3244 4670 supputa
3301 4611 3516 4663 tecum.

1919 4702 2119 4764 quanto
2168 4693 2373 4748 honore
2413 4694 2713 4764 dignaudus
2757 4693 2876 4748 sis:
2909 4692 3108 4748 ctluec
3159 4693 3378 4748 honoris
3421 4710 3518 4748 oc-

1919 4786 2066 4841 casio
2097 4787 2214 4841 leve
2265 4787 2359 4841 tibi
2410 4786 2570 4841 faciat
2594 4785 2852 4856 quidquid
2888 4802 3056 4856 grave
3101 4796 3185 4841 est
3214 4796 3268 4840 et
3315 4802 3516 4842 onero-

1917 4894 2060 4932 sum.
2087 4879 2279 4932 Annon
2329 4893 2423 4947 pro
2450 4876 2712 4932 beneﬂcio
2753 4876 3095 4941 habendum,
3123 4875 3267 4947 quod
3304 4876 3520 4932 occasio

1918 4971 2012 5024 tibi
2041 4971 2343 5041 praebeatur
2360 4968 2486 5023 dum
2535 4968 2751 5022 inimico
2781 4968 3052 5023 benefacis
3073 5010 3088 5034 ,
3119 4978 3175 5021 ιιι
3205 4969 3519 5039 aperiantur

1920 5063 2012 5117 tibi
2035 5063 2214 5132 janum
2254 5059 2463 5116 ﬁduciae
2495 5060 2743 5117 veniendi
2786 5060 2850 5114 ad
2889 5060 3092 5127 Deum,
3123 5070 3196 5115 ει·
3220 5059 3515 5115 redimendi

1921 5164 2135 5225 peccata
2187 5165 2273 5209 tua
2295 5156 2320 5208 Ἰ
2354 5155 2421 5209 At
2451 5153 2588 5209 forte
2619 5153 2894 5209 inimicum
2941 5153 3122 5207 ulcisci
3147 5194 3162 5218 ,
3191 5163 3244 5208 ct
3272 5167 3395 5208 eum
3419 5151 3512 5222 qtti

1919 5247 2072 5299 malis
2117 5255 2168 5300 te
2193 5245 2360 5300 aftlcit
2398 5245 2614 5315 paribus
2643 5245 2724 5300 vel
2770 5245 3062 5311 majoribus
3108 5245 3262 5312 plecti
3297 5243 3414 5298 vis?
3447 5241 3514 5298 Et

1917 5337 2043 5407 quid
2076 5336 2198 5391 inde
2227 5336 2516 5401 conmtodi,
2545 5351 2670 5391 cum
2701 5352 2873 5406 neque
2906 5345 2959 5390 ιιι
2981 5336 3180 5406 aliquid
3211 5336 3334 5390 inde
3362 5334 3512 5391 utili-

1919 5432 2046 5486 tatis
2075 5428 2353 5484 habiturus
2397 5429 2473 5484 sis
2497 5470 2510 5494 ,
2533 5429 2625 5483 sed
2659 5442 2873 5499 pmpter
2896 5430 2998 5484 hoc
3044 5432 3119 5484 sis
3145 5443 3334 5501 pinnas
3357 5428 3517 5485 datu-

1920 5539 2010 5578 rus
2063 5522 2204 5593 apud
2259 5519 2590 5578 harrendum
2632 5521 2759 5577 illud
2807 5521 3069 5587 tribunal,
3116 5529 3175 5575 ut
3226 5515 3318 5592 qui
3365 5521 3514 5589 leges

1919 5615 2050 5669 tanti
2083 5614 2275 5683 judich
2303 5613 2673 5668 obliteraveris
2698 5624 2752 5669 ct
2781 5612 3107 5682 iuit-egeris?
3139 5611 3234 5667 Dic
3253 5653 3268 5680 ,
3296 5624 3397 5667 oro
3417 5650 3433 5678 ,
3465 5614 3514 5670 si

1987 5775 2000 5807 ¹
2037 5775 2107 5822 sic
2130 5772 2236 5822 iere
2259 5785 2445 5822 omnes.
2477 5771 2574 5830 alii.
2600 5769 2831 5829 mandati,
2859 5783 2963 5834 Iro,
2988 5772 3081 5822 rei.
