4080 6308
582 316 649 371 t7
1281 317 1338 372 s.
1379 294 1654 375 toinxts
1693 320 2168 378 CllltYSOSTOMI
2210 322 2529 382 ancmsr.
2569 325 3109 386 consumma.
3793 327 3870 385 is

579 462 671 505 rev
702 449 894 521 aliquis
935 459 1179 508 terrenus
1227 451 1396 524 legem
1438 455 1733 521 pos-uisset,
1770 467 1826 511 ut
1853 458 1933 512 vel
1981 457 2158 511 inimi-

580 555 764 596 corum
790 555 1095 600 nostrorum
1119 558 1306 600 curam
1349 561 1596 614 geranms
1621 587 1637 612 ,
1664 548 1744 602 vel
1776 559 1947 603 morte
1975 551 2162 612 punia-

579 648 718 700 mur,
751 649 929 689 annon
979 644 1120 691 metu
1167 637 1352 691 mortis
1380 640 1674 706 corporalis
1699 655 1886 695 omnes
1911 655 2158 696 accurre-

577 737 696 780 rent
724 727 790 781 ad
820 727 1139 797 implendam
1168 729 1364 799 legem?
1386 730 1594 798 Quanta
1619 733 1776 804 igitur
1791 734 2162 791 criminatione

575 818 767 889 dignus
799 818 954 874 fuerit
982 820 1027 874 is
1048 860 1063 886 ,
1092 820 1182 892 qui
1210 820 1282 876 ob
1327 825 1660 892 corporalem
1708 834 1933 881 mortem
1961 868 1974 888 ,
2001 841 2160 896 quam

577 909 774 980 alioqui
807 921 1007 965 naturze
1034 914 1328 970 necessitas
1352 915 1555 981 aﬂ'eret,
1587 917 1763 970 oumia
1785 917 2034 986 amplecti
2060 932 2156 988 pa-

577 1007 744 1063 ratus,
763 1003 1030 1070 proposita
1061 1015 1237 1059 autem
1269 1019 1421 1074 poem
1447 1006 1631 1061 mortis
1651 1046 1667 1071 ,
1699 1020 1820 1075 «pne
1849 1006 2046 1061 nullam
2076 1008 2159 1061 iu-

575 1090 780 1142 venerit
821 1092 1243 1147 consolationem
1267 1135 1279 1155 ,
1315 1093 1490 1147 minus
1533 1104 1682 1150 curat
1732 1095 1900 1164 legem
1928 1095 1996 1150 ab
2045 1098 2158 1150 uni-

575 1193 853 1233 versontm
883 1181 1105 1236 Domino
1133 1183 1334 1237 latam?

642 1266 697 1325 8.
724 1269 832 1324 Sed
859 1270 962 1325 mei
1003 1271 1199 1327 oblitus
1235 1287 1356 1328 sum
1384 1316 1398 1338 ,
1424 1273 1550 1329 dum
1575 1275 1688 1331 lucc
1717 1275 1904 1347 loquar
1937 1277 1999 1331 iis
2022 1320 2035 1343 ,
2068 1279 2156 1348 qui

572 1372 672 1413 nec
711 1359 1162 1418 benefacientibus
1203 1379 1384 1433 parem
1419 1368 1641 1436 gratiam
1688 1368 2004 1436 rependunt.
2031 1368 2158 1436 Quis

572 1447 732 1517 igitur
754 1450 976 1520 posthac
997 1469 1028 1509 e
1049 1455 1316 1524 supplicio
1335 1455 1428 1510 illo
1452 1471 1548 1510 nos
1579 1457 1788 1526 eripiet,
1814 1461 2026 1527 quando
2051 1476 2155 1512 non

562 1540 744 1595 solum
765 1541 834 1596 ab
853 1541 954 1598 hoc
984 1544 1235 1600 mandato
1259 1546 1413 1618 longe
1451 1547 1710 1601 distamus
1732 1589 1744 1609 ,
1774 1548 1865 1602 sed
1895 1564 2065 1619 neque
2093 1567 2154 1603 ea

570 1631 793 1687 facimus
843 1649 962 1702 qua:
1010 1636 1317 1704 publicani?
1370 1635 1430 1692 Si
1473 1638 1604 1691 enim
1647 1638 1856 1707 dﬂigitis
1895 1640 2156 1710 diligentes

570 1737 691 1787 vos,
713 1723 828 1786 ait,
859 1725 982 1793 quid
1023 1727 1196 1797 magni
1222 1727 1432 1796 facitis!
1472 1745 1638 1782 nonne
1663 1739 1710 1783 et
1755 1730 2014 1800 publicani
2061 1732 2158 1785 Iuro

568 1813 702 1868 idem
731 1817 924 1886 [iaciunt
953 1817 1164 1890 (Matth.
1188 1820 1242 1875 5.
1284 1821 1422 1890 ιδῃ
1469 1820 1601 1876 Cum
1640 1822 1797 1892 igitur
1841 1840 2012 1892 neque
2059 1825 2160 1878 hoc

566 1918 607 1956 a
629 1919 664 1958 n
689 1904 784 1960 ibis
816 1907 932 1971 liat,
963 1924 1082 1978 qua:
1124 1911 1311 1965 salutis
1353 1921 1549 1967 nostra:
1590 1913 1754 1982 spes?
1800 1915 1922 1968 ldeo
1952 1931 2064 1978 oro,
2093 1931 2158 1970 ne

571 1996 738 2049 simus
748 1996 1097 2054 immisericm
1109 1999 1205 2056 des
1222 2001 1260 2066 ‘,
1277 2001 1367 2056 sed
1392 2012 1528 2055 nosti
1542 2019 1602 2056 as
1617 2005 1966 2074 cogitationes
1984 2007 2158 2061 domeo

574 2101 694 2141 mus
717 2127 732 2151 ,
761 2098 815 2144 et
835 2091 1060 2160 primum
1086 2091 1296 2157 quidem
1323 2091 1439 2146 disc
1473 2107 1592 2147 mus
1611 2094 1824 2149 vincere
1851 2111 1894 2165 p'
1915 2096 2154 2150 oxioum

568 2178 898 2244 earitate,et
923 2181 1214 2236 secundum
1247 2181 1458 2238 beatum
1488 2186 1817 2254 apostolum,
1859 2188 2020 2241 alium
2044 2188 2157 2242 sin-

568 2267 674 2335 guli
706 2281 766 2323 se
805 2269 1006 2327 honore
1037 2274 1461 2342 prasstantiorem
1504 2276 1824 2332 arbitrantes
1847 2276 2068 2348 (Philip.
2098 2279 2153 2332 2.

571 2357 653 2424 5),
686 2359 738 2414 in
761 2359 864 2416 hoc
892 2361 1030 2416 vinci
1060 2380 1164 2418 non
1193 2364 1446 2431 feramus,
1475 2366 1568 2420 scd
1597 2367 1870 2422 vincamus
1908 2377 1960 2422 ct
2001 2384 2158 2438 supe-

563 2463 775 2517 remus,
799 2451 891 2509 sed
909 2463 962 2509 et
984 2454 1238 2523 majorem
1265 2466 1317 2511 et
1334 2454 1710 2511 ierventiorcm
1733 2473 1854 2528 erga
1876 2457 2157 2528 diligentes

571 2543 816 2602 allectum
844 2547 1291 2604 demonstremus.
1323 2549 1435 2606 Hoc
1483 2550 1624 2605 enim
1657 2550 1888 2605 maxime
1918 2551 2155 2604 amntium

568 2637 734 2690 vitam
765 2647 1000 2694 nostram
1027 2640 1266 2695 continet
1289 2650 1344 2696 et
1365 2649 1684 2707 conservat,
1715 2650 1770 2696 et
1799 2641 1898 2696 hoc
1925 2656 1956 2694 a
1986 2641 2156 2695 brutis

571 2727 816 2800 ferisque
852 2731 1111 2787 distamus
1135 2774 1148 2797 ,
1171 2731 1311 2802 quod
1362 2737 1664 2802 possimus,
1713 2736 1758 2788 si
1789 2735 2114 2791 voluerimus
2141 2777 2154 2801 ,

574 2829 955 2890 congruentem
982 2823 1138 2878 nobis
1165 2837 1486 2878 conservare
1510 2823 1755 2880 ordinem
1777 2865 1792 2890 ,
1821 2833 1876 2880 et
1912 2840 2156 2896 magnam

573 2923 697 2963 cum
730 2911 984 2979 proximis
1008 2912 1345 2967 concordiam
1366 2912 1622 2969 exhibere
1647 2931 1660 2966 :
1691 2913 1884 2970 deinde
1914 2928 2042 2969 vero
2068 2929 2160 2969 co-

573 3001 884 3070 gitationem
926 3010 1160 3057 nostram
1206 3019 1486 3067 coercere,
1529 3019 1592 3058 ac
1618 3005 1969 3059 truculentam
2016 3004 2158 3059 illam

578 3094 740 3146 teram
771 3133 784 3154 ,
819 3092 948 3146 iram
978 3093 1130 3158 dico,
1168 3093 1441 3148 lancinare
1466 3135 1480 3158 ,
1508 3109 1571 3148 ac
1602 3094 1860 3149 tremendi
1891 3095 2033 3150 illius
2063 3095 2156 3148 tri-

579 3180 787 3235 lnmalis
816 3181 1089 3236 horrorem
1117 3184 1213 3251 ipsi
1241 3193 1646 3253 repracsentare,
1672 3184 1919 3255 illamque
1942 3185 2159 3254 docere,

581 3272 626 3324 si
655 3271 844 3326 adduci
879 3274 1046 3342 possit
1073 3284 1126 3328 ut
1155 3274 1382 3328 inimicis
1410 3275 1783 3330 reconcilietur
1801 3318 1815 3339 ,
1846 3274 1959 3331 fore
1983 3285 2041 3330 ut
2069 3276 2168 3330 bo-

583 3361 666 3414 nis
696 3361 999 3430 ingentibus
1027 3365 1348 3429 cumuletur;
1380 3365 1463 3419 sin
1504 3374 1682 3420 autem
1724 3366 1774 3418 in
1819 3366 2163 3421 contentione

580 3462 886 3517 perseveret
906 3493 918 3512 .
938 3454 1085 3519 gravi
1117 3453 1377 3524 supplicio
1409 3455 1673 3524 puniatur.
1709 3453 1891 3524 Neque
1915 3457 2056 3511 enim
2081 3465 2161 3510 te-

583 3555 730 3596 mere
755 3551 806 3595 et
833 3541 1091 3596 inutiliter
1120 3552 1329 3613 tempus
1350 3545 1655 3614 expendere
1681 3560 1779 3600 nos
1808 3555 2037 3615 oportet,
2068 3547 2162 3601 scd

579 3632 800 3701 singulis
826 3633 1014 3689 diebus
1041 3645 1095 3688 et
1147 3635 1292 3689 horis
1324 3645 1448 3692 ante
1491 3637 1677 3692 oculos
1707 3647 1918 3694 nostros
1965 3653 2162 3709 propo-

584 3736 714 3777 nere
746 3723 954 3776 Domiui
989 3724 1245 3794 judicium
1271 3741 1286 3790 ;
1317 3735 1371 3780 et
1392 3742 1509 3797 qua!
1536 3728 1644 3782 sint
1685 3743 1747 3784 ea
1775 3744 1896 3799 qua:
1919 3744 2163 3800 magnam

584 3815 736 3867 nobis
768 3815 1008 3869 liduriam
1031 3816 1221 3872 a‘l'crre
1246 3827 1457 3888 queant,
1484 3833 1726 3889 quanam
1753 3819 1878 3873 item
1903 3836 2022 3889 qua!
2050 3835 2164 3890 pte-

588 3917 707 3956 nam
737 3903 982 3959 inferant.
1015 3907 1184 3976 Atque
1207 3907 1318 3962 ha‘c
1363 3910 1430 3961 ita
1462 3919 1735 3964 versantes
1763 3910 1817 3964 in
1859 3915 2054 3965 nostris
2078 3927 2169 3966 co-

583 3994 930 4062 giuititmilms
955 4037 970 4063 ,
998 4012 1307 4065 superemus
1334 3997 1556 4054 aﬂ'ectus
1575 4038 1592 4065 ,
1618 4014 2026 4070 compescantus
2046 4017 2166 4056 car-

588 4085 670 4137 nis
692 4085 955 4152 lascivias,
975 4097 1029 4141 ct
1052 4089 1452 4155 Inortilicemus,
1475 4091 1766 4146 secundum
1796 4091 2009 4146 beatum
2034 4093 2165 4147 Pau-

588 4175 718 4240 lum,
752 4175 977 4230 Membra
1020 4188 1188 4232 nostra
1213 4196 1325 4250 qua:
1351 4191 1467 4235 sunt
1511 4197 1661 4252 super
1689 4192 1874 4236 terram
1897 4224 1912 4248 ,
1941 4185 2166 4253 fornica-

588 4268 817 4332 tionem,
878 4269 1250 4323 immunditiam
1278 4309 1296 4338 ,
1351 4272 1609 4325 mollitiem
1635 4312 1651 4337 ,
1713 4275 2167 4342 concupiscentiam

588 4359 772 4412 malum
799 4357 974 4426 (Colax
999 4364 1201 4418 sens.3.
1227 4361 1301 4427 5),
1337 4361 1569 4417 furorem
1595 4404 1610 4430 ,
1639 4363 1907 4416 avaritiam
1927 4405 1942 4428 ,
1976 4379 2165 4417 vanam

575 4449 824 4517 gbriam,
842 4451 1358 4522 invidentiam.Quod
1375 4455 1418 4509 si
1438 4455 1519 4510 his
1533 4455 1898 4510 all'ectionibus
1913 4473 2008 4511 nos
2022 4474 2167 4512 tuor-

576 4556 705 4597 tuos
737 4543 1144 4613 reddiderimus,
1181 4548 1250 4601 ita
1296 4559 1351 4602 ut
1397 4549 1447 4601 in
1480 4548 1633 4602 nobis
1672 4550 1802 4603 nihil
1828 4552 2034 4619 operari
2074 4566 2162 4604 va-

586 4633 745 4697 leant,
765 4637 1054 4704 poterimus
1070 4640 1309 4708 accipere
1326 4640 1523 4694 fructus
1539 4639 1880 4711 Spiritus,qui
1898 4651 2020 4695 sunt
2034 4642 2170 4697 Cari-

587 4735 685 4793 tas,
707 4727 968 4794 gaudium,
988 4745 1110 4796 pax,
1133 4729 1504 4800 Ionganimitas_
1531 4731 1826 4802 benignitas,
1858 4731 2073 4796 bonitas.
2105 4735 2172 4798 ﬁ-

572 4817 692 4878 tdes,
712 4821 1059 4874 mansuetudo.
1077 4823 1377 4875 continentia
1395 4824 1411 4891 (
1423 4821 1536 4877 Gal.
1556 4825 1606 4878 5.
1623 4824 1739 4894 22).
1759 4823 1871 4879 Hoc
1885 4823 2170 4880 Christiani

579 4906 655 4960 ab
683 4907 880 4963 iol‘ideli
912 4909 1192 4965 discrimen
1236 4913 1302 4966 sit
1340 4931 1351 4965 :
1384 4913 1464 4967 his
1506 4915 1791 4984 signaculis
1833 4915 2170 4969 internosca-

578 5013 728 5062 ntur,
764 5014 828 5050 ne
849 4999 958 5053 sola
989 5000 1342 5070 appellatione
1366 5018 1642 5068 ornentur,
1667 5019 1839 5074 neque
1865 5004 2047 5059 habitu
2079 5021 2174 5060 ex-

585 5097 744 5140 terno
785 5087 1027 5144 inﬂemur
1059 5102 1116 5145 et
1140 5094 1516 5163 superbiamus
1541 5137 1554 5156 ,
1585 5095 1692 5148 imo
1719 5096 1842 5150 licet
1869 5096 2171 5165 possidere-

579 5192 708 5231 tnus
738 5180 911 5232 omnia
937 5221 952 5247 ,
982 5197 1100 5250 qua:
1144 5198 1285 5237 nunc
1325 5186 1668 5250 enumeravi,
1703 5201 1770 5240 ne
1801 5186 2170 5255 superbiainus

585 5284 869 5337 umquam,
909 5271 1015 5324 imo
1061 5274 1227 5342 magis
1279 5289 1374 5328 nos
1425 5274 1783 5330 humiliemus.
1832 5275 1997 5343 Nam,
2047 5279 2170 5329 Cum

591 5363 760 5416 omnia
791 5364 1024 5432 feceritis,
1057 5366 1150 5430 ait,
1182 5366 1333 5420 dicite
1365 5384 1382 5420 :
1409 5367 1555 5422 Servi
1582 5367 1789 5423 inutiles
1812 5385 1986 5422 smnus
2017 5368 2170 5441 (Luc.

591 5455 679 5508 17.
717 5448 804 5521 10)
857 5454 909 5509 Si
940 5457 1008 5510 ita
1032 5456 1242 5511 solliciti
1267 5467 1502 5512 nostram
1528 5461 1747 5513 salutem
1781 5459 2166 5526 curaverimus,

655 5614 666 5640 '
708 5609 788 5656 llic
809 5607 1008 5673 ntulium
1032 5611 1208 5673 variant
1231 5610 1543 5671 eventplaria.
1564 5611 1700 5660 Savil.
1726 5622 1772 5661 et
1795 5611 2004 5661 Colliert.
2030 5627 2168 5673 u-nts,

592 5682 646 5714 nn
671 5684 814 5714 κπιῖιηκ
844 5671 995 5731 ltiti/lli
1019 5671 1149 5719 (ἡνία
1172 5675 1539 5721 οὲν.ςε.·ϊ(ιη‹)η‹ἰκ
1563 5685 1911 5722 ttttttttttturttan.
1961 5683 2000 5718 (ς.
2024 5675 2127 5721 hii”

590 5743 645 5778 nc
663 5732 927 5796 put-ligonis
944 5736 1091 5783 annos
1110 5732 1304 5784 similes.
1325 5733 1502 5795 novel”
1518 5748 1572 5785 nc
1590 5737 1736 5786 simas
1756 5736 1886 5787 omni
1900 5737 2168 5786 .t‘t't'ccrdce.

2280 442 2573 508 poterimus
2596 451 2650 496 et
2674 441 2828 497 nobis
2854 443 2984 512 ipsis
3019 441 3274 512 prodesse
3305 443 3614 514 plurimum,
3641 454 3692 501 et
3721 462 3750 500 a
3783 446 3862 501 hi-

2277 541 2393 585 taro
2417 533 2675 602 supplicio
2703 533 2834 603 eripi
2859 574 2874 600 ,
2897 544 2954 589 et
2977 533 3041 588 iis
3075 535 3164 605 qui
3194 550 3294 590 nos
3321 536 3586 602 viderint,
3619 539 3864 607 magistri

2271 638 2390 677 esse
2430 640 2607 678 rerum
2642 625 2848 680 utilium
2881 644 2894 680 ε
2925 636 2981 679 ut
3025 627 3313 698 diligenter
3341 639 3527 683 exacta
3581 629 3682 684 hac
3705 631 3815 684 vita
3846 673 3860 693 .

2270 725 2618 782 assequamur
2644 729 2786 780 eain,
2814 731 2933 785 quas
2964 715 3015 770 in
3041 714 3220 771 futuro
3249 719 3446 773 mulo
3469 721 3591 786 erit,
3614 720 3861 790 benigni-

2271 809 2456 870 tatem,
2485 821 2641 876 quam
2657 807 2810 862 nobis
2834 808 3083 863 omnibus
3106 809 3365 866 concedat
3379 811 3544 880 gratia
3571 820 3628 868 et
3647 813 3862 866 miseri-

2268 895 2451 950 cordia
2476 898 2682 953 Domini
2711 899 2879 956 nostri
2903 899 3026 954 .Iesu
3053 899 3274 967 Christi,
3297 916 3418 956 cmn
3439 917 3549 972 quo
3577 903 3720 958 Patri
3738 903 3862 973 glo-

2270 988 2367 1052 ria,
2397 988 2701 1058 imperium,
2726 989 2899 1045 honor
2915 992 2968 1046 in
2998 993 3190 1047 sa‘cula
3208 994 3549 1053 saeculorum.
3566 998 3736 1052 Amen
3757 997 3861 1065 (α).

2834 1100 3111 1156 ιιοΜιιιΑ
3155 1102 3221 1158 γ.

2270 1225 2332 1278 Et
2369 1227 2496 1279 dia-it
2525 1225 2569 1279 D
2603 1244 2660 1281 us
2692 1246 2704 1280 :
2733 1226 3100 1298 Congrcgetur
3135 1243 3270 1299 aqua
3297 1245 3420 1300 quae
3451 1230 3552 1286 sub
3574 1231 3709 1286 cado
3737 1241 3821 1286 est
3849 1273 3866 1297 ,

2268 1317 2318 1370 in
2343 1319 2805 1388 COtIgt'cgaliut;eut
2825 1335 2873 1374 ut
2895 1334 3001 1384 ain,
3025 1329 3078 1375 et
3094 1332 3345 1390 appareat
3363 1319 3505 1375 arida
3529 1320 3685 1394 (Gen.
3713 1324 3761 1377 l.
3785 1325 3868 1389 υ).

2340 1448 2387 1500 Ι.
2415 1448 2683 1518 Scriptura
2705 1451 3010 1519 anrifodmis
3036 1463 3383 1520 comparatur.
3405 1479 3477 1492 —
3497 1452 3607 1522 Age
3627 1460 3680 1505 et
3703 1451 3866 1506 hodie

2263 1553 2328 1594 ex
2360 1539 2499 1594 beati
2529 1540 2735 1614 Moseos
2769 1544 2950 1597 verbis
2970 1543 3273 1598 convivium
3305 1545 3628 1600 instruamus
3669 1556 3866 1600 vestra:

2263 1632 2504 1697 caritati,
2535 1642 2590 1685 et
2614 1647 2732 1702 qua:
2767 1650 2796 1686 a
2829 1633 3058 1689 Dotnino
3091 1634 3180 1689 die
3212 1635 3369 1690 tertio
3395 1635 3532 1690 facta
3562 1637 3705 1701 sint,
3735 1635 3866 1689 dili-

2263 1729 2450 1790 genter
2464 1720 2886 1776 consideremus.
2911 1722 3041 1776 Num
3068 1723 3112 1777 si
3141 1723 3173 1778 ii
3191 1723 3349 1794 quiin
3368 1723 3687 1780 aurifodinis
3709 1724 3867 1778 labo-

2265 1820 2380 1865 rant
2407 1809 2481 1884 (b)
2501 1853 2517 1878 ,
2546 1812 2632 1867 ubi
2664 1828 2825 1868 vrnas
2850 1815 3107 1883 quasdam
3140 1825 3378 1870 ramenta
3411 1832 3521 1886 pra:
3549 1832 3608 1872 sc
3627 1816 3868 1872 ferentes

2263 1904 2555 1973 conspicati
2598 1905 2785 1961 iuerint
2815 1949 2827 1969 ,
2861 1922 2890 1959 ε.
2926 1907 3178 1962 fodiendo
3208 1923 3314 1962 non
3345 1908 3610 1964 desistunt
3632 1950 3649 1976 ,
3691 1911 3869 1965 donec

2263 2009 2382 2065 qua:
2399 1995 2612 2052 obstant
2627 1999 2945 2066 amaverint,
2967 2008 3020 2053 et
3040 2000 3091 2052 in
3113 1998 3433 2069 profundum
3451 2000 3866 2063 descendentes.

2263 2100 2394 2155 opes
2415 2086 2538 2141 inde
2563 2103 2782 2159 magnas
2817 2091 3192 2159 perceperint:
3221 2091 3390 2144 multo
3430 2091 3599 2161 magis
3632 2106 3732 2144 nos
3758 2109 3867 2145 non

2262 2175 2376 2230 auri
2395 2187 2632 2233 ramenta
2649 2179 2996 2249 inquirentes,
3016 2180 3110 2235 sed
3130 2180 3533 2253 inenarrabilem
3553 2183 3866 2237 thesaurum

2264 2268 2576 2325 inventuros
2596 2283 2896 2341 sperantes,
2916 2272 3073 2327 decet
3093 2272 3329 2343 quotidie
3353 2273 3499 2328 illum
3519 2274 3868 2344 investigare,

2273 2372 2331 2415 ut
2361 2363 2538 2417 multis
2569 2364 2931 2434 spiritualihus
2955 2364 3154 2419 divitiis
3189 2363 3312 2419 inde
3338 2365 3603 2430 collectis,
3643 2365 3870 2420 domum

2266 2453 2568 2508 redeamus.
2587 2453 2716 2508 Nam
2738 2455 2842 2510 illic
2869 2454 3083 2525 quidem
3101 2455 3299 2510 divitias
3324 2456 3607 2512 sensibiles
3632 2456 3874 2510 dominis

2261 2543 2372 2597 suis
2404 2543 2712 2615 frequenter
2735 2545 3024 2600 multorum
3054 2546 3412 2616 periculorum
3439 2561 3600 2602 causa
3625 2545 3872 2610 fuerunt.

2265 2643 2320 2686 et
2360 2641 2484 2688 ante
2513 2634 2750 2709 pericula
2779 2636 2995 2690 brevem
3031 2637 3354 2705 voluptatem
3391 2636 3698 2706 praebentes
3725 2637 3834 2690 illis
3854 2675 3871 2700 ,

2266 2724 2448 2778 statim
2493 2723 2812 2790 avolarunt,
2839 2724 2924 2780 vel
2951 2725 3300 2796 sycophantis
3341 2724 3716 2780 insidiantibus
3737 2767 3752 2788 ,
3785 2725 3873 2780 vel

2267 2813 2486 2872 furibus.
2520 2814 2604 2870 vel
2635 2815 2931 2870 latronibus
2956 2814 3187 2886 parietes
3206 2815 3626 2885 rll‘ringentibus,
3658 2818 3742 2872 vel
3772 2834 3877 2871 cu-

2267 2902 2510 2958 stodibus
2537 2902 2746 2958 famulis
2773 2904 3186 2974 surripientibus
3214 2946 3227 2968 ,
3267 2915 3321 2961 et
3350 2906 3470 2976 fuga
3508 2907 3874 2964 elabentihns.

2268 2995 2366 3049 llic
2409 3004 2586 3049 autem
2615 2996 2743 3050 nihil
2774 2997 2878 3051 tale
2918 2998 3174 3068 suspicari
3208 2999 3366 3053 l'cet:
3398 2999 3554 3069 diripi
3583 3001 3728 3054 enim
3756 3001 3876 3071 spi-

2272 3087 2481 3141 ritualis
2509 3087 2607 3142 iste
2633 3087 2913 3141 thesaurus
2957 3089 3168 3157 nequit,
3203 3098 3255 3142 et
3289 3088 3376 3142 ubi
3407 3089 3458 3143 in
3492 3092 3877 3159 promi-triariis

2270 3177 2464 3232 mentis
2488 3187 2682 3232 nostrtc
2713 3177 3029 3233 reconditus
3071 3177 3259 3242 fuerit,
3289 3180 3356 3233 ab
3386 3181 3634 3235 omnibus
3663 3183 3876 3236 insidiis

2269 3281 2350 3324 est
2379 3285 2597 3325 securus
2624 3285 2635 3322 :
2661 3271 2823 3324 modo
2869 3285 2975 3324 non
3022 3286 3120 3341 per
3147 3269 3413 3340 ignaviam
3455 3272 3629 3326 locum
3677 3272 3877 3328 demus

2272 3361 2319 3414 ei
2350 3360 2439 3430 qui
2487 3361 2635 3414 illum
2666 3360 2821 3414 nobis
2853 3361 3066 3415 auferre
3099 3361 3269 3430 cupit.
3300 3361 3740 3432 Quandoquidem
3768 3363 3877 3418 ini-

2271 3451 2440 3507 micus
2473 3460 2673 3516 noster,
2703 3453 2990 3522 malignus,
3017 3453 3234 3523 inquam
3258 3495 3274 3519 ,
3305 3453 3546 3515 damon,
3573 3470 3694 3508 cum
3728 3455 3880 3512 videt

2269 3545 2568 3613 quempiam
2617 3545 2921 3613 spiritualcs
2973 3545 3252 3614 collegisse
3307 3544 3518 3598 divitias
3549 3588 3566 3612 ,
3625 3545 3756 3600 furit
3815 3557 3876 3602 et

2269 3635 2514 3690 dentibus
2545 3633 2720 3690 irciuit
2747 3676 2759 3696 ,
2788 3636 3117 3705 multumque
3159 3635 3374 3704 vigilat,
3406 3645 3462 3687 ut
3502 3645 3872 3704 opportunum

2272 3735 2479 3798 tempus
2506 3735 2717 3796 captet,
2746 3743 2853 3797 quo
2890 3728 3053 3782 furari
3085 3736 3244 3797 queat
3273 3727 3471 3797 aliquid
3511 3744 3574 3780 es
3606 3729 3751 3782 intus
3781 3746 3876 3783 re-

2275 3817 2526 3872 conditis.
2554 3817 2767 3871 Nullum
2812 3827 2991 3871 autem
3015 3816 3358 3871 commodum
3391 3816 3465 3870 illi
3497 3825 3702 3886 tempus
3747 3829 3830 3872 est
3857 3861 3876 3884 ,

2275 3916 2626 3978 prteterquam
2656 3908 2780 3961 dum
2811 3908 2983 3977 ignavi
3014 3921 3198 3961 sumus
3232 3924 3245 3960 :
3279 3906 3400 3962 ideo
3429 3917 3682 3977 perpetua
3717 3909 3879 3964 nobis

2274 4000 2540 4069 vigilantia
2569 4015 2702 4067 opus
2737 4008 2820 4052 est
2858 3999 2923 4051 ad
2955 3997 3313 4052 excludendos
3339 3997 3477 4051 illius
3498 3997 3875 4054 incursiones.

2274 4090 2405 4146 Nam
2446 4104 2542 4144 eos
2582 4104 2719 4159 quos
2766 4089 2956 4143 viderit
2986 4087 3279 4142 admodum
3321 4087 3532 4142 sobrios
3556 4098 3614 4142 et
3642 4090 3832 4158 vigiles
3859 4133 3875 4156 ,

2273 4196 2394 4234 cum
2422 4179 2591 4234 semel
2616 4187 2776 4247 atque
2803 4179 2994 4232 iterum
3039 4191 3320 4247 aggressus
3345 4217 3360 4240 ,
3383 4177 3590 4231 irritum
3614 4191 3878 4234 conatum

2273 4271 2450 4335 videt,
2493 4269 2747 4339 relinquit
2793 4267 3003 4323 tandem
3035 4266 3242 4337 pudore
3280 4266 3538 4328 affectus,
3570 4283 3770 4337 gnarus
3814 4285 3880 4323 se

2278 4362 2405 4416 nihil
2437 4360 2698 4430 prollrere
2719 4400 2733 4425 ,
2765 4360 2807 4413 si
2841 4359 2892 4412 in
2921 4359 3161 4413 custodia
3190 4357 3599 4428 potatio-rimus.
3641 4358 3877 4416 Proinde

2273 4468 2392 4507 cum
2423 4453 2656 4505 sciamus
2688 4465 2780 4518 per
2813 4459 2975 4502 totam
3010 4449 3148 4504 hanc
3187 4449 3348 4502 vitam
3381 4449 3534 4503 nobis
3555 4453 3875 4504 certandum

2275 4558 2416 4604 esse,
2455 4545 2529 4596 sic
2556 4557 2654 4595 nos
2680 4555 2947 4593 armemus
2967 4579 2982 4603 ,
3013 4540 3162 4609 quasi
3192 4548 3510 4609 pmseutem
3537 4554 3750 4607 semper
3781 4546 3876 4594 La-

2278 4637 2493 4688 bcamus
2522 4634 2813 4693 inimicum,
2844 4631 2929 4700 qui
2958 4631 3159 4700 absque
3181 4632 3576 4686 intermissione
3595 4633 3870 4700 obseruat,

2279 4741 2402 4777 num
2451 4724 2734 4790 aliquando
2779 4723 2857 4773 vel
2907 4737 3089 4790 prrum
3143 4719 3532 4787 dormitantes,
3585 4723 3873 4777 insidiandi

2278 4817 2608 4872 occasionem
2634 4816 2682 4868 ei
2715 4815 3071 4885 prasbratnus.

2361 4909 2604 4961 l’itttictun
2633 4909 2699 4960 ad
2722 4909 2874 4960 vitam
2903 4910 3131 4974 futuram
3159 4907 3300 4960 nobis
3336 4907 3732 4976 comparandum
3759 4917 3872 4974 cst,

2325 5011 2396 5072 (τι)
2430 5011 2678 5062 Conclusio
2699 5011 2908 5078 homilize
2948 5015 2994 5061 in
3031 5019 3136 5078 Mss.
3165 5019 3216 5061 et
3238 5012 3379 5078 Savil.
3405 5017 3557 5065 variat
3579 5030 3666 5078 pro
3690 5032 3852 5069 nunc.

2258 5081 2369 5138 llaec
2393 5083 2556 5138 autem
2581 5075 2801 5138 apposite
2827 5081 2960 5138 notat
2994 5073 3195 5138 Savilins
3218 5088 3229 5122 :
3275 5092 3295 5120 ι
3321 5076 3427 5138 Mira
3472 5086 3548 5126 est
3573 5073 3756 5138 ubique
3800 5083 3851 5130 in

2259 5134 2488 5186 clausulis
2523 5134 2829 5202 lionnliaruui
2855 5135 3176 5202 iumnstautia
3217 5138 3262 5183 in
3287 5135 3432 5202 Codd.
3473 5145 3599 5202 Mss,
3634 5134 3855 5202 ideoque

2262 5210 2348 5247 eas
2371 5210 2465 5246 non
2489 5196 2646 5245 semel
2671 5209 2695 5242 a
2720 5196 2893 5244 scribis
2914 5199 3088 5256 potius,
3117 5209 3259 5258 quam
3299 5199 3362 5246 ab
3392 5201 3602 5248 auctoris
3638 5196 3855 5250 cumino

2263 5267 2431 5308 enatos
2452 5260 2612 5317 tutati
2641 5271 2651 5305 :
2681 5264 2733 5304 ut
2757 5271 2848 5304 non
2877 5259 3044 5306 inserte
3066 5259 3177 5306 mihi
3204 5258 3380 5306 fecisse
3406 5259 3656 5309 videantur
3689 5262 3854 5310 Vero-

2261 5334 2400 5368 nctts.
2427 5320 2543 5366 ΗΜ.
2570 5319 2884 5384 ‹.Ιη“)ξδ‹ιδιυιιιί
2913 5319 2958 5365 in
2986 5320 3127 5380 Epist.
3145 5317 3361 5368 l‘aulinas
3373 5329 3614 5379 auctores,
3638 5324 3718 5384 qui
3738 5336 3856 5373 cum

2263 5394 2462 5454 ventum
2491 5385 2648 5454 estad
2683 5383 2820 5454 illm],
2850 5385 3010 5454 grati:
3051 5395 3096 5435 et
3119 5387 3479 5454 misericordia
3503 5428 3515 5447 ,
3557 5394 3709 5454 χάριτι
3756 5399 3842 5442 mi

2271 5448 2598 5508 φιλανθρωπίᾳ,
2628 5447 2813 5506 reliqua
2841 5462 2927 5508 pro
2959 5452 3024 5496 let
3037 5452 3155 5498 toris
3181 5451 3384 5499 arbitrio
3407 5447 3654 5514 explenda
3681 5462 3844 5503 renn-

2261 5514 2439 5570 quunt.
2481 5521 2502 5554 ι

2324 5575 2393 5646 (ὁ)
2429 5577 2542 5622 ttinc
2564 5576 2868 5647 (li‘sttntplum
2895 5587 2966 5627 est
2996 5581 3178 5647 initium
3196 5582 3405 5630 Itemilim
3431 5582 3557 5632 illius
3578 5600 3687 5647 qum
3722 5590 3858 5642 inter

2261 5651 2297 5695 s;
2320 5641 2418 5684 uria
2453 5650 2496 5682 δ.
2542 5639 2684 5708 Athan
2705 5641 2769 5684 «sit
2809 5656 2850 5697 υι
2875 5655 2930 5685 us
2949 5656 2969 5708 χῖ
2995 5647 3035 5687 li
3061 5645 3490 5708 Cil‘t'llltl‘tfl'llll'.70!,
3526 5639 3669 5708 quam
3693 5639 3856 5702 edidi;

2264 5714 2368 5774 titus
2402 5709 2454 5743 l'ti
2477 5715 2534 5741 uti
2570 5699 2602 5744 ll
2645 5714 2692 5759 aq
2715 5717 2851 5746 t'llltll
2897 5704 3132 5750 .~\.il.|.|.l.\li
3178 5718 3220 5764 ιο.
3257 5705 3358 5754 illi,
3391 5707 3497 5767 [jus
3525 5699 3708 5760 ᾐίηιιωιι

2269 5783 2384 5822 stetit?
2411 5788 2441 5810 ιι
2467 5787 2524 5818 tv"
2551 5787 2694 5821 ιίηὶτι·
2729 5789 2770 5823 ῃ,
2809 5789 3048 5821 ,ιιιαιιιιιικ
