4080 6308
218 435 277 492 ιο
1359 400 1422 457 ιιι
1459 397 1612 456 car.
1638 377 1697 454 ἰ.
1738 396 1816 455 σε

1922 396 1980 452 S.
2023 391 2257 452 ΗΟΜΙΒ.
2300 390 2366 451 τι
3435 400 3510 457 50

199 545 557 596 autumnoue
583 547 828 588 curiatum
855 538 903 585 et
927 525 1137 584 assidua
1157 506 1475 597 peccatotium
1506 518 1787 591 confessio-

209 625 470 684 vn—bton
488 623 647 680 vides
673 619 992 694 pecuniosos
1006 617 1145 682 illos,
1166 629 1289 672 cum
1309 612 1540 669 hostium
1558 617 1803 665 metuunt

213 719 590 783 incursionem,
612 723 814 787 quanta
839 710 1046 769 scilicet
1068 723 1198 765 cura
1225 721 1313 763 res
1333 718 1459 760 suas
1478 698 1803 758 custodiant?

214 809 332 863 .‘lam
361 807 450 862 alii
477 805 624 862 seris
652 813 708 861 et
735 801 1008 876 repagulis
1029 800 1223 874 januas
1249 795 1514 858 muniunt,
1548 802 1605 846 ut
1629 804 1722 848 cas
1748 789 1802 844 in

214 914 317 956 uno
335 899 610 956 collucent
630 914 645 952 :
669 897 758 953 alii
783 897 837 952 in
858 905 1056 951 terram
1081 889 1436 955 abscondunt,
1464 887 1536 943 ita
1561 894 1614 941 ut
1644 896 1804 939 nemo

212 993 338 1047 scire
364 991 534 1062 mit
576 991 666 1045 ubi
694 990 917 1047 lateant.
946 985 1147 1042 Eadem
1176 982 1451 1054 diligentia
1474 989 1532 1037 et
1564 993 1664 1036 nos
1688 979 1803 1032 col-

214 1084 397 1139 lectam
425 1083 691 1139 virtutum
717 1094 901 1152 gazam
923 1075 1197 1135 custodire
1223 1089 1320 1146 par
1337 1081 1440 1138 est,
1465 1081 1652 1128 etnon
1681 1076 1806 1123 aute

214 1174 447 1232 ninnium
473 1173 668 1229 oculos
715 1183 1018 1243 proponere
1041 1211 1059 1235 ,
1086 1165 1182 1224 sed
1219 1165 1274 1221 in
1301 1163 1568 1220 tutissimo
1610 1158 1806 1216 mentis

216 1269 578 1340 promptuario
606 1280 869 1337 reponere
892 1305 909 1330 ,
936 1273 992 1319 et
1013 1275 1206 1318 omnes
1230 1273 1424 1330 rapere
1453 1255 1685 1312 volentis
1721 1253 1804 1306 in—

213 1360 371 1415 sidias
397 1358 726 1423 excludere,
757 1365 816 1412 ut
843 1370 963 1411 cum
994 1368 1024 1407 ιι
1055 1350 1308 1424 pncdoue
1333 1357 1501 1404 tutam
1526 1360 1646 1402 eam
1688 1358 1808 1399 scr-

216 1449 515 1505 vaverimus
538 1489 557 1516 ,
585 1450 656 1504 sit
681 1446 837 1502 nobis
865 1445 1111 1500 viaticum
1141 1441 1209 1497 ad
1238 1440 1468 1497 futuram
1493 1437 1656 1492 vitam
1684 1434 1810 1490 hinc

217 1538 587 1610 migrantibus.
631 1536 845 1593 Etenim
870 1535 1006 1590 sicut
1033 1533 1070 1589 ii
1095 1532 1188 1604 qui
1217 1531 1271 1587 in
1295 1537 1436 1587 terra
1462 1526 1634 1583 aliena
1662 1532 1808 1592 sunt,

215 1630 423 1701 quando
452 1631 507 1686 in
537 1630 770 1702 patriam
801 1642 952 1684 suam
982 1625 1161 1683 redire
1194 1622 1456 1695 cupiunt,
1481 1619 1651 1676 multo
1677 1626 1813 1674 tem-

221 1737 342 1793 pore
386 1723 648 1795 paulatim
695 1720 914 1777 student
939 1727 994 1775 et
1036 1725 1228 1775 curant
1272 1723 1479 1771 tantum
1523 1710 1814 1768 corradere

220 1814 384 1870 viatici
410 1856 428 1883 ,
473 1823 738 1885 quantum
782 1811 851 1868 ad
880 1812 980 1868 vim
1022 1808 1408 1881 longitudinem
1447 1806 1528 1862 eis
1567 1803 1814 1861 sufficere

220 1917 376 1978 queat
397 1947 416 1974 ,
445 1915 507 1962 ut
538 1921 609 1961 ne
639 1904 848 1960 incuria
872 1901 1016 1960 fame
1056 1902 1263 1973 seipsos
1285 1898 1513 1973 perdant
1541 1915 1556 1954 :
1585 1898 1656 1953 ita
1681 1911 1813 1953 sane

221 2000 388 2056 facere
429 2009 486 2055 et
525 2013 628 2054 nos
672 2005 928 2066 oportet,
967 1995 1088 2066 quia
1119 1992 1383 2065 peregrini
1421 1991 1509 2048 hic
1549 2006 1734 2047 sumus
1760 1998 1816 2046 et

218 2091 431 2146 advena:
458 2134 474 2155 ,
521 2097 580 2144 ιιι
605 2088 981 2160 provideamus
1005 2095 1054 2144 et
1101 2077 1620 2156 reponamus-nobis
1659 2080 1817 2152 spiri-

221 2181 431 2244 tualium
462 2181 723 2234 virtutum
749 2165 937 2234 viatica
963 2194 979 2233 :
1008 2185 1065 2232 ut
1084 2175 1298 2248 quando
1309 2173 1634 2248 prmcepcrit
1652 2172 1809 2229 nobis

221 2273 473 2329 Dominus
495 2272 548 2327 in
579 2282 817 2326 nostram
845 2269 1027 2327 redire
1054 2269 1300 2340 patriam,
1334 2267 1502 2339 parati
1541 2265 1732 2332 simus,
1759 2271 1818 2322 et

219 2363 315 2418 alia
335 2365 553 2435 quidem
575 2363 854 2419 nobiscum
874 2360 1183 2428 aderamus,
1214 2360 1319 2416 alia
1338 2369 1520 2416 autem
1541 2358 1652 2430 iam
1675 2371 1814 2429 pr»-

220 2453 376 2509 missa
405 2452 730 2509 habeamus.
761 2451 962 2508 llorum
984 2451 1127 2506 enim
1148 2449 1462 2506 viaticorum
1487 2448 1610 2504 talis
1629 2456 1818 2504 natura

219 2555 316 2609 est,
342 2555 403 2600 ut
429 2559 494 2601 ea
527 2560 648 2616 qua
676 2560 774 2616 per
801 2544 1063 2600 bonorum
1092 2542 1463 2610 operationem
1483 2540 1816 2597 voluerimus

219 2644 336 2691 ante
378 2649 481 2690 nos
533 2635 859 2706 [inmittere
883 2674 901 2702 ,
947 2649 1073 2690 cum
1119 2633 1246 2689 illuc
1286 2631 1772 2703 nosprzevenerint
1796 2671 1816 2698 ,

217 2724 401 2794 ianuas
427 2726 588 2781 nobis
615 2725 859 2797 aperiant
903 2724 1111 2780 ﬁducia:
1138 2723 1206 2779 ad
1233 2723 1516 2780 Dominum
1543 2731 1599 2780 et
1627 2723 1828 2778 introi-~

221 2825 324 2870 tum
349 2815 588 2882 facilem,
617 2826 671 2871 ct
699 2815 900 2886 absque
927 2829 1130 2886 pavore
1147 2857 1163 2881 ,
1189 2823 1246 2871 et
1274 2829 1519 2887 magnam
1548 2814 1688 2886 apud
1717 2813 1816 2870 Ju-

219 2905 384 2962 dicem
416 2905 841 2962 benevolentiam
870 2905 1174 2961 concilient.

283 2996 338 3051 2.
371 2996 436 3050 Et
482 3006 544 3051 ut
570 2995 750 3051 discas
775 3035 790 3059 ,
817 2994 1017 3052 dilecte
1038 3035 1054 3062 ,
1086 2995 1284 3051 lucc'in
1315 2996 1478 3049 hunc
1500 2993 1819 3050 semodum

222 3086 430 3151 habere,
453 3086 649 3156 collige
674 3085 820 3151 hinc,
837 3083 979 3156 quod
1000 3083 1403 3154 quiliberaliter
1420 3083 1821 3155 eleemosynam

222 3178 453 3246 impertit
472 3217 489 3241 ,
522 3185 581 3231 et
607 3174 694 3231 hic
723 3190 845 3229 cum
879 3175 1020 3230 bona
1061 3173 1391 3229 conscientia
1420 3181 1698 3240 versatur,
1729 3174 1817 3228 ubi

221 3268 335 3321 hinr
361 3266 654 3321 translatus
684 3265 1143 3336 fuerit,.magnam
1169 3265 1310 3336 apud
1337 3264 1579 3322 Iudicem
1610 3266 1822 3322 miseri-

219 3357 451 3413 cordiam
481 3357 754 3423 inveniat,
784 3367 948 3428 atque
976 3357 1129 3412 beata
1157 3358 1244 3412 illa
1273 3358 1435 3414 verba
1459 3374 1580 3414 cum
1609 3361 1820 3416 ceteris

219 3450 392 3504 audiat
419 3469 434 3505 :
479 3447 678 3516 Venite,
705 3448 952 3504 benedicti
979 3448 1156 3505 Patris
1194 3450 1292 3505 mei
1309 3492 1324 3518 ,
1354 3452 1567 3522 accipite
1588 3453 1640 3507 in
1662 3457 1821 3508 luere-

218 3543 421 3597 ditatem
448 3542 1006 3615 regnumquodvobis
1032 3555 1378 3614 praparatunt
1407 3555 1482 3600 est
1515 3561 1546 3598 (ι
1581 3547 1820 3600 constitu-

220 3636 346 3691 tione
374 3635 558 3689 mundi
577 3651 595 3688 :
614 3635 732 3704 quia
767 3635 956 3690 esui-hi
971 3676 988 3701 ,
1037 3644 1083 3689 et
1109 3634 1336 3690 dedistis»
1357 3636 1484 3691 mild
1512 3637 1818 3692 manducare

219 3727 241 3800 (
258 3725 440 3782 Matth.
466 3726 561 3783 25.
587 3727 678 3782 δί.
711 3726 839 3797 55).
869 3726 1101 3797 ldipsum
1129 3736 1279 3783 certe
1319 3737 1373 3780 et
1399 3727 1451 3781 in
1493 3726 1614 3782 aliis
1644 3727 1815 3782 virtu-

222 3818 355 3874 tibus
380 3818 701 3889 contingere
727 3817 989 3872 invenias.
1020 3817 1109 3874 Sic
1138 3827 1193 3873 et
1229 3817 1282 3872 in
1326 3815 1670 3874 confessione
1695 3832 1819 3887 pec-

219 3918 456 3963 calorum
483 3949 500 3976 ,
531 3917 588 3963 et
631 3907 684 3963 in
727 3908 1041 3965 assiduitate
1083 3907 1405 3979 fervorcque
1450 3909 1816 3979 precationum

224 4011 543 4055 eventurum
589 4008 691 4056 est.
739 3998 965 4069 Quando
1005 3999 1148 4055 enim
1193 3999 1248 4053 in
1295 4000 1544 4069 praesenti
1573 3999 1677 4054 vita
1726 4015 1822 4069 per

219 4090 610 4146 muhssionem
643 4099 855 4160 peccata
885 4091 1133 4157 abluere,
1167 4100 1223 4146 ει
1249 4091 1619 4148 remissionem
1649 4107 1681 4147 a
1713 4092 1819 4147 Do-

229 4189 370 4239 mino
397 4184 614 4254 assequi
657 4183 987 4254 potuerimus
1010 4223 1025 4249 ,
1070 4183 1333 4238 abibimus
1363 4183 1488 4238 illuc
1531 4200 1561 4237 a
1590 4184 1822 4253 peccatis

220 4275 352 4344 puri,
383 4284 440 4330 et
465 4289 736 4344 magnam,
761 4288 880 4346 qua:
907 4284 1032 4330 tunc
1056 4272 1211 4329 nobis
1235 4273 1541 4343 donabitur,
1574 4275 1820 4331 ﬁduciam

219 4365 576 4421 iuvenienms.
603 4364 788 4436 Neque
802 4363 1072 4420 cnim-fieri
1103 4373 1275 4434 potest
1297 4371 1355 4420 ut
1382 4365 1464 4430 iis,
1492 4365 1582 4436 qui
1612 4365 1662 4420 in
1686 4382 1822 4437 pra:-

218 4459 348 4513 seuti
377 4461 485 4512 vita
515 4466 732 4527 peccata
761 4473 864 4513 non
893 4457 1122 4514 abluerit
1140 4500 1154 4522 ,
1188 4466 1369 4528 postea
1398 4458 1820 4515 consolationem

216 4551 446 4621 aliquam
481 4550 588 4604 illic
617 4549 930 4604 inventurus
953 4549 1042 4604 sit.
1061 4548 1141 4603 .ln
1169 4549 1368 4620 inferno
1393 4551 1558 4617 enim,
1587 4550 1682 4616 ait,
1711 4551 1823 4620 quis

217 4641 536 4711 conﬁtebitur
559 4640 648 4695 tibi
671 4640 692 4713 (
712 4640 861 4696 Paul.
888 4641 942 4697 6.
962 4641 997 4698 ϐ
1019 4640 1077 4712 )τ
1107 4642 1174 4696 Ει
1204 4642 1392 4696 merito
1417 4658 1430 4696 :
1459 4640 1561 4698 hoc
1581 4642 1722 4697 enim
1741 4650 1823 4698 est

218 4735 512 4790 stadiomm
540 4741 770 4805 tempus,
805 4743 859 4790 et
885 4733 1249 4801 conﬂictuum,
1277 4742 1332 4789 ct
1349 4735 1732 4791 certaminum:
1759 4735 1825 4790 ii-

221 4828 304 4883 lud
332 4843 467 4884 vero
485 4842 826 4893 coronarum,
841 4826 1125 4891 mercedis,
1141 4835 1196 4883 et
1213 4828 1575 4898 prmmiorum.
1595 4828 1824 4885 Proinde

218 4921 487 4973 certemus
510 4918 638 4972 dum
667 4916 840 4972 adhuc
865 4917 916 4971 iu
937 4916 1110 4972 stadio
1126 4933 1422 4984 versamur,
1455 4933 1520 4973 ne
1544 4927 1814 4988 tempore,

219 5024 321 5079 quo
337 5023 560 5065 coronae
586 5017 642 5064 et
677 5007 919 5064 laborum
948 5009 1167 5079 praemia
1204 5021 1522 5077 statuuntur,
1553 5011 1693 5067 inter
1728 5026 1825 5068 cos

220 5101 407 5166 simus,
439 5101 530 5170 qui
563 5099 769 5170 pudore
794 5097 1136 5168 afficientur;
1169 5101 1262 5157 sed
1294 5101 1438 5158 inter
1466 5117 1561 5159 eos
1585 5105 1674 5172 qui
1700 5119 1822 5159 cum

221 5191 408 5247 liducia
425 5192 690 5262 capitibus
711 5205 942 5248 coronas
960 5191 1246 5264 excipient.
1269 5193 1381 5249 lloc
1397 5196 1659 5265 prommio
1682 5195 1826 5267 apud

219 5282 496 5338 caritatem
514 5293 744 5338 vestram
760 5297 866 5338 non
891 5292 1115 5351 temere,
1133 5299 1306 5355 neque
1321 5285 1376 5340 in
1393 5301 1585 5342 vanum
1604 5288 1821 5344 utimur:

220 5372 311 5428 sed
330 5370 577 5443 quotidie
597 5373 666 5429 de
686 5373 838 5430 bonis
859 5375 1110 5445 operibus
1129 5389 1226 5431 vos
1241 5377 1534 5433 admonere
1555 5380 1821 5448 cupimus,

223 5473 277 5519 ut
301 5463 570 5535 perfecti,
597 5465 994 5531 consummati,
1034 5466 1427 5539 virtutibusque
1457 5469 1680 5540 prmdita
1717 5471 1824 5526 vita

222 5555 545 5625 spectabiles
575 5556 722 5625 facti,
739 5557 858 5614 sitis
878 5555 1373 5630 irrepreltensibiles
1399 5571 1451 5618 et
1481 5563 1698 5630 sinceri,
1721 5564 1824 5619 im-

225 5649 475 5705 maculati
507 5648 601 5704 lilii
631 5648 722 5704 Dei
756 5665 772 5704 :
801 5659 856 5705 et
880 5647 1100 5707 lucentis
1121 5651 1261 5709 sicut
1281 5652 1562 5710 luminaria
1593 5655 1645 5710 in
1668 5672 1826 5711 mun-

223 5740 291 5795 do
317 5783 332 5801 .
377 5757 685 5797 scnnoucm
720 5741 842 5798 vita:
873 5740 1134 5800 habentes
1161 5745 1215 5799 in
1256 5746 1425 5801 nostri
1454 5746 1822 5817 gloriationcm

227 5829 278 5887 io
297 5833 387 5889 die
405 5832 623 5900 Christi,
659 5841 715 5888 ut
737 5832 818 5890 vel
849 5833 965 5892 solo
989 5843 1205 5907 aspectu
1235 5836 1299 5893 iis
1330 5836 1582 5909 prodesse
1608 5837 1822 5910 possitis

1909 516 1998 588 qui
2021 515 2298 573 vobiscum
2321 525 2623 587 versantur,
2654 526 2709 574 ut
2732 527 2925 576 vestrm
2944 517 3234 592 spiritualis
3263 518 3509 589 fragran-

1908 609 1995 663 titc
2018 650 2034 674 ,
2069 618 2366 681 vestrasque
2390 609 2607 678 optimc
2632 607 2755 666 vitte
2782 610 3006 668 rationis
3025 626 3094 668 es
3121 608 3510 667 vestris-collo-

1906 700 2048 770 quiis
2073 697 2203 755 liaut
2230 699 2552 772 participesv-
2564 701 2775 760 Etenim
2799 702 2953 760 sicut
2971 701 3349 775 improborum
3378 716 3517 759 conv

1914 792 2681 854 suetudofamiliaribussuis
2697 796 2922 852 multmn
2948 805 3128 865 nocet,
3155 795 3511 867 quemadm-

1908 885 2037 940 dum
2077 887 2263 943 beatus
2297 887 2494 945 Paulus
2523 887 2733 961 inquit:
2761 886 3112 957 Gomntpsut
3152 886 3309 944 bonos
3344 902 3512 942 mores

1908 975 2165 1048 colloquia
2190 993 2347 1049 prava
2371 978 2391 1050 (
2414 980 2466 1035 i.
2497 978 2619 1035 Cor.
2651 979 2739 1036 ιε
2770 979 2842 1037 33
2865 980 2884 1051 )
2907 996 2923 1034 :
2947 978 3027 1036 sic
3050 987 3106 1036 et
3132 977 3399 1035 bonorum
3429 974 3513 1031 fa-

1913 1069 2194 1129 miliaritas
2230 1088 2335 1128 una
2364 1073 2705 1129 versantibus
2729 1073 2966 1129 maxima
3009 1071 3290 1129 commoda
3332 1071 3510 1127 affert.

1911 1163 2272 1232 Quamobrem
2319 1165 2584 1238 benignus
2630 1164 2888 1223 Dominus
2926 1173 3108 1221 noster
3152 1163 3292 1220 inter
3339 1161 3513 1220 malus

1913 1255 2158 1325 permisit
2200 1257 2373 1313 bonos
2414 1258 2597 1314 vivere
2622 1299 2636 1326 ,
2674 1266 2731 1314 ut
2777 1256 3007 1328 improbi
3050 1256 3256 1312 lucrum
3296 1252 3516 1327 aliquod

1914 1345 2146 1401 habeant
2170 1361 2235 1403 cx
2264 1362 2326 1403 ea
2352 1347 2741 1404 consuetudine
2759 1387 2777 1416 ,
2808 1362 2910 1404 nec
2946 1362 3164 1418 semper
3188 1347 3240 1402 in
3269 1361 3364 1403 sua
3391 1361 3515 1419 pcr-

1915 1446 2166 1493 maneant
2201 1438 2410 1495 malitia
2451 1456 2466 1493 :
2509 1437 2829 1498 sedbonos
2869 1439 3126 1496 continuo
3162 1449 3287 1495 ante
3326 1437 3528 1495 oculos

1914 1538 2241 1598 spectantes,
2268 1529 2468 1602 aliquid
2496 1531 2737 1587 utilitatis
2757 1547 2824 1588 ex
2843 1547 3032 1588 eorum
3051 1532 3261 1603 capiant
3289 1529 3520 1587 familia-
3631 1579 3643 1592 _.

1916 1618 2093 1675 ritate.
2124 1617 2293 1676 Tanta
2322 1621 2464 1676 enim
2490 1621 2702 1678 virtutis
2729 1622 2965 1693 potentia
2990 1629 3070 1678 est
3091 1663 3107 1687 ,
3141 1631 3195 1677 ut
3230 1633 3520 1678 revereari-

1918 1719 2006 1767 tur
2043 1721 2099 1767 et
2141 1712 2366 1769 multum
2391 1712 2608 1770 laudent
2649 1729 2770 1772 eam
2793 1749 2817 1781 ,
2857 1713 3022 1772 etiam
3050 1713 3142 1785 qui
3171 1712 3262 1769 illa
3307 1719 3516 1768 carem.

1916 1801 2067 1858 Sicut
2106 1810 2164 1859 et
2189 1804 2373 1860 vitium
2409 1805 2573 1862 etiam
2609 1805 2767 1862 abiis
2786 1849 2802 1874 ,
2826 1805 2918 1878 qui
2948 1806 3073 1862 mali
3099 1812 3225 1862 sunt
3243 1847 3258 1872 ,
3288 1801 3531 1861 subindo

1917 1903 2196 1951 accusatur
2223 1903 2282 1951 et
2306 1895 2545 1966 carpitur
2564 1913 2578 1952 :
2595 1896 2734 1953 adeo
2752 1896 2940 1953 vitium
2960 1896 3212 1952 omnibus
3233 1903 3318 1952 est
3345 1893 3521 1951 mani-

1917 1983 2112 2042 festum
2141 1995 2196 2042 et
2236 1988 2576 2059 perspicuum
2603 2030 2618 2053 ,
2647 2003 2820 2061 neque
2848 1989 3015 2045 ullum
3063 2003 3314 2060 umquam
3363 1985 3524 2044 facile

1918 2077 2157 2149 reperias
2197 2078 2289 2150 qui
2329 2078 2496 2135 libere
2538 2081 2736 2136 malum
2779 2096 2851 2137 se.
2879 2079 3351 2152 esse-profiteatur
3379 2096 3395 2134 :
3423 2078 3526 2134 sed

1919 2168 2061 2241 quod
2089 2171 2283 2226 mirum
2331 2179 2454 2238 est,
2499 2171 2723 2240 ἰριιὶιιιειΔ
2750 2186 2815 2228 ea
2841 2213 2857 2239 ,
2883 2187 3005 2244 qua:
3043 2171 3299 2243 eperibus
3343 2169 3523 2227 facere

1925 2269 2205 2328 attentam,
2235 2263 2419 2318 verbis
2442 2262 2580 2317 mala
2605 2277 2726 2319 esse
2752 2261 3011 2330 fatentur,
3037 2277 3105 2319 ac
3127 2261 3400 2334 plerisque
3422 2275 3522 2318 oc-

1921 2355 2062 2412 culta
2078 2369 2202 2413 esse
2221 2355 2441 2413 vellent.
2469 2355 2621 2423 Quod
2644 2365 2700 2413 et
2723 2356 2898 2428 ipsum
2921 2355 3121 2412 divinm
3137 2354 3524 2414 misericordias

1921 2455 2026 2510 est,
2053 2462 2172 2518 qua:
2203 2446 2479 2502 hominum
2507 2447 2690 2518 generi
2715 2448 3006 2514 concessit,
3037 2455 3097 2503 ut
3116 2447 3403 2518 unicuique
3426 2461 3526 2504 no-

1922 2546 2092 2593 strum
2122 2538 2337 2595 insitum
2365 2538 2435 2593 sit
2455 2537 2822 2610 incorruptum
2845 2537 3121 2609 judicium
3135 2534 3486 2596 conscientiae
3504 2578 3520 2604 ,

1922 2628 2064 2699 quod
2085 2637 2332 2684 accurate
2355 2637 2533 2700 potest
2553 2643 2582 2683 a
2607 2627 2749 2684 malo
2770 2629 2967 2684 bonum
2990 2629 3305 2686 discernere
3326 2645 3342 2696 ;
3365 2629 3530 2703 idque

1924 2719 2262 2790 potissimum
2305 2735 2520 2776 omnem
2562 2719 2717 2775 nobis
2757 2719 3128 2776 defensionem
3158 2721 3336 2789 tollit,
3379 2721 3529 2802 quod

1925 2824 2030 2864 non
2062 2823 2157 2880 per
2185 2809 2538 2880 ignorantiam
2580 2809 2633 2865 in
2665 2819 2881 2881 peccata
2923 2809 3222 2867 incidamus
3243 2851 3260 2877 ,
3307 2810 3404 2868 sed
3427 2811 3527 2882 per

1922 2903 2116 2958 animo:
2141 2901 2401 2959 desidiam
2426 2913 2480 2959 et
2507 2903 2717 2960 virtutis
2743 2911 3128 2974 contemptum.

1994 2997 2047 3051 ὃ.
2091 2995 2217 3052 ll-rc
2245 2995 2470 3067 singulis
2495 2995 2641 3052 horis
2666 3005 2854 3052 nostro
2872 3011 3150 3054 versemus
3167 2997 3374 3064 extimo,
3406 3012 3526 3054 ma-

1922 3103 2080 3158 gnam
2129 3088 2317 3145 salutis
2361 3096 2561 3144 nostra:
2611 3087 2869 3144 habentes
2914 3088 3368 3157 sollicitudinem,
3417 3105 3523 3159 ne,

1924 3187 2280 3250 pra-tt'reunte
2318 3187 2580 3251 tempore,
2627 3179 2955 3252 ignorantes,
3001 3181 3157 3237 nobis
3201 3181 3332 3251 ipsis
3358 3184 3527 3239 maxi-

1924 3284 2070 3324 mmn
2112 3268 2408 3326 inferamus
2449 3269 2727 3326 damnum.
2773 3269 2878 3325 Sed
2923 3271 3307 3342 praemiorum
3352 3272 3523 3329 satis:

1923 3359 2201 3416 audiamus
2226 3368 2405 3416 autem
2425 3402 2442 3425 ,
2474 3359 2518 3416 si
2549 3360 2742 3432 placet,
2774 3377 2894 3432 qure
2922 3372 2976 3417 et
3001 3361 3162 3418 hodie
3201 3379 3297 3418 nos
3325 3361 3527 3420 docere

1923 3453 2038 3508 vult
2063 3452 2294 3523 Spiritus
2317 3453 2683 3525 saneti'gratia
2711 3469 2806 3525 per
2835 3455 2973 3510 beati
3003 3454 3168 3511 Mosis
3189 3456 3442 3528 linguam.
3465 3456 3522 3513 9.

1926 3543 1993 3599 Et
2023 3545 2176 3611 dixit,
2198 3544 2392 3615 inquit,
2424 3543 2600 3600 Deus:
2626 3545 2970 3618 Congregetur
2991 3555 3125 3617 aqua
3149 3563 3263 3618 qua:
3286 3548 3379 3603 sub
3398 3548 3529 3605 celo

1924 3648 1995 3692 est
2012 3679 2027 3703 ,
2060 3637 2121 3692 in
2155 3640 2594 3709 congregationem
2621 3655 2816 3705 unum,
2863 3649 2910 3692 et
2953 3650 3199 3710 appareat
3243 3641 3412 3698 arida.
3460 3641 3528 3698 Et

1923 3730 2117 3798 factum
2138 3728 2325 3782 estita.
2355 3726 2487 3784 Vide
2511 3726 2631 3794 hic,
2660 3728 2884 3784 obsecro
2902 3770 2916 3793 ,
2943 3728 3172 3792 dilecte.
3197 3731 3442 3789 ordinem
3471 3746 3520 3789 et

1923 3817 2361 3889 consequentiam
2401 3817 2679 3887 optimam.
2711 3818 2844 3887 Quia
2888 3819 3096 3876 dixerat
3135 3820 3187 3876 in
3227 3823 3522 3894 principio:

1910 3908 2084 3975 ,Terra
2111 3923 2221 3965 erat
2243 3909 2508 3964 invisibilis
2537 3919 2583 3965 et
2620 3911 2982 3981 incomposita,
3013 3928 3079 3968 co
3119 3915 3258 3983 quod
3290 3915 3524 3971 tenebris

1926 4010 1980 4055 ει
2007 4001 2160 4072 aquis
2177 4000 2524 4072 obtegeretur
2547 4020 2561 4056 :
2588 4010 2643 4056 et
2666 4001 2860 4058 deinde
2884 4005 3142 4074 praecepit
3162 4005 3250 4063 die
3265 4008 3522 4074 secundo,

1927 4103 1982 4146 ut
2030 4100 2173 4148 esset
2227 4093 2663 4159 ﬁrmamentum,
2719 4101 2774 4147 et
2819 4108 3084 4164 aquarum
3119 4098 3522 4165 .separationem

1926 4181 2070 4248 fecit,
2100 4184 2413 4256 vocavilque
2455 4183 2851 4241 ﬁrmamentum
2887 4186 3074 4241 ctelum
3106 4204 3119 4242 :
3149 4204 3289 4245 nunc
3330 4191 3524 4246 iterum

1924 4275 2086 4331 docet
2108 4290 2205 4330 nos
2225 4317 2242 4342 ,
2281 4289 2341 4331 se
2376 4275 2465 4332 die
2496 4277 2656 4331 tertio
2683 4278 3002 4347 prmeepisse
3041 4293 3195 4350 aqua:
3216 4322 3232 4347 ,
3260 4297 3381 4352 qum
3426 4285 3528 4340 sub

1925 4367 2089 4434 caelo,
2118 4366 2220 4423 hoc
2256 4375 2370 4434 est,
2400 4367 2760 4436 ﬁrmamento,
2792 4377 2850 4423 ut
2879 4368 2937 4423 in
2956 4384 3112 4424 unam
3154 4374 3523 4446 congregatim

1926 4475 2050 4515 nem
2092 4461 2435 4527 conveniret,
2480 4469 2536 4516 et
2578 4461 2753 4516 locum
2796 4460 2984 4525 daret,
3031 4473 3191 4533 atque
3243 4478 3524 4536 appareret

1926 4550 2112 4607 arida:
2157 4560 2212 4608 et
2252 4551 2459 4608 factum
2479 4560 2562 4608 est
2599 4552 2692 4606 ita.
2720 4552 2855 4620 Quia
2889 4553 3036 4609 enim
3081 4555 3260 4611 omnia
3306 4556 3523 4628 impleta

1926 4649 2083 4698 erant
2113 4642 2268 4713 aquis
2290 4684 2305 4709 ,
2324 4642 2481 4713 jussit
2507 4642 2559 4698 in
2587 4659 2746 4699 unam
2772 4648 3240 4716 congregationem
3263 4663 3524 4720 aquarum

1927 4730 2325 4788 multitudinem
2353 4733 2668 4799 concedere,
2695 4745 2751 4789 ut
2777 4735 2860 4791 sic
2882 4748 3163 4807 appareret
3191 4739 3362 4796 arida.
3389 4740 3525 4797 Vide

1926 4822 2196 4893 quomodo
2247 4823 2502 4896 paulatim
2562 4825 2723 4881 illius.
2755 4826 2912 4883 nobis
2967 4829 3416 4898 pulchritudinem
3471 4844 3528 4889 ct

1927 4925 2173 4970 ornatum
2200 4917 2452 4971 ostendit.
2484 4916 2549 4971 Et
2591 4922 2782 4989 factum
2817 4927 2919 4985 est,
2946 4919 3054 4987 ait,
3086 4921 3175 4975 ita.
3203 4921 3530 4990 Quomodo?

1927 5007 2074 5066 Sicut
2126 5019 2452 5080 prmeeperat
2504 5010 2776 5065 Dominus.
2842 5010 2981 5066 Dixit
3024 5005 3238 5080 solum,
3285 5021 3344 5071 et
3391 5030 3529 5089 opus

1927 5100 2311 5170 subsequutum
2358 5109 2461 5156 est.
2510 5100 2622 5157 Hoc
2656 5103 2798 5156 enim
2843 5103 3113 5172 peculiare
3161 5104 3253 5160 Dei
3311 5115 3413 5172 est,
3461 5115 3524 5162 ut

1927 5192 2221 5249 secundum
2253 5191 2580 5248 voluntatem
2610 5207 2761 5248 suam
2795 5204 3070 5251 creaturas
3100 5181 3425 5254 moderetur:
3459 5195 3528 5252 Et

1928 5294 2234 5356 congregata
2271 5292 2342 5338 est
2359 5324 2375 5349 ,
2404 5283 2605 5354 inquit,
2636 5301 2769 5354 aqua
2792 5300 2907 5355 qua
2929 5286 3020 5341 sub
3045 5288 3171 5341 acto
3189 5328 3202 5350 ,
3232 5288 3284 5343 in
3309 5304 3528 5361 congre-

1929 5375 2153 5446 gationes
2182 5391 2324 5443 suas,
2370 5384 2418 5429 et
2465 5376 2706 5446 apparuit
2752 5375 2922 5430 arida.
2967 5377 3428 5443 Qucu'tadmodunt
3457 5378 3536 5437 tio

1924 5467 2047 5523 luce
2075 5466 2272 5522 dictqu
2303 5475 2387 5522 est
2408 5506 2425 5533 ,
2455 5466 2596 5537 quod
2625 5482 2747 5522 cum
2789 5477 2971 5524 essent
3008 5468 3205 5539 ubique
3253 5470 3492 5528 tenebrae
3512 5512 3532 5539 ,

1925 5558 2143 5631 jusserit
2173 5559 2392 5629 produci
2420 5559 2593 5616 lucem
2614 5602 2630 5628 ,
2662 5569 2717 5617 et
2744 5562 3137 5632 scparationem
3169 5561 3357 5620 fecerit
3395 5565 3530 5621 lucis

1929 5666 1991 5708 ac
2012 5652 2373 5718 tenebrarum,
2396 5660 2452 5708 et
2473 5652 2610 5709 hanc
2635 5653 2882 5711 tribuerit
2901 5653 3028 5721 dici,
3043 5650 3182 5707 istas
3200 5662 3331 5705 vero
3351 5653 3498 5712 nocti
3520 5670 3533 5719 ;

1928 5744 2172 5801 similiter
2202 5744 2402 5801 dictqu
2431 5753 2513 5802 est
2533 5789 2547 5813 ,
2575 5746 2716 5817 quod
2760 5758 2886 5804 cum
2922 5745 3178 5817 produxit
3213 5745 3528 5805 firmamen-

1931 5847 2065 5908 tum,
2091 5853 2348 5912 aquarum
2375 5839 2506 5896 alias
2531 5838 2861 5912 superiorem
2885 5838 3060 5896 lowm
3083 5853 3373 5911 occupare,
3395 5844 3527 5902 alia:
