4080 6308
510 289 575 349 ﬂ
1160 292 1217 349 S.
1256 290 1531 349 JOANNIS
1565 285 2036 347 CilllYSOSTOMI
2083 284 2397 345 AltClllEP.
2436 290 2968 348 CONSTANTINOP.
3695 293 3767 348 Si

511 412 687 458 autem
711 404 811 460 sub
837 402 1170 461 ﬁrmamento
1201 422 1320 462 esse
1343 407 1596 475 jusserit:
1621 407 1697 462 sic
1721 415 1776 462 et
1801 421 1938 460 nunc
1967 403 2084 458 illas

515 497 655 563 ipsas
693 511 892 566 aquas,
918 511 1036 566 qua:
1081 497 1181 552 sub
1220 496 1556 552 ﬁrmamento
1600 507 1789 560 erant,
1845 497 1895 550 in
1923 509 2082 549 unam

513 590 973 657 congregationem
989 588 1140 658 jubet
1163 589 1325 653 coire,
1350 600 1403 644 ut
1426 598 1678 659 appareat
1697 588 1863 650 arida,
1886 601 1939 643 et
1963 599 2090 646 tunc

519 677 640 729 huic
668 679 826 731 etiam
856 692 1008 732 suum
1049 692 1240 733 nomen
1278 679 1550 749 imponat;
1592 681 1726 735 sicut
1763 678 1831 734 de
1872 678 1989 732 luce
2032 687 2086 732 ct

518 766 754 822 tenebris
780 767 974 823 diuum
1000 781 1098 825 cst.
1128 771 1456 844 Congregatte
1476 773 1604 826 enim
1627 782 1769 838 sunt,
1797 772 1905 835 ait,
1942 786 2087 841 aqua

517 875 629 926 qum
654 861 745 913 sub
770 862 893 915 calo
916 873 1079 929 t'rant,
1106 864 1162 917 in
1191 866 1593 935 congregationes
1616 879 1752 928 suns,
1779 875 1823 918 et
1852 865 2088 933 apparuit

518 951 662 1002 arida
685 968 704 1005 :
757 952 841 1006 10.
888 964 933 1005 et
977 956 1165 1008 vocavit
1209 954 1344 1010 Deus
1383 957 1579 1010 aridam
1625 966 1828 1009 terram.
1859 955 2044 1009 Vidisti
2071 999 2086 1018 ,

519 1039 728 1100 dilecte.
752 1043 1018 1110 quomodo
1051 1045 1186 1099 Deus
1210 1056 1421 1110 terram,
1448 1062 1567 1116 qua:
1599 1047 1872 1101 invisibilis
1900 1057 2012 1100 erat
2035 1057 2089 1100 et

523 1129 888 1200 incomposita,
918 1141 971 1186 et
1009 1134 1154 1201 aquis
1193 1135 1341 1203 quasi
1393 1136 1738 1191 velaminibus
1776 1135 2087 1206 quibusdam

520 1217 884 1288 obtegebatur,
909 1222 1238 1290 despoliavit,
1263 1232 1320 1276 ut
1342 1225 1418 1278 sic
1441 1225 1636 1289 dicam,
1664 1234 1718 1281 et
1743 1226 1928 1281 faciem
1953 1224 2095 1279 illius

523 1309 677 1363 nobis
709 1313 1036 1378 monstravit,
1061 1314 1274 1382 preprio
1297 1315 1454 1369 etiam
1483 1315 1697 1371 nomine
1720 1315 2003 1386 imposito?
2025 1313 2091 1368 In!

523 1403 951 1473 congregationes,
977 1405 1086 1470 ait,
1128 1422 1371 1476 aquarum
1412 1407 1600 1459 vocavit
1646 1407 1828 1459 maria.
1876 1406 2014 1460 Ecce
2040 1414 2095 1460 et

523 1508 674 1562 aqua:
702 1510 892 1549 nomen
924 1510 1075 1550 suum
1104 1498 1302 1551 sortita:
1331 1507 1471 1551 sunt.
1495 1496 1622 1550 Nam
1653 1497 2092 1566 quemadmodum

520 1583 760 1652 optimus
791 1571 975 1641 artifes
1013 1597 1127 1641 arte
1165 1602 1257 1640 sua
1301 1603 1392 1640 vas
1431 1587 1640 1656 aliquod
1683 1586 1937 1650 facturus,
1988 1603 2093 1640 non

526 1686 678 1730 antea
701 1676 775 1730 illi
801 1692 989 1731 nomen
1022 1679 1262 1747 imponit,
1282 1677 1452 1732 donec
1474 1679 1743 1734 absolvat:
1771 1679 1840 1732 ita
1865 1689 1918 1732 et
1949 1677 2095 1732 beni—

524 1779 660 1834 gnus
702 1765 950 1818 Dominus
976 1768 1185 1819 nnmiua
1215 1768 1492 1821 elemeut's
1529 1782 1634 1821 non
1663 1777 1814 1822 antea
1852 1767 2096 1836 impunit,

524 1855 695 1910 donec
728 1870 788 1910 ea
825 1857 878 1910 in
913 1858 1134 1927 propriis
1163 1858 1292 1913 locis
1321 1873 1418 1912 Suo
1444 1868 1706 1928 prateepto
1731 1869 1908 1929 ponat.
1941 1859 2098 1928 Ιὶςίιιιι⁵

527 1957 802 2016 postquam
829 1956 967 2002 terra
994 1965 1184 2004 nomen
1223 1964 1375 2003 suum
1402 1952 1623 2019 accepit,
1655 1961 1709 2006 et
1733 1951 1798 2005 ad
1832 1952 2095 2020 propriam

530 2037 749 2090 formam
797 2039 1072 2106 pervenit,
1109 2039 1266 2092 etiam
1308 2055 1458 2108 aqua:
1502 2049 1832 2109 congregata:
1884 2042 2098 2109 proprio

529 2125 782 2180 vocabulo
820 2127 1100 2182 nominata:
1141 2137 1282 2182 sunt.
1328 2127 1527 2182 Vocavit
1554 2129 1725 2196 enim,
1757 2129 1866 2199 ait,
1891 2145 2099 2198 congre-

527 2215 748 2284 gutioues
792 2231 1038 2282 aquarum
1076 2219 1255 2272 maria.
1301 2218 1545 2273 Subdidit
1596 2220 1826 2275 iterum:
1874 2219 1936 2273 Et
1978 2221 2099 2273 vidit

529 2305 664 2360 [lens
688 2308 819 2375 quod
849 2309 1054 2364 bonum.
1083 2309 1210 2364 Nam
1235 2311 1355 2381 quia
1384 2310 1610 2366 innnana
1648 2322 1831 2368 natura
1861 2312 2100 2367 imbecd-

531 2396 594 2450 lis
639 2407 742 2459 est,
789 2408 844 2452 et
899 2414 1059 2468 opera
1114 2401 1206 2455 Dei
1253 2399 1410 2471 digne
1450 2400 1665 2456 laudare
1712 2417 1816 2455 non
1856 2410 2098 2470 poterat,

533 2502 904 2556 przeoceupans
929 2489 1102 2544 divina
1133 2489 1402 2561 Scriptura
1432 2501 1698 2560 acceptam
1730 2492 1798 2546 ab
1825 2492 1938 2560 ipso
1970 2491 2100 2560 Opi-

530 2576 628 2632 σας
652 2579 856 2632 laudem
879 2595 974 2634 nos
1003 2579 1174 2635 docet.

599 2671 652 2724 ὃ.
695 2669 854 2738 Igitur
889 2671 1101 2740 quando
1137 2671 1335 2737 discis,
1387 2672 1481 2742 ipsi
1520 2672 1794 2727 Conditori
1833 2683 2101 2727 creaturas

532 2760 695 2815 bonas
724 2763 862 2815 visas
889 2777 1040 2829 esse,
1092 2763 1346 2833 majorem
1375 2763 1586 2834 quidem
1615 2765 1666 2818 in
1695 2763 1905 2818 modum
1929 2765 2103 2818 admi-

531 2852 665 2907 reris
686 2869 900 2909 necesse
917 2864 997 2909 est
1021 2870 1036 2918 ;
1064 2854 1193 2908 nibil
1214 2865 1388 2910 tamen
1409 2857 1474 2910 ad
1497 2856 1704 2911 laudem
1725 2865 1777 2910 et
1803 2855 2100 2910 encomium

531 2945 754 3013 amplius
787 2945 976 3001 afferre
1004 2949 1222 3014 puteris.
1251 2947 1431 3000 Talem
1461 2949 1602 3002 enim
1648 2947 1866 3002 sortitus
1903 2962 1964 3002 es
1997 2947 2102 2999 llo-

533 3035 754 3100 minum,
779 3037 868 3104 qui
899 3037 1156 3102 ejusmodi
1185 3051 1344 3104 opera
1377 3035 1519 3098 facit,
1547 3052 1665 3110 qua:
1691 3054 1718 3088 a
1750 3036 1902 3090 nobis
1932 3050 2102 3105 neque

532 3123 731 3179 laudari
772 3125 898 3178 satis
921 3134 1163 3194 posmnt.
1194 3126 1473 3193 Quomodo
1496 3109 1636 3180 enim
1682 3142 1928 3196 umquam
1975 3141 2106 3195 opus

533 3220 624 3274 llei
673 3236 769 3288 pro
807 3220 1060 3290 digniune
1111 3223 1325 3279 laudare
1373 3234 1550 3294 po~sct
1598 3224 1822 3278 humana
1880 3226 2106 3279 natura?

533 3311 796 3365 Ca'terum
825 3326 919 3380 per
937 3325 997 3365 ea
1025 3328 1141 3381 quia:
1176 3312 1580 3381 snbjunguntur,
1609 3315 1886 3369 considera
1916 3315 2102 3369 inetia-

534 3400 692 3455 bilem
717 3400 807 3454 Dei
831 3402 1030 3471 egregii
1051 3402 1266 3456 artiﬁcis
1295 3403 1626 3473 sapientiam.
1659 3405 1942 3474 Postquam
1963 3405 2104 3460 enim

532 3493 685 3547 nobis
708 3504 942 3562 apertam
968 3503 1121 3548 teme
1148 3495 1332 3549 faciem
1359 3495 1686 3557 monstravit,
1717 3505 2108 3562 consequenter

533 3598 631 3639 suo
659 3594 925 3654 princepto
946 3585 1219 3639 decentem
1247 3586 1294 3640 ei
1323 3586 1566 3641 ciineedit
1584 3586 1840 3655 speciem,
1868 3598 1921 3641 ct
1940 3587 2104 3640 semi-

533 3688 658 3726 num
685 3674 939 3728 varietate
965 3673 1078 3742 ejus
1104 3673 1326 3728 adornat
1355 3674 1562 3730 faciem.
1595 3676 1677 3732 ll,
1707 3674 1772 3728 Et
1799 3676 1958 3738 dixit,
1992 3677 2063 3730 ait
2087 3715 2104 3742 ,

534 3763 670 3820 Deus
695 3782 713 3818 :
757 3764 1009 3820 (icrminet
1056 3775 1189 3819 terra
1238 3766 1440 3819 herbam
1477 3767 1625 3836 (miti,
1657 3767 1908 3820 seminans
1944 3784 2106 3821 semen

533 3855 803 3908 secundum
823 3873 979 3926 genus
999 3866 1044 3909 et
1065 3857 1478 3910 similitudinem:
1498 3867 1544 3910 et
1574 3857 1762 3924 lignum
1783 3857 2106 3927 frugiferum,

533 3948 722 4017 faciens
759 3948 977 4018 fructum
1001 3989 1016 4012 ,
1042 3949 1186 4016 cuius
1227 3965 1395 4002 semen
1443 3949 1494 4002 in
1535 3950 1800 4018 semetipso
1833 3949 2107 4002 secundum

532 4038 929 4103 similitudinem,
955 4039 1223 4092 secundum
1249 4055 1405 4109 genus
1428 4055 1578 4108 super
1598 4048 1800 4091 terram.
1826 4038 1889 4092 Et
1919 4043 1985 4108 [at
2001 4048 2106 4090 tum

531 4139 605 4184 est
631 4131 721 4185 ita.
750 4129 886 4198 Quid
926 4141 1006 4184 est
1049 4130 1177 4183 illud
1204 4171 1218 4194 ,
1254 4130 1318 4182 Et
1348 4132 1535 4200 factum
1565 4138 1634 4183 est
1671 4130 1782 4182 ita?
1810 4129 2065 4197 Ρτωρθιιίι
2090 4171 2104 4193 ,

536 4220 739 4284 inquit,
773 4219 1057 4282 Dominus,
1088 4228 1144 4272 et
1177 4218 1353 4273 statim
1390 4229 1526 4272 terra
1563 4233 1688 4272 suos
1717 4229 1899 4287 partus
1936 4228 2108 4270 matu-

535 4325 676 4370 rans.
710 4311 773 4364 ad
803 4312 1063 4366 seminum
1093 4327 1310 4380 germen
1337 4311 1564 4379 seipsam
1595 4309 1891 4364 adornavit.
1925 4308 2011 4361 l2.
2043 4306 2107 4361 Et

534 4402 739 4468 protulit
787 4411 919 4454 terra
966 4401 1167 4453 herbam
1211 4400 1332 4468 [terti
1354 4441 1369 4461 ,
1421 4399 1612 4468 inquit,
1656 4399 1906 4453 seminans
1945 4415 2109 4452 seuten

531 4493 804 4546 secundum
827 4507 1004 4560 genus,
1030 4502 1076 4545 et
1104 4492 1376 4545 secundum
1403 4490 1779 4544 similitudinem
1799 4507 1819 4544 :
1846 4498 1892 4542 et
1917 4489 2108 4560 lignum

533 4582 833 4652 frugiferum
859 4582 1052 4651 faciens
1077 4582 1296 4649 fructum
1319 4620 1333 4644 ,
1360 4581 1505 4650 cujus
1534 4595 1699 4634 semen
1728 4596 1873 4633 suum
1901 4580 1953 4632 in
1999 4580 2109 4647 ipso

532 4671 806 4725 secundant
847 4688 1004 4741 genus
1028 4688 1178 4741 super
1208 4680 1411 4725 terram.
1457 4669 1553 4724 llic
1595 4668 1954 4724 animadverte
1977 4710 1990 4731 ,
2024 4669 2106 4721 tli—

537 4762 695 4827 Iecte,
723 4762 989 4832 quomodo
1013 4762 1174 4816 verbo
1203 4762 1407 4816 Domini
1433 4762 1609 4816 omnia
1642 4761 1775 4815 facta
1802 4770 1922 4814 sunt
1951 4775 2111 4829 super

535 4863 750 4906 terram.
783 4851 896 4906 Non
953 4852 1097 4906 enim
1137 4863 1249 4906 erat
1296 4853 1454 4907 homo
1482 4851 1572 4922 qui
1623 4863 1951 4922 operaretur,
2005 4867 2108 4905 non

535 4953 765 4996 aratrum
792 4984 807 5008 ,
839 4958 944 4996 non
987 4943 1143 4996 boum
1170 4944 1476 5010 cooperatio
1498 4983 1514 5010 ,
1543 4958 1648 4997 non
1685 4941 1825 4996 aliud
1845 4942 2108 5010 ejusmodi

533 5033 764 5088 studium
795 5051 811 5088 :
841 5033 934 5088 sed
974 5034 1143 5088 solum
1193 5033 1391 5088 audivit
1437 5042 1778 5105 praeceptum,
1825 5043 1880 5088 et
1931 5038 2108 5088 statim

533 5122 675 5192 quod
719 5137 869 5177 suum
900 5128 1014 5177 erat
1056 5123 1196 5178 fecit.
1239 5123 1312 5177 Es
1342 5137 1446 5193 quo
1480 5123 1755 5188 discimus,
1779 5123 1939 5178 etiam
1971 5139 2111 5178 nunc

535 5229 708 5283 neque
751 5229 933 5268 curant
976 5215 1323 5283 agricolarum
1350 5257 1365 5280 ,
1412 5229 1582 5285 neque
1626 5213 1897 5282 laborem,
1941 5231 2111 5285 neque

533 5307 667 5361 alias
710 5306 764 5361 in
812 5306 1054 5361 colendis
1100 5307 1242 5375 agris
1284 5322 1588 5368 mrumnas,
1645 5304 1909 5360 fructuum
1961 5305 2116 5361 tmbis

540 5406 848 5469 proventum
901 5413 1185 5469 promere;
1217 5397 1308 5453 sed
1356 5407 1479 5453 alite
1510 5398 1622 5453 bace
1661 5397 1838 5452 omnia
1892 5398 2110 5451 verbum

539 5490 666 5555 Dei,
699 5489 839 5559 quod
875 5491 942 5544 ab
986 5491 1135 5546 initio
1172 5490 1242 5544 ad
1290 5500 1481 5545 terram
1530 5489 1726 5546 factum
1766 5499 1867 5544 est.
1896 5490 2035 5556 Quin
2060 5500 2115 5546 et

538 5584 768 5642 futuram
806 5584 1057 5653 ingratam
1112 5583 1382 5642 hominum
1437 5594 1666 5640 mentem
1715 5583 1986 5653 corrigens
2030 5582 2112 5637 di-

533 5677 654 5735 vina
713 5676 1027 5748 Scriptura,
1074 5676 1350 5748 diligenter
1395 5675 1571 5733 catuia
1621 5673 1772 5734 nobis
1821 5672 2111 5732 secundum

2190 403 2433 460 ordinem
2462 404 2718 460 factorum
2747 415 2963 469 narrat,
2992 415 3047 459 ut
3074 415 3372 474 compescat
3413 407 3767 461 temeritatem

2189 503 2244 548 et
2278 494 2620 551 deliramenta
2648 510 2833 550 eorum
2859 496 2946 566 qui
2990 495 3234 564 flgntcnut
3272 507 3365 549 sua
3404 494 3676 550 venditant
3711 505 3769 552 et

2189 585 2368 641 dicere
2387 585 2604 650 audent,
2626 586 2752 639 solis
2772 585 3145 654 coowrationc
3165 586 3229 639 ad
3257 584 3518 640 fructuum
3540 600 3771 654 proven-

2191 683 2302 730 tum
2329 690 2465 744 Opus
2492 690 2631 730 esse.
2661 675 2797 731 Sunt
2823 687 2872 730 et
2913 676 3024 741 alii,
3054 677 3142 745 qui
3172 675 3287 730 huc
3322 674 3480 729 astris
3505 676 3772 744 aliquibus

2190 765 2491 822 adscribere
2518 767 2753 819 nituntur
2784 765 2878 836 (α).
2909 766 3193 833 Propterea
3222 765 3380 820 docet
3414 781 3510 820 nos
3537 765 3772 833 Spiritus

2189 867 2426 922 sanctus,
2453 867 2574 912 ante
2614 857 2976 912 formationem
3007 856 3195 910 borum
3234 858 3616 910 elementorum
3655 870 3773 909 ser-

2193 949 2334 1002 moni
2356 958 2406 1003 et
2433 957 2696 1017 praecepto
2720 949 2808 1004 Dei
2837 949 3288 1016 obtemperantem
3318 946 3561 1001 tellurem
3590 946 3770 1000 «ironia

2192 1039 2393 1093 semina
2431 1037 2681 1102 edidisse,
2727 1039 2872 1092 nullo
2916 1040 3021 1092 alio
3057 1039 3123 1091 ad
3165 1038 3592 1107 cooperationem
3636 1050 3774 1103 opus

2195 1129 2494 1183 habentem.
2521 1129 2828 1184 Suﬂiciebat
2865 1129 3004 1182 enim
3040 1131 3089 1182 ei
3135 1143 3229 1196 pro
3268 1125 3522 1183 ouinibus.
3549 1126 3774 1180 verbum

2195 1219 2363 1274 illud:
2411 1219 2662 1274 Cerminet
2701 1230 2835 1274 terra
2879 1220 3081 1272 herbam
3109 1219 3250 1287 [ωηί.
3292 1216 3548 1283 Quocirca
3575 1216 3775 1270 divinae

2195 1311 2480 1381 Scriptura:
2509 1311 2724 1380 vcsdgia
2765 1325 3072 1380 seminatur,
3109 1325 3276 1378 neque
3304 1309 3535 1362 feramus
3561 1321 3658 1361 eos
3682 1307 3775 1373 qui

2197 1403 2418 1457 adversa
2456 1403 2562 1457 illis
2591 1413 2790 1457 temere
2819 1402 3095 1457 blaterant.
3125 1400 3257 1456 Nam
3294 1400 3498 1454 etiamsi
3529 1399 3776 1452 homines

2199 1501 2392 1547 terram
2422 1502 2727 1563 operentur,
2754 1493 3180 1562 etjumentormn
3210 1490 3404 1544 auxilio
3428 1489 3688 1550 fruantur,
3720 1497 3778 1540 et

2197 1600 2440 1656 magnam
2484 1594 2640 1639 terra:
2671 1600 2851 1639 curam
2896 1584 3141 1642 habeant.
3182 1587 3289 1641 etsi
3323 1595 3511 1649 magna
3551 1579 3620 1632 sit
3657 1578 3776 1631 επιξιί

2198 1677 2506 1746 temperies,
2537 1685 2586 1730 el
2618 1676 2794 1729 omnia
2837 1675 2940 1728 alia
2968 1681 3307 1733 concurrant,
3353 1672 3451 1724 nisi
3483 1679 3635 1722 nutus
3669 1668 3779 1720 Do-

2199 1768 2326 1821 mini
2351 1766 2567 1822 accedat
2587 1805 2604 1829 ,
2633 1765 2809 1820 omnia
2838 1764 2939 1818 alia
2971 1762 3160 1817 frustra
3187 1771 3239 1816 et
3267 1761 3318 1814 in
3347 1775 3541 1813 vanum
3561 1757 3776 1812 cedent.

2200 1867 2251 1915 et
2281 1858 2412 1912 nihil
2456 1856 2695 1928 proficiet
2732 1857 2904 1926 quivis
2950 1854 3098 1909 labor
3134 1862 3185 1908 et
3229 1853 3412 1915 sudor,
3445 1851 3546 1906 nisi
3589 1863 3784 1903 manus

2203 1950 2409 2004 Domini
2438 1963 2668 2018 superne
2709 1947 2943 2016 adjuvet,
2986 1953 3038 2001 et
3077 1943 3453 2014 perfectionem
3500 1943 3582 1996 bis
3623 1942 3786 1996 rebus

2203 2041 2416 2096 tribuat.
2442 2041 2571 2107 Quis
2601 2056 2708 2094 non
2731 2039 3127 2108 obstupesceret
3149 2035 3576 2090 etadmirarctur
3595 2074 3608 2096 ,
3632 2032 3780 2100 cogi-

2203 2140 2317 2185 tant
2347 2130 2612 2200 quomodo
2643 2130 2861 2184 verbum
2903 2128 3108 2182 Domini
3154 2127 3317 2194 illud,
3363 2124 3614 2179 (ierminet
3651 2132 3791 2176 terra

2201 2221 2403 2274 herbam
2433 2223 2573 2292 (alii,
2603 2221 2653 2274 in
2681 2220 2789 2290 ipsa
2820 2220 3018 2273 viscera
3043 2229 3198 2272 terra:
3218 2216 3525 2280 descendat,
3550 2224 3601 2267 et
3631 2214 3788 2282 quasi

2203 2315 2497 2369 admirabili
2524 2314 2750 2384 quodam
2782 2313 2954 2382 peplo,
2979 2323 3134 2369 terra:
3165 2313 3348 2367 faciem
3379 2310 3537 2365 variis
3564 2309 3793 2362 ilnriIms

2203 2404 2466 2460 adornet?
2489 2403 2781 2474 Videreque
2803 2414 2918 2458 erat
2943 2405 3116 2459 subito
3143 2411 3357 2466 terram,
3386 2417 3504 2472 qua:
3529 2410 3682 2454 antea
3708 2401 3792 2452 in-

2206 2495 2390 2550 formis
2415 2505 2469 2549 et
2506 2494 2700 2548 inculta
2727 2505 2841 2548 erat
2865 2535 2879 2558 ,
2908 2505 3107 2547 tantam
3144 2493 3413 2561 accepisse
3441 2489 3793 2560 pulchritudi-

2204 2599 2348 2647 nem,
2381 2592 2438 2636 ut
2474 2583 2625 2653 quasi
2657 2599 2777 2637 cum
2817 2585 2950 2637 cado
2987 2591 3238 2637 certaret.
3274 2581 3404 2635 Nam
3431 2580 3567 2633 sient
3593 2578 3792 2641 emtum

2206 2673 2360 2742 paulo
2386 2683 2507 2742 post
2547 2673 2840 2728 ornandum
2870 2683 2983 2727 erat
3019 2683 3283 2726 astrorum
3311 2671 3590 2733 varietate,
3618 2669 3696 2720 sic
3733 2677 3796 2720 et

2207 2764 2360 2818 tellus
2385 2764 2572 2818 ﬂorum
2605 2764 2879 2833 multijuga
2910 2764 3167 2818 varietate
3190 2763 3509 2820 ornabatur,
3538 2759 3604 2812 ita
3639 2767 3694 2810 ut
3733 2767 3798 2811 et

2206 2854 2390 2923 Opifex
2437 2855 2489 2909 in
2534 2853 2740 2909 laudem
2777 2857 2893 2923 ejus
2938 2861 3344 2924 prorumperet:
3389 2851 3584 2906 etenim
3624 2848 3795 2913 Vidit,

2205 2947 2310 3010 ait,
2341 2945 2493 3010 Deus,
2521 2945 2656 3014 quod
2682 2955 2807 2998 esset
2835 2945 3038 2998 bonum.

2279 3040 2333 3093 5.
2378 3037 2560 3092 Vidisti
2603 3037 2870 3107 quomodo
2909 3051 3001 3105 per
3045 3035 3250 3104 singula
3303 3049 3421 3104 quae
3464 3035 3597 3087 facta
3627 3041 3797 3096 sunt.

2209 3129 2452 3184 ostendat
2475 3128 2773 3199 laudantem
2795 3126 3068 3194 Opifieem,
3092 3134 3149 3180 ut
3169 3126 3413 3179 homines
3437 3132 3639 3193 postea,
3673 3123 3799 3178 ba‘c

2208 3219 2403 3284 cdocti,
2429 3234 2493 3272 ex
2519 3218 2774 3273 creaturis
2799 3217 2864 3271 ad
2901 3216 3206 3272 Creatorem
3249 3215 3628 3270 recurrerent?
3653 3213 3796 3268 Nam

2209 3310 2254 3364 si
2279 3318 2539 3365 creatura:
2577 3307 2878 3379 bujusmodi
2909 3308 3014 3362 sint
3035 3349 3050 3370 ,
3079 3314 3137 3361 ut
3159 3306 3226 3359 ab
3251 3305 3465 3359 bominc
3496 3320 3594 3374 pro
3617 3305 3800 3374 digni-

2211 3410 2318 3455 tate
2356 3400 2554 3455 laudari
2595 3408 2896 3469 nequeant:
2938 3397 3064 3468 quid
3106 3397 3174 3452 de
3212 3397 3402 3466 opifiee
3452 3396 3567 3466 ipso
3610 3395 3801 3450 dicere

2209 3492 2329 3562 quis
2351 3491 2580 3561 poterit?
2607 3490 2668 3544 Et
2695 3490 2814 3543 sidit
2831 3531 2858 3554 ,.
2877 3489 2978 3550 ait,
3007 3487 3144 3544 Deus
3168 3488 3302 3556 quod
3323 3497 3448 3542 esset
3469 3488 3670 3555 bonum.
3701 3488 3800 3540 15.

2211 3586 2279 3638 Et
2308 3579 2492 3654 jbctum
2522 3595 2593 3638 est
2619 3600 2815 3653 uespere
2836 3622 2851 3644 ,
2883 3587 2931 3636 et
2960 3584 3149 3653 factum
3177 3591 3248 3635 est
3269 3597 3438 3643 ntane,
3460 3579 3567 3633 dies
3593 3581 3797 3632 tertius.

2212 3676 2369 3731 Vides
2389 3675 2657 3746 quomodo
2687 3673 2929 3728 iterando
2957 3673 3260 3742 frequenter
3279 3672 3597 3734 doctrinam,
3624 3673 3799 3724 merui

2213 3777 2404 3821 no~tr.e
2443 3766 2706 3821 dicturum
2737 3765 2842 3819 vim
2879 3765 3098 3835 inﬁgere
3127 3761 3272 3816 vult?
3317 3759 3608 3830 Oportebat
3646 3760 3797 3813 enim

2210 3859 2424 3913 dcere:
2461 3858 2522 3911 Et
2551 3857 2716 3911 factus
2742 3864 2824 3910 est
2855 3853 2970 3909 dies
3001 3855 3210 3908 tertius.
3240 3851 3344 3906 Sed
3371 3849 3492 3905 vide
3524 3848 3802 3919 quomodo

2211 3949 2279 4004 de
2304 3949 2521 4017 singulis
2549 3949 2735 4002 diebus
2761 3949 2838 4002 sic
2864 3946 3005 4002 dicat
3030 3965 3042 3999 :
3073 3944 3140 3999 Et
3168 3945 3359 4014 factum
3385 3951 3457 3997 est
3482 3956 3681 4011 vespere
3699 3980 3718 4005 ,
3751 3953 3801 3994 et

2212 4046 2400 4114 factum
2439 4051 2509 4095 est
2548 4056 2713 4103 omne,
2760 4041 2865 4094 dies
2912 4040 3122 4092 tertius:
3167 4053 3273 4091 non
3319 4034 3650 4105 simpliciter,
3694 4049 3802 4089 nec

2211 4133 2412 4203 absque
2438 4147 2632 4188 causa:
2665 4127 2760 4186 sed
2792 4146 2858 4185 ne
2886 4131 3127 4185 ordinem
3162 4126 3549 4183 confundamus
3573 4167 3588 4192 ,
3620 4140 3803 4194 neque

2211 4235 2456 4294 putemus
2500 4238 2720 4294 veSpera
2767 4224 3046 4294 ingruente
3097 4221 3254 4275 linem
3293 4218 3563 4289 accepisse
3610 4216 3799 4281 diem;

2210 4317 2303 4373 sed
2346 4319 2577 4373 sciamus
2617 4329 2893 4382 vesperam
2934 4313 3090 4367 finem
3134 4328 3254 4367 esse
3299 4310 3450 4375 lucis,
3497 4319 3548 4364 et
3600 4310 3803 4378 princi-

2213 4410 2354 4480 pium
2382 4410 2591 4464 noctis:
2624 4422 2780 4461 mane
2817 4414 2993 4459 autem
3038 4403 3195 4458 [litem
3236 4402 3440 4468 noctis,
3475 4409 3530 4455 et
3555 4401 3802 4469 campie-

2214 4509 2449 4555 mentum
2472 4498 2599 4554 diei.
2624 4498 2736 4552 Iloc
2755 4498 2893 4550 enim
2916 4496 3110 4550 docere
3133 4508 3230 4548 nos
3253 4493 3364 4546 vult
3391 4492 3577 4546 beatus
3598 4491 3798 4555 Moses,

2213 4593 2432 4648 dicens:
2464 4589 2533 4643 Et
2557 4589 2743 4658 factum
2765 4598 2836 4641 est
2865 4602 3084 4657 vespere,
3116 4594 3162 4639 et
3191 4588 3380 4654 factum
3406 4592 3477 4637 est
3503 4598 3669 4644 triane,
3689 4581 3801 4636 dies

2213 4685 2404 4737 tertius.
2434 4682 2499 4736 Et
2519 4696 2584 4736 ne
2608 4679 2839 4744 mireris,
2867 4677 3080 4740 dilecte,
3105 4675 3150 4730 si
3173 4675 3286 4729 [nec
3310 4689 3451 4743 saepe
3471 4682 3521 4726 et
3541 4673 3804 4727 continuo

2214 4775 2352 4828 dicat
2401 4772 2575 4827 divina
2625 4770 2916 4840 Scriptura.
2963 4766 3020 4822 Si
3067 4766 3208 4821 enim
3257 4774 3376 4835 post
3422 4773 3619 4818 tantam
3668 4762 3802 4816 dicti

2218 4867 2563 4937 frequentiam
2590 4862 2756 4919 Judaei
2795 4860 2970 4916 adbuc
2994 4873 3182 4914 errore
3209 4854 3559 4927 pr;eoeeupati
3582 4896 3595 4918 ,
3624 4869 3800 4908 esea:-

2215 4971 2335 5016 cato
2353 4958 2516 5015 corde
2536 4954 2886 5015 contendunt,
2910 4962 2965 5006 et
2986 4965 3259 5019 vesperam
3289 4949 3495 5002 initium
3525 4946 3806 5014 sentientis

2215 5051 2320 5106 diei
2362 5065 2482 5105 esse
2526 5049 2811 5117 opinantur
2836 5044 2945 5115 (b),
2986 5041 3315 5111 decipieutes
3360 5037 3700 5103 semetipsos.
3747 5047 3806 5091 et

2216 5143 2391 5196 adhuc
2421 5141 2471 5195 in
2501 5139 2688 5193 mnbra
2719 5135 2944 5200 sedent,
2978 5133 3197 5188 veritate
3223 5130 3470 5185 omnibus
3500 5127 3760 5197 patefacta
3790 5170 3804 5191 ,

2217 5243 2269 5288 et
2298 5232 2362 5285 ad
2391 5231 2660 5285 lucernam
2701 5226 2970 5288 assident,
2997 5225 3111 5277 sole
3144 5221 3361 5291 justitia:
3404 5229 3571 5273 totum
3613 5218 3805 5272 orbem

2217 5323 2449 5392 undique
2471 5321 2785 5379 illustrantc.
2810 5317 2908 5370 nisi
2934 5324 3074 5368 tanta
3101 5313 3369 5381 diligentia
3392 5321 3442 5364 et
3464 5309 3809 5363 accuratione

2217 5415 2510 5479 docuisset,
2541 5410 2698 5480 aliqui
2746 5419 2853 5463 tam
2899 5405 3204 5460 indocilium
3250 5401 3650 5456 contentionem
3700 5396 3807 5453 fcr-

2217 5515 2354 5564 rent.

2281 5618 2353 5674 (a)
2385 5623 2527 5666 Frant
2548 5627 2630 5669 qui
2655 5615 2797 5663 astris
2819 5619 2964 5660 terra:
2989 5609 3213 5674 regimen
3239 5606 3591 5657 adscriberent.
3624 5663 3647 5674 γ’
3705 5661 3735 5674 __

2549 5661 2775 5727 dieebaut
2797 5661 3263 5738 veaperatn'initium
3287 5681 3400 5720 esse
3424 5661 3806 5730 smueutisdiei.
