4080 6308
264 392 334 448 $3
1432 387 1496 448 IN
1531 388 1686 446 CAP.
1727 384 1768 442 i.
1807 382 1860 442 ω

1970 383 2051 441 ξε.
2096 383 2325 446 ttotttt.
2365 382 2454 446 VI.
3517 388 3590 449 ω

337 503 645 562 “hortatio
669 505 741 559 ad
763 502 1210 576 ﬂammantia.
1232 500 1534 574 Ssripturis,
1562 509 1612 556 et
1649 497 1718 553 ad
1748 500 1857 567 glo-

265 599 402 654 riam
424 597 891 662 minuendam;
920 594 1088 667 gloria
1111 595 1337 651 hmo
1361 594 1591 651 virtutem
1617 592 1864 664 sequitur.

260 717 337 733 —
361 691 433 746 At
464 689 542 745 illi
581 687 798 760 quidem
831 688 1083 746 amentia
1117 704 1232 745 sua:
1266 687 1482 760 praemia
1517 693 1868 756 exspectent:

261 794 366 836 nos
392 786 599 842 autem,
641 778 838 850 quibus
876 778 1145 834 donatum
1173 788 1257 835 est
1286 777 1418 834 solis
1447 776 1668 848 justiti:
1705 773 1872 831 radiis

261 871 550 940 illustrari,
575 870 875 928 divinarum
896 869 1291 943 Scripturarum
1315 869 1576 926 doctrina
1595 867 1871 938 obtempe-

259 981 488 1022 «mus:
517 975 576 1023 et
599 965 743 1021 hunc
765 980 1026 1022 canonem
1050 974 1357 1036 sequentes,
1378 977 1508 1020 sana
1535 961 1785 1034 dogmata
1816 960 1870 1016 in

259 1055 464 1112 mentis
489 1064 690 1113 nostra.-
716 1055 1083 1128 pron'tptuario
1112 1068 1454 1126 reponamus,
1476 1062 1532 1109 et
1553 1067 1658 1108 una
1681 1066 1868 1108 eorum

257 1161 490 1212 arant,
520 1154 578 1202 et
614 1156 812 1203 nostra
837 1145 1027 1202 salutis
1053 1160 1300 1218 magnum
1329 1143 1742 1202 sollicitudinem
1779 1157 1873 1213 go-

259 1248 451 1295 rentes
473 1281 490 1304 ,
522 1253 588 1296 ea
612 1253 734 1309 qua
755 1239 950 1294 anima:
986 1247 1184 1294 nostra
1218 1238 1500 1295 sanitatem
1540 1235 1758 1299 tradunt,
1790 1233 1872 1289 lu-

259 1327 497 1398 giamtts,
541 1327 613 1384 ab
649 1327 954 1400 hujusmodi
994 1328 1247 1385 erunibus
1292 1328 1445 1400 quasi
1489 1343 1520 1382 a
1556 1325 1871 1398 perniciosis

260 1418 547 1474 veneﬁciis
564 1418 912 1475 abstinentes.
939 1417 1104 1474 Ilulto
1122 1418 1295 1489 majus
1321 1417 1464 1474 enim
1487 1415 1591 1473 hoc
1611 1416 1868 1472 damnum

258 1520 366 1572 est,
414 1519 474 1564 et
519 1517 668 1564 tanto
703 1509 898 1580 majus,
929 1519 1132 1580 quanto
1161 1508 1339 1565 anima
1385 1522 1615 1579 corpore
1655 1506 1866 1563 melior.

261 1599 356 1655 llla
387 1602 536 1658 enim
566 1616 771 1657 venena
794 1602 1129 1672 corporalem
1158 1601 1297 1657 hanc
1323 1611 1550 1656 mortent
1575 1598 1866 1655 inducunt:

260 1695 381 1750 Iace
425 1703 608 1750 autem
654 1695 940 1751 sanitatem
978 1696 1173 1752 animm
1216 1693 1559 1758 oleudentia,
1608 1701 1866 1750 :nternam

259 1784 422 1839 mittis
476 1793 708 1840 mortem
761 1785 1008 1841 alferunt.
1061 1784 1318 1854 Quasnam
1371 1793 1552 1841 autem
1598 1792 1726 1839 sunt
1777 1782 1867 1840 illa

259 1873 426 1930 nobis
449 1875 466 1906 '
498 1873 838 1945 perniciosa?
860 1875 1019 1932 Iiulta
1057 1885 1113 1933 et
1139 1876 1308 1942 varia,
1338 1876 1570 1932 maxime
1592 1883 1772 1930 autem
1797 1873 1866 1931 ad

259 1965 559 2023 humanam
616 1968 840 2038 gloriam
895 1977 1142 2040 spectare
1191 1978 1248 2025 et
1298 1968 1510 2026 nescire
1563 1983 1684 2025 eant
1736 1982 1870 2023 con-

257 2061 530 2114 temnere.
561 2058 672 2114 lloc
694 2061 839 2116 enim
878 2061 1167 2115 multorum
1204 2059 1360 2115 nobis
1401 2058 1661 2116 malorum
1702 2071 1866 2116 causa

255 2160 340 2205 est
369 2167 386 2205 :
417 2149 545 2205 etsi
569 2165 706 2222 quas
732 2152 1039 2222 spirituales
1069 2151 1331 2208 habemus
1353 2150 1588 2220 divitias,
1617 2165 1712 2208 cas
1735 2165 1866 2206 era-

254 2248 409 2308 cttat,
437 2251 493 2296 et
522 2242 752 2297 utilitate
774 2283 789 2307 ,
821 2259 941 2313 qum
965 2258 1031 2298 ex
1058 2244 1141 2298 eis
1172 2242 1290 2314 capi
1323 2249 1532 2314 potest,
1559 2257 1659 2298 nos
1691 2241 1864 2297 desti-

257 2333 381 2389 tuit.
439 2333 580 2402 Quid
633 2334 796 2406 igitur
839 2333 1001 2391 fuerit
1053 2335 1252 2392 damno
1308 2335 1412 2392 hoc
1467 2332 1864 2406 perniciosius?

254 2423 705 2496 Quandoquidem
749 2425 801 2482 id
829 2434 1075 2498 praestat,
1118 2435 1177 2483 ut
1215 2441 1247 2484 a
1281 2427 1437 2483 nobis
1464 2427 1678 2482 avolent
1701 2426 1862 2482 etiam

255 2531 319 2572 ca
349 2531 476 2585 qua:
523 2531 622 2571 nos
661 2516 857 2573 habere
881 2524 1150 2589 putamus.
1183 2517 1273 2574 Sic
1317 2517 1619 2574 Pharisteus
1646 2518 1734 2573 ille
1764 2533 1864 2588 pu-

257 2605 479 2660 blicano
505 2608 682 2661 minor
714 2605 885 2662 factus
910 2616 1026 2674 est,
1058 2623 1124 2665 co
1147 2609 1288 2679 quod
1319 2609 1514 2679 linguae
1546 2623 1660 2664 sua:
1695 2607 1866 2678 impc-

257 2712 382 2754 rarc
418 2712 527 2752 non
567 2698 738 2768 potuit
764 2696 915 2769 (Luc.
956 2700 1087 2773 l8):
1135 2700 1230 2756 sed
1273 2715 1369 2770 per
1409 2700 1552 2756 illam
1591 2700 1730 2754 sicut
1771 2714 1865 2770 pcr

259 2786 556 2846 fenestram
585 2789 817 2860 aliquam
845 2806 1035 2848 omnes
1067 2791 1280 2847 divitias
1320 2807 1446 2848 snas
1478 2791 1685 2848 cll’udit.
1716 2791 1862 2846 Tan-

259 2891 374 2936 tum
404 2891 492 2937 est
520 2881 696 2937 inanis
714 2881 899 2954 gloriae
923 2882 1141 2938 malum.

328 2972 386 3028 6.
433 2971 565 3036 Dic.
596 2971 862 3042 obsecro,
905 2972 1076 3041 mihi,
1105 2988 1202 3029 cur
1241 2983 1297 3032 et
1338 2989 1440 3046 qua
1483 2975 1553 3031 de
1595 2989 1754 3031 causa
1791 2973 1862 3030 ita

261 3061 545 3116 hominum
576 3061 732 3118 laude
772 3064 1010 3119 teneris?
1035 3062 1221 3119 Nescis
1242 3105 1259 3129 ,
1298 3064 1439 3134 quod
1469 3064 1600 3119 sicut
1633 3064 1818 3119 umbra
1843 3105 1859 3130 ,

257 3163 312 3207 ct
338 3155 384 3208 si
410 3153 542 3225 quid
570 3154 658 3209 illa
690 3153 869 3220 vilius,
899 3154 970 3209 ita
993 3155 1206 3210 illorum
1234 3155 1348 3210 laus
1377 3155 1431 3210 in
1460 3171 1640 3211 aerem
1669 3153 1860 3209 dilTnsa

258 3243 592 3300 evanescat?
617 3244 864 3314 Alioquin
892 3244 1201 3300 inconstans
1225 3253 1280 3299 et
1305 3244 1562 3300 mutabile
1581 3255 1664 3300 est
1689 3244 1863 3300 homi-

260 3349 388 3388 num
416 3348 611 3405 genus.
657 3344 713 3389 et
742 3333 816 3388 illi
845 3335 945 3406 ipsi
971 3335 1242 3402 eumdem,
1268 3352 1427 3407 quem
1455 3351 1598 3392 nunc
1623 3336 1860 3402 laudant,
1960 3379 1965 3382 .

261 3443 366 3481 non
414 3427 588 3481 multo
628 3435 746 3496 post
785 3426 1090 3496 vituperant
1121 3445 1135 3481 :
1174 3427 1320 3498 quod
1359 3427 1412 3483 in
1458 3430 1724 3484 sententia
1769 3429 1861 3484 Dei

262 3535 564 3590 numquam
609 3519 882 3575 usuvenit.
913 3518 992 3575 Ne
1019 3519 1177 3590 igitur
1208 3521 1280 3574 ita
1307 3519 1653 3591 desipiamus,
1685 3537 1756 3576 ne
1778 3530 1860 3576 te-

261 3628 414 3667 mere
453 3622 511 3668 et
547 3611 751 3682 absque
790 3609 962 3668 fructu
990 3611 1235 3667 fallamus
1262 3627 1362 3668 nos
1390 3612 1554 3680 ipsos.
1598 3612 1732 3669 Nam
1761 3615 1862 3670 etsi

260 3702 463 3757 bonum
491 3700 746 3772 quiddam
777 3703 1025 3770 facimus,
1052 3718 1159 3758 non
1183 3713 1363 3759 autem
1395 3714 1613 3775 propter
1641 3705 1742 3760 hoc
1769 3720 1860 3759 suo

260 3793 371 3847 lum
395 3793 631 3863 agimus,
660 3801 718 3848 ut
743 3793 1050 3849 mandatum
1081 3794 1289 3851 Domini
1319 3795 1486 3850 nostri
1519 3796 1859 3866 impleamus,

257 3886 421 3956 eique
458 3886 560 3941 soli
604 3887 798 3958 cogniti
829 3887 996 3943 simus
1019 3929 1036 3955 ,
1063 3887 1300 3944 laborem
1338 3888 1481 3946 hunc
1510 3889 1705 3946 frustra
1734 3908 1861 3947 sns-

256 3978 492 4049 cipimus
514 4020 529 4041 ,
565 3993 769 4049 nosque
799 3980 1070 4050 privamus
1122 3979 1294 4036 fructu
1317 4021 1335 4048 ,
1363 3996 1520 4053 quem
1557 3981 1683 4039 inde
1708 3998 1859 4039 asse-

256 4071 348 4142 qui
396 4071 610 4127 liceret.
661 4071 792 4127 Nam
843 4073 888 4129 is
933 4073 1022 4143 qui
1070 4083 1130 4128 ut
1168 4074 1240 4128 ab
1281 4073 1587 4131 hominibus
1632 4075 1858 4146 gloriam

258 4174 510 4226 vertetur.
535 4164 662 4236 quid
690 4165 814 4220 boni
834 4176 1111 4236 operatur,
1140 4167 1256 4222 sive
1280 4183 1343 4222 ea
1375 4167 1475 4222 frui
1505 4168 1720 4239 poterit,
1748 4169 1860 4227 sive

257 4272 403 4321 non;
436 4271 583 4325 stupe
607 4256 749 4311 enim
771 4266 826 4311 et
844 4256 933 4328 qui
958 4266 1174 4328 propter
1196 4257 1409 4314 inanem
1433 4259 1658 4330 gloriam
1679 4262 1857 4316 omnia

258 4345 388 4401 facit
411 4388 430 4410 ,
457 4346 620 4402 etiam
659 4347 773 4417 ipsa
801 4347 1120 4415 frustratur;
1165 4349 1282 4407 sive
1308 4351 1466 4422 igitur
1491 4368 1552 4408 ea
1587 4354 1819 4424 potiatur
1839 4396 1852 4419 ,

254 4437 372 4492 sive
402 4451 512 4490 non
533 4475 551 4501 ,
577 4437 709 4491 satis
754 4436 841 4493 hic
870 4438 1238 4496 retributionis
1271 4444 1474 4513 accepit
1494 4484 1510 4508 ,
1539 4453 1596 4500 et
1631 4446 1698 4501 ibi
1728 4446 1856 4502 nihil

255 4525 493 4597 accipiet
519 4528 882 4596 pnetniorum.
911 4529 1088 4598 Quare
1118 4530 1260 4588 hoc?
1286 4533 1419 4602 Quia
1451 4535 1742 4606 pru'ierctts
1770 4535 1856 4591 fn-

255 4615 396 4671 turis
449 4617 768 4685 partientis,
810 4627 867 4674 ct
898 4619 1028 4689 justi
1072 4619 1274 4678 iudicis
1317 4624 1526 4679 calculo
1569 4626 1854 4682 humanam

249 4705 510 4776 gloriam,
540 4705 811 4778 indignum
841 4724 902 4765 se
941 4711 1115 4767 reddit
1148 4713 1236 4783 qui
1262 4729 1292 4770 a
1317 4715 1503 4773 indice
1541 4717 1848 4774 honoretnr.

248 4795 460 4851 Contra
486 4794 533 4851 si
563 4806 777 4868 propter
803 4797 907 4855 hoc
932 4801 1105 4857 solum
1135 4817 1421 4873 operemur
1448 4808 1723 4876 spirituaie
1752 4810 1853 4865 ali—

247 4885 400 4956 quod
432 4886 633 4942 bouttm
657 4927 673 4950 .
702 4898 760 4943 ut
796 4891 1097 4960 placeamus
1123 4895 1276 4950 oculo
1304 4897 1376 4951 illi
1405 4900 1503 4953 Soli
1529 4941 1543 4966 ,
1572 4903 1660 4971 qtti
1689 4903 1852 4974 sopiri

248 4978 460 5042 nescit,
483 4985 539 5032 et
563 4977 650 5031 cui
677 4979 816 5033 nuda
845 4989 901 5036 ct
927 4993 1107 5050 aperta
1134 4996 1259 5040 sttnt
1282 4989 1461 5044 omnia
1505 5008 1522 5046 :
1551 5002 1606 5047 et
1635 4993 1853 5050 thesau-

247 5081 349 5122 rus
379 5077 567 5122 noster
593 5069 645 5123 iu
671 5078 785 5124 tuto
809 5072 931 5135 erit,
952 5081 1007 5128 et
1033 5073 1354 5147 incorruptae
1384 5095 1482 5135 nos
1511 5098 1718 5141 merces
1739 5102 1853 5142 ma-

248 5158 492 5223 nebunt,
522 5169 578 5213 et
615 5177 679 5214 ex
726 5161 838 5231 ipsa
878 5178 1062 5219 earum
1095 5169 1243 5222 suavi
1272 5173 1670 5240 exspectatione
1698 5178 1852 5234 nobis

247 5249 424 5304 multa
447 5252 746 5307 consolatio
765 5255 888 5316 crit,
904 5255 1031 5311 dum
1057 5257 1107 5311 in
1131 5270 1342 5330 prompt
1364 5263 1515 5331 tario,
1533 5268 1674 5336 quod
1692 5285 1851 5325 nemo

244 5340 490 5411 diripere
516 5343 743 5411 poterit,
781 5345 868 5400 illa
899 5346 1054 5402 nobis
1087 5351 1232 5404 salva
1269 5355 1564 5410 custoditur
1590 5374 1799 5417 merces
1831 5382 1845 5420 :

245 5432 367 5487 itno
409 5433 651 5500 sequitur
692 5435 854 5489 etiam
896 5437 1063 5507 gloria
1105 5438 1356 5499 humana.
1405 5444 1556 5503 Tunc
1583 5452 1727 5506 enim
1759 5454 1848 5511 illa

247 5520 425 5578 multo
449 5521 663 5577 uberius
685 5523 927 5592 fruimur,
949 5527 1163 5597 quando
1182 5545 1299 5587 eam
1318 5533 1661 5609 despicimus,
1680 5557 1849 5615 quatt-

245 5615 325 5674 (ιο
366 5630 487 5673 eam
529 5630 637 5672 non
666 5618 952 5689 quasrimus
972 5662 989 5688 ,
1021 5623 1236 5693 quando
1264 5641 1383 5684 eam
1418 5645 1524 5687 non
1556 5643 1842 5694 sectamur.

319 5798 344 5833 ⁸
372 5798 518 5852 savii.
543 5805 599 5850 et
617 5798 808 5864 quidam
827 5805 956 5863 itas,
978 5801 1126 5858 tabis.

1981 493 2046 552 Et
2093 497 2220 569 quid
2260 497 2512 563 miraris,
2540 497 2589 556 si
2630 496 2734 557 hoc
2771 497 2991 557 eveniat
3035 499 3104 558 iis
3145 499 3237 574 qui
3277 502 3586 574 spirihtaies

1978 587 2331 660 philosophos
2369 598 2573 662 agunt,
2600 604 2725 647 eum
2763 598 2824 648 et
2862 591 3015 648 multi
3059 605 3247 648 eorum
3288 593 3380 665 qui
3421 593 3584 666 hujus

1977 676 2163 735 mundi
2203 677 2381 736 studia
2416 691 2708 748 sectantur,
2738 695 2839 739 eos
2874 682 3108 739 maxime
3145 694 3497 742 contemnant
3521 698 3581 744 et

1975 768 2296 843 despiciant,
2323 773 2415 844 qui
2443 772 2512 829 ab
2536 773 2842 831 hominibus
2863 773 3090 846 gloriam
3111 785 3361 848 quaerunt
3381 817 3396 842 ,
3427 777 3578 834 inve-

1978 867 2201 935 niesque
2225 863 2294 922 ab
2317 865 2566 922 omnibus
2588 864 2830 924 dicteriis
2859 867 3054 924 incessi
3087 881 3186 925 eos
3211 867 3304 941 qui
3331 867 3588 925 humana:

1975 957 2163 1029 gloriae
2191 957 2438 1015 inhiant?
2462 959 2601 1030 Quid
2631 959 2791 1032 igitur
2818 961 3072 1017 miserius
3091 960 3269 1030 nobis,
3296 962 3386 1033 qui
3415 962 3579 1032 spiri-

1977 1049 2137 1106 tnnlia
2167 1059 2436 1107 sectamur
2452 1091 2470 1118 ,
2495 1052 2541 1107 si
2567 1051 2773 1108 similes
2803 1051 2908 1109 illis
2926 1092 2942 1118 ,
2967 1052 3229 1109 celebrari
3255 1054 3324 1110 ab
3351 1052 3584 1109 homini-

1977 1137 2077 1196 bus
2096 1140 2398 1211 cupiamus,
2419 1153 2474 1199 et
2496 1143 2541 1197 si
2565 1157 2682 1198 non
2697 1151 2780 1198 sat
2801 1141 2955 1200 fuerit
2979 1143 3135 1201 nobis
3149 1159 3186 1199 a
3206 1144 3317 1201 Deo
3338 1144 3540 1201 laudari
3554 1145 3582 1200 ι

1975 1229 2116 1287 sicut
2135 1239 2191 1287 et
2220 1230 2414 1288 Paulus
2439 1232 2568 1290 dicit
2601 1250 2616 1288 :
2645 1233 2805 1304 Cujus
2837 1234 3002 1306 gloria
3031 1251 3132 1290 non
3159 1235 3537 1292 “hominibus
3557 1278 3576 1305 ,

1975 1323 2066 1378 sed
2105 1339 2171 1378 ea:
2215 1322 2321 1378 Deo
2351 1324 2547 1395 (Rom.
2583 1324 2638 1380 2.
2679 1324 2792 1398 29)
2859 1326 2974 1382 Non
3018 1326 3211 1392 vides,
3248 1327 3479 1393 dilecte,
3523 1328 3577 1384 iu

1973 1411 2319 1472 Circensibus
2343 1415 2503 1486 ludis,
2533 1415 2805 1489 quomodo
2837 1417 2870 1471 ii
2898 1417 2988 1489 qui
3014 1432 3184 1489 equos
3213 1419 3437 1488 agizaat,
3469 1433 3578 1475 non

1973 1503 2264 1562 advertunt
2314 1508 2557 1579 plausum
2601 1518 2656 1565 et
2704 1509 2942 1565 favorem
2984 1508 3167 1581 populi
3207 1510 3496 1568 assidentis
3523 1523 3576 1568 et

1973 1598 2342 1668 acclamantis,
2369 1617 2542 1673 neque
2566 1617 2634 1658 ea
2657 1616 2724 1658 eo
2751 1603 2938 1674 plausu
2966 1602 3292 1673 voluptatem
3316 1603 3533 1674 capiunt
3559 1622 3573 1658 :

1973 1690 2068 1746 sed
2097 1690 2164 1746 ad
2197 1706 2360 1747 unum
2401 1693 2575 1748 solum
2601 1702 2847 1764 spectant
2883 1691 3266 1763 Imperatorem
3297 1694 3352 1750 itt
3397 1692 3576 1750 medio

1971 1780 2272 1849 sedentem,
2297 1789 2354 1838 et
2376 1782 2443 1838 ad
2472 1792 2660 1839 nutum
2691 1785 2838 1840 illius
2859 1786 3218 1854 attendentes,
3244 1793 3410 1842 totam
3437 1785 3576 1841 mul-

1973 1873 2254 1930 titudinem
2283 1874 2628 1947 despiciunt,
2657 1884 2714 1932 et
2741 1885 2868 1933 tunc
2891 1878 3066 1933 solum
3093 1877 3276 1932 animo
3302 1877 3573 1934 extollun-

1973 1973 2079 2030 tur,
2099 1981 2219 2021 cunt
2237 1965 2328 2022 ille
2344 1981 2440 2023 eos
2457 1968 2833 2024 coronaverit?
2855 1967 2968 2024 llos
2987 1969 3147 2041 igitur
3165 1978 3221 2023 et
3241 1978 3296 2025 tu
3313 1969 3568 2037 imitatus,

1971 2072 2078 2113 non
2119 2059 2294 2132 magni
2323 2061 2582 2118 momenti
2625 2058 2789 2118 facito
2818 2062 3095 2118 hominum
3135 2060 3330 2117 famam
3353 2104 3368 2127 ,
3398 2077 3574 2133 neque

1974 2159 2194 2221 propter
2235 2166 2354 2207 eam
2397 2153 2646 2210 virtutem
2685 2163 2945 2210 exerceas
2968 2195 2984 2221 ,
3017 2153 3111 2210 sed
3141 2169 3172 2208 a
3208 2153 3356 2223 justo
3386 2153 3579 2210 iudice

1968 2241 2289 2300 sententiam
2314 2252 2586 2314 exspecta,
2610 2253 2667 2300 et
2689 2245 2756 2300 ad
2785 2245 2929 2301 illius
2954 2255 3140 2300 nutum
3170 2246 3407 2301 intentus
3429 2255 3569 2302 esto.

1968 2331 2060 2390 Sic
2084 2350 2299 2390 omnem
2332 2336 2495 2390 vitam
2527 2343 2672 2391 tuam
2700 2335 2984 2407 dispenso,
3013 2345 3146 2392 utet
3169 2335 3259 2393 hic
3285 2336 3574 2391 continett-

1971 2434 2055 2481 tcr
2081 2426 2220 2482 bona
2260 2441 2359 2496 sps
2397 2427 2634 2498 pascaris
2656 2467 2673 2496 ,
2703 2436 2760 2483 et
2798 2427 2906 2483 illic
2931 2427 3149 2484 a-ternis
3177 2429 3355 2484 irttaro
3382 2428 3534 2484 bonis
3553 2467 3570 2494 ,

1967 2530 2089 2586 qua:
2129 2524 2185 2570 ut
2215 2530 2312 2570 nos
2341 2530 2532 2572 omnes
2556 2530 2943 2586 assequamur,
2971 2515 3101 2572 faxit
3131 2517 3298 2589 gratia
3325 2528 3378 2573 et
3408 2518 3571 2574 mise-

1967 2608 2198 2663 ricordia
2243 2608 2450 2664 Domini
2491 2609 2660 2664 nostri
2700 2608 2825 2665 Jesu
2856 2609 3095 2676 Christi,
3127 2625 3252 2665 cum
3283 2626 3392 2681 qtto
3426 2610 3572 2681 Patri

1966 2709 2022 2756 et
2050 2699 2272 2770 Spiritui
2307 2708 2496 2756 sancto
2522 2701 2589 2757 sit
2615 2702 2786 2773 gloria
2812 2744 2826 2765 ,
2856 2715 2906 2758 e:
2941 2702 3225 2774 imperium
3261 2712 3318 2759 ct
3357 2703 3530 2758 honor
3552 2743 3569 2770 ,

1967 2805 2111 2846 nunc
2131 2799 2187 2846 et
2213 2805 2458 2862 semper,
2487 2801 2541 2846 ct
2568 2791 2622 2848 in
2652 2793 2848 2848 sa-eula
2877 2793 3220 2849 saeculorum.
3252 2795 3445 2850 Amen.

2558 2906 2842 2963 llOMILlA
2885 2908 2972 2963 Vl.

1968 3018 2034 3074 Et
2056 3017 2192 3073 dixit
2220 3017 2364 3074 Deus
2392 3036 2406 3074 :
2440 3016 2595 3072 Fiant
2621 3019 2900 3072 luminaria
2929 3020 2984 3074 in
3010 3019 3331 3089 [irritamento
3362 3020 3478 3076 ccli
3499 3023 3570 3075 ad

2037 3109 2464 3165 illumuationem
2487 3125 2640 3179 super
2665 3121 2852 3164 terram
2895 3151 2912 3178 ,
2938 3120 2993 3164 tu
3021 3110 3251 3166 dividam
3277 3112 3407 3167 inter
3435 3111 3570 3167 diem

2036 3212 2083 3256 et
2112 3204 2245 3256 inter
2266 3211 2484 3266 noctem,
2510 3211 2558 3256 et
2586 3201 2685 3256 sint
2711 3202 2764 3255 in
2786 3202 2934 3272 signa
2958 3243 2974 3270 ,
3001 3214 3049 3258 et
3074 3202 3129 3258 in
3156 3212 3386 3274 tempora
3406 3246 3422 3271 ,
3447 3215 3493 3259 et
3516 3206 3568 3259 iis

2038 3293 2166 3362 dies,
2196 3303 2245 3349 et
2270 3294 2323 3348 in
2349 3309 2511 3350 annos
2532 3291 2686 3367 (Gen.
2723 3293 2773 3348 l.
2810 3293 2919 3366 li).

2039 3429 2092 3484 i.
2138 3428 2272 3484 Volo
2309 3428 2521 3485 soli:atn
2562 3436 2792 3484 tractare
2829 3427 3128 3484 doctrinam
3153 3471 3168 3492 .
3196 3436 3254 3485 et
3292 3439 3480 3500 torpeo
3507 3446 3571 3487 ac

1965 3521 2252 3576 detrecto:
2281 3528 2518 3576 mentem
2560 3519 2704 3575 enim
2749 3534 2922 3575 meam
2967 3518 3209 3576 confudit
3250 3529 3307 3576 et
3345 3528 3567 3576 contor-

1967 3612 2114 3668 bavit
2153 3611 2538 3682 superveniens
2581 3611 2814 3666 tri-litim
2853 3610 3026 3666 nubes
3058 3630 3073 3667 :
3105 3610 3213 3666 itno
3252 3626 3359 3666 non
3393 3611 3568 3667 solum

1968 3701 2228 3768 tristitiae,
2257 3700 2354 3762 sed
2381 3711 2431 3757 et
2459 3701 2551 3756 ine
2570 3741 2586 3765 ,
2615 3700 2685 3755 ita
2716 3709 2774 3755 ut
2802 3699 3036 3755 nesciam
3065 3699 3192 3770 quid
3219 3700 3517 3756 faciendum
3550 3719 3564 3755 :

1967 3803 2200 3850 mentem
2242 3794 2386 3850 enim
2415 3803 2644 3864 occupat
2672 3791 2961 3849 hzesitatio.
3012 3792 3147 3848 Cum
3175 3793 3318 3847 enim
3347 3793 3525 3864 cogito
3548 3832 3566 3860 ,

1965 3900 2063 3941 vos
2088 3901 2305 3941 omnem
2337 3884 2481 3939 illam
2512 3894 2749 3940 nostram
2777 3881 3100 3949 doctrinam,
3123 3892 3178 3938 et
3201 3883 3568 3954 quotidianam

1964 3977 2385 4034 admoniioncm
2424 3976 2492 4032 ad
2535 3974 2806 4031 modicum
2850 3974 3046 4032 diaboli
3091 3974 3275 4030 ﬂatum
3305 3975 3566 4034 oblivioni

1967 4070 2249 4126 tradidisse
2272 4112 2289 4138 ,
2313 4078 2371 4126 et
2413 4068 2481 4125 ad
2511 4069 2808 4125 satanicum
2848 4068 2998 4123 illum
3038 4078 3344 4138 equestrem
3379 4067 3564 4124 ludum

1963 4175 2154 4216 omnes
2180 4161 2546 4230 concurrisse,
2576 4175 2678 4232 qua
2709 4159 2985 4215 alacritate
3024 4170 3218 4230 potero
3242 4159 3432 4214 iterum
3461 4159 3561 4215 do-

1963 4254 2189 4309 ctrinam
2221 4252 2432 4309 tradere
2456 4293 2472 4318 ,
2497 4266 2619 4308 cum
2657 4250 2835 4322 priora
2864 4258 2971 4306 tam
3002 4251 3112 4306 cito
3139 4251 3320 4305 animo
3343 4251 3562 4306 excide-

1963 4343 2107 4399 rint?
2150 4344 2261 4399 Iloc
2286 4343 2429 4400 enim
2457 4351 2540 4398 est
2567 4341 2709 4413 quod
2740 4341 3074 4412 potissimum
3114 4357 3200 4394 me
3228 4349 3478 4411 torquet,
3508 4353 3562 4396 et

1961 4436 2027 4490 ad
2073 4436 2203 4491 iram
2248 4446 2590 4500 commovet,
2633 4434 2776 4506 quod
2805 4448 2928 4489 cum
2971 4442 3152 4487 nostra
3198 4432 3561 4489 admonitione

1962 4529 2316 4584 reverentiam
2344 4528 2503 4584 etiam
2522 4569 2537 4594 ,
2561 4543 2719 4598 quam
2741 4541 2910 4581 sacra:
2935 4523 3368 4595 Quadragcsima:
3393 4524 3561 4580 dobe-

1963 4619 2046 4684 tis,
2080 4635 2145 4673 cx
2175 4619 2356 4673 animo
2378 4627 2561 4674 vestro
2588 4617 2746 4672 simul
2775 4617 3042 4687 ejeceritis
3062 4656 3080 4682 ,
3110 4631 3311 4688 vosque
3339 4617 3416 4672 sic
3441 4616 3494 4672 di
3515 4637 3561 4668 i-

1962 4708 2066 4763 boli
2099 4709 2301 4764 retibus
2327 4707 2677 4763 inVolvcritis.
2705 4708 2986 4775 Quomodo
3006 4707 3125 4778 quis
3153 4707 3368 4778 poterit.
3395 4707 3563 4763 etiam

1958 4800 2043 4855 cui
2070 4815 2265 4856 saxeus
2283 4801 2524 4865 animus,
2551 4808 2759 4856 tantum
2784 4807 3147 4870 contemptum
3172 4815 3277 4854 non
3298 4802 3561 4872 gravatim-

1958 4891 2140 4950 ferre?
2168 4894 2376 4951 Pudore
2403 4893 2632 4962 afﬁcior,
2659 4895 2899 4962 credite;
2927 4904 2984 4962 et
3007 4895 3290 4963 erubesco,
3322 4910 3443 4951 cum
3475 4896 3556 4950 vi-

1955 4985 2060 5041 deo
2083 5001 2182 5041 nos
2204 4988 2395 5041 frustra
2419 4986 2686 5059 laborare,
2709 4986 2836 5042 etin
2864 4999 3012 5056 petra
3033 4995 3329 5042 sementem
3348 4987 3559 5058 jacere.

1956 5080 2027 5134 At
2056 5079 2187 5134 mihi
2214 5079 2428 5150 quidem
2459 5080 2572 5137 sive
2599 5079 2738 5135 dicta
2787 5095 2905 5135 mea
2931 5080 3158 5136 audiatis
3183 5120 3198 5146 ,
3229 5080 3341 5134 sive
3369 5079 3559 5135 audire

1955 5176 2351 5241 contcnmatis,
2394 5188 2605 5230 merces
2653 5189 2770 5229 mea
2811 5174 3016 5245 integra
3061 5175 3183 5231 erit.
3226 5173 3559 5230 Nam.omue

1954 5263 2094 5334 quod
2123 5279 2300 5320 meum
2325 5275 2463 5332 erat,
2496 5265 2596 5322 feci
2626 5285 2640 5322 :
2668 5267 2949 5337 pecuniam
2978 5265 3334 5328 dinumeravi,
3363 5265 3553 5320 admo-

1956 5357 2190 5412 nitiones
2214 5357 2431 5414 adhibui
2458 5377 2471 5414 :
2494 5359 2660 5416 timeo
2683 5369 2882 5426 autem,
2906 5369 2960 5415 et
2981 5360 3172 5414 anxius
3197 5373 3338 5424 sum,
3365 5373 3429 5414 ne
3451 5357 3555 5414 hoc

1955 5449 2110 5504 vobis
2145 5447 2212 5504 ad
2248 5450 2507 5520 majorem
2550 5451 2946 5508 accusationem
2987 5450 3162 5506 cedat.
3198 5449 3388 5504 Servus
3418 5448 3554 5502 enim

1952 5541 2069 5605 ille,
2097 5541 2194 5606 ait,
2224 5542 2311 5611 qui
2337 5542 2432 5596 scit
2475 5542 2782 5599 uoluntatem
2821 5543 3012 5598 domini
3050 5543 3165 5607 sui,
3184 5550 3231 5596 et
3258 5558 3359 5595 non
3389 5543 3513 5613 facit
3533 5583 3552 5608 ,

1954 5631 2208 5701 vapulabit
2236 5633 2407 5689 multis
2439 5633 2590 5704 (Luc.
2622 5634 2711 5690 12.
2742 5632 2857 5708 47).
2888 5634 3102 5690 Nullum
3126 5633 3270 5688 enim
3297 5631 3549 5701 cuiquam

1954 5735 2186 5779 ves-trum
2215 5725 2281 5780 ad
2326 5725 2678 5797 ignorantiam
2706 5728 2808 5784 erit
2836 5727 3099 5799 refugium
3126 5767 3142 5794 ,
3173 5741 3296 5783 cum
3328 5738 3426 5779 nos
3452 5738 3548 5778 ea-

1955 5815 2074 5874 .letn
2115 5816 2352 5890 qu':tidic
2396 5819 2735 5889 insottcntus,
2775 5828 2829 5877 et
2868 5819 3214 5877 ostendamus
3253 5814 3549 5872 diabolieos
