4080 6308
525 383 595 442 85
945 385 956 390 “
1285 381 1340 439 S.
1381 379 1655 438 103$le
1692 377 2169 437 CHRYSOSTOMI
2210 378 2533 439 ARCIIIEP.
2571 379 3109 440 CONSTAN'I'INOP.
3739 379 3813 437 56

527 497 764 568 laqueos,
795 509 841 548 et
872 512 1114 568 magnam
1145 498 1351 554 \‘irlttlis
1381 495 1710 563 facilitatem,
1741 497 1786 550 si
1818 507 1992 550 tamen
2021 495 2103 546 vi-

522 590 657 660 giles
693 603 814 644 esse
848 589 1189 644 voluerimus.
1237 589 1317 643 An
1362 588 1575 641 nescitis
1598 599 1694 643 eos
1733 587 1822 656 qui
1851 585 1930 641 sic
1955 599 2106 639 suam

526 681 750 734 salutem
783 680 1073 752 negligant,
1105 689 1158 732 et
1176 677 1458 748 aliquando
1488 677 1591 731 huc
1616 676 1854 743 veniunt,
1876 675 2108 746 aliquan-

533 770 605 826 do
630 782 808 825 autem
842 773 891 825 in
920 771 1218 827 dwmouum
1244 769 1374 824 retia
1402 783 1460 823 se
1490 769 1750 840 injiciuut,
1779 785 1811 824 a
1834 767 2108 838 Scriptura

526 862 702 916 divina
734 863 954 916 canibus
995 861 1329 930 comparari?
1374 860 1542 916 Homo
1576 861 1716 916 enim
1740 899 1758 924 ,
1786 859 1993 930 inquit,
2024 859 2108 926 qui

523 955 828 1006 convertitur
853 969 884 1004 a
911 962 1114 1022 peccato
1139 969 1261 1017 suo,
1289 963 1334 1006 et
1375 954 1554 1007 iterum
1579 953 1631 1005 in
1671 951 1892 1020 idipsum
1935 951 2065 1005 redit
2091 990 2106 1015 ,

525 1043 706 1097 similis
743 1053 814 1096 est
849 1042 967 1095 cani
1007 1042 1076 1094 ad
1115 1043 1356 1097 ventitant
1385 1059 1531 1097 nunc
1568 1040 1994 1114 redeunti(Pror.
2015 1039 2107 1096 ‘26.

527 1132 638 1202 ll).
673 1132 830 1186 Vides
855 1134 939 1186 cui
966 1132 1169 1187 similes
1197 1131 1320 1188 facti
1357 1140 1482 1187 sunt
1505 1131 1593 1202 qui
1633 1132 1698 1186 ad
1739 1132 1978 1187 illicitum
2009 1130 2111 1188 hoc

527 1223 888 1294 spectaculum
936 1223 1324 1278 accurreruntf
1365 1222 1478 1277 Non
1525 1222 1751 1278 audistis
1796 1221 2065 1278 Christum
2091 1263 2106 1288 ,

527 1313 795 1368 dicentem
828 1331 840 1367 :
874 1314 1050 1367 Omnis
1079 1314 1166 1385 qui
1189 1314 1330 1367 audit
1359 1315 1450 1368 Icos
1479 1329 1731 1368 sermones
1757 1330 1914 1377 meos,
1936 1322 1983 1366 et
2010 1328 2109 1367 non

529 1403 654 1473 [acit
680 1421 764 1458 eos
783 1445 797 1468 ,
825 1404 1003 1458 similis
1035 1405 1128 1458 erit
1154 1405 1259 1458 viro
1285 1404 1439 1458 stulto
1459 1445 1474 1470 ,
1503 1405 1588 1473 qui
1611 1404 1879 1474 cdiﬁcnvit
1904 1404 2112 1459 domum

528 1512 674 1550 suam
700 1512 851 1565 super
879 1511 1124 1561 arenam;
1164 1511 1211 1551 et
1250 1507 1487 1551 verterant
1513 1498 1727 1566 ﬂumina
1750 1537 1765 1560 ,
1793 1505 1840 1550 et
1867 1497 2113 1566 [laverunt

528 1589 662 1644 venti
682 1628 700 1655 ,
736 1598 782 1641 et
812 1590 1067 1642 irruerent
1102 1589 1154 1643 in
1187 1589 1392 1644 domum
1419 1589 1590 1654 illam,
1624 1599 1670 1642 et
1708 1588 1918 1655 cecidit,
1945 1598 1992 1643 et
2015 1588 2113 1659 pm

529 1681 679 1736 ruina
715 1680 853 1735 illius
882 1697 1066 1751 magna
1093 1680 1303 1752 (Matth.
1333 1682 1384 1735 7.
1413 1680 1501 1736 26.
1532 1680 1670 1751 27)?
1699 1681 1768 1734 At
1790 1681 1880 1751 qui
1911 1679 1978 1734 ad
2003 1681 2112 1734 cir-

529 1785 720 1825 censes
759 1769 913 1825 ludos
941 1771 1147 1833 ierunt.
1178 1771 1268 1824 illo
1307 1771 1462 1841 longe
1485 1770 1778 1827 deteriores
1804 1771 1925 1826 facti
1965 1783 2108 1827 sunt.

533 1859 676 1916 Illius
713 1862 856 1916 ettim
882 1861 1072 1916 domus
1098 1861 1303 1932 dejecta
1327 1872 1409 1917 est
1431 1903 1446 1928 ,
1478 1861 1572 1942 sed
1601 1872 1721 1934 post
1752 1862 1980 1918 validam
2011 1863 2114 1916 im-

531 1951 874 2022 pulsionem:
920 1953 1138 2008 flumina
1177 1955 1319 2008 enim
1367 1966 1422 2009 et
1466 1964 1654 2009 ventos
1691 1955 1864 2022 dixit,
1907 1970 2014 2010 non
2061 1963 2118 2010 ut

533 2052 811 2099 ventorum
852 2045 1082 2114 impetus
1110 2055 1162 2099 et
1188 2061 1444 2116 aquarum
1478 2045 1840 2102 multitudines
1878 2046 2104 2114 indicet,

531 2135 627 2190 sed
671 2147 728 2190 ut
772 2137 1118 2192 tentatiouum
1161 2137 1467 2192 violentiam
1509 2139 1773 2204 inslnuct;
1813 2148 1865 2193 et
1905 2140 2115 2194 ruinam

532 2226 724 2281 domus
748 2268 761 2290 ,
793 2243 901 2282 non
943 2234 1001 2281 ut
1030 2227 1333 2282 seusibilem
1372 2228 1587 2282 domum
1619 2228 1970 2300 imaginemur
2000 2248 2013 2282 :
2049 2229 2117 2285 de

529 2315 706 2370 anima
735 2317 878 2371 enim
924 2332 1103 2372 set-mo
1142 2326 1262 2384 est,
1293 2333 1412 2389 qua:
1455 2319 1703 2388 gravibus
1741 2318 2115 2376 afflictionibus

533 2412 779 2482 dejicitur
801 2453 819 2480 ,
851 2429 1020 2483 neque
1046 2413 1149 2469 illis
1187 2413 1436 2469 resistere
1472 2423 1681 2484 pOtest;
1730 2414 1782 2468 in
1813 2430 1908 2469 vos
1936 2425 2115 2470 autem

535 2518 708 2574 neque
754 2512 943 2558 ventus
983 2503 1221 2570 amavit,
1266 2519 1436 2574 neque
1475 2506 1619 2560 fluvii
1665 2505 1972 2569 irrucrunt;
2021 2505 2115 2560 sed

535 2594 812 2650 dumtaxat
851 2597 1023 2651 tenuis
1060 2597 1302 2666 qua'dam
1329 2612 1459 2652 aura
1489 2597 1750 2653 diabolica
1779 2599 2035 2667 spiravit,
2059 2609 2117 2654 et

533 2703 723 2744 omnes
759 2703 854 2742 vos
892 2689 1171 2745 subvertit.
1218 2689 1354 2758 Quid
1397 2689 1498 2746 hac
1539 2691 1839 2762 insipientia
1880 2691 2116 2746 deterius

533 2775 725 2832 fuerit?
753 2793 869 2847 qua:
891 2777 1078 2848 jejunii
1109 2779 1345 2835 utilitas?
1366 2779 1470 2846 die,
1498 2795 1624 2846 oro;
1657 2781 1797 2851 quod
1826 2781 2026 2835 lucrum
2049 2796 2115 2835 ex

534 2867 632 2922 bac
674 2869 1124 2939 congregatione?
1166 2869 1294 2936 Quis
1323 2887 1430 2926 non
1471 2881 1528 2927 et
1565 2886 1659 2926 vos
1683 2871 2021 2942 deploraret,
2062 2881 2118 2927 et

533 2973 631 3012 nos
661 2959 885 3013 miseros
910 2959 1153 3015 diceret?
1182 2959 1290 3017 Vos
1314 3002 1330 3028 ,
1364 2962 1575 3032 inquam
1601 3002 1616 3029 ,
1648 2961 1768 3032 quia
1793 2963 1969 3016 omnia
1994 2977 2115 3031 qua:

529 3049 854 3118 collegistis,
883 3051 1041 3106 simul
1065 3051 1325 3109 effudistis
1345 3095 1360 3120 ,
1389 3063 1442 3109 et
1463 3054 1655 3124 januas
1689 3055 1883 3110 mentis
1921 3063 2113 3110 vestra:

531 3156 696 3213 pravo
720 3141 949 3197 daann'ni
975 3145 1258 3213 aperuistis
1276 3186 1294 3213 ,
1323 3157 1378 3201 ut
1409 3147 1576 3202 facilis
1602 3148 1650 3202 ei
1678 3148 1853 3204 aditus
1877 3156 2021 3204 esset
2048 3147 2115 3202 ad

531 3231 828 3288 efferenda:
855 3249 1045 3290 omnes
1073 3245 1279 3292 vestras
1301 3238 1606 3308 spiritualcs
1629 3239 1874 3306 divitias;
1904 3255 2002 3296 nos
2022 3256 2116 3296 ve-

535 3338 596 3378 ro
620 3323 844 3378 miseros
869 3325 988 3393 quis
1009 3327 1132 3396 jure
1156 3326 1369 3397 dixerit,
1393 3329 1535 3400 quod
1559 3330 1628 3384 ita
1653 3329 1876 3387 mortuis
1897 3330 2114 3388 auribus

530 3415 914 3472 concionemur
935 3458 950 3484 ,
982 3433 1046 3474 ac
1071 3428 1268 3475 tantam
1293 3419 1552 3491 iacturam
1579 3421 1836 3479 faciamus
1855 3464 1869 3486 ,
1897 3433 1951 3479 ct
1980 3440 2113 3495 quo-

531 3505 658 3560 tidie
677 3506 1018 3571 scminantcs,
1044 3509 1247 3564 nullum
1273 3512 1548 3581 percipere
1574 3511 1800 3566 fructum
1825 3512 2110 3583 possimus.

529 3593 664 3650 Num
687 3596 785 3651 bac
805 3598 915 3653 sola
937 3599 1004 3656 de
1022 3614 1180 3655 causa
1205 3609 1311 3656 tam
1335 3601 1558 3658 studiosi
1582 3604 1634 3658 in
1655 3605 1884 3660 dicendo
1903 3620 2111 3674 sumus,

528 3698 586 3741 ut
615 3703 771 3743 aures
801 3699 1006 3745 vestras
1031 3691 1383 3761 oblectemus,
1409 3696 1491 3750 vel
1515 3695 1657 3766 quod
1681 3696 1880 3752 laudari
1904 3713 1935 3753 a
1961 3699 2112 3754 vobis

525 3779 840 3849 cupiamus?
865 3779 974 3835 Nisi
1017 3781 1220 3842 lucrum
1250 3783 1401 3840 vobis
1437 3785 1506 3840 sit
1537 3803 1603 3841 ex
1641 3789 1976 3844 sermonibus
2014 3805 2113 3844 no-

528 3870 656 3925 stris
681 3911 696 3934 ,
726 3871 893 3926 satius
920 3871 1074 3927 fuerit
1112 3888 1210 3929 nos
1248 3873 1468 3944 posthac
1496 3875 1672 3932 silere.
1723 3876 1926 3950 Nollent
1966 3879 2110 3934 enim

528 3960 678 4015 vobis
701 3962 917 4030 majoris
941 3963 1294 4019 damnationis
1314 3979 1471 4021 causa
1499 3967 1632 4022 fieri.
1658 3967 1946 4024 Enimvero
1973 3971 2112 4025 sicut

526 4053 824 4122 negotiator
843 4094 859 4118 ,
889 4054 978 4124 qui
1017 4070 1138 4110 cum
1166 4056 1344 4112 multis
1378 4059 1645 4114 mercibus
1682 4068 1738 4115 et
1761 4060 1951 4130 opibus
1975 4076 2106 4116 con-

526 4144 758 4213 gregatis
787 4159 975 4199 navem
1004 4145 1324 4216 impleverit,
1356 4150 1531 4204 subito
1555 4162 1668 4205 orta
1695 4162 2032 4222 tempestate,
2054 4163 2110 4209 et

527 4233 847 4301 praevalente
870 4243 1144 4290 ventorum
1166 4237 1414 4293 violentia
1431 4279 1446 4302 ,
1471 4255 1644 4295 mersa
1668 4257 1787 4297 cum
1809 4243 2110 4299 vectoribus

525 4338 681 4390 nave,
711 4324 766 4378 fit
793 4325 1042 4382 omnibus
1067 4327 1369 4385 miserabile
1404 4332 1789 4400 spectaculum,
1818 4335 1990 4390 nudus
2015 4351 2106 4392 rc-

525 4423 684 4484 pente
710 4430 973 4486 apparens
995 4459 1011 4483 ,
1040 4428 1094 4474 et
1122 4428 1240 4490 post
1270 4420 1522 4490 plurimas
1549 4423 1937 4495 immensasque
1963 4428 2105 4483 divi-

523 4504 626 4558 tias
649 4505 700 4560 in
725 4515 1016 4562 extremam
1041 4512 1286 4566 redactus
1313 4524 1620 4584 egestatem,
1652 4516 1719 4570 ita
1749 4528 1800 4574 et
1831 4519 2102 4575 vobiscum

519 4597 764 4653 diabolus
794 4615 932 4656 nunc
957 4603 1084 4673 egit.
1115 4603 1245 4658 Nam
1273 4605 1393 4675 quia
1427 4607 1628 4662 invenit
1652 4624 1838 4669 navem
1867 4623 2097 4667 vestram

519 4688 849 4758 spiritualcm
877 4691 1057 4747 multis
1081 4693 1280 4748 ἀὶνίιίἰς
1306 4705 1597 4764 oneratam,
1624 4709 1676 4753 et
1697 4701 1822 4754 vidit
1847 4703 2100 4772 grandem

525 4779 856 4849 thesaurum,
885 4798 1041 4854 quem
1083 4801 1150 4840 ex
1188 4786 1406 4856 jejuniis
1443 4799 1498 4844 et
1540 4792 1807 4846 continuis
1845 4795 2101 4852 doctrinis

519 4870 768 4940 colligere
797 4874 1038 4942 potuistis
1066 4893 1080 4928 :
1107 4877 1254 4946 quasi
1283 4888 1598 4950 tempestate
1626 4884 1869 4953 quapiam
1900 4885 2100 4941 immis-

522 4977 578 5016 sa
611 5003 626 5028 ,
657 4962 841 5019 inutile
883 4975 936 5020 et
984 4968 1337 5036 perniciosum
1383 4972 1508 5027 illud
1556 4985 1802 5045 equestre
1827 4988 2096 5034 cerumen

519 5053 640 5109 dico
663 5096 679 5121 ,
714 5073 810 5126 per
849 5058 974 5114 illud
1020 5059 1188 5131 ipsum
1231 5064 1597 5122 omnibus-vos
1636 5067 1831 5124 divitiis
1860 5071 2100 5127 destituit

520 5158 564 5201 et
595 5148 859 5216 spoliavit.

586 5239 642 5292 9..
700 5239 824 5296 Scio
869 5256 956 5298 me
1004 5243 1397 5303 vehementiore
1439 5249 1796 5321 increpatione
1837 5256 1908 5310 uti
1934 5298 1950 5322 ,
2000 5258 2094 5312 sed

514 5336 823 5403 ignoscatis,
849 5351 945 5391 oro
969 5355 981 5390 :
1010 5339 1078 5393 ita
1105 5341 1299 5411 quippe
1319 5343 1505 5399 dolens
1533 5346 1709 5400 anima
1735 5349 1886 5404 solet.
1912 5350 2094 5422 Neque

521 5428 654 5478 enim
684 5441 750 5482 ex
780 5430 991 5483 munico
1022 5441 1236 5500 pectore
1262 5434 1376 5491 haec
1405 5436 1627 5506 loquor,
1657 5439 1752 5493 scd
1780 5456 1842 5495 ex
1871 5443 2092 5500 sollicita

518 5515 783 5586 vestrique
802 5521 1158 5576 amantissima
1181 5524 1352 5577 anima
1379 5541 1392 5578 :
1418 5537 1701 5597 propterea
1723 5545 1788 5584 ex
1813 5537 2093 5591 severitate

517 5608 710 5678 aliquid
743 5611 953 5666 remitto
973 5655 988 5677 ,
1016 5622 1069 5667 et
1094 5616 1216 5685 quia
1243 5616 1390 5671 ulcus
1417 5634 1642 5688 serpens
1668 5620 1880 5677 cohibui
1905 5665 1919 5687 ,
1951 5627 2090 5681 cari-

517 5709 672 5753 tatem
699 5713 924 5756 vestram
954 5705 1141 5760 iterum
1166 5707 1300 5762 bona
1328 5724 1422 5778 spe
1450 5711 1687 5768 animare
1715 5715 1836 5768 volo
1856 5756 1870 5780 ,
1903 5731 1968 5772 ne
1991 5719 2087 5772 de-

531 5787 780 5852 δΡθτθιίει
816 5803 916 5853 nes
940 5791 1177 5848 animum
1210 5795 1607 5864 despondeatis.
1640 5804 1755 5863 Non
1787 5808 1926 5864 cuitn
1955 5809 2092 5866 sicut

2216 493 2268 548 in
2294 495 2641 552 sensibilibus
2669 496 2850 562 rebus,
2877 497 2947 551 ita
2975 507 3029 553 et
3055 496 3141 553 hic
3167 512 3264 553 usu
3289 498 3500 562 evenit;
3525 495 3634 552 illic
3660 512 3811 551 nam-

2212 600 2320 655 que
2360 587 2407 642 is
2450 586 2543 658 qui
2587 602 2656 644 ex
2698 587 2899 643 divitiis
2935 587 2987 642 in
3018 599 3313 644 extremam
3356 588 3604 644 redactus
3651 586 3815 641 fuerit

2214 675 2448 747 inepism
2472 719 2488 744 ,
2517 678 2663 736 brevi
2702 694 2796 734 eas
2827 694 3077 750 reparare
3109 680 3330 750 nequit;
3380 679 3466 733 hic
3504 686 3682 732 autem
3713 693 3810 748 per

2217 768 2636 826 misericordiam
2663 771 2782 837 Dei,
2810 772 2855 827 si
2881 771 3038 826 modo
3057 755 3414 826 cendemnare
3439 771 3574 824 facta
3599 780 3807 833 nostra,

2217 869 2268 914 et
2294 860 2405 930 jam
2433 863 2626 919 sistere
2646 863 2905 932 ignaviam
2934 863 3279 920 voluerimus.
3307 861 3599 931 poteriuuts
3625 861 3810 917 statim

2214 951 2282 1006 ad
2307 953 2587 1024 pristinam
2616 954 2994 1012 abundantiam
3024 955 3218 1010 redire.
3249 955 3394 1010 Talis
3421 952 3564 1008 enim
3593 962 3677 1006 est
3704 953 3810 1006 Do-

2216 1043 2395 1098 minus
2435 1052 2621 1099 noster
2643 1086 2659 1112 ,
2693 1053 2905 1115 tamque
2935 1044 3244 1116 magnificus
3272 1054 3328 1100 et
3358 1043 3592 1098 liberalis
3625 1061 3638 1097 ε
3669 1059 3704 1096 ιι
3745 1043 3814 1098 do

2216 1142 2270 1188 et
2316 1134 2509 1189 clamat
2549 1149 2644 1206 per
2692 1136 3044 1206 prophetam,
3090 1135 3275 1191 dicens
3314 1151 3331 1190 :
3383 1132 3652 1189 Volnttltue
3691 1132 3815 1186 nolo

2215 1233 2428 1276 mortem
2454 1225 2730 1294 peccatoris
2749 1266 2767 1291 ,
2792 1226 2882 1280 sed
2909 1236 2963 1279 ut
2991 1235 3329 1290 conrertatur,
3355 1235 3404 1282 et
3431 1226 3563 1280 aiant
3592 1224 3808 1297 (Emit.

2221 1315 2305 1370 l8.
2347 1315 2419 1371 25
2440 1314 2478 1384 ).
2509 1315 2631 1371 Scio
2657 1332 2750 1371 vns
2777 1316 2912 1387 frugi
2943 1316 3188 1372 bomitn-s
3211 1332 3332 1373 esse
3353 1359 3370 1384 ,
3400 1326 3455 1372 et
3481 1316 3688 1387 lapsum
3717 1329 3812 1370 ve-

2217 1416 2386 1459 strmn
2415 1407 2825 1476 pwsentiscere.
2855 1406 2973 1462 Non
3001 1416 3179 1462 autem
3208 1421 3368 1477 parva
3393 1407 3460 1461 ad
3491 1407 3703 1462 virtutis
3731 1421 3814 1461 re-

2217 1494 2387 1551 ditum
2428 1497 2510 1550 via
2539 1505 2649 1562 est,
2680 1497 2821 1553 scire
2851 1509 3191 1568 peccatorum
3217 1495 3658 1568 magnitudinem.
3691 1495 3812 1551 1am

2165 1635 2180 1651 ,
2220 1603 2288 1643 ne
2312 1589 2433 1660 quis
2473 1589 2600 1644 mihi
2643 1591 2834 1646 iterum
2861 1590 3110 1647 diabolici
3140 1591 3284 1647 illius
3311 1590 3511 1646 erroris
3539 1589 3701 1644 verba
3728 1589 3812 1642 af-

2219 1678 2390 1746 ferat,
2415 1679 2598 1735 dicens
2637 1700 2651 1736 :
2680 1683 2847 1748 Quale
2877 1693 3149 1752 peccatum
3175 1693 3291 1748 est,
3323 1681 3504 1737 videre
3531 1689 3814 1736 currentes

2217 1773 2424 1840 equos?
2451 1773 2505 1826 Si
2536 1772 2768 1828 volueris
2810 1773 3099 1843 prudenter
3135 1773 3314 1830 omnia
3346 1773 3555 1830 discere
3587 1788 3709 1843 qum
3741 1772 3812 1826 ibi

2221 1860 2375 1928 fiunt,
2413 1861 2654 1918 invenies
2690 1864 2869 1918 omnia
2904 1879 2969 1919 ex
3009 1864 3244 1919 sataniea
3283 1863 3596 1934 operatione
3628 1863 3813 1932 μω(ίὸ-

2218 1966 2279 2006 re
2305 1951 2401 2022 (ιι).
2433 1950 2550 2008 Νοη
2579 1954 2721 2008 enim
2747 1953 2992 2009 videntur
3017 1955 3116 2010 soli
3143 1954 3267 2026 equi
3293 1964 3571 2010 currentes
3591 1997 3606 2021 ,
3633 1953 3728 2009 sed
3760 1965 3814 2009 et

2219 2044 2484 2100 clamores
2508 2087 2522 2110 ,
2553 2055 2606 2101 et
2637 2046 2978 2117 blasphemia:
3002 2089 3019 2115 ,
3046 2056 3101 2103 et
3125 2047 3275 2102 multi
3315 2046 3671 2116 intempestivi
3699 2060 3816 2101 ser-

2221 2149 2408 2190 mones
2434 2135 2720 2192 sudiuntur
2741 2177 2757 2204 ,
2788 2147 2842 2193 et
2872 2139 3124 2193 mulieres
3148 2139 3452 2208 prostituta:
3491 2138 3543 2192 in
3577 2136 3814 2192 medium

2220 2227 2520 2296 prodeunt,
2551 2237 2606 2283 et
2644 2239 2952 2298 spectantur
2990 2229 3180 2284 molles
3217 2239 3271 2284 et
3307 2228 3598 2284 effeminati
3639 2230 3813 2299 pueri.

2219 2315 2352 2370 Num
2383 2331 2542 2386 parva
2574 2318 2666 2373 tibi
2700 2319 2813 2374 haec
2843 2319 3109 2386 videntur,
3137 2330 3189 2375 et
3216 2335 3338 2390 qua:
3366 2319 3432 2374 ad
3459 2320 3699 2390 captivas
3721 2320 3815 2373 ab-

2219 2405 2492 2462 ducendus
2515 2410 2721 2466 animas
2749 2425 2934 2481 parum
2965 2411 3200 2466 faciant?
3226 2411 3358 2466 Nam
3379 2411 3422 2467 si
3451 2411 3655 2466 fortuiti
3683 2426 3816 2467 emi-

2220 2509 2412 2551 vcntus
2439 2497 2680 2555 incautos
2707 2514 2850 2571 smpc
2878 2503 3307 2572 supplantarunt,
3333 2511 3388 2558 et
3417 2501 3468 2555 in
3499 2501 3819 2571 perditionis

2221 2588 2538 2658 profundum
2555 2607 2697 2662 sa'pe
2719 2602 3018 2659 traxerunt,
3035 2594 3158 2663 quid
3182 2592 3466 2649 verisimile
3477 2604 3554 2649 est
3567 2595 3818 2650 accidere

2220 2678 2346 2744 illis,
2380 2681 2468 2750 qui
2497 2681 2624 2738 illuc
2646 2698 2708 2737 ea
2737 2683 2806 2737 de
2834 2699 2995 2737 causa
3025 2685 3264 2749 veniunt,
3291 2694 3344 2739 et
3373 2685 3557 2740 oculos
3591 2698 3816 2753 pascunt

2219 2768 2414 2826 illicitis
2440 2772 2586 2827 hisce
2611 2773 3016 2843 speetaculis,et
3043 2774 3164 2829 inde
3193 2774 3408 2844 perfecti
3437 2775 3662 2829 adulteri
3692 2774 3783 2830 dis
3801 2809 3814 2817 -

2217 2865 2456 2919 cedunt?
2501 2864 2770 2935 Benigntts
2807 2867 2952 2921 enim
3001 2867 3255 2922 Dominus
3303 2876 3484 2922 noster
3509 2867 3688 2921 sciens
3715 2883 3816 2921 ua-

2218 2967 2392 3012 turam
2423 2965 2658 3011 nostram
2678 2958 2950 3012 tentationi
2981 2958 3298 3028 expositam,
3321 2967 3375 3012 et
3401 2958 3664 3011 d.i-|nonis
3685 2972 3814 3011 ver-

2216 3055 2391 3101 sutam
2437 3056 2493 3102 et
2537 3047 2736 3101 variam
2785 3047 3080 3115 malitiam,
3135 3047 3271 3102 bene
3319 3062 3420 3102 nos
3470 3048 3719 3102 muniens
3763 3056 3817 3103 et

2219 3136 2656 3208 inexpugnabiles
2694 3137 2916 3193 reddere
2955 3137 3142 3193 volens
3165 3177 3182 3204 ,
3215 3137 3386 3208 legem
3430 3139 3565 3194 hanc
3596 3139 3817 3209 posuit,

2216 3229 2401 3284 dicens
2433 3248 2447 3284 :
2483 3229 2581 3296 Qui
2609 3231 2809 3300 inspicit
2837 3232 3094 3285 mulierem
3121 3241 3173 3285 nt
3195 3231 3514 3302 concupiscat
3541 3248 3678 3301 eam,
3694 3233 3815 3302 jam

2216 3321 2534 3375 adnitantur
2557 3331 2630 3376 est
2656 3338 2766 3376 eam
2791 3324 2843 3376 in
2873 3323 3025 3378 corde
3049 3339 3142 3378 suo
3162 3321 3380 3393 (Matth.
3405 3324 3460 3380 5.
3488 3323 3582 3395 28)
3603 3366 3619 3392 ,
3651 3326 3813 3379 adul-

2218 3413 2409 3468 terium
2440 3424 2867 3470 consummatum
2898 3414 3139 3471 vocando
3167 3423 3445 3484 aspectum
3474 3431 3595 3472 cum
3624 3419 3812 3474 curio-

2215 3505 2373 3559 sitate
2419 3505 2635 3560 factum.
2682 3505 2759 3561 Ne
2785 3506 2948 3577 igitur
2974 3506 3060 3561 dic
3090 3507 3224 3561 ultra
3255 3524 3268 3560 :
3298 3507 3435 3574 Quid
3465 3508 3586 3562 mali
3616 3524 3682 3564 ex
3717 3509 3810 3564 illa

2217 3593 2679 3664 frequentatione?
2726 3596 2866 3650 Istud
2913 3597 3083 3666 ipsum
3130 3597 3273 3652 enim
3317 3598 3499 3654 videre
3542 3615 3809 3669 equorum

2214 3693 2490 3738 certamen
2513 3725 2528 3750 ,
2556 3684 2747 3739 sufficit
2777 3685 2841 3739 ad
2870 3687 3090 3740 multam
3118 3686 3408 3756 perniciem
3435 3688 3627 3744 animai
3667 3690 3812 3745 infe-

2215 3773 2456 3829 rendam.
2481 3774 2614 3830 Natn
2644 3791 2765 3830 cum
2799 3777 2850 3831 iu
2879 3777 3079 3832 inutilia
3099 3819 3114 3844 ,
3143 3785 3195 3833 et
3219 3793 3284 3834 ea
3308 3794 3430 3849 qua:
3454 3780 3645 3835 animm
3673 3781 3811 3840 nihil

2213 3867 2536 3935 conducunt,
2559 3869 2654 3925 sed
2681 3879 2733 3924 ct
2760 3869 3016 3925 damnosa
3043 3883 3196 3940 sunt,
3221 3882 3430 3944 tempus
3452 3874 3774 3930 insumimus
3793 3920 3811 3943 ,

2212 3961 2567 4027 altercamur,
2598 3972 2652 4017 et
2697 3964 2974 4018 innumera
3020 3965 3178 4020 verba
3202 4007 3218 4032 ,
3250 3975 3307 4022 et
3346 3981 3466 4038 quas
3509 3968 3650 4038 loqui
3698 3985 3809 4025 non

2213 4060 2462 4121 Oportet,
2494 4051 2760 4123 loquimur
2789 4072 2800 4107 :
2832 4070 2990 4125 quam
3021 4055 3337 4113 habebimus
3363 4057 3573 4113 veniam
3594 4061 3617 4111 τ
3641 4075 3808 4130 quam

2212 4141 2655 4198 excusationem?
2706 4145 2771 4198 Et
2801 4144 2886 4199 hic
2911 4146 3122 4215 quidem
3153 4147 3198 4201 si
3233 4147 3390 4216 paulo
3420 4148 3676 4217 prolixius
3703 4150 3805 4205 do-

2212 4250 2419 4302 cemus,
2449 4236 2600 4290 multi
2632 4246 2944 4292 succensent
2970 4247 3024 4293 et
3053 4253 3195 4309 aegre
3220 4238 3414 4303 ferunt,
3442 4249 3496 4294 et
3526 4241 3809 4296 infirmita-

2213 4337 2318 4384 tem
2357 4330 2600 4400 Corporis
2637 4339 2689 4386 et
2719 4329 2926 4385 labores
2959 4339 3255 4400 prmtexunt
3279 4369 3296 4398 ,
3329 4331 3452 4387 licet
3487 4331 3808 4391 admirabile

2210 4418 2369 4488 hujus
2396 4421 2576 4490 templi
2610 4429 2804 4476 tectum
2835 4421 3055 4476 multum
3086 4421 3326 4487 soletur;
3358 4423 3485 4478 nihil
3515 4425 3657 4478 enim
3687 4443 3806 4479 mo-

2209 4513 2374 4568 lestim
2397 4515 2534 4582 parit
2556 4513 2744 4584 frigus,
2765 4513 2849 4567 vel
2870 4514 3066 4583 pluvia,
3090 4525 3182 4568 aut
3205 4525 3482 4569 Ventorum
3502 4519 3800 4584 asperitas;

2208 4605 2313 4659 illic
2344 4621 2492 4670 vero,
2525 4606 2645 4659 licet
2671 4606 2892 4660 multum
2923 4607 3317 4676 eomplnaatur,
3349 4621 3376 4660 a
3408 4607 3580 4662 vernis
3605 4610 3803 4665 validis

2206 4705 2484 4756 vexentur.
2506 4707 2559 4751 et
2579 4697 2758 4750 calore
2775 4697 2903 4751 solis
2919 4697 3198 4766 aliquando
3215 4707 3460 4763 mstuent,
3482 4713 3588 4752 non
3611 4715 3798 4767 unam,

2208 4803 2381 4857 neque
2419 4786 2554 4842 duas
2595 4796 2798 4841 tantum
2840 4787 2999 4841 boras
3023 4829 3037 4853 ,
3071 4788 3164 4844 sed
3211 4789 3401 4843 bonam
3441 4789 3545 4843 diei
3591 4802 3799 4859 partem

2206 4889 2503 4942 versantur,
2523 4887 2575 4932 et
2598 4894 2768 4950 neque
2788 4894 2950 4934 senex
2973 4895 3136 4934 cauos
3161 4895 3284 4934 suos
3306 4891 3599 4944 reveretur,
3622 4898 3801 4953 neque

2199 4968 2452 5038 juvenem
2483 4971 2641 5040 pudet
2665 4972 2730 5026 ad
2756 4986 3009 5026 canorum
3039 4971 3363 5028 irritamenta
3393 4973 3507 5028 ire:
3531 4973 3625 5029 sed
3649 4985 3796 5032 tanta

2203 5074 2283 5118 est
2319 5063 2431 5117 hare
2460 5063 2702 5131 deeeptio
2725 5105 2741 5131 ,
2773 5073 2831 5118 ut
2854 5079 2974 5118 cum
3005 5065 3272 5134 voluptate
3301 5064 3417 5120 lucc
3441 5080 3562 5122 esca
3589 5069 3796 5122 anima-

2206 5169 2321 5208 rum
2350 5153 2677 5220 admittatur,
2705 5167 2804 5208 nec
2829 5155 3114 5223 cogitetur,
3136 5153 3449 5211 damnosam
3478 5155 3615 5211 banc
3640 5156 3797 5212 volu-

2204 5255 2400 5315 ptatem
2443 5247 2655 5300 brcvcm
2693 5259 2817 5299 esse
2851 5253 2903 5299 et
2945 5245 3318 5314 temporariam
3342 5285 3359 5314 ,
3389 5244 3630 5302 dolorem
3660 5263 3795 5304 vero

2205 5349 2554 5407 perpetuum,
2603 5347 2657 5391 et
2697 5337 2930 5406 graviter
2971 5346 3338 5391 aecusatttram
3379 5339 3793 5394 conscientiam.

2206 5427 2372 5484 Video
2397 5428 2540 5482 enim
2567 5442 2706 5482 nunc
2735 5427 3030 5496 aliquorum
3063 5427 3245 5492 facies,
3272 5437 3326 5483 et
3351 5427 3595 5497 conjecto
3614 5430 3796 5498 qualis

2199 5521 2390 5575 annua!
2420 5535 2604 5574 eorum
2631 5530 2834 5584 status,
2865 5529 3168 5590 quantaque
3198 5534 3336 5575 llllllc
3363 5519 3672 5592 paintentia
3705 5529 3795 5575 te-

2201 5622 2445 5668 nca:.tur.
2482 5611 2677 5668 Verum
2709 5628 2776 5668 ne
2806 5614 2993 5667 itenmi
3025 5613 3076 5667 in
3103 5613 3290 5668 eadem
3318 5614 3588 5682 recidat'is,
3615 5629 3794 5684 netpte

2260 5819 2334 5873 (ul
2369 5816 2422 5868 lu
2445 5818 2577 5867 circo
2599 5816 2754 5880 turpia
2777 5813 3052 5880 spectacula
3075 5811 3426 5864 olferebantnr.
