4080 6308
220 362 279 418 ετ
1393 341 1459 399 ιχ
1493 337 1651 397 CAP.
1682 334 1724 392 ι.
1763 331 1808 392 C

1919 329 2013 388 ss.
2054 327 2289 386 ιιοιιιι..
2333 323 2422 381 \‘l.
3449 318 3520 378 α

218 491 327 554 post
355 485 551 534 tantam
568 480 822 530 nostram
846 465 1268 526 admonitionem
1298 461 1492 517 iterum
1517 455 1584 512 ad
1609 453 1798 511 diabo-

222 547 308 627 lica
337 569 421 624 illa
446 565 678 623 concilia
715 571 772 619 et
804 557 1108 632 spectacula
1135 552 1368 610 curratis
1389 591 1406 618 ,
1440 547 1804 604 necessarium

219 671 290 718 est
318 674 410 714 vos
429 655 726 712 obtestari.
775 651 960 722 Neque
986 646 1130 703 enim
1157 644 1372 714 semper
1400 637 1616 710 expedit
1644 636 1806 706 pltar-

221 767 357 809 maes
393 749 528 805 lenia
553 745 817 802 adhibere
845 761 862 800 :
887 740 983 798 sed
1005 736 1222 810 quando
1248 733 1402 791 ulcus
1424 728 1687 787 curatitmi
1717 741 1804 807 re-

220 843 382 906 sistit,
425 846 641 911 oportet
671 837 903 891 violenta
941 841 998 887 et
1025 824 1311 886 mordacis
1345 823 1634 880 admovere
1660 860 1678 888 ,
1699 831 1808 890 quo

221 933 396 989 rnorbo
415 936 738 987 occurratur
761 925 942 981 citius.

281 1023 332 1079 5.
365 1022 577 1078 Discant
614 1019 774 1089 igitur
798 1027 989 1071 omnes
1012 1009 1098 1068 bis
1123 1006 1440 1066 criminibus
1463 999 1679 1060 obnoxii
1711 1039 1728 1067 ,
1759 997 1807 1054 si

222 1124 330 1185 post
364 1113 499 1168 hanc
543 1121 784 1166 nostram
812 1103 1237 1162 admonitionem
1277 1099 1332 1156 in
1378 1112 1442 1153 ea
1485 1090 1807 1185 negligentia

223 1184 520 1265 manserint,
551 1217 662 1257 non
692 1201 1013 1256 toleraturos
1041 1207 1175 1258 nos,
1200 1188 1300 1248 sed
1325 1186 1530 1260 legibus
1552 1184 1810 1240 ecclesia-

222 1297 357 1352 sticis
377 1309 596 1357 usuros,
620 1299 678 1347 et
704 1301 894 1360 magna
919 1282 1258 1342 vehementia
1282 1281 1556 1344 docturos,
1590 1291 1659 1332 ne
1685 1275 1809 1330 talia

222 1387 430 1461 posthac
475 1385 852 1446 cumtuitl'ml,
903 1393 1038 1434 neve
1081 1384 1233 1432 tanto
1267 1380 1585 1441 contemptu
1628 1367 1809 1424 divina

221 1478 424 1534 audiant
445 1476 681 1546 eloquia.
713 1473 839 1528 llaec
865 1480 1045 1526 autem
1073 1482 1178 1523 non
1203 1466 1274 1522 de
1297 1461 1549 1520 omnibus
1574 1461 1661 1515 hic
1679 1475 1811 1514 eon-

221 1569 441 1644 grrgatis
475 1567 634 1634 dico,
665 1564 760 1622 sed
796 1563 867 1620 de
893 1561 1019 1616 buic
1036 1559 1219 1630 culpa:
1243 1553 1514 1613 obnoxiis.
1551 1549 1812 1607 Omnibus

222 1663 422 1734 quidem
451 1659 758 1732 loquimur;
797 1654 893 1712 scd
928 1666 1086 1710 suum
1111 1649 1387 1706 auditores
1410 1644 1611 1718 quique
1636 1656 1813 1698 reme-

223 1755 356 1810 dium
380 1752 598 1824 capiant
623 1763 794 1806 :reus
819 1746 1037 1819 quidem
1081 1751 1141 1800 ut
1175 1757 1206 1798 a
1244 1739 1442 1797 delicto
1469 1737 1726 1802 desistat,
1757 1741 1815 1789 et

225 1862 320 1901 non
346 1847 480 1901 ultra
507 1841 911 1916 progrediatur,
932 1837 1035 1895 sed
1063 1834 1242 1892 studio
1258 1847 1366 1889 suo
1385 1830 1621 1901 seipsum
1658 1841 1814 1882 revo-

224 1948 320 2002 cet,
340 1949 395 1994 et
415 1952 467 1993 ct
480 1945 595 1991 rata
623 1934 888 2003 corrigat;
915 1930 1166 1985 innoxius
1184 1939 1314 1981 vero
1332 1923 1536 1978 cautior
1554 1921 1644 1974 list
1666 1927 1724 1974 ut
1745 1930 1814 1971 ne

223 2029 472 2100 mpiatur,
498 2041 637 2082 neve
661 2021 948 2094 aliquando
975 2034 1101 2075 rens
1125 2017 1234 2072 tiat.
1262 2012 1530 2071 Cirterum
1552 2021 1608 2065 ut
1629 2024 1698 2063 ex
1728 2021 1814 2062 re-

227 2121 316 2177 bus
335 2121 461 2191 ipsis
482 2127 680 2176 vestra
701 2115 907 2172 caritati
935 2109 1371 2184 persuadeamus,
1393 2121 1458 2161 ex
1491 2118 1674 2159 amore
1700 2109 1815 2157 stu-

225 2212 408 2286 dioque
433 2210 602 2267 vestri
620 2209 774 2266 'bunc
799 2216 1038 2262 nostrum
1061 2202 1229 2258 animi
1253 2200 1493 2256 dolorem
1517 2195 1812 2286 profectum

227 2317 353 2368 esse,
376 2313 430 2358 et
457 2316 560 2357 nos
581 2299 650 2356 ad
676 2299 794 2354 bzce
821 2295 1044 2352 dicenda
1073 2293 1332 2364 impulsos
1357 2305 1478 2346 esse
1507 2286 1648 2358 quod
1678 2285 1822 2341 mul—-

227 2405 328 2450 mm
355 2393 514 2450 saluti
543 2401 737 2448 vestra:
763 2391 1074 2446 timeremus
1105 2402 1122 2441 :
1150 2400 1249 2456 age
1295 2384 1487 2439 iterum
1532 2394 1631 2436 nos
1671 2381 1815 2450 ipsos

227 2484 356 2542 bona
393 2499 491 2555 spe
524 2482 791 2546 foventes,
819 2490 1129 2535 consuetam
1161 2476 1315 2532 vobis
1351 2487 1682 2545 apponamus
1711 2469 1813 2525 do-

225 2576 464 2642 ctriuam,
497 2574 838 2632 declarantes
880 2581 1178 2643 paternam,
1205 2583 1365 2640 quam
1392 2580 1518 2636 erga
1547 2578 1644 2617 vos
1668 2562 1815 2634 gori-

227 2685 358 2737 mus,
385 2667 812 2725 benevolentiam
842 2683 857 2720 :
887 2663 981 2720 sed
1001 2705 1018 2731 ,
1058 2677 1178 2730 oro,
1222 2660 1506 2731 diligenter
1540 2656 1695 2711 dictis
1722 2668 1819 2708 auo

229 2760 462 2828 scultate,
494 2769 554 2815 ut
593 2757 795 2829 majore
826 2771 946 2810 cum
974 2754 1151 2809 l'ruetu
1173 2752 1392 2808 domum
1431 2748 1608 2804 redire
1637 2746 1812 2801 l'ecat.

221 2851 405 2922 Opera:
435 2850 666 2922 pretium
713 2855 891 2902 autem
925 2853 1030 2913 est,
1076 2859 1139 2901 ea
1177 2857 1298 2914 quae
1337 2855 1479 2896 nunc
1520 2840 1653 2896 locta
1693 2843 1817 2892 sunt

225 2943 420 2996 caritati
476 2951 672 2996 vestrae
723 2938 918 2993 dicere.
962 2937 1051 2992 Η.
1103 2934 1172 2990 Et
1207 2934 1358 3000 dixit,
1403 2934 1592 3002 inquit,
1628 2932 1816 2990 Deus:

231 3033 377 3087 Fiant
403 3032 681 3088 luminaria
722 3030 775 3084 in
814 3029 1133 3098 ﬁrmamento
1163 3024 1274 3080 cali
1299 3025 1368 3078 ad
1394 3023 1816 3080 illuminatiouem

225 3141 372 3193 super
393 3135 603 3185 terram,
625 3120 928 3175 uldiridant
955 3119 1084 3170 inter
1105 3117 1240 3170 diem
1268 3125 1314 3169 et
1341 3118 1473 3169 inter
1503 3125 1718 3170 noctem.
1751 3115 1816 3170 Et

230 3213 320 3267 sint
346 3214 397 3267 iu
422 3213 594 3284 signa,
617 3221 668 3264 et
694 3210 746 3263 in
773 3221 1020 3280 (nupera,
1045 3217 1099 3261 et
1125 3207 1175 3260 in
1201 3206 1329 3270 dies,
1358 3216 1404 3258 et
1434 3205 1486 3259 in
1512 3222 1697 3261 annos.
1726 3207 1813 3262 15.

228 3302 292 3360 ει
327 3305 426 3359 siut
465 3303 538 3358 ad
577 3301 997 3358 illuminationem
1037 3299 1089 3352 in
1131 3298 1450 3366 ﬁrmamento
1479 3298 1589 3351 mli
1619 3313 1639 3352 :
1662 3299 1734 3351 ita
1760 3309 1816 3352 ut

229 3394 418 3449 lucrata
435 3409 594 3465 super
611 3400 816 3446 terram.
844 3387 915 3443 Et
935 3393 1126 3460 factum
1148 3397 1222 3442 est
1243 3388 1336 3441 ita.
1363 3386 1653 3458 Postquam
1673 3388 1814 3442 enim

231 3483 335 3538 heri
371 3499 478 3538 nos
517 3481 702 3537 docuit
742 3481 930 3536 beatus
975 3477 1170 3543 Moses,
1217 3477 1488 3547 quomodo
1533 3476 1812 3531 informem

230 3583 417 3630 terram
441 3571 720 3628 ornaverit
747 3570 982 3626 universi
1009 3567 1269 3626 Conditor
1296 3567 1475 3622 herbis
1495 3609 1508 3631 ,
1541 3575 1596 3621 et
1623 3569 1813 3621 llorum

227 3667 473 3721 varietate
495 3705 510 3729 ,
546 3671 602 3720 et
638 3662 900 3718 seminum
929 3660 1192 3732 germine,
1227 3658 1385 3713 hodie
1413 3673 1716 3714 sermonem
1747 3656 1814 3712 ad

227 3767 465 3813 ornatum
511 3755 630 3810 czeli
675 3753 854 3808 vertit.
904 3750 1038 3807 Nam
1085 3751 1222 3806 sicut
1271 3760 1411 3804 terra
1454 3759 1676 3804 ornatur
1722 3764 1816 3818 per

220 3860 284 3901 ca
320 3861 438 3918 qua:
471 3860 542 3900 ex
587 3843 698 3916 ipsa
739 3842 1088 3914 proveniunt,
1115 3841 1196 3896 sic
1232 3841 1422 3896 caelum
1462 3839 1566 3896 hoc
1607 3839 1821 3896 visibile

221 3939 411 3995 clarius
439 3947 496 3996 et
523 3936 771 4010 fulgidius
793 3935 939 4002 fecit,
962 3943 1231 3990 astrorum
1255 3935 1510 3989 varietate
1534 3933 1664 3988 illud
1689 3934 1812 3990 hinc

223 4030 341 4087 inde
367 4031 737 4101 distinguens,
776 4027 1070 4099 pmsertim
1097 4025 1416 4082 fortnatione
1438 4025 1668 4080 duorum
1702 4040 1815 4079 nza-

223 4138 439 4194 gnorum
468 4124 833 4188 luminarium,
857 4121 1008 4188 solis,
1037 4121 1251 4192 inquam
1277 4161 1292 4185 ,
1325 4129 1379 4174 ct
1418 4119 1579 4174 lunas.
1613 4119 1701 4175 16.
1746 4115 1814 4172 Et

227 4219 332 4288 fecit
361 4217 522 4284 Deus,
547 4218 640 4284 ait,
660 4217 761 4271 duo
783 4216 1057 4271 luminaria
1077 4230 1284 4285 magna,
1304 4214 1554 4268 luminare
1572 4224 1813 4283 magnum

223 4318 274 4362 ut
297 4319 532 4379 praestet
561 4309 682 4375 diei,
705 4319 750 4363 et
776 4307 1028 4361 luminare
1054 4307 1222 4360 minus
1244 4314 1298 4359 ut
1323 4315 1553 4373 prmesset
1579 4305 1734 4370 nocti,
1765 4311 1812 4357 et

225 4399 404 4454 stellas.
456 4397 644 4454 Vidisti
683 4397 996 4466 sapientiam
1039 4395 1298 4465 Opiﬂcis?
1348 4393 1490 4450 Dixit
1534 4394 1726 4456 solum,
1758 4402 1814 4449 et

223 4489 537 4558 productum
584 4496 668 4544 est
719 4486 820 4543 hoc
871 4486 1188 4542 admirabile
1237 4486 1602 4550 elementum,
1645 4485 1812 4539 solem

223 4580 355 4635 dico.
405 4580 563 4636 llunc
608 4578 750 4636 enim
785 4588 941 4634 vocat
985 4577 1246 4632 luminare
1288 4591 1573 4647 magnmn,
1601 4587 1652 4631 et
1684 4575 1813 4631 dicit

224 4671 273 4741 ip
300 4687 387 4726 ιιι
411 4669 612 4726 factum
636 4685 780 4736 esse,
801 4679 856 4724 ut
886 4670 1067 4740 prmsit
1086 4669 1213 4724 diei.
1242 4668 1336 4724 Sol
1358 4669 1500 4723 enim
1527 4666 1810 4722 clariorem

221 4760 352 4816 «ιιι-ω
400 4761 591 4828 el‘licit,
636 4760 863 4816 rutilaus
909 4775 1074 4816 aureo
1115 4775 1215 4815 suo
1247 4759 1436 4830 juhare
1464 4769 1517 4814 et
1546 4758 1729 4821 radiis,
1758 4769 1810 4813 et

220 4853 450 4922 quotidie
477 4851 713 4923 speciem
743 4863 893 4905 suam
922 4851 1279 4919 vigescentem
1305 4850 1614 4914 ostendens,
1647 4859 1700 4903 et
1729 4850 1805 4903 si-

224 4944 325 4998 mul
358 4953 524 5014 atque
561 4956 718 4997 mane
754 4948 978 4996 exortus
1017 4939 1197 5007 fuerit,
1226 4957 1386 4995 omne
1410 4941 1683 4994 hominnzu
1713 4956 1808 5010 ge-

223 5049 316 5091 nus
337 5035 402 5090 ad
431 5051 653 5091 suorum
676 5048 899 5104 operum
921 5031 1094 5088 studia
1119 5034 1378 5088 excitans.
1413 5032 1578 5100 llujus
1611 5031 1810 5087 formo-

219 5125 423 5180 sitatem
451 5125 732 5182 declarans
766 5125 953 5180 beatus
982 5123 1176 5190 David,
1206 5123 1378 5192 inquit
1408 5141 1423 5178 :
1454 5121 1523 5176 Et
1547 5124 1653 5191 ipse
1678 5134 1810 5177 taut-

221 5233 364 5276 ruunt
399 5233 619 5288 sponsus
660 5215 918 5288 rgrcdiens
961 5216 1024 5270 de
1062 5216 1285 5270 thalamo
1315 5231 1428 5280 suo,
1458 5215 1724 5270 exsultabit
1753 5225 1810 5270 ut

223 5312 357 5379 gigas
386 5309 456 5361 ad
477 5309 780 5362 currendum
802 5306 972 5370 riam;
997 5322 1030 5359 α
1058 5322 1254 5360 summa
1273 5306 1396 5361 ca'lo
1420 5322 1646 5376 egressus
1676 5307 1724 5375 ej
1731 5323 1809 5374 us,

223 5409 262 5450 et
288 5416 526 5453 occursus
568 5400 681 5471 ejus
719 5413 874 5468 usque
905 5395 976 5452 ad
1010 5412 1258 5450 summum
1285 5396 1396 5450 εωιὶ
1425 5395 1598 5467 (Paul.
1633 5396 1720 5452 18.
1752 5397 1807 5450 6.

223 5487 292 5551 7).
322 5487 485 5543 Vides
513 5486 782 5557 quomodo
821 5487 938 5558 ejus
980 5487 1450 5557 pulchritudinem,
1482 5497 1536 5542 ct
1582 5488 1634 5542 in
1682 5501 1807 5555 ope-

225 5580 383 5633 rando
413 5578 749 5634 velocitatem
776 5578 1101 5634 dctlaravit?
1134 5577 1366 5633 Dicendi)
1395 5578 1633 5644 cni1n,_A
1661 5594 1800 5632 smn-

226 5686 297 5722 ιιιο
320 5673 442 5724 mlo
469 5685 698 5742 egressus
725 5669 852 5737 ejus,
881 5678 926 5722 et
952 5685 1190 5724 occursus
1228 5669 1341 5737 ejus
1381 5683 1538 5738 usque
1572 5670 1638 5721 ad
1673 5683 1810 5722 sunt-

225 5778 350 5814 mum
373 5763 500 5829 mli,
527 5759 847 5834 signiﬁcavit
875 5759 1047 5825 nobis,
1075 5760 1345 5831 quomodo
1376 5761 1428 5814 in
1458 5774 1563 5814 uno
1596 5769 1802 5828 teuin-

1915 453 1992 504 ris
2021 452 2296 502 momento
2337 457 2436 514 per
2470 447 2640 497 totmn
2673 437 2860 494 orbem
2889 433 3165 503 discurrit,
3187 445 3240 490 et
3267 449 3297 488 a
3327 434 3521 490 llnibus

1913 543 1968 599 in
1994 543 2128 597 lines
2151 539 2332 596 radios
2358 536 2539 603 mittit,
2559 532 2786 590 multum
2811 531 3052 587 utilitatis
3076 538 3355 601 pra'staas.
3385 525 3522 584 Nam

1915 649 2020 690 non
2062 632 2236 688 solum
2274 629 2537 694 calefacit,
2571 626 2672 687 sed
2711 635 2767 682 et
2802 624 3052 688 arefacit;
3095 629 3154 679 et
3198 637 3304 677 non
3346 621 3521 676 solum

1915 725 2156 787 arefacit,
2179 722 2273 784 sed
2300 730 2357 778 et
2384 720 2582 785 adurit,
2605 717 2910 788 multosque
2929 715 3066 771 alios
3085 723 3145 770 et
3165 712 3343 767 varius
3365 711 3521 767 nobis

1913 831 2043 872 usus
2067 815 2290 885 prtebct,
2316 823 2478 882 atque
2500 808 2637 867 adeo
2662 822 2915 878 magnum
2943 814 3030 862 est
3054 803 3372 859 miraculum
3399 801 3520 859 eiu-

1912 919 2150 965 mentum
2179 906 2282 962 hoc
2300 947 2315 970 ,
2344 918 2518 976 neque
2543 912 2627 959 est
2647 903 2738 974 qui
2767 901 2952 957 laudes
2979 898 3097 972 ejus
3127 914 3224 970 pro
3252 897 3517 971 dignitate

1913 999 2304 1073 prccdicavcrit.
2334 997 2459 1054 ll:ec
2475 1005 2652 1052 autem
2673 994 2815 1059 dico,
2836 1002 2892 1049 et
2912 1006 3163 1048 sermone
3182 992 3511 1047 elementum

1911 1092 2133 1157 extollo,
2165 1105 2274 1145 non
2319 1097 2378 1144 ut
2423 1090 2475 1142 in
2519 1101 2588 1142 eo
2633 1086 2916 1151 subsistas,
2945 1083 3157 1146 dilecte,
3187 1080 3282 1136 st-d
3315 1092 3371 1136 ut
3397 1081 3524 1138 inde

1914 1183 2193 1248 ascendas,
2213 1191 2268 1237 et
2295 1181 2347 1235 in
2369 1178 2620 1235 elementi
2642 1177 2900 1248 Opiliccm
2921 1172 3329 1230 admirationem
3349 1182 3524 1228 trans.

1916 1275 2079 1330 feras.
2109 1272 2242 1328 Nam
2265 1279 2465 1342 quanto
2485 1270 2658 1338 majus
2677 1267 2980 1324 ostenditur
2998 1264 3350 1323 elementum.
3370 1270 3524 1320 tante

1916 1367 2089 1436 majus
2115 1371 2442 1420 monstratur
2464 1359 2684 1433 Opificis
2715 1357 3054 1414 miraculum.

1986 1460 2043 1514 4.
2074 1456 2309 1513 Stultitia
2328 1453 2654 1508 adorantium
2678 1452 2873 1516 solent;
2895 1465 2988 1504 cur
3012 1457 3125 1520 post
3151 1448 3357 1502 tertium
3381 1445 3519 1500 diem

1914 1551 1993 1606 sol
2025 1547 2277 1603 conditus.
2298 1575 2370 1588 --
2394 1545 2592 1601 Verum
2631 1543 2861 1615 gentiles
2897 1541 3226 1598 admirantes
3253 1553 3304 1596 et
3330 1539 3523 1596 obstu-

1919 1649 2195 1712 pescentes
2219 1647 2427 1694 tantum
2455 1638 2802 1704 elementum,
2833 1635 3056 1692 ulterius
3083 1633 3388 1704 perspicere
3412 1647 3522 1688 non

1917 1742 2223 1807 potuerunt,
2264 1747 2440 1804 neque
2485 1731 2604 1800 ejus
2647 1728 2994 1785 Conditorem
3027 1726 3396 1788 laudaverunt.
3424 1723 3522 1782 sed

1917 1826 1973 1882 in
2003 1827 2276 1881 elemento
2310 1822 2780 1893 conquiescentes,
2813 1819 2987 1889 ipsum
3030 1832 3129 1888 pro
3176 1817 3279 1873 deo
3318 1817 3521 1872 imbue-

1917 1926 2077 1972 runt:
2101 1924 2383 1988 propterea
2424 1923 2480 1970 et
2526 1913 2715 1969 beatus
2756 1910 2954 1968 Paulus
2992 1909 3122 1965 dicit
3155 1926 3167 1939 ·
3192 1907 3262 1963 Et
3301 1906 3523 1963 venerati

1915 2019 2055 2073 sunt,
2087 2007 2449 2076 colueruntque
2485 2013 2771 2060 creaturam
2811 2001 3006 2073 magis,
3041 2016 3193 2072 quam
3230 1998 3522 2057 Creatorem

1918 2099 2094 2170 (Rom.
2130 2099 2179 2152 l.
2206 2097 2322 2168 25).
2365 2095 2506 2164 Quid
2546 2095 2690 2150 enim
2745 2093 3082 2164 iusipientius
3121 2091 3243 2159 illis,
3279 2091 3367 2162 qui
3413 2104 3520 2146 non

1921 2197 2208 2258 potuerunt
2249 2203 2316 2242 cx
2358 2186 2619 2242 creaturis
2647 2198 2939 2255 agnoscere
2978 2183 3309 2247 Creatorem,
3341 2181 3436 2238 sed
3469 2182 3522 2236 in

1919 2290 2125 2336 tantum
2157 2287 2515 2349 pervenerunt
2542 2291 2816 2340 errorem,
2849 2286 2907 2329 ut
2943 2284 3245 2330 creaturam
3275 2285 3329 2329 ct
3355 2275 3524 2330 lactu-

1920 2389 2034 2428 ram
2076 2373 2127 2426 in
2159 2370 2403 2426 ordinem
2431 2368 2704 2424 Creatoris
2730 2366 3033 2424 referrent?
3074 2367 3412 2438 Quapi-Opter
3435 2366 3522 2421 di-

1919 2465 2040 2518 vina
2070 2462 2343 2533 Scriptura
2368 2461 2668 2533 prmv-idcns
2696 2473 2993 2531 propensos
3011 2457 3078 2514 ad
3098 2473 3344 2515 errorem
3373 2458 3524 2529 igua.

1919 2573 2035 2622 vos,
2075 2557 2231 2610 docet
2275 2569 2392 2620 nos,
2437 2563 2556 2624 post
2597 2554 2813 2609 tertium
2853 2552 2997 2608 diem
3047 2551 3148 2606 hoc
3195 2553 3522 2608 elementum

1917 2663 2042 2705 esse
2088 2648 2404 2713 conditum,
2455 2655 2738 2717 postquam
2789 2654 2932 2701 terra
2981 2643 3269 2715 omnigena
3314 2643 3521 2699 semina

1922 2742 2163 2813 protulit,
2195 2750 2250 2797 et
2277 2756 2435 2796 suum
2467 2741 2675 2809 accepit
2703 2748 2952 2793 ornatum
2982 2755 2994 2793 :
3026 2746 3087 2792 ut
3129 2737 3258 2791 nulli
3302 2735 3524 2806 pusulae

1919 2835 2097 2890 dicere
2119 2833 2294 2897 liceat,
2325 2833 2441 2888 sine
2465 2831 2595 2886 solis
2613 2830 3000 2902 cooperatione
3026 2844 3133 2883 non
3160 2835 3524 2883 maturescere

1921 2926 2098 2999 fruges
2129 2937 2181 2981 ct
2215 2935 2503 2996 proventus
2533 2933 2711 2980 terrm.
2760 2922 2963 2978 Idcirco
2989 2920 3228 2978 declarat
3255 2919 3344 2975 tibi
3372 2927 3525 2976 ante.

1920 3034 2078 3089 quam
2101 3018 2181 3073 sol
2211 3020 2556 3082 lormaretur,
2586 3016 2765 3070 omnia
2800 3014 2961 3069 luisse
2981 3013 3218 3083 impleta,
3252 3021 3306 3065 ut
3332 3025 3400 3066 ne
3422 3010 3523 3067 soli

1922 3111 2184 3165 fructuum
2230 3117 2518 3179 proventus
2558 3106 2868 3170 adscribas,
2913 3103 3008 3159 sed
3056 3104 3295 3158 omnium
3342 3102 3521 3173 opilici

1922 3201 2055 3267 Deo,
2082 3201 2170 3272 qui
2201 3201 2330 3255 dixit
2362 3199 2428 3255 ab
2455 3199 2607 3253 initio
2639 3217 2653 3253 :
2686 3196 2944 3252 Germinet
2982 3204 3116 3250 terra
3143 3195 3348 3249 herbam
3377 3193 3523 3266 fetui.

1919 3293 2072 3358 Quod
2096 3293 2139 3348 si
2169 3293 2420 3358 dixerint,
2450 3291 2581 3347 solis
2614 3289 2943 3345 iunctionem
2982 3289 3143 3344 etiam
3169 3286 3371 3358 aliquid
3394 3302 3525 3358 ope-

1922 3386 2050 3450 rari,
2087 3393 2144 3441 ut
2174 3384 2386 3460 fruetus
2421 3391 2807 3444 maturescunt.
2840 3396 3016 3452 neque
3052 3395 3151 3451 ego
3189 3379 3522 3434 eontradieo.

1919 3479 2052 3534 Nam
2083 3479 2219 3532 sicut
2245 3477 2289 3533 si
2316 3476 2604 3547 agricolam
2625 3476 2798 3530 dicam
2822 3473 3104 3543 eooperari
3129 3470 3196 3527 ad
3226 3481 3387 3526 terra:
3410 3469 3524 3524 cul-

1922 3579 2054 3632 tum,
2085 3585 2189 3624 non
2214 3569 2335 3625 ideo
2364 3569 2670 3623 universum
2695 3567 2871 3622 tribuo
2890 3565 3161 3636 agricolae,
3188 3564 3285 3620 scd
3311 3563 3522 3620 etiamsi

1922 3664 1964 3715 is
1995 3662 2298 3717 sexcenties
2320 3675 2474 3716 suum
2501 3669 2622 3730 agat
2648 3656 2907 3721 cilicium,
2929 3656 3030 3712 nisi
3060 3655 3106 3711 is
3131 3655 3221 3727 qui
3251 3669 3350 3710 suo
3380 3670 3524 3710 man-

1918 3757 2045 3812 dato
2082 3756 2151 3810 ab
2190 3755 2341 3810 initio
2389 3761 2587 3808 terram
2633 3751 2700 3806 ad
2749 3749 3021 3806 faciendos
3046 3747 3522 3805 fructusiduncam

1921 3847 2064 3911 fecit,
2097 3846 2163 3901 ad
2191 3846 2293 3901 hoc
2320 3861 2438 3900 eam
2465 3859 2678 3914 quinque
2701 3857 2920 3897 movere
2944 3840 3091 3907 vt-lit,
3126 3840 3253 3894 nihil
3283 3839 3524 3909 proﬁciet

1919 3939 2103 3994 inultis
2139 3935 2415 3992 laboribus
2447 3952 2460 3989 :
2491 3933 2741 3990 similiter
2777 3933 2918 3998 dico,
2950 3931 3158 3987 etiarnsi
3189 3944 3308 3984 cum
3337 3929 3524 3985 labore

1918 4032 2102 4088 rustici
2142 4030 2414 4100 conspiret
2453 4027 2582 4083 solis
2608 4036 2663 4082 et
2688 4027 2828 4080 luna:
2853 4025 3095 4096 operatio
3114 4066 3130 4088 ,
3158 4031 3214 4077 ct
3241 4022 3356 4077 ca-li
3381 4031 3522 4076 tem—

1919 4126 2116 4196 pet-ius,
2140 4135 2313 4192 neque
2333 4120 2410 4175 sic
2432 4119 2714 4175 utilitatem
2736 4118 2969 4188 aliquam
2992 4114 3130 4181 fore,
3157 4115 3256 4170 nisi
3284 4127 3519 4184 superne

1919 4217 2037 4271 illos
2065 4213 2285 4270 dextera
2314 4209 2523 4268 Domini
2549 4209 2820 4278 adjuverit
2853 4227 2868 4264 :
2897 4208 2996 4262 hac
3019 4215 3198 4262 autem
3237 4221 3396 4260 manu
3425 4221 3520 4258 va-

1918 4307 2023 4361 lida
2048 4306 2267 4375 jus-ante
2287 4304 2448 4359 etiam
2464 4301 2732 4359 elementa
2759 4299 3047 4370 plurinmm
3069 4299 3370 4352 conferunt.
3397 4295 3522 4352 lla‘c

1919 4399 2082 4468 prolze
2113 4396 2371 4452 memoria
2403 4403 2668 4461 tenentes,
2712 4391 3040 4464 compescite
3078 4404 3174 4444 eos
3216 4389 3304 4460 qui
3348 4387 3522 4443 adhuc

1917 4503 2099 4544 errare
2126 4488 2326 4552 volunt,
2359 4495 2413 4540 et
2449 4501 2556 4550 non
2598 4485 2900 4550 concedite,
2934 4492 2993 4540 ut
3037 4480 3308 4539 Creatoris
3350 4479 3522 4535 honor

1917 4589 2178 4636 creaturae
2209 4579 2551 4636 concedatur.
2600 4580 2898 4648 Eapropter
2932 4588 2986 4633 et
3026 4576 3209 4632 divina
3246 4573 3522 4646 Scriptura

1919 4689 2024 4726 non
2051 4671 2224 4726 solum
2256 4669 2703 4742 pulchritudinem
2732 4668 2844 4740 ejus
2869 4710 2884 4734 ,
2917 4677 2972 4722 et
2998 4666 3440 4737 magnitudinem,
3467 4674 3522 4720 et

1920 4764 2202 4818 utilitatem
2245 4761 2508 4829 ostendit,
2539 4760 2766 4816 dicendo
2798 4780 2811 4814 :
2847 4759 2994 4816 Sicut
3039 4775 3276 4829 sponsus,
3305 4768 3378 4815 et.
3417 4755 3523 4812 Ez-

1918 4857 2124 4912 sultabit
2149 4856 2278 4910 sicut
2306 4859 2450 4927 gigas
2492 4854 2560 4909 ad
2599 4852 2903 4908 currendum
2939 4853 3108 4916 rium;
3135 4851 3229 4907 sed
3261 4860 3314 4907 et
3350 4850 3518 4905 imbe-

1919 4948 2194 5003 cillitatem
2222 4945 2656 5016 debilitatemqne
2681 4946 2720 4998 ¹.
2764 4943 2904 5000 Audi
2940 4943 3082 5000 enim
3121 4943 3246 5014 quid
3286 4941 3408 4996 alibi
3441 4941 3526 4997 di-

1918 5050 2005 5094 cat
2038 5056 2052 5092 :
2085 5038 2220 5105 Quid
2244 5039 2348 5092 sole
2371 5036 2629 5092 lucidius?
2657 5047 2704 5091 et
2726 5035 2823 5090 hoc
2851 5035 3023 5105 deﬁcit
3066 5033 3255 5103 (Eccli.
3286 5035 3371 5088 l7.
3403 5032 3520 5103 50).

1918 5131 1995 5187 Ne
2024 5140 2074 5186 te
2098 5129 2328 5200 decipiat
2353 5169 2370 5195 ,
2411 5129 2603 5200 inquit,
2628 5127 2993 5199 spectaculum
3025 5144 3040 5180 :
3070 5140 3189 5180 nam
3221 5125 3264 5178 si
3295 5123 3536 5193 voluerit

1916 5226 2175 5282 Conditor
2206 5225 2491 5294 imperare,
2521 5223 2671 5294 quasi
2709 5236 2998 5292 numquam
3031 5219 3206 5284 fuerit,
3238 5219 3308 5272 ita
3339 5218 3522 5287 dispa-

1919 5320 2076 5374 rebit.
2125 5319 2249 5372 llzcc
2289 5318 2332 5370 si
2382 5316 2771 5372 intellexissent
2809 5313 3074 5386 gentiles,
3118 5311 3424 5381 neutiquam
3467 5311 3523 5366 in

1920 5421 2126 5468 tantum
2169 5408 2480 5464 incidissent
2517 5423 2787 5472 errorem,
2828 5405 2923 5462 sed
2959 5413 3104 5461 recte
3129 5401 3424 5468 vidissent,
3452 5416 3521 5457 ex

1951 5514 2286 5561 rcntnrarum
2328 5502 2782 5572 contemplatione
2819 5516 2914 5570 par
2951 5512 3070 5552 esse
3105 5496 3171 5550 ad
3209 5495 3519 5551 Creatorem

1919 5593 2234 5651 ascendere.
2281 5593 2501 5663 Propter
2543 5591 2645 5647 hoc
2683 5599 2872 5662 quarto
2912 5588 3000 5643 die
3040 5587 3209 5642 solem
3249 5582 3407 5646 fecit,
3451 5597 3522 5639 ne

1982 5709 1998 5741 ι
2037 5715 2163 5763 ttzrc.
2180 5707 2265 5757 mi
2280 5711 2324 5756 ct
2348 5704 2591 5756 imbecilli!
2611 5711 2719 5754 :tcm
2739 5700 3264 5764 (lcbilitatemquc,qmc
3289 5699 3338 5748 ln
3354 5694 3498 5746 \torel

1918 5770 2145 5826 deorum,
2171 5773 2219 5820 iu
2245 5772 2436 5818 acturis
2458 5768 2717 5815 itttivt'lllur.
