4080 6308
507 285 580 349 59
1211 283 1268 340 Β.
1308 279 1581 338 ,ΙΟᾹΝΝΙΒ
1615 269 2088 336 CIIRYSOSTOMI

2225 270 2448 328 ClllEl‘.
2488 268 2748 330 CONSTA
2757 273 3024 332 ΝῪΙΝΟΡ.
3711 264 3786 327 ω

509 411 664 469 putes
690 400 835 454 illum
865 397 969 453 diei
996 404 1289 452 auctorem.
1319 393 1448 448 Nam
1477 391 1614 462 quod
1643 390 1710 445 de
1731 387 2021 444 seminibus
2053 398 2080 435 a

512 491 666 545 nobis
694 489 895 544 dictum
925 498 1029 552 est,
1055 495 1110 540 et
1132 485 1200 540 de
1223 484 1310 540 die
1339 484 1458 537 licet
1484 484 1682 546 dicere,
1708 493 1897 548 nempe
1928 475 2088 529 fuisse

513 592 624 636 tres
648 582 761 635 dies
786 588 910 635 aute
937 578 1064 633 solis
1087 573 1480 630 formationem.
1510 573 1678 627 Voluit
1709 581 1886 624 autem
1915 561 2090 621 Durni-

515 689 615 725 nus
641 681 695 727 et
719 686 814 740 per
843 671 942 724 boc
969 667 1290 723 elementum
1319 665 1601 720 clariorem
1627 662 1732 716 dici
1762 662 1933 715 lucem
1963 655 2089 710 red-

516 761 678 816 dere:
701 761 749 813 id
776 758 914 828 quod
937 767 993 812 et
1019 757 1086 813 de
1108 756 1302 811 minori
1330 755 1598 815 luminari.
1625 754 1722 806 boc
1749 760 1847 812 est,
1877 749 1945 803 de
1972 749 2091 801 luna

518 854 851 906 dixerimus:
887 848 1038 904 facta:
1089 849 1230 904 enim
1273 856 1398 903 sunt
1444 856 1550 900 tres
1589 852 1771 898 noctes
1813 851 1935 894 ante
1979 838 2095 907 ejus

519 941 910 994 formationem.
953 942 1200 994 Attamen
1243 948 1294 992 et
1336 937 1451 990 hac
1489 934 1738 1004 producta
1767 946 1914 985 suam
1943 929 2094 981 affert

519 1032 797 1086 utilitatem
829 1023 846 1085 Δε
868 1032 1090 1099 dissipat
1125 1029 1266 1084 enim
1307 1028 1478 1081 noctis
1517 1023 1783 1088 tenebras,
1807 1031 1865 1075 et
1895 1020 2093 1078 ferme.

518 1133 577 1178 ut
605 1125 672 1176 ita
703 1123 894 1187 dicam,
922 1119 1106 1176 eadem
1129 1135 1245 1188 qute
1257 1119 1342 1173 sol
1359 1118 1471 1186 ipse
1492 1115 1610 1169 facit
1632 1128 1756 1183 erga
1777 1113 1876 1165 alia
1898 1109 2095 1164 munia.

523 1211 614 1267 Sol
644 1212 784 1265 enim
811 1210 1086 1264 ordinatus
1111 1217 1193 1262 est
1218 1208 1285 1262 ad
1314 1207 1416 1261 hoc
1450 1205 1519 1261 Ut
1545 1212 1778 1274 pra'csset
1806 1201 1905 1254 diei
1930 1241 1944 1263 ,
1977 1199 2098 1252 luna

525 1311 726 1366 autem,
756 1299 823 1355 Ut
844 1309 1075 1370 praesset
1097 1299 1249 1352 nocti.
1278 1296 1412 1364 Quid
1443 1305 1525 1349 est
1555 1293 1622 1349 Ut
1648 1301 1877 1362 pra-esset
1900 1289 2017 1351 diei,
2049 1296 2104 1340 et

527 1389 595 1445 Ut
644 1400 874 1460 praesset
914 1390 1087 1443 nocti?
1128 1388 1483 1450 Putestatem,
1519 1383 1722 1453 inquit,
1752 1380 1981 1449 accepit,
2013 1378 2103 1432 ille

525 1480 736 1546 quidem
765 1477 891 1541 diei,
921 1477 1034 1531 haec
1062 1490 1187 1530 vero
1211 1476 1380 1530 noctis
1400 1514 1415 1538 ,
1447 1482 1506 1527 ut
1530 1473 1608 1527 sol
1635 1471 1775 1525 diem
1805 1470 1915 1523 suis
1945 1467 2103 1522 radiis

527 1570 805 1624 clariorem
828 1568 1049 1631 reddat;
1081 1568 1202 1622 luna
1226 1575 1403 1621 autem
1434 1574 1489 1618 ut
1515 1563 1756 1634 dispellat
1788 1562 2031 1617 tenebras
2051 1571 2106 1614 et

529 1661 799 1714 hominum
830 1659 1010 1729 generi
1039 1659 1235 1712 lumine
1268 1671 1366 1711 suo
1395 1655 1697 1710 facultatem
1728 1652 1962 1724 praebeat
1995 1650 2107 1702 suis

531 1751 753 1820 negotiis
770 1749 1008 1803 vaeaudt‘.
1040 1749 1188 1802 Tunc
1215 1748 1356 1801 enim
1375 1749 1545 1799 viator
1565 1745 1808 1798 fidentius
1832 1744 1934 1798 iter
1961 1741 2103 1804 facit,

528 1850 584 1892 et
628 1849 785 1892 nauta
828 1839 1001 1892 navitn
1031 1838 1183 1906 regit,
1207 1846 1262 1891 et
1286 1835 1452 1891 maria
1479 1834 1694 1903 trajitit,
1717 1842 1771 1889 ct
1795 1848 1890 1886 sua
1920 1833 2110 1901 cuique

533 1928 729 1993 studia,
752 1944 980 1999 suasque
1007 1937 1150 1982 artes
1188 1937 1330 1981 metu
1373 1927 1546 1996 posito
1579 1926 1973 1995 aggrediuntur.
2007 1924 2106 1977 De-

533 2020 657 2074 inde
698 2029 976 2088 postquam
1008 2033 1106 2072 nos
1135 2019 1311 2072 docuit
1343 2017 1564 2072 istorum
1604 2015 1938 2070 Iuminarium
1971 2014 2112 2067 utili-

534 2118 718 2171 tatem.
747 2108 914 2178 inquit
943 2126 957 2163 :
992 2108 1076 2162 l7.
1112 2105 1176 2159 Et
1204 2108 1393 2161 stellas.
1436 2106 1500 2159 Et
1530 2107 1695 2175 posuit
1732 2103 1868 2158 Deus
1907 2105 2023 2158 illus
2060 2105 2110 2157 in

535 2201 851 2268 ﬁrmamento
890 2199 1036 2263 caeli,
1074 2199 1143 2251 ita
1185 2209 1237 2251 ut
1285 2199 1484 2251 luceant
1524 2213 1675 2268 super
1716 2207 1916 2261 terram,
1951 2195 2033 2250 18.
2068 2206 2113 2248 ct

535 2292 738 2362 pra'sittt
759 2291 860 2344 diei
881 2289 1113 2353 πηοί-τὶ.
1133 2300 1178 2342 et
1201 2298 1429 2359 separent
1454 2288 1583 2341 inter
1605 2288 1770 2340 lucem
1799 2296 1846 2340 et
1866 2285 2111 2339 tenebras.

607 2383 660 2436 5.
698 2380 1029 2434 Pulcltritudo
1057 2390 1103 2434 et
1129 2380 1318 2434 utilitas
1338 2379 1449 2432 etuti
1463 2395 1483 2444 ;
1521 2378 1690 2432 omnia
1723 2386 1926 2448 promer
1954 2377 2117 2430 Itami-

536 2487 646 2525 nem
671 2479 838 2524 creata
861 2479 1086 2523 sunt.-—
1113 2469 1486 2523 Animadverte
1517 2465 1601 2521 hic
1621 2476 1875 2537 quantum
1905 2473 1960 2520 et
1990 2465 2116 2519 ista-

537 2575 657 2615 rum
688 2575 840 2614 usmn
872 2559 1024 2613 nobis
1048 2557 1354 2614 declaravit.
1393 2556 1570 2611 Posuit
1591 2548 1729 2624 illas,
1749 2555 1936 2626 inquit,
1955 2556 2006 2609 in
2026 2555 2119 2625 ﬁr-

537 2660 784 2704 mamento
801 2653 930 2705 ctuti.
955 2651 1090 2718 Quid
1107 2660 1210 2717 est,
1235 2649 1446 2703 Posuit?
1469 2647 1730 2718 Numquid
1751 2647 1896 2718 quasi
1918 2646 2121 2702 diceret

541 2741 752 2810 aliquis,
777 2740 954 2794 Fixit?
983 2741 1170 2794 Absit:
1197 2739 1437 2795 videmus
1462 2739 1603 2793 enim
1635 2738 1777 2809 ipsas
1801 2753 1944 2807 sepe
1965 2739 2121 2791 unico

544 2833 802 2902 temporis
858 2840 1130 2886 morneuto
1183 2845 1433 2900 maguum
1481 2831 1710 2885 transire
1757 2831 2019 2899 spatium,
2067 2837 2122 2884 et

539 2936 825 2991 numquam
876 2921 925 2975 itt
966 2936 1076 2975 uno
1117 2921 1236 2975 loco
1282 2931 1445 2988 stare,
1491 2921 1584 2976 sed
1619 2935 1797 2985 suum,
1833 2936 1988 2990 quem
2020 2919 2122 2972 illis

544 3009 797 3064 Dominus
826 3010 1097 3079 przrecpit,
1125 3023 1338 3064 cursum
1368 3009 1642 3079 perlicere.
1666 3008 1808 3077 Quid
1835 3009 1992 3077 igitur
2016 3017 2120 3073 est,

547 3097 766 3153 Posuit?
807 3098 863 3152 ld
898 3108 995 3163 est,
1028 3098 1304 3168 imperavit
1330 3109 1386 3152 ut
1411 3099 1538 3167 ipsa:
1561 3104 1741 3153 essent
1765 3098 1816 3151 iu
1844 3098 1995 3151 ca-lo.
2029 3096 2122 3150 Et-

545 3191 687 3243 enim
735 3190 834 3244 hoc
876 3205 937 3242 ex
980 3189 1205 3244 decursu
1241 3190 1534 3259 Scriptura:
1562 3188 1736 3244 licebit
1765 3189 1970 3249 videre,
2003 3190 2124 3258 quia

545 3281 667 3334 alibi
694 3281 822 3334 dicit
852 3297 866 3331 :
901 3278 1076 3333 Posuit
1102 3280 1234 3334 Dens
1260 3281 1422 3333 Adam
1444 3282 1493 3333 in
1515 3282 1752 3349 paradiso
1774 3279 1926 3347 (Gen.
1962 3280 2016 3335 ‘2.
2041 3280 2123 3349 8),

547 3385 651 3424 nou
677 3370 819 3440 quod
850 3371 1080 3425 infixerit
1098 3385 1219 3424 eum
1250 3369 1515 3438 paradiso,
1539 3370 1630 3426 sed
1650 3370 1792 3440 quod
1814 3372 2127 3440 pra-ceperit

545 3469 605 3515 ut
628 3470 769 3515 esset
799 3461 849 3513 in
884 3461 1145 3530 mradiso.
1177 3461 1437 3517 Similiter
1455 3471 1506 3516 et
1532 3463 1597 3517 de
1619 3463 1789 3518 stellis
1812 3463 2124 3529 dixerimus,

551 3551 840 3620 imperasse
871 3565 1061 3619 uetrpe
1088 3551 1165 3605 eis
1197 3560 1252 3604 nt
1278 3563 1456 3606 essent
1482 3553 1534 3606 in
1562 3551 1893 3606 firmamento
1917 3553 2053 3618 czeli,
2076 3562 2130 3607 et

552 3655 705 3693 suum
737 3641 913 3694 lutneu
941 3655 1102 3708 super
1138 3652 1330 3695 terram
1360 3642 1683 3696 emitterent.
1715 3642 2093 3698 Animadverte
2112 3683 2128 3708 ,

548 3731 792 3790 obsecro.
817 3729 1028 3796 dilecte,
1060 3731 1373 3800 quibusnam
1401 3731 1563 3801 pratis
1579 3743 1631 3786 et
1654 3731 1821 3786 hortis
1844 3733 2132 3802 jucundius

558 3837 663 3876 non
703 3823 860 3876 luerit
888 3833 1130 3891 spectare
1159 3824 1210 3878 in
1239 3823 1413 3878 media
1440 3835 1594 3878 nocte
1619 3825 1808 3879 vetulum
1840 3825 2009 3879 stellis
2042 3824 2131 3877 di-

552 3913 896 3975 stiuctum,et
920 3913 1189 3967 Stellarum
1217 3913 1472 3969 varietate
1495 3916 1643 3985 quasi
1674 3915 1892 3970 ﬂoribus
1918 3916 2134 3985 quibus-

556 4004 679 4058 dam
698 4019 1044 4072 conspersum
1066 4014 1120 4059 et
1139 4014 1405 4071 ornatum,
1437 4008 1659 4060 multum
1687 4006 1818 4062 lucis
1842 4021 2004 4076 super
2030 4016 2132 4061 ter-

556 4111 668 4151 ram
712 4096 1026 4151 effundere?
1067 4097 1197 4151 Nam
1239 4107 1294 4152 et
1336 4098 1389 4152 iu
1437 4097 1538 4153 hoc
1581 4098 1839 4153 ordinata:
1883 4107 2039 4163 sunt,
2082 4109 2139 4152 ut

558 4189 768 4243 luceant
792 4202 952 4258 super
977 4197 1169 4242 terram
1193 4231 1204 4250 .
1235 4199 1288 4242 et
1317 4190 1532 4257 prmsittt
1557 4188 1663 4244 diei
1696 4203 1758 4244 ac
1785 4189 1958 4253 nocti,
1991 4189 2132 4258 quod

557 4277 876 4348 generaliter
895 4288 948 4332 et
972 4277 1040 4333 de
1061 4278 1263 4349 magnis
1287 4279 1633 4333 luminaribus
1651 4279 1852 4334 dictum
1872 4289 1973 4334 est.
2002 4279 2134 4334 Nam

560 4378 836 4439 postquam
864 4369 1044 4424 docuit
1082 4385 1179 4423 nos
1203 4411 1218 4436 ,
1257 4371 1523 4440 quomodo
1555 4372 1777 4426 formata
1806 4370 2003 4426 fuerint
2031 4371 2138 4425 duo

564 4465 842 4517 luminaria
872 4478 1083 4534 magna,
1121 4472 1176 4517 et
1211 4463 1379 4518 stella:
1406 4482 1420 4516 :
1448 4464 1516 4518 de
1557 4465 1807 4518 omnibus
1849 4465 1900 4518 in
1941 4480 2139 4534 genere

561 4553 710 4617 dicit,
743 4551 804 4605 Et
830 4554 1030 4621 prtcsint
1053 4553 1150 4606 diei
1174 4569 1235 4605 ac
1259 4553 1412 4616 nocti,
1432 4563 1479 4606 et
1501 4563 1731 4621 separent
1757 4555 1886 4605 inter
1913 4555 2071 4606 lucem
2093 4565 2138 4607 el

566 4643 811 4698 tenebras.
854 4643 1138 4699 Enimvero
1174 4645 1310 4699 sicut
1342 4643 1568 4698 interdiu
1599 4644 1767 4698 stella:
1792 4643 1843 4698 in
1871 4644 2005 4697 cado
2034 4659 2139 4697 non

566 4736 809 4790 videntur
851 4735 1148 4789 discurrere
1184 4735 1427 4797 (illarum
1454 4735 1594 4790 enim
1625 4749 1776 4789 usum
1807 4734 1984 4789 lumen
2015 4734 2144 4788 solis

567 4829 730 4908 multa
756 4827 996 4882 claritate
1022 4826 1265 4897 obtegit),
1300 4828 1368 4880 ita
1397 4843 1567 4898 neque
1598 4838 1753 4883 noctu
1783 4828 1862 4883 sol
1891 4839 2104 4898 apparet
2125 4869 2140 4894 ,

565 4921 859 4976 suilicieute
887 4920 1006 4974 luna
1032 4934 1129 4974 suo
1159 4920 1360 4974 lumine
1398 4920 1465 4974 ad
1502 4920 1840 4976 illustrandas
1865 4922 2035 4976 noctis
2063 4930 2141 4975 te-

568 5014 759 5067 nchras
790 5030 803 5066 :
828 5028 1013 5067 verum
1042 5012 1304 5068 elementa
1325 5027 1547 5084 qumque
1573 5014 1708 5068 intra
1734 5028 1861 5069 suos
1887 5015 2144 5069 terminos

572 5112 806 5172 manent,
833 5113 888 5159 et
917 5117 1198 5174 numquam
1227 5119 1378 5160 suam
1410 5119 1712 5160 mensuram
1745 5107 2142 5176 transgrediun-

570 5207 654 5251 tur
677 5215 691 5252 :
714 5198 807 5252 sed
833 5197 1232 5268 dispositionem
1255 5209 1307 5254 et
1327 5198 1566 5254 ordinem
1593 5199 1797 5253 Domini
1820 5200 2141 5263 custodiunt,

569 5305 832 5358 suumque
855 5304 989 5361 opus
1019 5290 1235 5345 faciunt.
1279 5290 1408 5356 Quis
1447 5300 1623 5345 autem
1659 5291 1761 5346 alia
1787 5295 1963 5345 omnia
1990 5308 2148 5345 enar-

571 5385 786 5446 raverit,
829 5399 947 5451 qua:
987 5384 1176 5438 horum
1220 5384 1555 5439 luminariqu
1602 5395 1658 5439 et
1702 5385 1976 5439 stellarum
2022 5401 2147 5439 usus

573 5479 806 5532 luitnauo
835 5479 1290 5547 generi-confert?
1335 5480 1448 5535 Sint
1482 5479 1646 5545 enim,
1680 5480 1866 5550 inquit,
1894 5481 1944 5532 in
1980 5482 2143 5550 signa,

562 5585 608 5625 et
645 5571 696 5624 in
728 5581 974 5640 tempora,
1001 5583 1046 5623 ct
1070 5572 1267 5636 indies,
1296 5582 1343 5623 et
1372 5572 1422 5624 in
1451 5587 1630 5625 annos.
1671 5570 1806 5636 Quid
1835 5572 1949 5624 est?
1981 5569 2042 5624 In
2075 5574 2142 5624 si-

577 5679 677 5732 gna
710 5673 753 5718 et
779 5664 829 5718 in
859 5675 1102 5735 tempora.
1131 5674 1177 5720 et
1211 5666 1261 5719 in
1288 5665 1411 5731 dies,
1440 5673 1484 5719 et
1511 5665 1562 5718 in
1590 5662 1790 5720 annos?
1819 5663 2016 5720 Docere
2045 5681 2140 5720 nos

2199 384 2307 439 vult
2335 385 2511 440 divina
2538 385 2806 454 Scriptura
2827 426 2844 449 ,
2874 382 3064 436 borum
3088 394 3302 436 cursum
3332 378 3606 433 scientiam
3630 379 3791 433 nobis

2198 487 2493 548 temporum
2524 476 2788 542 conferre,
2818 474 3208 529 vicissitudines
3233 473 3668 533 conversionmu,
3697 488 3789 523 nu-

2199 586 2405 623 merum
2435 570 2662 630 dictum,
2684 567 2807 622 anni
2828 567 3150 622 curriculum
3179 575 3270 620 :et
3295 580 3361 618 ex
3395 565 3474 618 bis
3504 578 3794 633 possumus

2197 659 2512 729 dignoscere
2538 659 2734 714 omnia.
2782 656 2989 713 Etenim
3018 654 3342 726 gubernator
3359 655 3426 709 ad
3451 655 3640 706 borum
3667 668 3795 705 cur-

2199 766 2316 803 sum
2360 759 2628 819 spectans,
2676 758 2731 804 et
2772 748 2824 802 in
2867 747 3056 802 caelum
3103 746 3359 809 intentus,
3402 743 3795 814 diligenterque

2199 840 2412 895 discens
2455 841 2654 905 omnia,
2683 839 2932 907 navigare
2970 837 3174 907 incipit,
3208 836 3372 890 maria
3403 837 3612 900 transit,
3643 845 3698 890 et
3739 836 3793 886 in

2201 929 2518 986 densissima
2554 939 2732 994 nocte,
2764 931 2890 984 visis
2913 929 3087 984 stellis
3105 929 3122 960 ¹
3155 929 3333 983 navim
3359 928 3590 998 dirigere
3615 936 3671 981 et
3695 941 3798 981 sua

2202 1031 2318 1076 arte
2359 1023 2586 1096 salutem
2617 1020 2988 1090 navigantibus
3016 1020 3146 1075 dare
3171 1021 3330 1075 solet.
3361 1019 3452 1075 Sic
3476 1027 3531 1074 et
3551 1017 3790 1089 agricola

2204 1127 2268 1166 es
2300 1111 2404 1166 illis
2429 1111 2590 1166 discit
2616 1111 2832 1182 quando
2857 1118 3100 1180 oporteat
3126 1111 3333 1165 semina
3362 1119 3519 1164 terra:
3544 1107 3803 1163 conlinit-

2207 1214 2339 1268 tere,
2371 1203 2584 1275 quando
2615 1213 2810 1259 terram
2833 1202 3126 1272 pastinare,
3151 1209 3207 1256 et
3233 1213 3412 1264 arare,
3444 1199 3660 1269 quando
3693 1197 3796 1252 fal-

2207 1313 2323 1352 cem
2349 1312 2545 1351 acuere
2572 1305 2627 1350 ut
2657 1296 2832 1365 fruges
2859 1294 3117 1348 demetat.
3149 1291 3266 1348 Non
3297 1305 3462 1362 pauca
3487 1291 3608 1345 vita:
3640 1289 3804 1359 hujus

2207 1389 2486 1442 commoda
2533 1398 2830 1457 temporum
2872 1383 3123 1450 scientia,
3166 1382 3372 1437 dierum
3413 1393 3702 1444 numerus,
3747 1387 3805 1433 et

2209 1480 2334 1534 anui
2364 1479 2594 1534 circulus
2631 1477 2861 1532 afferunt
2891 1493 2906 1530 :
2942 1476 3212 1545 multaque
3255 1473 3308 1528 in
3358 1473 3424 1528 iis
3468 1471 3802 1542 deprehendi

2213 1582 2430 1642 possent
2468 1571 2534 1624 ad
2577 1568 2857 1625 fovendam
2897 1569 3184 1624 humanam
3212 1567 3374 1621 vitam
3414 1563 3589 1630 utilia,
3629 1578 3807 1632 neque

2211 1672 2294 1717 est
2340 1662 2430 1732 qui
2471 1671 2658 1716 exacte
2705 1673 2989 1716 recensere
3027 1657 3232 1728 singula
3279 1656 3490 1726 possit:
3520 1669 3586 1710 es
3619 1653 3810 1723 paucis

2216 1764 2393 1809 tamen
2421 1763 2650 1824 quantus
2688 1766 2875 1806 eorum
2913 1750 2984 1805 sit
3019 1764 3148 1805 usus
3179 1745 3588 1817 conjectandum
3618 1753 3724 1808 est,
3752 1754 3813 1796 et

2214 1863 2337 1901 cum
2364 1845 2607 1901 admirati
2634 1845 2892 1899 fuerimus
2915 1850 3210 1907 creaturas,
3245 1854 3432 1896 earum
3459 1835 3647 1907 Opifes
3671 1850 3808 1905 quo-

2217 1954 2317 2008 que
2347 1935 2648 1991 adorandus
2690 1946 2745 1990 et
2785 1932 3141 1991 celebrandus
3163 1940 3246 1987 est
3271 1949 3286 1987 :
3316 1929 3652 2000 suspicienda
3682 1929 3812 1982 item

2219 2028 2502 2083 ineffabilis
2531 2028 2668 2081 illius
2695 2027 3015 2097 benignitas,
3043 2039 3203 2096 quam
3233 2039 3362 2096 erga
3392 2021 3680 2076 humanum
3711 2036 3812 2090 ge-

2220 2136 2319 2174 nus
2362 2118 2609 2174 exhibuit
2639 2137 2654 2172 :
2680 2118 2875 2188 quippe
2915 2126 3134 2188 propter
3177 2114 3248 2169 nil
3288 2112 3430 2168 aliud
3473 2111 3589 2166 hare
3629 2115 3816 2165 mutua

2221 2212 2487 2282 produxit.
2514 2227 2674 2283 quam
2713 2221 2928 2281 propter
2977 2209 3248 2264 hominem
3291 2223 3450 2278 quem
3495 2221 3601 2261 nou
3642 2205 3819 2260 multo

2221 2313 2340 2374 post
2366 2305 2514 2375 quasi
2545 2318 2721 2374 regem
2749 2311 2803 2357 et
2833 2303 3125 2373 principem
3155 2299 3402 2355 omnibus
3429 2314 3460 2353 a
3494 2313 3552 2354 se
3581 2298 3820 2353 conditis

2223 2397 2569 2467 prmfecturus
2595 2407 2733 2449 erat.
2760 2393 2823 2447 Et
2847 2395 2988 2460 vidit,
3015 2394 3113 2458 ait,
3141 2392 3272 2446 Deus
3290 2391 3426 2462 quod
3447 2399 3572 2445 esset
3601 2391 3816 2445 bonum.

2225 2487 2382 2541 Vides
2411 2486 2635 2556 singulis
2659 2485 2845 2539 diebus
2875 2483 3157 2539 ostendere
3181 2483 3415 2537 d.viuam
3444 2482 3779 2552 Scripturam
3802 2522 3820 2546 ,

2225 2578 2336 2634 Deo
2374 2580 2585 2648 placere
2626 2586 2922 2640 creaturas,
2962 2584 3016 2629 ut
3055 2589 3270 2629 omnem
3303 2583 3542 2643 arriputet
3569 2574 3823 2628 occasio-

2225 2687 2347 2727 nem
2379 2687 2562 2726 eorum
2585 2713 2600 2738 ,
2627 2672 2715 2743 qui
2746 2668 3141 2739 reprehendere
3169 2668 3366 2722 audent
3388 2682 3450 2721 ea
3483 2682 3602 2736 qua:
3630 2667 3700 2720 ab
3727 2666 3826 2719 illo

2224 2774 2346 2819 sunt
2380 2765 2557 2819 facta?
2600 2762 2752 2831 Quod
2788 2763 2932 2818 enim
2971 2761 3130 2832 ltujus
3169 2760 3244 2815 rei
3284 2760 3455 2830 gratia
3495 2773 3828 2827 unoqumpte

2224 2858 2312 2914 die
2351 2858 2623 2928 Scriptura
2663 2855 2840 2910 divina
2884 2854 2985 2909 hoc
3032 2852 3314 2925 significet,
3341 2867 3408 2908 ex
3435 2851 3824 2921 consumenda

2226 2947 2568 3003 manifestum
2597 2959 2698 3003 est.
2731 2945 3042 3002 Sufticiebat
3066 2945 3209 3000 enim
3237 2944 3307 3000 de
3331 2942 3582 2998 omnibus
3605 2952 3824 2996 emitu-

2227 3038 2302 3093 ris
2327 3037 2496 3093 semel
2523 3037 2735 3104 dicere,
2764 3036 2942 3090 omnia
2968 3050 3318 3105 qutecumque.
3340 3033 3500 3096 fecit,
3529 3049 3651 3088 esse
3681 3033 3826 3087 lunia

2230 3131 2384 3186 valde
2413 3149 2428 3184 :
2461 3131 2556 3186 scd
2585 3132 2762 3187 scit-us
2790 3138 2984 3201 quanta
3013 3129 3082 3182 sit
3106 3128 3362 3182 mentium
3388 3137 3691 3182 nostrarum
3734 3127 3824 3180 in-

2229 3224 2473 3288 lirmitas,
2496 3222 2802 3294 singillatim
2832 3221 2934 3275 hoc
2959 3218 3102 3283 facit,
3123 3228 3180 3272 ut
3200 3218 3376 3273 discas
3401 3217 3662 3286 sapientia
3690 3231 3828 3285 qua-

2229 3317 2352 3371 dam
2405 3316 2632 3380 solerti,
2680 3324 2736 3369 et
2790 3313 3115 3384 benignitate
3168 3310 3505 3368 inenarrabili
3560 3310 3822 3380 producta

2231 3406 2394 3462 fuisse
2415 3407 2614 3460 omnia.
2648 3405 2733 3460 l9.
2767 3404 2829 3458 Et
2857 3405 3048 3474 factum
3072 3411 3164 3468 est,
3193 3402 3380 3472 inquit,
3407 3417 3629 3471 uespere,
3657 3411 3702 3454 et
3734 3404 3826 3469 fa-

2231 3508 2364 3553 ctum
2394 3507 2467 3552 est
2491 3513 2671 3564 utaris,
2707 3497 2816 3550 dies
2844 3505 3075 3568 quartus.
3112 3494 3397 3564 Postquam
3423 3494 3564 3546 cuitu
3593 3490 3831 3546 absolvit

2233 3599 2480 3644 ornatum
2511 3590 2650 3654 caeli,
2680 3598 2734 3643 et
2760 3588 2930 3642 stellis
2958 3585 3085 3640 illud
3115 3584 3406 3648 decoravit,
3427 3583 3642 3653 duoque
3667 3582 3832 3637 lumi-

2236 3681 2380 3734 naria
2413 3695 2601 3749 magna
2626 3679 2896 3749 produxit,
2931 3677 3091 3731 linem
3121 3673 3227 3729 diei
3261 3675 3543 3743 imposuit;
3568 3684 3621 3730 et
3646 3670 3828 3727 dixit:

2238 3771 2307 3826 Et
2333 3776 2518 3841 factum
2544 3783 2614 3826 est
2642 3789 2864 3843 vespere,
2893 3781 2940 3825 et
2961 3771 3157 3840 factum
3174 3779 3246 3822 est
3268 3782 3434 3830 mane,
3459 3766 3567 3820 dies
3591 3777 3826 3835 quartus.

2241 3863 2371 3918 Vide
2396 3878 2503 3933 quo
2531 3873 2683 3932 pacto
2707 3872 2761 3917 et
2783 3864 2884 3917 hoc
2912 3877 3007 3931 per
3024 3859 3260 3930 singulos
3280 3859 3396 3913 dies
3415 3864 3830 3921 commemorat,

2238 3956 2414 4010 divina
2445 3955 2691 4023 dogmata
2732 3953 2995 4024 frequenti
3035 3950 3399 4006 admonitione
3437 3957 3632 4004 nostra:
3661 3951 3831 4002 tuenti

2241 4048 2460 4117 indigere
2489 4048 2693 4101 videns.

2313 4143 2364 4196 6.
2410 4139 2942 4194 Moraliseahortatio.
2977 4167 3048 4177 --
3090 4135 3215 4190 Haec
3258 4134 3416 4204 igitur
3456 4133 3633 4186 om:tia
3677 4133 3837 4202 quasi

2245 4233 2505 4302 insculpta
2536 4233 2828 4286 retinentes
2865 4229 2917 4282 iu
2949 4227 3230 4282 latitudine
3260 4225 3471 4291 cordis,
3526 4239 3633 4293 quo
3657 4222 3803 4292 nein

2240 4327 2472 4397 gentiam
2503 4340 2715 4378 onmem
2742 4323 3094 4382 excutiamus,
3112 4334 3242 4373 sana
3270 4325 3520 4373 accurate
3552 4324 3837 4370 teneamus

2242 4419 2509 4487 dogmata,
2543 4427 2702 4485 atque
2723 4431 2816 4468 eos
2836 4414 2925 4482 qui
2953 4411 3134 4481 gentili
3154 4425 3340 4463 errore
3369 4415 3832 4475 prazoccupantur,

2244 4510 2390 4561 ounti
2423 4505 2831 4560 mansuetudine
2857 4503 3166 4564 doceamus,
3220 4515 3286 4552 ne
3329 4496 3573 4552 ordinem
3601 4495 3838 4550 Confun-

2245 4598 2396 4658 dant.
2423 4613 2595 4666 neque
2622 4596 2807 4649 relicto
2832 4593 3089 4646 Creatore
3120 4602 3398 4644 creaturas
3423 4585 3648 4641 adorent
3669 4626 3683 4648 ,
3712 4603 3840 4654 qua:

2245 4689 2316 4742 ob
2341 4696 2578 4741 nostram
2605 4686 2830 4738 salutem
2873 4691 2930 4738 et
2975 4682 3254 4735 utilitatem
3308 4681 3459 4732 facta:
3505 4684 3650 4731 sunt.
3698 4675 3838 4730 Nam

2248 4778 2345 4834 etsi
2376 4778 2569 4831 millies
2589 4774 2962 4843 dirumpuntur
3004 4770 3256 4841 gentiles,
3306 4779 3483 4822 tamen
3518 4767 3660 4821 clara
3703 4783 3841 4820 voce

2247 4871 2443 4936 clamo,
2498 4876 2716 4939 propter
2771 4865 3060 4930 humanum
3092 4875 3262 4928 genus
3319 4858 3433 4913 ha~c
3473 4857 3651 4912 omnia
3695 4856 3837 4911 facta

2247 4977 2403 5028 esse;
2437 4961 2536 5014 sibi
2563 4960 2703 5012 enim
2731 4955 3005 5010 sufﬁciens
3044 4952 3226 5022 opifex
3263 4952 3411 5005 nullo
3435 4951 3657 5004 istorum
3701 4963 3842 5018 opus

2248 5053 2477 5107 habebat
2508 5069 2521 5104 :
2551 5050 2643 5104 sed
2673 5059 2730 5102 ut
2751 5063 2874 5116 erga
2904 5064 2999 5100 nos
3024 5061 3173 5099 suam
3225 5043 3606 5112 benignitatem
3646 5051 3839 5093 osten-

2248 5146 2418 5210 deret,
2453 5145 2566 5196 lnec
2585 5142 2763 5196 omnia
2797 5139 3062 5207 produxit,
3083 5137 3460 5190 demonstrans
3510 5143 3712 5203 quanto
3741 5132 3843 5183 bo-

2249 5253 2378 5292 nore
2403 5241 2756 5305 prosequatur
2786 5230 3074 5282 humanum
3106 5241 3293 5296 genus,
3323 5234 3380 5279 ut
3407 5225 3488 5279 bis
3527 5223 3838 5277 manuducti

2249 5329 2487 5385 debitam
2519 5325 2616 5396 ipsi
2643 5323 3012 5378 adorationem
3043 5319 3353 5374 referamus.
3412 5318 3636 5383 Quanta:
3693 5317 3839 5369 enim

2249 5420 2487 5476 stultitia:
2514 5427 2596 5472 est
2620 5427 2744 5470 ante
2767 5412 3016 5484 pulchras
3040 5422 3314 5466 creaturas
3340 5409 3688 5479 procumbere
3709 5419 3759 5462 et
3787 5412 3842 5463 in

2253 5516 2356 5570 illis
2382 5512 2697 5574 consistere,
2729 5521 2825 5562 nec
2855 5506 3099 5560 attollere
3129 5505 3320 5558 tuentis
3348 5501 3531 5556 oculos
3577 5501 3642 5555 ad
3691 5501 3847 5556 illum

2321 5674 2334 5703 ί
2371 5669 2579 5730 Coislitt.,
2596 5668 2741 5730 juxta
2765 5664 3009 5719 stellarum
3033 5660 3325 5727 mulionem.
