4080 6308
245 343 316 404 st
1411 341 1478 399 IN
1517 341 1673 399 cur.
1704 340 1745 397 ι.
1789 337 2036 396 senss.
2083 341 2307 402 ιιθιιιι.
2361 346 2472 406 vn.
3494 367 3566 426 ω

247 457 337 531 qui
351 456 731 528 easpndusit,
749 471 924 528 neque
943 454 1107 512 Paulo
1122 455 1345 512 credere
1360 455 1560 512 dicenti
1577 472 1590 508 :
1612 454 1636 509 1
1646 455 1856 509 nvistbi-

245 550 319 605 lia
335 550 475 606 illius
485 550 823 605 excruciatas
833 549 1010 603 πωπάὲ
1030 565 1120 619 per
1134 563 1317 620 raqtue
1327 548 1464 618 facta
1479 556 1596 602 sunt
1605 546 1858 601 intellecta

240 640 769 712 ρσεὶἀαιιιινωοιη.
789 643 842 697 l.
859 639 974 714 20)!
990 640 1126 708 Quid
1139 640 1292 707 dicis,
1306 639 1641 733 homolcmn
1657 640 1857 743 videris

243 731 461 798 calum,
489 730 780 788 admiraris
805 731 923 803 ejus
947 731 1361 800 formositatem,
1386 730 1654 787 astrorum
1682 731 1858 786 varie-

248 832 438 889 tatem,
464 822 734 878 claritatis
754 823 1144 879 eminentiam?
1170 823 1248 880 Ne
1265 823 1337 878 ibi
1357 823 1639 886 subsistas,
1661 824 1756 879 sed
1783 822 1852 878 ad

242 911 508 984 Opiﬁcem
539 914 716 984 ipsum
745 923 888 970 tuam
917 914 1149 970 extende
1176 923 1412 971 mentem
1442 932 1457 969 :
1493 915 1544 970 in
1574 922 1850 985 stuporem

249 1017 308 1062 te
328 1021 522 1062 rursus
541 1007 763 1077 conjicit
781 1008 873 1063 lux
907 1008 1060 1076 solis,
1092 1016 1148 1064 et
1161 1007 1447 1063 admiraris
1467 1007 1849 1078 ejusmultipli-

241 1110 362 1151 cem
394 1111 589 1152 usum:
621 1107 678 1154 et
700 1099 827 1169 quia
854 1098 1005 1155 vides
1056 1098 1236 1154 radios
1281 1099 1614 1156 illustrantes
1663 1100 1852 1156 oculos

241 1194 392 1250 tuos,
420 1187 708 1246 admiraris
728 1189 980 1246 elementi
1017 1190 1512 1262 pulchritudinem!
1537 1191 1643 1248 Sed
1675 1207 1850 1264 neque

240 1275 335 1330 hic
360 1277 664 1346 subsistas;
695 1278 805 1336 imo
825 1279 927 1338 hoc
952 1282 1151 1353 cogita,
1182 1283 1229 1338 si
1254 1293 1500 1339 creatura
1521 1290 1632 1340 tam
1679 1281 1850 1339 admi-

241 1366 434 1421 rabilis
451 1376 553 1431 est,
576 1377 632 1424 et
645 1384 806 1440 supra
823 1371 1063 1428 omnium
1084 1374 1389 1444 Opinionem
1415 1384 1470 1431 et
1490 1375 1842 1446 intellectum,

234 1467 485 1526 quantus
505 1470 589 1516 est
615 1462 710 1532 qui
735 1462 908 1533 ipsam
933 1465 1052 1521 solo
1075 1466 1245 1522 verbo
1268 1477 1324 1523 et
1351 1464 1624 1539 pimcepto
1649 1468 1848 1540 produ-

239 1548 361 1604 sit?
385 1549 625 1621 ldipsu
651 1553 804 1609 etde
854 1563 1000 1611 terra
1050 1564 1229 1614 tecum
1274 1560 1556 1616 considera
1585 1578 1600 1617 :
1629 1560 1847 1634 quando

239 1638 445 1697 videris
470 1657 590 1698 eam
617 1642 838 1702 ﬂoribus
853 1648 1058 1713 ornari,
1088 1649 1229 1705 sicut
1253 1651 1633 1707 vestimentum
1660 1652 1843 1709 multis

230 1730 517 1788 coloribus
542 1732 878 1804 distinctum,
899 1739 1048 1793 varia
1070 1738 1361 1797 herbarum
1399 1750 1583 1814 segete
1608 1742 1847 1816 undique

233 1820 350 1891 tegi
379 1837 395 1874 :
429 1837 499 1879 ne
513 1825 695 1880 virtuti
708 1835 865 1882 terra:
880 1826 1227 1886 adscribasea
1242 1846 1362 1902 qua:
1384 1846 1449 1888 ex
1467 1833 1580 1904 ipsa
1608 1847 1846 1891 nascun-

235 1921 352 1979 tur,
377 1928 558 1987 neque
575 1913 710 1972 solis
731 1918 815 1974 vel
843 1918 984 1976 luna
1002 1922 1406 1992 cooperationi;
1436 1925 1533 1982 sed
1556 1924 1726 1996 probe
1745 1940 1844 1982 eo-

228 2003 349 2074 gita
376 2004 546 2062 Deum
571 2016 698 2066 ante
725 2008 939 2067 illorum
963 2014 1293 2071 creationem
1312 2014 1516 2074 dixisse
1540 2018 1840 2090 dumtaxat,

235 2092 1844 2172 Mmmmfaimtmoxomnemterrzefao

234 2188 379 2245 ciem
394 2191 841 2250 ornatamfuisae.
861 2193 918 2252 Si
934 2194 1053 2252 hinc
1079 2197 1303 2269 singulis
1329 2199 1521 2257 diebus
1561 2204 1841 2261 nobiscum

237 2296 544 2351 versemus,
558 2283 657 2354 ipsi
669 2284 811 2358 grati
823 2290 1050 2357 erimus,
1069 2297 1125 2344 et
1139 2289 1369 2348 Domino
1379 2301 1438 2356 ut
1449 2292 1625 2364 decet,
1641 2296 1756 2352 imo
1783 2307 1844 2353 ut

231 2374 816 2446 nostraviresfetunt,
845 2377 1069 2450 gloriam
1096 2379 1364 2438 dabimus.
1395 2382 1634 2441 Gloriam
1657 2395 1842 2443 autem

231 2465 336 2538 ipsi
352 2466 677 2534 tribuemus,
696 2483 916 2542 unnper
929 2470 1033 2529 hoc
1045 2474 1241 2542 solum,
1275 2475 1373 2556 sed
1395 2484 1455 2536 et
1471 2493 1568 2550 per
1582 2478 1840 2549 optimam

230 2555 427 2624 vitam,
448 2557 497 2612 si
520 2558 696 2614 nonin
719 2560 910 2618 eadem
932 2571 1153 2636 pecua
1167 2555 1491 2636 recidamus,
1511 2569 1606 2626 sed
1624 2570 1840 2643 longum

231 2648 353 2704 vale
374 2647 626 2707 dicentes
649 2649 934 2733 diabolicis
959 2653 1318 2726 “lusionibus,
1349 2657 1589 2732 diligenti
1615 2663 1841 2733 posthac

227 2740 570 2809 attentione,
601 2731 880 2817 mhltoque
908 2746 1114 2816 studio,
1144 2757 1199 2806 et
1217 2731 1469 2807 continua
1497 2731 1840 2813 confessione

229 2846 531 2904 supernam
557 2832 993 2894 benevolentiam
1016 2841 1178 2899 nobis
1200 2843 1574 2902 conciliemus.
1629 2845 1840 2906 Sufﬁcit

230 2927 378 2980 enim
408 2923 489 2980 illi
514 2923 590 2980 ob
613 2940 868 2998 magnam
897 2942 1052 2986 suam
1094 2931 1546 3004 misericordiam,
1581 2946 1640 2992 ut
1682 2937 1834 2994 desi~

229 3023 443 3071 stans
466 3031 499 3070 a
522 3019 775 3088 peccatis.
806 3019 864 3076 Si
890 3022 1034 3078 enim
1062 3023 1167 3080 hoc
1193 3027 1564 3097 statuerimus,
1586 3029 1747 3088 facile
1782 3039 1840 3088 et

228 3105 295 3159 ad
329 3104 600 3162 bonorum
639 3123 866 3180 operum
892 3113 1160 3170 actionem
1203 3115 1565 3186 impellamur.
1593 3119 1674 3176 Ne
1692 3121 1835 3192 quis,

231 3198 488 3266 obsecro,
523 3199 745 3268 posthac
765 3202 819 3256 in
846 3203 1181 3261 circensibus
1229 3207 1371 3266 ludis
1417 3221 1709 3284 appareat,
1769 3231 1840 3273 ne

228 3287 351 3357 quis
379 3288 438 3342 in
456 3292 850 3348 conventiculis
871 3293 1268 3367 intempestivis
1309 3299 1415 3357 diei
1457 3313 1661 3373 partem
1701 3305 1837 3362 dila-

227 3379 420 3448 pidet;
448 3396 518 3436 ne
537 3382 657 3452 quis
679 3383 916 3440 talorum
944 3385 1093 3453 ludo,
1128 3398 1181 3444 et
1205 3390 1429 3447 clamori
1455 3394 1545 3464 qui
1574 3394 1698 3452 inde
1727 3398 1836 3453 ori-

227 3477 316 3523 tur
342 3484 412 3525 ac
433 3470 655 3541 reliqua:
682 3474 938 3542 perniciei
968 3478 1190 3547 pOSlllac
1241 3495 1302 3538 se
1345 3483 1660 3541 admisceat.
1703 3488 1836 3556 Qua:

227 3559 378 3615 enim
413 3561 620 3618 utilitas
640 3563 855 3634 jejunii,
886 3567 996 3635 dic,
1018 3570 1245 3628 obsecro
1270 3615 1286 3639 ,
1334 3575 1380 3629 si
1412 3585 1524 3632 toto
1569 3577 1657 3634 die
1699 3579 1834 3636 nihil

225 3651 498 3720 comedis,
529 3653 670 3709 ludis
696 3666 875 3712 autem
900 3661 1145 3727 tesseris,
1174 3672 1228 3721 et
1244 3667 1480 3736 nugaris,
1507 3682 1652 3738 siupe
1671 3672 1832 3728 etiam

227 3743 447 3812 peieras
476 3753 533 3799 et
554 3743 918 3818 blasphemas,
948 3760 1004 3808 et
1032 3742 1104 3808 ita
1153 3762 1324 3812 totum
1372 3759 1597 3816 insnmis
1637 3761 1782 3819 diem
1809 3764 1834 3819 2

224 3830 326 3900 Ne,
354 3833 614 3904 obsecro,
648 3853 716 3894 ne
746 3840 816 3894 ita
848 3842 1181 3913 negligentes
1210 3847 1380 3902 simus
1409 3849 1461 3903 in
1483 3854 1834 3924 nostraipso-

224 3939 346 3980 rum
378 3927 587 4011 salute;
623 3930 752 4000 quin
785 3935 964 4002 potius
987 3949 1168 3994 sermo
1205 3947 1391 3996 noster
1442 3943 1513 3999 sit
1560 3944 1629 4000 de
1669 3948 1832 4017 spiri-

222 4002 492 4085 tualibus,
523 4028 581 4075 et
601 4020 796 4078 librum
829 4025 1070 4083 divinum
1098 4030 1330 4102 accipiat
1359 4033 1553 4105 aliquis
1580 4037 1635 4091 in
1660 4002 1834 4094 niani-

223 4105 349 4174 bns,
372 4113 798 4184 convocatisque
836 4119 1116 4188 proximis,
1144 4137 1240 4192 per
1262 4124 1440 4180 divina
1483 4127 1698 4200 eloquia
1755 4133 1831 4187 ri-

219 4211 314 4267 get
335 4209 392 4253 et
408 4209 566 4255 suam
597 4212 652 4258 et
675 4207 1020 4273 pmsentium
1049 4223 1286 4269 mentem
1311 4233 1324 4270 ς
1351 4227 1406 4272 ιιι
1433 4219 1511 4273 sie
1539 4219 1832 4279 diabolicae

226 4291 464 4347 insidias
492 4294 734 4367 eﬂ'ugere
761 4299 1056 4371 valeamus,
1084 4321 1310 4378 magnos
1330 4313 1615 4383 percipere
1639 4314 1828 4386 jejunii

219 4381 461 4452 fructus,
480 4396 539 4442 et
564 4387 666 4444 frui
690 4390 1022 4464 benignitate
1042 4397 1157 4464 Dei,
1187 4402 1362 4470 gratia
1383 4413 1439 4459 et
1468 4381 1828 4465 miserationi-

220 4475 326 4532 bus
351 4478 618 4549 nnigeniti
643 4481 926 4557 Filiiejus,
979 4504 1102 4547 cum
1145 4506 1255 4563 quo
1309 4495 1454 4552 Patri
1505 4509 1561 4555 et
1605 4500 1827 4571 Spiritui

217 4580 416 4625 sancto
437 4572 509 4627 sit
531 4572 723 4643 gloria,
748 4576 1055 4650 imperium,
1074 4583 1267 4652 honor,
1292 4603 1437 4646 nunc
1463 4599 1521 4648 et
1569 4606 1786 4666 semper
1805 4639 1824 4666 ,

216 4669 276 4717 ct
305 4660 362 4716 in
392 4664 592 4718 secula
617 4669 959 4728 smculnrum.
987 4675 1181 4732 Amen.

817 4784 1096 4846 HUMIUA
1122 4791 1232 4849 VII.

218 4864 288 4922 ει
311 4865 458 4922 dixit
476 4868 619 4926 Dens
644 4893 656 4928 :
690 4871 928 4932 Educant
951 4897 1098 4950 aqua
1121 4887 1322 4955 replilia
1346 4892 1632 4948 animarum
1651 4896 1824 4952 niveu-

288 4958 447 5025 ιξιη,
473 4970 523 5013 et
550 4963 777 5018 volatilia
796 4967 1018 5024 uolantia
1039 4989 1194 5042 super
1218 4988 1407 5033 terram
1432 4987 1710 5040 secundum
1736 4991 1828 5057 fir-

286 5059 608 5149 mans-nituit
635 5055 768 5122 celi,
796 5069 844 5111 et
868 5059 1062 5128 factum
1088 5076 1162 5120 est
1189 5068 1299 5139 sic(
1326 5068 1453 5127 Gen.
1507 5076 1553 5129 Ι.
1585 5076 1700 5149 20)..
1737 5055 1824 5136 -Εε

287 5140 418 5209 fecit
443 5137 583 5194 Dens
605 5152 710 5198 cete
732 5161 938 5218 ningua,
975 5163 1020 5205 et
1050 5171 1247 5211 omnem
1264 5137 1488 5218 animum
1521 5137 1824 5225 animalium

285 5231 579 5302 aprilium,
625 5249 741 5303 qua
783 5242 1135 5308 produxerunt
1163 5265 1308 5316 aqua:
1333 5256 1607 5313 secundum
1637 5277 1823 5332 genera

284 5321 432 5390 σιω(
462 5319 599 5377 Ibid.
629 5325 694 5380 21
729 5325 772 5399 ).

288 5452 317 5508 1
330 5489 348 5505 .
369 5450 520 5507 Dida
538 5454 592 5509 in
617 5460 923 5527 procedenti
939 5462 1167 5523 Humilia
1182 5472 1379 5544 mitigat
1401 5493 1420 5542 ,'
1444 5493 1619 5537 auocat
1643 5502 1675 5538 α
1690 5487 1823 5544 ludis

207 5543 568 5601 Circensibus.
601 5578 674 5589 —
697 5550 822 5608 Heri
845 5570 942 5611 eos
968 5560 1058 5628 qui
1085 5561 1151 5616 ad
1180 5543 1444 5635 equestris
1477 5572 1584 5628 ludi
1614 5591 1824 5647 specta-

214 5636 395 5690 ntium
419 5637 688 5707 abierant,
721 5645 852 5699 satis
883 5650 1314 5723 perstrinximus,
1341 5636 1706 5726 demonstrata
1739 5688 1822 5732 ets

219 5723 442 5796 lusura
495 5747 660 5806 quam
703 5733 946 5799 fecemnt
993 5747 1357 5834 magnitudine
1387 5772 1402 5811 :
1434 5773 1626 5833 nempe

1967 454 2300 524 spiritualcm
2326 459 2639 521 thesaurum
2666 481 2726 521 es
2741 469 2956 540 jejunio
2987 473 3272 531 collectum
3295 479 3456 538 simul
3482 485 3568 544 ei-

1963 545 2220 615 fuderint,
2248 559 2303 607 et
2326 567 2392 608 ex
2435 570 2627 628 magna
2653 557 2979 618 abundantia
3011 563 3064 621 in
3092 579 3395 627 extremam
3446 574 3568 632 ino-

1961 638 2105 709 piam
2126 640 2304 698 subito
2349 645 2558 716 seipsos
2599 649 2963 720 coniecerim.
3009 659 3145 728 Age,
3179 659 3385 720 leniore
3408 663 3572 724 hodie

1962 737 2176 785 utamur
2193 733 2455 804 remedio,
2483 745 2540 793 et
2560 736 2776 796 illorum
2808 745 3104 813 spiritualia
3135 751 3380 822 vulnera,
3411 762 3565 828 quasi

1960 822 2203 919 t'nenibra
2225 835 2408 882 nostra
2439 839 2643 898 essent,
2666 832 2966 907 obligemus
2992 854 3007 892 :
3040 845 3165 911 quia
3191 855 3246 900 et
3267 844 3381 901 beri
3408 822 3566 919 aspe-

1960 897 2102 968 iiora
2130 915 2488 975 medicamina
2520 920 2900 994 imposuimus,
2926 943 3033 984 non
3067 943 3122 985 ut
3145 948 3362 1004 quoquo
3402 939 3566 992 modo

1959 1006 2273 1064 mmstitiam
2303 1009 2647 1081 inferremus,
2675 1031 2741 1072 ac
2765 1017 3008 1075 dolorem
3057 1037 3378 1095 augeremns
3398 1071 3414 1095 ,
3470 1033 3566 1087 sed

1959 1104 2017 1150 ut
2043 1096 2382 1154 vehementia
2415 1102 2508 1158 illa
2539 1105 2690 1161 ulcus
2733 1107 2910 1177 ipsum
2940 1113 3204 1184 attingere
3253 1131 3564 1188 possemus.

1958 1185 2173 1243 Etenim
2197 1190 2411 1258 medici,
2441 1202 2497 1249 et
2539 1206 2719 1267 patres
2761 1200 2843 1256 sic
2886 1202 3065 1260 facere
3111 1185 3510 1268 consueverunt
3546 1232 3561 1267 :

1957 1281 2154 1338 medici
2177 1285 2321 1340 enim
2366 1285 2597 1358 primum
2642 1307 2926 1364 apponunt
2969 1301 3354 1372 cataplasmata
3395 1309 3567 1378 magis

1955 1368 2216 1442 efficacia,
2265 1385 2322 1432 et
2347 1376 2469 1434 dein
2496 1392 2654 1452 rupto
2676 1385 2858 1442 ulcere
2882 1368 3403 1453 leniora'admovent
3428 1417 3441 1453 :
3465 1368 3566 1470 pa-

1957 1467 2069 1517 tres
2096 1477 2310 1537 quoque
2333 1483 2455 1526 cum
2486 1473 2717 1530 viderint
2742 1476 2882 1535 filios
2903 1495 3031 1539 suos
3047 1483 3420 1558 incompositis
3438 1467 3563 1548 ino-

1955 1552 2126 1622 ribus,
2161 1557 2312 1628 prius
2350 1562 2587 1632 graviter
2635 1568 2954 1628 verberibus
2995 1552 3311 1647 corripiunt,
3345 1591 3401 1638 et
3435 1584 3562 1640 dein

1957 1644 2249 1708 admonent
2271 1660 2328 1707 et
2348 1652 2652 1714 hortantur.
2675 1659 2790 1717 Hoc
2815 1665 2979 1721 modo
3032 1677 3090 1724 et
3145 1644 3264 1741 nos,
3296 1644 3563 1745 quamvis

1958 1733 2083 1793 beri
2105 1741 2500 1804 vehementiori
2520 1765 2773 1810 sermone
2803 1757 2881 1811 usi
2898 1757 3178 1830 fuerimus,
3198 1733 3363 1823 hodie
3381 1777 3564 1831 tamen

1951 1826 2207 1888 blandius
2235 1836 2392 1894 vobis
2413 1837 2756 1913 loquemur‘,
2814 1857 2872 1904 et
2910 1849 3053 1908 sicut
3099 1826 3283 1913 nostra
3312 1826 3559 1921 membra

1928 1923 2283 1982 -curabimns.
2303 1927 2438 1985 Nam
2457 1940 2516 1986 nt
2534 1934 2808 2005 profectus
2821 1950 3001 1998 vester
3021 1944 3282 2015 majorem
3304 1948 3563 2021 loquendi

1952 2012 2204 2073 ﬁduciam
2224 2019 2383 2077 nobis
2405 2023 2681 2096 conciliat,
2727 2037 2784 2086 et
2807 2012 3320 2104 spiritalis-noster
3339 2012 3561 2101 thesau-

1950 2121 2046 2164 rus
2071 2117 2176 2177 est,
2193 2110 2240 2166 si
2271 2126 2368 2169 vos
2391 2128 2681 2176 cernamus
2703 2121 2759 2178 in
2800 2126 3174 2194 spiritalibus
3224 2132 3560 2196 incrementa

1951 2209 2169 2267 capere,
2192 2208 2250 2256 et
2271 2201 2558 2296 virtutibus
2607 2223 2736 2268 esse
2788 2218 3144 2290 conspicuos,
3176 2232 3338 2296 atque
3378 2227 3448 2283 ab
3493 2228 3561 2286 iis

1948 2302 2075 2360 qua
2104 2305 2303 2350 nocere
2331 2295 2536 2386 valent,
2563 2300 2718 2359 vobis
2757 2318 2990 2365 cavere:
3019 2311 3100 2368 sic
3141 2295 3360 2386 quando
3405 2319 3560 2377 vide-

1952 2393 2072 2437 mus
2097 2395 2195 2472 vos
2213 2385 2573 2458 snpplautari,
2601 2399 2658 2449 et
2679 2393 2966 2457 diabolicis
2994 2385 3334 2465 illusiouibus
3360 2409 3550 2472 seduci

2029 2469 2249 2542 subjici,
2270 2479 2527 2534 maestitia
2549 2480 2858 2556 implernnr,
2875 2499 2930 2545 et
2946 2492 3120 2561 pudor
3145 2499 3384 2568 quidam,
3409 2469 3561 2562 utsic

1956 2557 2154 2655 dicam,
2204 2565 2440 2624 animam
2479 2581 2720 2632 nostram
2769 2557 3020 2652 occupat.
3072 2557 3208 2644 Nam
3258 2557 3557 2655 secundum

1949 2649 2168 2744 beatum
2180 2655 2437 2726 Paulum,
2465 2661 2611 2720 Tunc
2637 2683 2731 2724 nos
2757 2649 2991 2744 uini-tus,
3016 2675 3064 2732 ἡ
3080 2693 3170 2736 eos
3189 2683 3338 2739 statis
3359 2685 3414 2741 in
3447 2649 3559 2744 53:

1949 2742 2417 2817 mino(l.1’ltess.
2449 2752 2618 2829 ω).

2023 2832 2190 2905 Igitur
2211 2845 2270 2894 ut
2296 2838 2540 2911 perfecti,
2561 2855 2622 2902 et
2649 2849 2842 2921 repleti
2866 2853 3187 2929 intellectu,
3237 2863 3316 2921 sic
3359 2880 3550 2930 eorum

1948 3020 2075 3066 sunt
2099 3015 2376 3124 euitamini
2451 3030 2508 3079 et
2532 3021 2736 3084 ftedera
2759 3046 2880 3102 qum
2904 3049 3027 3093 cum
3051 3015 3265 3100 Christo
3308 3015 3553 3124 iniistis;

1949 3114 2228 3175 renovata,
2247 3108 2467 3168 stabilia
2492 3125 2548 3171 et
2577 3118 2830 3178 inviolata
2850 3129 3088 3200 posthac
3133 3139 3404 3197 custodite
3439 3160 3454 3196 :
3485 3108 3550 3200 ae

1949 3194 2245 3302 prudenter
2259 3199 2560 3302 intercluso
2574 3194 3551 3302 diabolicis‘macbinationibusaditu,

1946 3283 2318 3385 subsequente
2330 3294 2510 3385 studio
2540 3297 2856 3373 inscriptam
2885 3309 3041 3367 vobis
3094 3283 3552 3385 assulis";

1948 3372 2057 3429 lam
2085 3377 2401 3466 abstergite,
2429 3384 2638 3445 devicta
2655 3391 3032 3468 intempestiva
3063 3405 3151 3462 illa
3172 3372 3550 3482 «ipsane—i3;

1947 3473 2340 3531 consuetudine
2370 3494 2385 3528 :
2413 3486 2468 3534 et
2493 3483 2746 3553 cogitate,
2776 3504 2884 3545 non
2909 3491 3014 3550 hoc
3027 3497 3202 3554 solum
3223 3473 3388 3573 grave
3403 3522 3550 3581 esse,

1945 3560 2088 3629 quod
2113 3563 2201 3632 qui
2227 3565 2323 3657 illo
2339 3569 2621 3629 conﬂuunt
2655 3617 2670 3642 ,
2711 3593 2964 3652 magnum
2989 3588 3090 3643 sibi
3121 3560 3380 3652 damnum

1951 3661 2127 3767 scantl,
2146 3655 2242 3710 sed
2264 3666 2319 3713 et
2335 3662 2479 3732 quod
2499 3666 2682 3722 multis
2701 3670 2822 3728 aliis
2841 3675 3166 3738 offendicula
3185 3685 3314 3742 sint.
3334 3655 3544 3767 Quippe

1945 3744 2175 3811 gentiles
2201 3755 2257 3802 et
2277 3748 2452 3806 iudici
2473 3753 2719 3815 videntes
2743 3777 2838 3818 eos
2857 3767 2950 3837 qui
2971 3771 3212 3839 quotidie
3236 3744 3544 3841 in

1946 3845 2253 3908 versantur,
2279 3852 2339 3898 et
2379 3842 2650 3918 frequenti
2693 3853 2942 3916 doctrina
2994 3861 3332 3940 imbuuntur,
3384 3877 3545 3937 simul

1944 3927 2017 3983 ibi
2046 3944 2382 4005 comparere,
2412 3950 2467 3995 et
2494 3942 2596 3998 sibi
2617 3951 2957 4010 commisceri
2974 3998 2988 4024 ,
3015 3965 3287 4030 quomodo

1943 4029 2087 4123 atras
2096 4039 2198 4123 pro
2220 4025 2626 4123 deceptionibus
2650 4055 2760 4096 non
2789 4025 3083 4120 habebunt,
3096 4065 3156 4111 et
3183 4073 3290 4115 non
3314 4025 3546 4123 ideniwde

1943 4114 2192 4218 amnibus
2222 4119 2378 4218 nobis
2401 4127 2857 4196 suspicabantur?
2883 4114 3079 4199 Annon
3113 4114 3288 4206 audis,

1943 4202 2165 4262 Paulum
2207 4209 2608 4289 admonentem,
2653 4233 2708 4280 et
2753 4231 3125 4292 consulentem
3175 4243 3319 4301 clara
3372 4202 3540 4307 voce:

1942 4298 2141 4370 Absque
2150 4302 2457 4408 ofendicuio
2481 4316 2673 4387 ειιοιε(
2694 4319 2746 4373 ι.
2771 4320 2890 4376 Cor.
2913 4326 3001 4381 io.
3024 4330 3096 4384 ss
3117 4331 3184 4406 )?
3213 4298 3540 4408 οεῇιιιοξῖιιξ

1941 4399 2097 4459 putes
2144 4391 2213 4450 de
2254 4400 2455 4455 nostris
2485 4410 2692 4461 tantum
2713 4408 3026 4486 admonere,
3050 4391 3224 4494 deque
3253 4391 3436 4501 iis

1940 4480 2130 4590 eodem
2162 4485 2353 4543 ordine
2374 4491 2531 4558 positi
2567 4507 2712 4565 sunt,
2765 4480 3047 4564 subdidit:
3193 4480 3436 4590 nisi}:

1939 4572 2206 4674 gentibus;
2233 4585 2288 4632 et
2318 4580 2530 4638 tandem
2556 4586 2786 4657 adjecit:
2820 4591 2888 4648 Et
2935 4596 3178 4658 Ecclesia:
3224 4572 3540 4674 οεεΪιῆιιιῖί

1940 4663 2084 4718 enim
2111 4664 2183 4720 ita
2207 4667 2364 4725 obest
2389 4683 2446 4727 et
2476 4688 2634 4732 nocet
2661 4683 2902 4753 religioni
2935 4702 3157 4761 nostris,
3215 4663 3285 4754 ut
3309 4663 3543 4762 aliendi:

1939 4756 2255 4816 culiansam
2283 4765 2526 4833 praebere
2546 4769 2872 4833 infidelibus.
2921 4781 3054 4838 Nam
3094 4756 3310 4858 quando

1939 4847 2149 4918 aliquos
2186 4866 2222 4908 e
2250 4857 2452 4911 nostris
2470 4862 2665 4918 virtute
2684 4871 3024 4940 conspicuos,
3053 4847 3216 4950 hujus
3238 4847 3541 4962 vitavi-tego:

1941 4938 2010 4990 tia
2032 4948 2087 4994 et
2110 4955 2268 5000 curas
2284 4961 2314 5000 e
2334 4949 2549 5006 sublimi
2576 4938 2927 5018 contemnere
2950 5006 2968 5032 ,
3010 4938 3080 5024 ex
3126 4938 3201 5029 iis
3244 4938 3335 5034 alii
3385 4938 3536 5049 qui;

1941 5031 2319 5105 prmfocantur,
2367 5041 2456 5097 alii
2479 5045 2814 5109 admirantur
2841 5065 2898 5112 et
2934 5031 3350 5140 obstupescunt,
3390 5031 3537 5145 quo;

1939 5137 2060 5179 cum
2099 5127 2342 5197 ejusdem
2368 5144 2530 5207 atque
2564 5140 2641 5198 illi
2671 5156 2878 5206 natura:
2925 5153 3055 5223 sint,
3085 5127 3192 5216 non
3222 5127 3428 5222 eadem.
3453 5183 3537 5226 ta-

1939 5229 2061 5332 :nen
2078 5217 2609 5332 aggrediantur.
2633 5231 2834 5293 Verum
2866 5217 3083 5313 quando
3110 5251 3191 5306 vel
3220 5217 3528 5332 aliquanti:—

1938 5305 2047 5362 lum
2073 5309 2293 5417 desidia:
2331 5327 2388 5421 et
2434 5323 2772 5397 negligentiae
2800 5305 3017 5406 vident,
3074 5305 3536 5421 statiua—linguam

1937 5413 2204 5458 exacuunt
2228 5407 2388 5464 simul
2417 5426 2602 5471 contra
2632 5435 2734 5477 nos
2757 5438 2968 5497 omnes,
3022 5443 3076 5488 et
3105 5450 3169 5491 ex
3228 5407 3407 5498 nillil:
3437 5446 3536 5502 de-

1938 5492 2067 5609 licto
2099 5504 2264 5609 totam
2294 5501 2723 5569 Christianorum
2751 5492 2969 5587 gentem
3011 5529 3300 5589 instimant.
3346 5534 3532 5609 Nequa

1940 5579 2024 5638 hic
2051 5587 2278 5656 gradum
2300 5593 2519 5667 sistunt,
2539 5601 2635 5658 sed
2662 5579 2845 5664 statim
2876 5611 3138 5674 adversus
3164 5634 3327 5692 caput
3371 5579 3528 5689 suis;

1934 5723 2648 5855 :twtm‘illn"
2674 5742 2947 5817 Mutantur,
2968 5769 3074 5821 pro,
3113 5761 3405 5832 loqur-ur;
3440 5783 3530 5827 sev
