4080 6308
591 310 660 365 os
1326 283 1394 362 s.’
1411 303 1687 364 JOANNIS
1713 301 2179 363 cumvsosrosu
2218 302 2535 362 ARClllt-ZP.
2563 306 3092 370 roasuxrixor.
3797 315 3869 372 et

590 416 886 488 loquentes,
910 417 984 472 ob
1004 432 1278 474 servorum
1311 417 1569 473 desidiam
1609 416 1770 472 etiam
1820 430 2160 471 communem

589 507 871 563 Dominum
895 509 1263 579 blaSpheimre
1291 509 1509 574 audent,
1560 517 1616 564 et
1641 516 1830 578 putant
1873 507 2165 562 velamenta

585 612 829 654 errorum
851 617 1069 660 suorum
1095 617 1215 657 esse
1235 603 1462 656 aliorum
1485 601 1754 656 inertiam.

662 691 722 749 3.
751 694 905 762 Quod
927 704 1102 749 autem
1135 695 1236 750 hoc
1256 695 1488 750 maxime
1515 694 1868 763 periculosum
1891 691 1964 746 sit
1988 690 2056 745 iis
2075 690 2162 760 qui

587 780 934 852 blasphemia:
953 784 1286 840 occasionem
1315 784 1570 854 praebent,
1600 783 1876 838 audiamus
1929 780 2166 852 pr0pbe-

587 884 692 929 tam
733 875 1070 940 clamantem,
1129 884 1183 930 et
1223 891 1293 931 ex
1345 889 1572 945 persona
1603 873 1692 929 Dei
1722 870 2034 927 dicentem:
2079 868 2165 924 Va:

590 967 740 1031 )obis,
763 967 882 1037 quia
910 976 1113 1037 propter
1139 981 1225 1021 vos
1254 981 1434 1020 nomen
1478 979 1642 1018 meum
1685 961 2061 1032 blasphematur
2111 961 2162 1013 in

584 1057 812 1126 gentibus
837 1055 972 1127 (lsai
991 1095 1004 1110 .
1029 1057 1120 1112 52.
1147 1057 1181 1111 5
1208 1055 1249 1124 ).
1277 1055 1537 1111 Terribile
1564 1053 1665 1109 hoc
1692 1054 1912 1108 verbum
1938 1062 2059 1116 est,
2109 1061 2164 1105 et

586 1145 812 1200 horrore
844 1146 1080 1215 plenum.
1118 1144 1207 1199 Var
1234 1145 1374 1199 enim
1398 1142 1526 1198 illud
1550 1151 1634 1198 est
1661 1142 1808 1214 quasi
1833 1141 2163 1211 deplorantis

586 1237 816 1306 eos,qni
843 1236 1158 1306 supplicium
1208 1235 1338 1291 illud
1383 1233 1692 1292 inevitabile
1731 1231 1958 1288 subituri
2014 1241 2158 1285 sunt.

583 1329 755 1383 Porro
775 1330 913 1384 sicut
933 1343 1028 1385 eos
1052 1329 1142 1399 qui
1187 1343 1283 1398 per
1323 1343 1475 1383 suam
1522 1327 1899 1398 negligentiam
1945 1339 2159 1380 causam

581 1417 689 1474 illis
719 1420 956 1488 praebent
983 1417 1387 1489 blasphemandi
1433 1417 1622 1488 ingens
1664 1431 1820 1486 paena
1871 1423 2053 1470 manet
2096 1428 2162 1469 ac

584 1509 960 1564 condemnatio
985 1525 1000 1562 :
1031 1509 1102 1563 ita
1131 1523 1161 1564 e
1182 1507 1396 1563 diverso
1429 1512 1684 1562 virtutum
1723 1504 1974 1561 studiosis
2013 1503 2160 1559 mille

592 1616 910 1657 coronarum
927 1601 1144 1655 materia
1165 1609 1401 1671 paratur.
1427 1598 1571 1655 istud
1591 1599 1761 1668 ipsum
1782 1595 1986 1652 docens
1999 1593 2159 1655 Citri-

581 1700 717 1757 stus,
749 1691 995 1746 dicebat:
1028 1689 1213 1745 Luceat
1233 1690 1326 1744 lu
1341 1698 1504 1744 oestro
1541 1704 1716 1742 eorum
1765 1685 2067 1751 hominibus,
2102 1695 2156 1738 ut

581 1781 781 1836 videant
809 1797 963 1850 opera
992 1789 1155 1835 ucstra
1176 1779 1322 1843 bona,
1348 1787 1393 1834 et
1420 1779 1714 1849 gloriﬁcent
1731 1776 1934 1832 Patrem
1945 1787 2159 1833 rutrum

579 1872 665 1943 qui
714 1872 769 1926 in
798 1873 932 1926 cmlis
957 1881 1028 1927 est
1057 1869 1272 1942 (Matth.
1302 1871 1354 1924 ὅ.
1387 1870 1459 1928 16
1485 1870 1526 1937 ).
1552 1868 1684 1923 Nam
1715 1867 2158 1939 quemadmodum

581 1961 660 2018 illi
680 1963 976 2032 aliquorum
1006 1961 1194 2016 inertia
1221 1960 1435 2032 ollensi,
1465 1959 1696 2034 linguam
1725 1967 1925 2014 acuunt
1971 1969 2156 2014 contra

583 2051 863 2108 Dominum
888 2061 1125 2107 nostrum
1151 2067 1166 2104 :
1197 2051 1296 2117 sic,
1327 2050 1518 2121 inquit,
1542 2050 1588 2106 si
1615 2052 1869 2114 virtutem
1904 2065 2158 2110 exercue-

579 2142 716 2210 ritis,
746 2143 835 2213 qui
870 2142 1096 2197 viderint
1121 2157 1216 2196 vos
1239 2142 1500 2206 homines,
1533 2156 1639 2201 non
1673 2156 1764 2200 vos
1790 2148 2002 2202 tantum
2038 2143 2155 2199 lau-

583 2232 806 2299 dabunt,
835 2232 926 2288 sed
953 2246 1074 2286 cum
1116 2237 1494 2305 conspexerunt
1513 2250 1676 2305 opera
1701 2242 1876 2292 vestra
1907 2235 2153 2298 lucentia,

578 2332 634 2380 ct
662 2324 828 2381 facies
854 2332 1057 2383 vestras
1085 2324 1438 2389 illustrantia.
1490 2325 1560 2381 ad
1605 2326 1778 2398 gloria
1820 2325 2155 2384 amciendum

581 2412 798 2473 Patrem
818 2427 1053 2480 vestrum
1085 2415 1251 2488 quiin
1272 2416 1418 2472 cazlis
1437 2427 1542 2481 est,
1569 2425 1952 2487 prorumpent;
2001 2431 2154 2472 cum.-

579 2523 684 2578 que
715 2508 815 2563 boc
840 2509 906 2564 ab
935 2509 1038 2564 illis
1068 2506 1179 2573 fiet,
1202 2516 1618 2563 rursumnostra
1640 2506 1856 2576 pramia
1879 2506 2149 2578 augebunt

581 2612 686 2665 tur,
709 2608 763 2656 et
789 2601 952 2654 multa
983 2599 1137 2655 nobis
1158 2599 1295 2654 bona
1316 2598 1578 2654 concedet
1607 2597 1747 2654 Deus
1767 2639 1789 2666 ,
1827 2612 1895 2656 eo
1918 2597 2058 2668 quod
2087 2597 2155 2652 ah

581 2689 686 2743 illis
714 2689 976 2744 laudetur.
1027 2688 1129 2743 Eos
1156 2689 1299 2743 enim
1337 2689 1424 2755 qui
1452 2704 1530 2742 me
1551 2689 1862 2759 gloriﬁcant,
1893 2689 1991 2756 ait,
2040 2690 2155 2760 glo-

575 2781 783 2851 ri/icabo
809 2779 828 2853 (
850 2783 900 2836 l.
931 2781 1057 2849 Reg.
1084 2781 1139 2836 2.
1170 2779 1240 2836 30
1267 2778 1308 2853 ).
1351 2779 1491 2834 Nihil
1522 2780 1680 2851 igitur
1733 2795 1841 2836 non
1887 2794 2107 2850 agamus
2133 2819 2152 2846 ,

574 2874 778 2942 dilecti,
810 2883 870 2928 ut
896 2870 1226 2945 glorificetur
1250 2872 1506 2928 Dominus
1534 2882 1736 2939 noster,
1760 2884 1814 2929 et
1838 2873 2152 2928 nullisimus

574 2964 876 3020 oll'eudiculi
909 2965 1139 3022 occasio.
1169 2965 1224 3021 ω
1250 2965 1392 3036 quod
1419 2975 1677 3037 perpetuo
1723 2980 1820 3020 nos
1855 2965 2016 3021 docet
2042 2981 2154 3020 nra-

582 3056 751 3124 gister
776 3055 922 3108 orbis
945 3054 1133 3110 beatus
1154 3054 1368 3122 Paulus,
1392 3055 1519 3110 dum
1546 3055 1624 3110 sic
1648 3055 1723 3108 ait
1751 3072 1764 3108 :
1797 3053 1858 3108 Si
1887 3055 2027 3108 cibus
2074 3058 2154 3126 of-

579 3145 738 3208 fendit
766 3149 973 3214 fratrem
1015 3161 1197 3212 meum,
1227 3154 1521 3216 numquam
1566 3146 1620 3199 in
1663 3154 1908 3198 internum
1951 3160 2154 3197 carnem

571 3236 831 3290 comedam
859 3235 934 3305 (l.
964 3232 1080 3289 Cor.
1107 3235 1162 3291 8.
1195 3236 1265 3292 l3
1295 3237 1334 3306 ).
1363 3236 1431 3290 Et
1459 3236 1651 3290 iterum
1693 3236 1751 3290 in
1773 3235 1878 3290 alio
1900 3233 2018 3289 loco
2066 3235 2150 3289 in-

572 3326 720 3394 quit:
754 3323 842 3379 Sir.
889 3335 1053 3379 autent
1101 3336 1364 3393 peccantes
1390 3327 1447 3380 in
1475 3329 1679 3396 fratres,
1729 3335 1776 3379 et
1821 3325 2149 3394 percutientcs

569 3418 828 3487 inﬁrmam
849 3434 1017 3471 eorum
1040 3420 1412 3486 conscientiam,
1441 3420 1495 3473 in
1514 3421 1770 3475 Christum
1793 3422 2006 3490 peccatis
2025 3421 2044 3490 (
2069 3419 2147 3476 llo.

569 3525 618 3562 ν.
648 3509 712 3564 ιε
737 3508 782 3578 ).
802 3509 956 3565 Mina:
983 3510 1085 3565 illae
1107 3509 1450 3565 vehementes
1473 3518 1620 3576 sunt,
1636 3519 1691 3566 et
1710 3525 1954 3579 magnam
1970 3525 2149 3566 secum

569 3599 1072 3654 condemnationem
1095 3598 1344 3654 allerunt.
1392 3599 1468 3656 Ne
1493 3601 1753 3669 opineris,
1817 3602 2023 3670 inquit,
2057 3603 2151 3657 da-

573 3705 756 3744 mnum
791 3689 892 3743 hoc
917 3690 983 3744 ad
1012 3690 1162 3744 illum
1213 3692 1301 3761 qui
1327 3689 1611 3747 offenditur
1640 3692 1813 3746 solum
1844 3694 2145 3762 pertinere;

571 3780 760 3833 transit
783 3780 942 3834 etiam
971 3779 1038 3834 ad
1093 3780 1365 3835 Christum
1393 3781 1585 3850 ipsum,
1617 3781 1706 3852 qui
1737 3791 1955 3852 propter
2003 3783 2150 3838 illum

570 3868 854 3924 cruciﬁxus
873 3879 974 3924 est.
1009 3869 1174 3940 Igitur
1198 3871 1242 3925 si
1270 3871 1523 3925 Dominus
1560 3881 1682 3926 tuus
1735 3879 1954 3942 propter
2001 3872 2152 3928 illum

573 3960 811 4030 cruciligi
844 3977 949 4014 non
979 3961 1282 4028 recusavit;
1311 3977 1418 4017 non
1446 3972 1500 4017 tu
1525 3965 1706 4018 omnia
1732 3963 1877 4020 feres
1901 3979 1971 4020 ne
1994 3978 2151 4034 quam

576 4051 812 4105 δεδιότιιὶ
843 4052 1182 4107 occasionem
1211 4053 1287 4106 illi
1320 4053 1598 4122 prmbeas?
1632 4055 1744 4110 lloc
1768 4055 1968 4125 ubique
2007 4055 2156 4110 inve-

573 4140 690 4194 nies
707 4141 852 4194 illum
870 4140 1143 4210 discipulis
1158 4142 1436 4197 oonsilium
1455 4143 1581 4198 dare
1603 4164 1617 4199 :
1639 4144 1740 4199 hoc
1753 4145 1894 4199 enim
1915 4153 1998 4200 est
2012 4145 2152 4215 quod

571 4233 733 4286 vitam
756 4241 993 4285 nostram
1010 4244 1311 4288 conservat.
1344 4235 1630 4304 Pr0pterea
1653 4244 1707 4291 et
1737 4235 1868 4291 alibi
1913 4237 2154 4292 scribens

571 4321 803 4387 dicebat,
831 4319 911 4376 Ne
937 4339 1052 4393 quis
1090 4334 1253 4378 vestra
1287 4335 1403 4379 sunt
1444 4326 1757 4380 considerate
1805 4326 2020 4397 singuli,
2065 4327 2154 4383 sed

572 4429 686 4483 qua
705 4415 921 4468 aliorum
951 4416 968 4486 (
991 4414 1184 4487 Philip.
1211 4416 1265 4471 2.
1291 4418 1320 4474 Α
1351 4415 1396 4491 );
1415 4427 1468 4473 et
1498 4419 1689 4475 iterum
1715 4419 1956 4476 alioloco
1982 4438 1994 4474 :
2029 4419 2156 4475 0m-

575 4503 661 4556 nia
689 4505 810 4556 mihi
837 4504 1002 4569 licent,
1037 4506 1124 4558 sed
1139 4522 1238 4560 non
1266 4509 1434 4562 omnia
1453 4509 1709 4577 wdi/icant
1752 4510 1770 4580 (
1794 4510 1843 4564 i.
1893 4510 2013 4568 Cor.
2063 4511 2148 4566 10.

570 4594 641 4649 23
670 4595 710 4664 ).
739 4596 899 4650 Vides
921 4597 1266 4666 apostolicam
1283 4601 1633 4670 sapientiam?
1687 4601 1912 4655 Etiamsi
1955 4603 2112 4657 liceat
2134 4644 2148 4666 ,

465 4681 468 4683 Α
572 4687 765 4756 inquit,
793 4688 920 4740 mihi
945 4688 1147 4757 aliquid
1171 4687 1367 4754 facere,
1394 4690 1632 4761 nihilque
1658 4691 1782 4747 hinc
1821 4691 1951 4746 mihi
1973 4692 2151 4748 damni

571 4777 835 4833 accedat:
868 4777 963 4833 sed
995 4779 1117 4848 quia
1153 4780 1252 4834 hoc
1281 4795 1384 4834 non
1413 4781 1564 4850 juvat
1594 4781 1662 4835 ad
1707 4782 1933 4852 proximi
1989 4784 2155 4837 a-dill-

572 4867 860 4930 sationem,
891 4882 1230 4937 nequaquam
1261 4870 1362 4925 hoc
1384 4869 1562 4926 lacere
1589 4872 1959 4928 sustinuerim.
1989 4873 2153 4929 V‘idcs

570 4959 802 5012 animam
832 4972 930 5012 nos
951 4969 1238 5025 amantem,
1262 4963 1529 5030 quomodo
1547 4979 1802 5034 nusquam
1829 4965 1970 5035 quod
1995 4981 2150 5020 suum

571 5057 656 5104 est
684 5049 891 5118 qtuerit,
923 5047 1017 5103 sed
1060 5050 1305 5105 erunibus
1349 5053 1522 5108 modis
1573 5055 1847 5123 ostendit,
1897 5057 2150 5112 virtutem

573 5140 733 5208 longe
782 5141 1067 5194 maximam
1106 5140 1249 5196 illam
1280 5157 1419 5208 esse,
1453 5158 1700 5214 magnam
1731 5160 1911 5202 curam
1957 5162 2148 5219 gerere

576 5240 634 5286 ut
660 5232 935 5301 proximus
954 5232 1284 5288 aedificetur?
1313 5233 1458 5300 llaec,
1486 5235 1735 5303 obsecro,
1767 5237 1948 5292 omnia
1975 5240 2153 5294 scien-

577 5334 656 5378 lcs
683 5325 1046 5389 observemus,
1069 5339 1457 5396 caveamusquc
1482 5327 1548 5382 ab
1593 5327 1657 5381 iis
1681 5342 1800 5398 qua:
1827 5328 2150 5397 spiritualcm

575 5413 830 5467 virtutum
854 5423 1152 5468 nostrarum
1178 5413 1485 5468 thesaurum
1514 5415 1859 5484 pessumdare
1887 5427 2109 5486 possunt
2133 5435 2148 5472 :

575 5513 630 5560 et
656 5504 785 5559 nihil
813 5519 1062 5574 umquam
1107 5503 1383 5568 faciamus,
1433 5520 1542 5575 quo
1578 5506 1830 5561 damnum
1883 5507 2153 5578 quodlibet

576 5596 818 5667 proximo
847 5593 1123 5652 inferatur.
1159 5596 1271 5652 Hoc
1297 5596 1440 5652 enim
1467 5606 1522 5652 et
1567 5608 1840 5667 peccatqu
1870 5607 2048 5669 auget,
2097 5609 2154 5656 et

577 5690 789 5759 gravius
815 5683 969 5746 nobis
988 5686 1197 5745 adducit
1220 5687 1559 5761 supplicium.
1586 5687 1769 5763 Neque
1784 5690 1864 5747 vel
1879 5693 2151 5764 vulgarem

2274 416 2506 484 aliquem
2537 429 2963 483 contemnamus.
3015 423 3201 496 frigida
3247 427 3364 481 haec
3392 425 3554 480 verba
3586 426 3864 483 dicentes:

2282 504 2420 572 Quid
2451 524 2569 563 mea
2600 511 2781 579 refert,
2809 513 2854 567 si
2875 513 3175 569 offendatur
3203 515 3293 571 ille
3320 516 3480 570 talis?
3513 516 3649 585 Quid
3673 517 3814 572 dicis
3846 558 3863 582 ,

2268 611 2453 665 almo
2469 602 2549 656 te?
2559 602 2696 669 Quid
2713 614 2802 659 tua
2815 603 3004 661 referti
3016 606 3104 662 Sic
3121 614 3263 662 tuam
3277 606 3474 678 fulgere
3488 608 3652 665 vitam
3669 624 3863 679 praeco.

2269 688 2346 756 pit
2362 689 2625 755 Christus,
2645 703 2702 748 ut
2717 709 2826 748 non
2841 697 3012 750 solum
3023 696 3329 753 videntibus
3345 705 3397 753 te
3410 697 3485 752 sis
3499 699 3864 766 admirationi,

2267 778 2364 832 sed
2391 790 2448 834 ut
2471 780 2727 840 Dominus
2755 793 2876 840 tuus
2917 786 3246 857 gloriﬁcetur
3267 788 3287 858 (
3304 787 3491 843 Matth.
3527 789 3581 846 5.
3612 791 3680 847 i6
3710 792 3768 863 ):
3804 801 3861 848 tu

2266 882 2397 930 .vero
2425 873 2645 928 omnino
2665 876 2992 932 contrarium
3019 876 3154 948 agis,
3186 886 3242 933 et
3286 893 3385 949 pro
3407 878 3581 949 gloria
3599 880 3694 935 Dei
3709 881 3860 935 blas-

2277 956 2524 1024 pbemias
2545 958 2812 1017 introduci
2838 979 3022 1026 curas.
3048 975 3106 1022 et
3131 968 3234 1024 hoc
3255 968 3588 1024 contemnis?
3613 968 3854 1024 Hoccine

2270 1044 2432 1102 fuerit
2459 1050 2652 1104 anima:
2669 1053 2790 1121 piae,
2815 1054 3065 1126 legesque
3090 1056 3298 1114 divinas
3322 1067 3470 1114 recte
3494 1058 3752 1114 scientia?

2338 1138 2394 1194 3.
2421 1138 2684 1194 Cteterum
2724 1143 2770 1197 si
2808 1145 2928 1214 quis
2954 1149 3104 1216 prius
3130 1146 3246 1204 haec
3292 1165 3359 1204 ex
3400 1149 3538 1204 mala
3565 1158 3860 1204 consuetu-

2269 1226 2397 1283 dine
2421 1228 2603 1300 dicere
2627 1231 2814 1288 solitus
2841 1232 3021 1300 fuerit,
3048 1248 3294 1306 suscepta
3324 1254 3465 1293 nunc
3491 1238 3860 1294 admonitione

2267 1329 2469 1383 nostra,
2495 1320 2737 1390 desistat,
2758 1339 2875 1389 oro,
2897 1325 2965 1381 ab
2979 1326 3179 1381 illicitis
3196 1327 3559 1397 hujuscemodi
3589 1332 3854 1385 sermoni-

2265 1407 2386 1473 bus,
2414 1421 2467 1465 et
2503 1411 2580 1466 sic
2605 1414 2782 1468 omnia
2824 1413 3005 1472 facere
3032 1417 3244 1472 etisdem
3263 1457 3277 1480 ,
3305 1427 3363 1472 ut
3391 1433 3562 1488 neque
3585 1422 3656 1474 ab
3696 1420 3856 1474 oculo

2265 1500 2356 1554 illo
2399 1502 2495 1570 qui
2527 1518 2815 1573 numquam
2841 1506 3047 1574 sopitur
3081 1507 3168 1562 vel
3197 1509 3430 1572 uacauit,
3458 1524 3632 1578 neque
3667 1524 3696 1564 a
3724 1525 3858 1563 con-

2263 1589 2484 1645 scientia
2509 1605 2604 1647 sua
2629 1593 3031 1662 condemnetur,
3063 1612 3237 1667 neque
3262 1612 3391 1663 eos,
3431 1599 3522 1668 qui
3550 1613 3612 1656 se
3637 1602 3855 1667 vident,

2265 1678 2316 1737 iu
2348 1677 2703 1751 blasphemiae
2735 1683 2994 1741 adversm
3017 1685 3302 1744 Dominum
3343 1687 3580 1744 inducat.
3619 1689 3776 1760 Quod
3808 1695 3855 1749 si

2263 1776 2405 1825 tanta
2430 1771 2666 1827 adhibita
2704 1774 2950 1832 cautione
2986 1775 3360 1846 dispensemus
3403 1797 3465 1838 ea
3505 1798 3625 1852 qua:
3671 1797 3855 1840 nostra

2266 1873 2410 1928 sunt,
2438 1864 2605 1919 multa
2628 1864 2870 1926 fruentur
2899 1868 3111 1926 Domini
3131 1873 3433 1938 clementia,
3461 1884 3517 1929 et
3540 1873 3743 1929 diaboli
3767 1877 3855 1928 iu-

2263 1953 2425 2013 sidias
2452 1955 2788 2031 eﬂugiemus.
2829 1959 2962 2016 Cum
2989 1961 3184 2018 viderit
3223 1964 3367 2017 enim
3407 1976 3507 2018 nos
3541 1963 3619 2017 ita
3643 1964 3856 2020 sobrios

2263 2055 2321 2103 et
2344 2049 2548 2122 vigiles,
2576 2060 2632 2107 et
2657 2052 2967 2122 cogitaverit
2994 2066 3054 2108 se
3081 2066 3299 2122 operam
3327 2050 3573 2124 perdere,
3600 2052 3856 2108 abscedet

2261 2148 2317 2192 et
2344 2139 2718 2195 occultabitur.
2749 2139 2861 2196 Sed
2886 2149 2972 2196 sat
2997 2140 3160 2198 fuerlt
3179 2143 3605 2211 prommiorum:
3635 2156 3734 2212 age
3756 2157 3852 2196 ca-

2261 2230 2405 2285 ritati
2429 2244 2620 2287 vestra:
2643 2232 2928 2302 propositis
2969 2231 3036 2287 iis
3059 2246 3178 2302 qua
3215 2233 3351 2288 lecta
3380 2239 3550 2300 sunt,
3579 2232 3858 2303 spiritu-ile

2260 2321 2562 2378 convivium
2588 2337 2940 2394 apparemus:
2967 2334 3030 2381 et
3050 2323 3209 2380 hodie
3237 2323 3536 2392 videamus,
3564 2324 3693 2395 quid
3720 2326 3849 2380 bene

2263 2423 2347 2483 tus
2389 2412 2599 2479 loses,
2641 2414 2751 2471 imo
2785 2413 3015 2484 Spiritus
3055 2423 3274 2473 anuus
3321 2429 3417 2484 per
3455 2415 3577 2484 ejus
3615 2414 3855 2484 linguam
3923 2415 3926 2418 ’

2259 2502 2453 2559 dooere
2477 2518 2574 2559 nos
2608 2502 2756 2567 velit.
2781 2501 2922 2573 'Quid
2952 2503 3131 2575 itaque
3155 2504 3230 2559 ait
3245 2504 3275 2558 ἲ
3301 2503 3394 2560 20.
3427 2503 3498 2558 Et
3521 2502 3650 2558 diaa't
3673 2502 3813 2558 Deus
3833 2517 3857 2560 :

2260 2591 2495 2647 Educant
2522 2608 2667 2664 aqua
2692 2593 2893 2665 reptilia
2917 2595 3204 2652 animarum
3222 2593 3520 2659 viventium,
3551 2602 3598 2648 et
3626 2593 3857 2648 volatilia

2259 2684 2479 2739 volantia
2489 2699 2640 2753 super
2650 2692 2836 2740 terram
2850 2686 3126 2740 secandam
3137 2684 3506 2753 [ii-musam:
3517 2683 3649 2738 ccli.
3666 2681 3731 2736 Et
3749 2684 3858 2751 {ao-

2259 2785 2364 2829 tum
2381 2785 2457 2830 est
2470 2778 2561 2830 ita.
2579 2773 2712 2832 Vide
2728 2777 3109 2849 benignitatem
3132 2775 3360 2841 Domini,
3377 2774 3645 2846 quomodo
3661 2775 3856 2829 ordine

2257 2867 2488 2937 quodam
2529 2878 2584 2923 et
2623 2869 3004 2941 consequentia
3041 2882 3202 2922 omne
3239 2867 3508 2937 epitlcium
3552 2881 3706 2921 suum
3754 2880 3857 2921 nos

2256 2959 2464 3016 doceat.
2491 2959 2646 3016 Prius
2671 2961 2850 3017 docuit
2879 2975 3000 3026 nos,
3025 2957 3295 3028 quomodo
3323 2957 3390 3012 ad
3423 2956 3686 3012 lructuum
3718 2972 3851 3026 pro-

2257 3059 2448 3105 ventus
2486 3065 2585 3108 suo
2623 3050 2873 3106 mandato
2900 3059 3095 3106 terram
3121 3049 3474 3104 excitaverit:
3520 3056 3724 3118 postea,
3759 3048 3854 3102 ubi

2260 3138 2443 3195 docuit
2468 3139 2693 3197 duorum
2724 3140 3062 3196 luminarium
3089 3139 3485 3206 formationem,
3514 3140 3761 3209 apposuit
3798 3148 3857 3193 et

2257 3231 2536 3287 stellarum
2603 3233 2930 3297 varietatem,
2994 3246 3092 3301 per
3141 3245 3276 3300 quas
3340 3230 3457 3285 caeli
3511 3229 3857 3301 pulchritudo

2257 3319 2395 3377 facta
2438 3330 2521 3379 est
2543 3323 2777 3380 clarior:
2823 3321 2982 3380 hodie
3019 3324 3353 3379 continenter
3380 3321 3448 3377 ad
3473 3337 3637 3393 aquas
3671 3332 3855 3377 trans-

2256 3411 2332 3473 it,
2385 3421 2441 3467 et
2487 3414 2720 3468 ostendit
2762 3413 2954 3480 nobis,
3011 3429 3262 3468 sermone
3325 3421 3379 3469 et
3434 3423 3700 3484 praecepto
3750 3429 3856 3470 suo

2258 3517 2325 3555 ex
2377 3503 2528 3573 aquis
2583 3503 2713 3573 ipsis
2766 3505 2992 3559 viventia
3047 3503 3296 3559 animalia
3362 3504 3642 3575 prodiisse.
3700 3505 3848 3561 Edis-

2255 3604 2372 3660 cant
2409 3596 2551 3650 enim
2571 3636 2587 3662 ,
2615 3599 2722 3662 ait,
2748 3613 2894 3667 aqua
2931 3599 3131 3670 reptilia
3160 3600 3444 3654 animarum
3469 3599 3739 3655 viventium
3757 3642 3773 3662 ,
3801 3609 3853 3656 et

2255 3687 2481 3741 volatilia
2511 3690 2731 3743 volantia
2757 3706 2922 3759 super"
2947 3699 3134 3744 terram
3162 3691 3437 3746 “cundum
3477 3692 3853 3758 ﬁrmamentus

2257 3781 2386 3834 cazli.
2425 3779 2554 3849 Quis
2580 3777 2778 3846 seruio,
2809 3797 3013 3852 quaeso,
3038 3783 3279 3837 miraculi
3321 3782 3630 3853 dignitatem
3673 3791 3851 3852 potest

2257 3870 2502 3939 assequi?
2541 3885 2660 3940 qum
2701 3871 2877 3940 lingua
2915 3871 2984 3926 ad
3019 3872 3238 3941 Opitlcis
3273 3873 3534 3942 prteconia
3580 3872 3851 3931 sufﬁciet?

2262 3958 2404 4014 Dixit
2426 3959 2629 4014 tantum
2649 4002 2666 4028 ,
2694 3959 2949 4016 Germinet
2975 3972 3108 4017 terra
3129 3978 3149 4016 :
3177 3971 3231 4017 et
3255 3963 3432 4018 statim
3459 3964 3600 4018 illam
3630 3964 3698 4019 ad
3730 3980 3854 4036 par-

2261 4059 2371 4103 tum
2397 4050 2681 4106 excitavit:
2714 4068 2854 4126 nunc
2873 4053 3040 4109 dicit:
3071 4053 3305 4108 Educant
3328 4070 3494 4124 aqua.
3525 4054 3659 4110 Vide
3689 4071 3852 4126 quam

2259 4149 2554 4196 consonant
2601 4125 2902 4212 praecepta:
2954 4143 3080 4210 illic,
3119 4141 3411 4210 Germinct;
3448 4145 3564 4212 bic,
3619 4125 3859 4203 Etim-ant

2259 4247 2424 4302 aqum,
2467 4233 2666 4302 inquit,
2701 4235 2900 4304 reptilia
2926 4236 3209 4289 animarum
3237 4237 3523 4290 viventium.
3555 4237 3688 4292 Nam
3717 4240 3858 4295 sicut

2258 4321 2325 4378 de
2353 4330 2492 4378 terra
2519 4323 2652 4378 dixit
2679 4325 2872 4390 solum,
2905 4324 3159 4380 Germinet
3178 4341 3199 4380 :
3223 4335 3278 4381 et
3304 4328 3448 4382 varia
3471 4341 3594 4380 mox
3626 4341 3691 4382 ac
3715 4328 3858 4384 mul-

2260 4411 2422 4482 tiplex
2452 4413 2662 4474 llorum,
2691 4414 2996 4482 herbarum,
3022 4425 3076 4472 et
3103 4417 3370 4471 seminum
3396 4418 3642 4487 apparuit
3671 4419 3850 4488 copia,

2259 4519 2468 4580 unoque
2493 4505 2658 4560 verbo
2688 4506 2941 4574 producta
2967 4516 3091 4562 sunt
3114 4508 3292 4562 omnia
3321 4523 3335 4563 :
3364 4508 3442 4562 sic
3467 4517 3520 4562 et
3549 4507 3636 4563 hic
3671 4508 3810 4564 dixit
3838 4527 3854 4566 :

2261 4589 2494 4646 Educant
2518 4609 2662 4662 aqua
2685 4595 2887 4664 reptilia
2911 4596 3196 4650 animarum
3223 4596 3490 4651 uiuentium
3507 4639 3522 4663 ,
3550 4606 3597 4652 et
3622 4597 3856 4655 volatilia

2258 4686 2480 4739 volantia
2504 4701 2656 4754 super
2695 4695 2880 4740 terram
2905 4687 3180 4742 secundum
3207 4688 3578 4757 ﬁrmamentum
3609 4687 3726 4743 ccli
3753 4702 3778 4746 :
3800 4697 3858 4746 et

2259 4777 2515 4831 continuo
2559 4784 2637 4830 tot
2664 4777 2931 4846 reptilium
2969 4778 3370 4850 volatiliumque
3401 4795 3599 4852 genera
3627 4781 3868 4842 condita

2259 4877 2403 4936 sunt,
2428 4877 2557 4938 quot
2584 4883 2756 4939 neque
2784 4885 3034 4926 sermone
3059 4871 3326 4929 recenseri
3356 4883 3597 4943 possunt.
3628 4873 3696 4929 Et
3723 4889 3853 4932 ver-

2261 4961 2383 5016 bum
2410 4962 2622 5033 quidem
2654 4963 2818 5019 breve
2845 4971 2946 5027 est,
2974 4965 3301 5034 verbumque
3328 4981 3513 5032 unum,
3536 4981 3735 5037 genera
3757 4982 3852 5023 au-

2262 5063 2366 5108 tem
2387 5055 2692 5110 animalium
2717 5055 2928 5110 diversa
2959 5065 3013 5112 et
3037 5057 3202 5111 varia.
3227 5056 3331 5112 Sed
3356 5057 3500 5113 nullo
3521 5068 3746 5129 stupore
3775 5069 3860 5117 te-

2260 5145 2457 5211 nearis,
2484 5146 2715 5202 dilecte:
2745 5147 2968 5203 verbum
2999 5149 3139 5203 enim
3167 5159 3282 5204 erat
3312 5149 3439 5216 Dei,
3468 5159 3523 5207 et
3549 5165 3731 5206 sermo
3767 5152 3856 5223 ip-

2264 5237 2376 5292 sius
2401 5237 2465 5292 iis
2493 5252 2612 5310 qua:
2636 5236 2834 5294 ﬂebant
2869 5239 3270 5295 subsistentiam
3297 5240 3515 5310 largitus
3551 5250 3652 5298 est.
3686 5241 3858 5300 Vides

2259 5331 2529 5400 quomodo
2554 5333 2731 5387 omnia
2759 5347 2829 5389 ex
2867 5333 3034 5388 nihilo
3062 5344 3120 5387 ut
3161 5345 3342 5389 essent
3381 5334 3641 5406 producta
3687 5335 3866 5392 sunt?

2259 5421 2410 5478 vides
2437 5437 2596 5492 quam
2623 5422 2903 5494 diligenter
2925 5423 3152 5479 doceat?
3181 5423 3333 5483 vides
3354 5434 3549 5496 quanta
3571 5439 3632 5482 se
3653 5435 3858 5482 attem-

2261 5511 2536 5580 peratlone
2563 5511 2627 5566 ad
2651 5513 2819 5567 nostri
2846 5513 3060 5583 generis
3087 5513 3440 5569 humilitatem
3471 5511 3731 5570 Dominus
3756 5514 3854 5572 dc-

2262 5605 2472 5660 mittatl
2495 5603 2646 5661 Unde
2672 5606 2813 5662 enim
2835 5621 2936 5662 nos
2961 5606 3074 5661 haac
3106 5615 3212 5661 tam
3252 5618 3497 5663 accurate
3522 5607 3735 5665 discere
3762 5624 3860 5680 po-

2267 5697 2576 5767 tuissemus,
2594 5698 2692 5756 nisi
2717 5700 2830 5771 ipse
2852 5711 3044 5770 magna
3060 5706 3115 5756 et
3127 5684 3388 5756 ineffabili
3413 5697 3744 5770 benignitate
3762 5723 3864 5769 sua
