4080 6308
232 436 308 496 ει
1451 417 1517 475 IN
1553 415 1704 474 car.
1749 411 1792 469 ι.
1831 408 1850 467 t

1960 406 2079 467 lES.
2121 405 2356 465 1103111..
2389 405 2501 465 νη.
3476 406 3546 458 (ιϐ

231 545 524 601 immanem
552 553 724 613 gemis
744 553 843 612 per
867 535 1140 610 prepbetm
1167 533 1400 605 linguam
1425 531 1621 586 docere
1647 527 1834 598 digna-

229 645 318 691 tus
341 644 509 701 esset,
537 642 597 686 ut
617 632 761 687 seire
785 632 1054 704 possimus
1082 635 1136 683 et
1156 640 1334 682 rerum
1358 632 1658 680 creaturqu
1689 617 1836 674 ordi-

1946 539 2011 578 ex
2048 522 2200 594 aquis
2227 523 2352 579 talia
2381 521 2673 579 animantia
2711 522 3002 594 produxit;
3042 525 3424 600 oetoignitatem
3453 546 3551 588 aa-

1944 623 2074 682 tcm,
2105 613 2228 684 quia
2253 622 2312 669 ut
2336 628 2399 669 ca
2437 612 2708 685 produxit,
2740 617 3009 686 propriam
3037 618 3117 674 eis
3143 619 3422 690 regionem
3461 631 3550 679 at—

229 737 379 790 nem,
395 733 455 778 et
481 721 760 778 Creatoris
793 719 1106 792 potentiam,
1136 725 1192 773 et
1219 713 1488 787 quomodo
1516 724 1698 768 sermo
1715 709 1837 779 ejus
1938 703 2152 772 tribuit,
2183 703 2498 760 immensam
2537 705 2702 761 maris
2729 713 2935 776 partem
2962 705 3069 762 illis
3105 706 3438 778 decernens,
3475 714 3552 770 ita

227 812 287 868 i
315 827 450 881 opus
488 811 704 878 exierit,
750 820 807 867 ct
833 810 1058 866 verbum
1097 808 1215 879 ejus
1248 804 1645 863 subsistentiam
1668 811 1743 858 Aet
1768 799 1836 856 ad

225 900 606 957 exsistentiam
633 899 914 956 transitum
943 898 1205 956 creaturis
1227 893 1550 967 prtcbueritl

306 991 362 1045 ι.
389 988 497 1046 Cur
533 999 736 1048 autem
779 990 1008 1044 ordinem
1033 989 1086 1042 in
1113 986 1382 1042 creationis
1415 984 1704 1040 narratione
1728 997 1836 1036 ser-

229 1078 612 1136 rata—Verum
631 1090 757 1136 sunt
771 1079 1027 1135 insensati
1046 1075 1307 1145 nonnulli,
1326 1076 1416 1148 qui
1431 1085 1491 1132 et
1503 1083 1622 1146 poet
1638 1081 1840 1128 tantam

228 1167 537 1225 doctrinam
561 1170 821 1226 increduli
839 1185 958 1226 esse
982 1170 1200 1235 audent,
1225 1167 1487 1240 faterique
1506 1167 1694 1223 nolunt
1717 1181 1840 1221 esse

228 1263 468 1338 aliquem
499 1264 722 1320 istorum
759 1263 1044 1320 visibilium
1073 1261 1319 1333 opiﬁcem
1343 1277 1358 1315 :
1383 1259 1479 1316 sed
1502 1259 1592 1314 alii
1615 1258 1830 1330 quidem

231 1355 458 1410 los-tmte
483 1354 571 1410 illa
594 1369 659 1411 ac
695 1367 792 1426 per
819 1369 882 1412 se
907 1357 1029 1411 esse
1051 1354 1266 1420 dicunt,
1295 1352 1384 1408 alii
1410 1363 1540 1408 vero
1563 1365 1630 1407 ex
1653 1350 1838 1420 subju-

231 1453 395 1501 ceute
411 1443 647 1515 quadam
689 1446 914 1502 materia
937 1458 1060 1500 esse
1103 1443 1244 1500 facta
1270 1442 1621 1498 contendunt.
1646 1441 1840 1496 Consi-

231 1536 367 1592 dera
394 1545 588 1607 quanta
616 1536 814 1592 diaboli
845 1537 1040 1601 illusio,
1064 1535 1334 1606 quomodo
1354 1532 1555 1588 abusus
1584 1540 1668 1588 est
1697 1531 1838 1587 facili

231 1627 514 1682 erroribus
559 1626 912 1682 servientium
955 1624 1291 1680 credulitate.
1332 1623 1627 1693 Eapropter
1653 1621 1842 1677 beatus

231 1714 436 1780 loses.
473 1716 678 1785 Spiritu
719 1716 902 1772 divino
935 1713 1185 1782 afﬂatus,
1231 1722 1376 1769 tanta
1423 1711 1698 1782 diligentia
1743 1725 1844 1766 nos

236 1805 423 1872 docet,
452 1821 522 1861 ue
547 1806 688 1862 idern
717 1816 773 1861 et
809 1805 964 1860 nobis
994 1806 1240 1871 eveniat;
1271 1803 1368 1860 sed
1403 1803 1636 1858 sciamus
1665 1802 1842 1857 mani-

235 1896 377 1952 festo
417 1905 478 1952 et
513 1906 881 1952 creaturarum
926 1897 1202 1960 ordinem,
1225 1904 1281 1952 et
1309 1893 1584 1965 quomodo
1616 1892 1844 1964 quaeque

195 2047 200 2051 ,
234 1996 438 2041 «caue
464 1987 590 2040 sint.
619 1984 734 2041 Nisi
758 1985 902 2041 enim
929 1994 1130 2040 nostra:
1158 1984 1345 2040 salutis
1361 1998 1543 2040 curam
1570 1981 1847 2039 habuisset

239 2076 417 2143 Deus,
449 2087 504 2132 et
534 2077 606 2131 ita
647 2075 931 2132 direxisset
961 2075 1236 2146 propheta:
1273 2074 1542 2146 linguam,
1569 2074 1700 2130 satis
1728 2080 1848 2129 erat

233 2166 446 2224 dixisse
485 2183 501 2221 :
547 2166 699 2224 Fecit
725 2167 870 2223 Deus
906 2166 1096 2223 caelum
1134 2174 1190 2221 et
1223 2173 1443 2234 terram,
1485 2173 1541 2220 et
1579 2178 1765 2232 mare,
1792 2172 1848 2220 et

239 2259 576 2316 mutantia:
623 2274 800 2331 neque
838 2273 1060 2315 necesse
1084 2269 1202 2316 erat
1237 2267 1297 2314 ut
1335 2266 1562 2329 poneret
1601 2256 1847 2313 ordinem

237 2348 477 2417 dierum,
509 2363 685 2420 neque
713 2349 840 2420 quid
883 2350 1086 2420 primo,
1126 2359 1184 2405 et
1221 2348 1350 2420 quid
1384 2347 1623 2404 secundo
1650 2348 1848 2403 iactum

237 2440 426 2496 fuerit.
455 2439 564 2496 Sed
603 2449 661 2496 ut
700 2440 922 2511 ingratis
961 2451 1018 2498 et
1044 2441 1185 2498 male
1210 2438 1563 2496 sentientibus
1591 2439 1735 2495 nulla
1762 2453 1852 2494 re-

237 2532 579 2603 linqueretur
594 2534 915 2600 excusatio,
964 2534 1038 2589 ita
1076 2531 1354 2604 distinguit
1379 2530 1662 2588 manifeste
1687 2539 1743 2587 et
1768 2530 1847 2586 fa-

236 2635 455 2681 ctorum
483 2623 754 2692 ordinent,
775 2633 832 2680 et
856 2623 1064 2681 dierum
1096 2637 1402 2688 numerum,
1437 2630 1493 2680 et
1529 2623 1710 2678 omnia
1752 2635 1853 2678 nos

236 2715 407 2774 docet
444 2731 569 2771 cu
615 2730 807 2787 magna
847 2714 1325 2787 attemperatione,
1352 2722 1412 2771 ut
1449 2715 1662 2785 cognita
1703 2713 1851 2769 omni

234 2808 470 2865 veritate
489 2849 505 2874 ,
535 2822 644 2863 non
676 2807 816 2864 ultra
841 2822 1026 2864 eorum
1062 2806 1339 2864 erroribus
1365 2804 1730 2872 alendamus,
1759 2803 1857 2875 qui

236 2899 428 2954 omnia
455 2897 528 2954 ab
550 2913 613 2956 se
638 2897 934 2970 excogitata
959 2898 1256 2969 loquuntur
1274 2937 1290 2964 ,
1319 2895 1417 2952 sed
1445 2895 1677 2951 sciamus
1704 2887 1858 2949 Con-

237 2990 439 3047 ditoris
455 2990 633 3047 nostri
652 2989 1068 3048 inenarrabiles:
1095 2987 1414 3060 potentiam.
1440 2985 1511 3042 Et
1538 2987 1732 3056 factum
1751 2994 1854 3052 est,

239 3080 439 3153 bustis,
468 3082 564 3136 ita.
596 3080 738 3137 lixis
760 3098 776 3134 :
800 3079 1041 3135 Educast
1067 3094 1218 3150 aqua
1235 3079 1441 3150 reptilia
1456 3077 1749 3132 animus
1771 3076 1859 3130 ei-

237 3177 506 3240 manus,
535 3182 584 3226 et
620 3172 857 3227 caluitio
892 3170 1119 3226 solantia
1155 3185 1316 3238 super
1350 3177 1538 3223 terrens
1575 3167 1856 3222 secundum

239 3264 780 3336 Was-ccli,
803 3272 860 3318 et
883 3260 1275 3331 obtemperavit
1296 3259 1646 3326 elementum,
1671 3265 1728 3314 et
1749 3257 1854 3314 im-

241 3355 409 3426 plevit
425 3359 786 3425 Win.
816 3351 885 3408 Et
907 3356 1103 3424 [acM
1130 3361 1225 3419 est,
1261 3351 1452 3421 inquit,
1473 3349 1605 3405 sicut
1631 3349 1854 3420 impera-

239 3446 311 3500 rit
342 3441 628 3500 “minus.
667 3441 765 3499 Si.
788 3439 860 3497 Et
881 3443 1004 3514 fecit
1031 3440 1174 3496 Deus
1213 3448 1320 3495 cete
1341 3455 1550 3512 magna,
1578 3447 1628 3494 et
1653 3454 1855 3494 omnem

239 3531 1859 3604 “Mamilium,quaproduemtaqua

240 3626 528 3683 secundum
551 3640 736 3696 genere
759 3639 876 3693 sua,
897 3632 948 3678 et
968 3639 1119 3678 omne
1141 3622 1345 3678 volatile
1371 3630 1643 3693 pensatum
1670 3636 1852 3676 secun-

243 3718 368 3773 dant
403 3731 586 3784 genus.
615 3713 683 3769 Et
711 3715 832 3770 sidit
861 3712 1005 3770 Deus
1024 3713 1166 3784 quod
1189 3722 1360 3769 essent
1379 3712 1537 3767 bona.
1562 3711 1658 3769 ﬂ.
1687 3709 1856 3765 Bene-

243 3807 478 3880 dixitque
497 3823 562 3862 ea
596 3803 758 3873 Deus,
790 3805 998 3860 dicens:
1023 3803 1244 3860 Crescite
1270 3813 1317 3859 et
1341 3802 1779 3875 multiplicamini,
1809 3810 1857 3855 et

240 3897 455 3970 implete
477 3913 639 3968 aquas
664 3898 905 3964 minus,
931 3905 980 3951 st
1005 3895 1240 3951 volatilia
1273 3894 1676 3965 multiplicemur
1703 3909 1859 3964 super

247 4000 468 4044 tetu-ann.
495 3987 698 4044 lterum
735 3986 844 4056 hic,
873 4002 1078 4060 quaeso,
1106 3987 1409 4056 considam,
1441 3995 1637 4058 quanta
1666 3986 1738 4042 sit
1763 4002 1855 4041 sa-

243 4079 451 4151 pientia
477 4078 730 4148 Spiritus.
759 4077 893 4134 Nam
911 4091 1033 4134 cum
1055 4076 1195 4133 dixit
1221 4078 1410 4134 beatus
1444 4076 1637 4139 Moses,
1670 4074 1738 4132 Et
1774 4079 1855 4149 fa-

244 4181 384 4225 euuu
414 4169 612 4232 estita,
643 4167 799 4225 docet
837 4182 940 4224 nos
963 4169 1262 4226 minutatim
1305 4167 1510 4224 addens
1549 4177 1606 4224 ct
1627 4167 1854 4224 dicens:

246 4258 314 4315 Et
339 4261 467 4332 fecit
496 4258 635 4315 Deus
659 4269 764 4315 cete
787 4276 994 4332 magna,
1013 4268 1067 4314 et
1092 4276 1291 4314 omnem
1312 4261 1535 4314 anisnaut
1559 4260 1857 4315 animalium

243 4351 510 4422 reptilistns
535 4366 647 4421 qtuc
666 4352 1016 4422 produxerunt
1041 4364 1192 4419 aqua
1213 4350 1495 4407 secundum
1521 4367 1708 4422 genera
1726 4367 1849 4417 sua,

245 4453 294 4498 et
339 4457 497 4496 autne
540 4440 744 4495 uolatile
788 4450 1059 4510 pennatam
1103 4441 1382 4496 secundum
1407 4457 1586 4514 genus.
1625 4441 1696 4496 Et
1735 4442 1858 4496 uidit

246 4531 390 4586 Deus
414 4530 555 4600 quod
582 4541 744 4585 essent
763 4531 914 4585 actia.
947 4531 1045 4586 Hic
1071 4530 1250 4587 denuo
1274 4535 1633 4588 temeritatem
1676 4534 1856 4588 omnia

245 4623 457 4694 absque
501 4622 710 4679 ratione
752 4623 1195 4679 deblaterantium
1240 4625 1568 4694 comprimit.
1614 4623 1749 4679 Nam
1801 4632 1858 4678 ut

244 4715 435 4772 nullus
481 4713 666 4769 dicere
711 4714 898 4784 possit.
940 4713 1108 4784 Cujus
1153 4715 1319 4783 gratia
1346 4725 1464 4771 cete
1512 4714 1648 4770 facta
1691 4715 1857 4770 sunt?

243 4821 410 4878 quam
439 4805 600 4859 nobis
636 4803 913 4860 utilitatem
944 4805 1270 4861 conferunt?
1305 4806 1438 4876 quid
1478 4807 1745 4861 commodi
1788 4821 1854 4862 ex

242 4912 445 4954 eorum
475 4897 788 4952 creatione?
818 4897 1014 4953 idcirco
1038 4907 1320 4969 postquam
1348 4898 1517 4953 dixit:
1548 4897 1693 4953 Fecit
1721 4898 1856 4953 Deus

241 4998 348 5043 ceu
391 5002 604 5058 mysta,
644 4995 695 5041 et
733 5003 932 5042 omnem
973 4988 1196 5040 animum
1231 4989 1532 5042 animalium
1574 4990 1852 5059 Nptiliunt.

241 5089 292 5133 et
313 5080 557 5134 ulatilia
577 5093 597 5132 :
622 5080 799 5132 statim
831 5077 1070 5132 addidit:
1102 5080 1165 5131 Et
1196 5077 1318 5132 vidit
1355 5077 1497 5133 Deus
1531 5080 1668 5148 quod
1692 5091 1855 5135 essent

245 5173 402 5225 bona.
431 5170 597 5237 Quasi
617 5169 856 5225 diceret:
886 5169 962 5224 Ne
990 5170 1112 5238 quia
1143 5180 1196 5224 tu
1223 5170 1483 5227 rationem
1525 5173 1737 5241 ignoras
1776 5172 1860 5226 fa-

245 5273 486 5327 ctorum,
509 5262 720 5332 opiﬁcis
740 5262 1042 5330 vituperare
1068 5263 1411 5333 aggrediaris.
1440 5264 1645 5318 Audisti
1676 5265 1857 5319 Domi.-

248 5369 378 5408 num
409 5353 866 5422 pronuntiantem,
907 5361 967 5406 et
1011 5352 1277 5407 dicentem
1307 5352 1396 5407 illa
1437 5367 1556 5409 esse
1597 5355 1733 5409 bona
1763 5374 1775 5409 :
1804 5365 1856 5409 ct

245 5442 525 5514 quosnodo
547 5451 602 5498 ιιι
623 5443 896 5497 insaniens
911 5445 1089 5496 dicere
1117 5442 1304 5509 audes,
1327 5443 1504 5511 Quare
1525 5443 1663 5498 facta
1694 5446 1856 5498 sunt?

247 5534 404 5604 quasi
443 5534 773 5604 superﬂuum
813 5534 1048 5603 ipsarum
1077 5548 1334 5589 accusans
1368 5535 1680 5604 opificium?
1724 5537 1856 5592 Nam

249 5628 294 5679 si
313 5626 572 5682 cordatus
595 5639 768 5692 esses,
794 5639 976 5695 posses
1002 5628 1160 5679 etiam
1192 5640 1256 5680 ex
1290 5625 1476 5680 harum
1507 5627 1779 5683 creatione
1805 5640 1858 5683 ct

250 5718 546 5785 putentiam
589 5715 802 5772 Domini
846 5723 900 5768 et
928 5715 1248 5770 iuell‘abilem
1294 5714 1674 5786 benignitatem
1703 5719 1857 5772 addi-

245 5817 405 5860 scere
436 5827 448 5862 :
479 5809 772 5881 potentiam
807 5807 1045 5877 quidem,
1079 5807 1198 5878 quia
1220 5822 1469 5863 sermone
1507 5816 1562 5864 et
1586 5823 1855 5881 plteccpto

1945 803 2004 851 ut
2027 794 2230 850 nemini
2260 802 2739 864 possentnocere;
2765 796 2860 852 sed
2885 808 3170 855 versentur
3193 801 3248 856 in
3293 804 3428 858 mari
3448 845 3464 869 ,
3483 815 3554 863 ct

1943 884 2027 940 sui
2053 884 2363 954 spectaculo
2386 886 3114 959 supereminentemOpiiicis
3133 893 3426 960 potentiam
3453 893 3559 952 duo

1944 984 2134 1043 ceam,
2176 975 2487 1046 nullumque
2513 974 2747 1032 humano
2771 979 2956 1048 generi
2995 979 3249 1038 damnum
3293 984 3556 1044 inierant.

1945 1067 2028 1121 An
2066 1079 2293 1136 parvam
2321 1075 2477 1137 putas
2501 1066 2846 1140 benignitatis
2883 1078 3113 1141 partem,
3143 1075 3410 1144 geminam
3453 1078 3555 1134 tibi

1945 1159 2230 1215 utilitatem
2270 1158 2396 1216 hinc
2435 1160 2677 1218 exoriri?
2709 1161 2926 1218 Etenim
2967 1159 3158 1234 sapere
3201 1167 3445 1225 volentes
3483 1171 3556 1226 ad

1950 1250 2051 1306 Dei
2081 1250 2323 1305 notitiam
2350 1251 2716 1318 introducunt,
2745 1261 2800 1309 ct
2828 1254 3147 1324 stupendum
3172 1256 3428 1316 exhibent
3457 1259 3561 1316 δο-

1946 1343 2224 1412 nignitatis
2261 1345 2381 1414 ejus
2404 1345 2851 1417 magnitudinem,
2880 1348 3024 1418 quod
3053 1349 3123 1404 ab
3145 1363 3334 1406 eorum
3378 1368 3556 1410 uocuv

1947 1435 2144 1491 mentis
2186 1436 2478 1492 humanum
2514 1452 2686 1509 genus
2731 1438 3057 1515 liberaverit.
3090 1441 3278 1516 Neque
3301 1446 3446 1502 enim
3482 1447 3560 1504 ob

1948 1537 2188 1585 nostram
2209 1529 2496 1588 dumtaxat
2519 1531 2800 1588 utilitatem
2828 1548 2892 1589 ea
2913 1536 3091 1590 omnia
3117 1535 3258 1593 facta
3284 1549 3432 1607 sunt,
3454 1542 3552 1598 sed

1948 1631 2002 1678 et
2047 1621 2118 1678 ob
2159 1625 2475 1680 immensam
2519 1624 2688 1696 ipsius
2726 1626 3222 1696 magniﬁcentiam:
3262 1631 3364 1688 alia
3407 1635 3555 1691 enim

1949 1724 2169 1785 propter
2210 1725 2448 1772 nostram
2477 1716 2759 1774 utilitatem
2789 1717 2949 1786 fecit,
2994 1720 3096 1775 alia
3142 1731 3364 1793 propter
3400 1738 3554 1782 suam

1950 1805 2422 1877 magniﬁcentiam,
2453 1815 2510 1863 ut
2538 1809 2707 1878 magis
2731 1808 2977 1866 Factoris
3008 1812 3334 1881 prmdicetur
3359 1825 3561 1885 poten»

1952 1902 2025 1956 tia
2053 1901 2096 1956 ί.
2123 1900 2256 1956 Cum
2278 1901 2432 1957 audis
2455 1901 2658 1973 itaque,
2698 1900 2836 1956 Vidit
2863 1900 3006 1959 Deus
3030 1905 3168 1975 quod
3194 1919 3356 1962 essent
3383 1907 3512 1963 torta
3535 1924 3556 1964 :

1950 2006 2021 2047 ne
2044 1991 2190 2048 ausis
2230 1993 2368 2047 ultra
2396 1991 2592 2050 divina:
2615 1993 2904 2064 Scriptum
2938 1997 3328 2065 contradicere,
3365 2013 3429 2056 ac
3462 2014 3555 2055 tu-

1951 2086 2146 2140 riosius
2171 2086 2461 2156 inquirere,
2480 2085 2768 2158 dicereque
2791 2105 2805 2142 :
2837 2087 3015 2157 Quare
3031 2089 3172 2145 Deus
3195 2090 3296 2147 hoc
3318 2093 3404 2148 vel
3427 2093 3555 2149 illud

1950 2174 2077 2230 fecit
2095 2175 2119 2230 ῗ
2139 2174 2209 2230 Et
2237 2176 2492 2231 benediaa't
2513 2177 2606 2231 illa
2631 2176 2793 2245 Deus,
2828 2178 3018 2248 inquit.
3049 2189 3098 2234 et
3134 2181 3267 2235 dixit
3288 2197 3308 2237 :
3336 2182 3564 2240 Crescite

1952 2274 1998 2319 et
2025 2265 2459 2336 multiplicamini,
2487 2277 2535 2321 et
2564 2266 2770 2338 implete
2794 2284 2954 2339 aquas
2975 2270 3193 2327 marium
3215 2288 3236 2326 :
3260 2284 3305 2328 et
3329 2274 3564 2330 volatilia

1953 2356 2353 2426 ntultiplicentur
2378 2374 2532 2427 super
2548 2368 2756 2413 terram.

2023 2449 2081 2505 5.
2119 2448 2245 2504 llme
2271 2457 2352 2504 est
2391 2449 2503 2518 ipsa
2540 2448 2876 2516 benedictio,
2905 2459 2958 2506 ut
2988 2466 3183 2523 magno
3207 2469 3438 2511 numero
3466 2456 3564 2512 illa

1954 2549 2271 2612 augeantur.
2303 2539 2437 2597 Nam
2462 2540 2586 2611 quia
2618 2541 2858 2596 viventes
2880 2552 3146 2599 creatum
3172 2555 3327 2600 erant
3353 2546 3561 2601 anima-

1957 2633 2057 2699 lia,
2088 2633 2404 2704 velebatque
2433 2633 2523 2690 illa
2552 2639 2810 2706 perpetuo
2839 2651 3091 2701 manere,
3120 2636 3248 2692 idco
3275 2639 3514 2696 subdidit
3541 2658 3564 2696 :

1955 2721 2027 2779 Et
2055 2724 2307 2780 basedieit
2330 2723 2426 2779 illa
2450 2723 2586 2779 Deus
2605 2766 2620 2791 ,
2653 2735 2699 2778 et
2725 2725 2854 2780 dixit
2881 2741 2900 2781 :
2926 2725 3147 2784 Crescite
3171 2737 3219 2782 et
3249 2729 3561 2800 multiplica~

1956 2817 2104 2872 mini.
2145 2815 2382 2872 Verbum
2413 2816 2558 2872 enim
2596 2815 2728 2871 illud
2763 2831 2936 2887 usque
2976 2817 3037 2873 in.
3067 2827 3388 2888 praesentem
3419 2820 3567 2876 diem

1956 2907 2048 2965 illa
2089 2916 2409 2976 conservat,
2447 2916 2503 2964 et
2544 2915 2751 2963 tantum
2799 2908 3058 2978 praeteriit
3097 2920 3344 2981 tempus,
3387 2926 3569 2983 neque

1957 3015 2122 3056 unum
2150 3000 2342 3056 borum
2369 3015 2540 3071 genus
2579 3001 2918 3057 imminutum
2945 3010 3049 3059 est.
3087 3003 3220 3058 Nam
3261 3004 3566 3061 benedictio

1959 3091 2089 3157 Dei,
2116 3097 2173 3146 et
2213 3092 2440 3147 verbum
2474 3090 2612 3146 illud
2640 3108 2657 3152 :
2689 3089 2908 3147 Crescite
2945 3103 2994 3149 et
3033 3093 3476 3166 multiplicamini,
3505 3106 3564 3152 ut

1958 3181 2316 3238 subsisterent
2342 3190 2400 3238 et
2427 3180 2686 3238 durarent
2727 3182 2836 3238 illis
2869 3184 3121 3240 contudit.
3150 3185 3246 3243 25.
3274 3185 3344 3241 Et
3370 3189 3561 3258 factum

1957 3284 2060 3338 est,
2092 3274 2298 3344 inquit,
2325 3289 2527 3342 uespere
2543 3312 2563 3339 ,
2591 3283 2641 3329 et
2667 3277 2862 3345 factum
2885 3285 2958 3330 est
2983 3292 3166 3344 manu,
3193 3278 3301 3333 dies
3336 3278 3561 3349 quintus.

1963 3362 2123 3420 Vides
2146 3362 2417 3433 quomodo
2444 3363 2621 3418 divina
2650 3364 2927 3435 Scriptura
2954 3365 3137 3422 docuit
3160 3381 3295 3434 nos,
3325 3384 3448 3441 qua:
3473 3371 3566 3427 diu

1960 3456 2149 3527 quinto
2164 3465 2345 3512 creata
2370 3457 2479 3512 sint
2497 3457 2827 3512 animantia?
2850 3456 2956 3514 Sed
2983 3473 3559 3534 parumperexspocta,

1959 3558 2015 3605 et
2057 3548 2250 3606 iterum
2299 3549 2504 3606 videbis
2551 3549 2762 3606 Domini
2806 3551 2883 3607 tui
2931 3553 3331 3625 benignitatem.
3379 3557 3564 3630 Neque

1958 3643 2102 3700 enim
2135 3658 2310 3714 aquas
2339 3642 2521 3700 solum
2562 3645 2875 3700 animalium
2917 3646 3269 3716 productione
3311 3648 3569 3706 fecundas

1963 3736 2108 3800 fecit,
2135 3734 2231 3791 sed
2259 3729 2440 3791 denuo
2470 3737 2732 3806 prmcipit.
2764 3745 2824 3791 ut
2850 3751 2919 3792 ex
2946 3745 3088 3792 terra
3120 3740 3394 3796 terrestria
3435 3758 3562 3812 pro-

1959 3825 2226 3882 ducantur
2264 3827 2538 3881 auimalia.
2574 3825 2690 3881 Non
2719 3825 2819 3881 abs
2847 3841 2908 3883 re
2935 3829 3135 3898 quippe
3159 3829 3264 3884 erit
3290 3829 3452 3885 hodie
3479 3841 3567 3886 at-

1963 3917 2168 3989 tingere
2207 3932 2272 3973 ea
2314 3933 2435 3988 qum
2475 3917 2564 3973 die
2602 3927 2756 3973 sexto
2801 3928 2929 3974 sunt
2969 3921 3127 3974 facta.
3166 3919 3258 3976 ει.
3296 3920 3366 3975 Et
3402 3923 3562 3986 dixit.

1962 4009 2134 4080 inquit
2151 4050 2167 4077 ,
2196 4007 2337 4064 Deus
2365 4026 2386 4063 :
2411 4008 2674 4063 Producat
2698 4018 2833 4064 terra
2865 4012 3091 4066 animam
3117 3999 3359 4067 viuenlent
3388 4030 3566 4070 serun-

1962 4101 2083 4155 dum
2126 4117 2284 4172 genus
2303 4143 2318 4167 ,
2345 4101 2699 4172 quadrupedes
2722 4144 2736 4168 ,
2764 4111 2815 4156 et
2851 4103 3057 4173 reptil.
3074 4145 3090 4170 ,
3121 4114 3170 4159 et
3206 4105 3388 4160 bestias
3414 4123 3567 4177 super

1963 4203 2152 4249 terram
2181 4212 2201 4248 :
2226 4203 2276 4248 et
2304 4210 2486 4265 pecora
2504 4235 2518 4259 ,
2551 4202 2597 4248 et
2626 4195 2799 4249 omnia
2835 4196 3039 4264 reptilia
3078 4205 3228 4251 tam:
3247 4240 3259 4262 ,
3290 4200 3567 4255 secundum

1961 4303 2136 4358 genus.
2168 4284 2236 4340 Et
2265 4289 2456 4357 factum
2485 4295 2556 4342 est
2592 4287 2687 4342 sic.
2729 4285 2867 4342 Vide
2904 4290 3174 4357 quomodo
3204 4299 3342 4346 terra
3375 4293 3567 4348 iterum

1964 4379 2233 4448 duplicent
2261 4378 2417 4433 nobis
2444 4378 2632 4433 aderat
2659 4377 2912 4446 fructum,
2938 4390 2993 4436 et
3017 4382 3268 4436 mandato
3296 4382 3571 4437 dominico

1962 4468 2253 4523 ministret.
2302 4467 2451 4523 Tunc
2490 4467 2709 4532 quidem
2761 4473 3027 4524 seminum
3073 4471 3240 4526 edidit
3285 4474 3566 4542 germina,

1963 4576 2104 4615 nunc
2129 4569 2306 4616 autem
2325 4563 2346 4592 ²
2377 4561 2606 4615 viventia
2633 4562 2904 4627 animiin,
2932 4563 3303 4635 quadrupedes
3329 4576 3381 4622 et
3407 4568 3573 4640 repti-

1963 4653 2053 4718 lia,
2082 4666 2277 4721 pecora
2306 4661 2360 4707 et
2386 4652 2546 4708 feras.
2578 4653 2717 4709 Ecce
2745 4654 2888 4724 quod
2918 4669 3078 4725 supra
3104 4656 3213 4712 dixi
3254 4658 3446 4715 iterum
3474 4659 3566 4716 de-

1961 4745 2232 4813 claratur;
2264 4761 2460 4816 nempe
2499 4745 2663 4801 Deum
2694 4763 2802 4801 non
2829 4749 3007 4803 omnia
3036 4749 3102 4805 ad
3138 4762 3380 4807 nostrum
3413 4768 3568 4811 usunt

1962 4840 2280 4910 produxisse
2303 4879 2319 4900 .
2352 4837 2445 4893 sed
2486 4848 2664 4893 tamen
2707 4839 2772 4893 ad
2811 4841 3098 4911 quamdam
3129 4842 3476 4903 utilitatem‘.
3512 4856 3571 4901 ut

1962 4931 2206 4987 videntes
2245 4931 2452 5000 copiam
2489 4940 2544 4985 et
2580 4931 2972 4987 multitudinem
3010 4936 3129 5002 ejus
3159 4945 3524 4992 creaturarum
3550 4980 3568 5006 ,

1963 5024 2183 5096 Opiﬂcis
2206 5025 2452 5078 virtutem
2480 5024 2946 5095 obstupescamus,
2967 5037 3024 5082 et
3048 5029 3283 5083 sciamus
3308 5032 3569 5100 sapientia

1965 5116 2192 5186 quadam
2233 5124 2290 5170 et
2335 5115 2685 5171 beneﬁcentia
2741 5118 3089 5173 inenarrabili
3139 5130 3355 5190 propter
3403 5122 3569 5177 futuri

1967 5209 2198 5263 hominis
2229 5209 2489 5262 honorem
2510 5206 2533 5240 ⁸
2563 5208 2738 5262 omnia
2775 5224 2896 5265 esse
2926 5209 3205 5279 producta.

2027 5329 2045 5359 ι
2072 5327 2156 5396 _sic
2175 5324 2314 5396 savii.
2343 5332 2405 5396 et.
2415 5324 2612 5388 quidam
2635 5331 2772 5385 Mss;
2795 5323 2961 5375 Morel.
2978 5338 3113 5387 vero,
3140 5331 3190 5376 ut
3211 5326 3478 5389 prtvdicast
3499 5327 3575 5391 fa-

1964 5389 2108 5438 ctoris
2131 5389 2205 5450 sui
2229 5389 2501 5450 potentiam.

2017 5453 2046 5479 -²
2074 5448 2416 5512 _Ooislin.,__....
2464 5461 2574 5512 qua:
2617 5453 2756 5498 sexto
2795 5449 2877 5499 die
2914 5454 3024 5500 sum
3046 5449 3208 5512 facta;
3233 5454 3345 5500 tunc
3371 5449 3568 5511 quidem

1968 5509 2200 5573 veminum
2224 5508 2357 5573 dcdil
2376 5508 2614 5573 germina,
2639 5523 2766 5573 num:
2788 5516 2967 5570 autem,
2993 5508 3181 5573 origissis
3199 5508 3514 5573 iutcrpdsttis.

2030 5575 2048 5604 ⁸
2080 5570 2443 5629 Vcrisimiliter,
2471 5570 2607 5622 locus
2650 5571 2735 5620 ille
2771 5574 3001 5634 superius
3025 5571 3277 5635 dictorum
3301 5570 3569 5635 resumptio

1967 5643 2059 5691 est,
2089 5644 2140 5684 ct
2164 5635 2241 5682 hic
2265 5636 2491 5682 eumdem
2508 5646 2710 5696 sensum
2731 5646 2789 5682 ac
2811 5633 2954 5695 supra
2983 5633 3166 5696 eﬁlferre
3188 5634 3360 5693 debet,
3386 5633 3570 5696 llt'illpo

1967 5697 2094 5763 hunc
2119 5710 2130 5744 :
2159 5703 2314 5745 Deum
2336 5709 2428 5763 ηρη
2444 5692 2612 5763 pmnia
2631 5695 2698 5763 ad_
2709 5692 2939 5763 posti-um
2955 5694 3204 5745 utilitatem
3238 5692 3569 5763 prodtu'issc,

1965 5759 2053 5808 sed
2075 5763 2117 5805 ct
2142 5764 2338 5818 propter
2360 5756 2512 5816 ipsius
2533 5755 2960 5819 magniﬁcentiwu.

2034 5821 2052 5850 ⁸
2085 5817 2297 5877 metu...
2317 5826 2515 5883 propter
2537 5817 2740 5882 gloriam
2765 5818 2879 5868 inde
2902 5823 3180 5870 cantamus.
