4080 6308
571 415 639 474 ιτ
1271 407 1327 462 8.
1364 401 1643 461 JOANNIS
1675 391 2142 457 CIIRYSOSTOMI
2181 389 2498 446 ARCHIEP.
2536 390 3064 448 CONSTANTIN‘OP.
3763 394 3830 450 63

639 532 722 587 ΕΩ
743 535 964 600 {ornum
984 536 1029 580 et
1043 541 1159 593 εει-ρ
1167 525 1345 578 uitium
1366 519 1656 589 corporibus
1671 533 1785 588 quc
1806 516 1993 570 utilitas
2012 513 2140 567 oria-

571 616 947 675 ηιμ-25κῇ
967 614 1105 686 facit,
1131 613 1317 683 inquit,
1341 608 1480 664 Deus
1502 607 1683 664 bestias
1709 617 1854 662 terra
1872 603 2143 660 secundum

567 725 722 779 genus
749 725 917 775 suum,
946 717 994 761 et
1023 720 1201 775 poma
1229 701 1498 757 secundum
1525 715 1683 769 genus
1710 712 1880 761 suum,
1905 705 1953 750 st
1975 693 2144 748 castris

566 800 767 869 reptitia
787 806 934 852 terra!
956 794 1224 850 secndum
1245 808 1398 862 genus
1420 807 1586 844 sntiat.
1615 789 1680 844 Et
1705 789 1826 843 vidit
1849 786 1985 841 Deus
2009 784 2142 854 quod

567 897 732 943 essent
753 886 903 942 bona.
932 904 952 938 ι
980 883 1078 941 Ubi
1104 898 1243 937 nunc
1262 890 1384 936 sunt
1408 881 1494 952 qui
1517 881 1693 935 dicere
1712 878 1907 933 audent
1931 893 1945 929 :
1968 875 2142 944 Quare

566 977 729 1044 ferte,
773 990 936 1048 quare
983 974 1190 1042 reptilis
1231 980 1410 1028 creata
1449 970 1612 1026 sunt?
1646 967 1874 1023 Audiant
1909 963 2140 1021 divinam

565 1067 889 1136 Scripturam
913 1065 1178 1120 dicentem
1205 1081 1220 1118 :
1248 1061 1313 1115 Et
1339 1062 1460 1116 sidit
1484 1060 1618 1114 Deus
1643 1058 1778 1130 quod
1805 1066 1966 1112 essent
1988 1055 2136 1110 bona.

567 1161 690 1225 Dic,
720 1158 944 1212 obsecro
963 1197 977 1221 ,
1011 1157 1125 1225 ipse
1151 1155 1241 1225 qui
1268 1153 1464 1208 crearit
1484 1149 1664 1206 laudat
1689 1149 1855 1214 facta,
1883 1157 1938 1203 at
1964 1156 2019 1202 tu
2047 1161 2142 1200 au-

567 1250 660 1305 des
701 1247 1130 1318 reprehendere?
1157 1245 1377 1312 Quantae
1414 1257 1519 1298 non
1558 1241 1660 1296 hoc
1699 1241 1856 1295 fuerit
1883 1238 2141 1294 insaniae?

564 1343 696 1410 Quia
724 1342 855 1397 etin
883 1339 1174 1395 seminibus
1200 1346 1254 1392 et
1279 1338 1332 1391 in
1357 1335 1551 1406 plantis
1575 1349 1680 1388 non
1709 1333 1878 1387 solum
1906 1331 2141 1385 fructuo-

561 1448 650 1487 sas
676 1434 914 1498 arbores,
940 1430 1033 1484 sed
1059 1439 1113 1484 et
1147 1429 1455 1500 sylvestres,
1481 1435 1536 1481 et
1557 1424 1801 1488 steriles;
1834 1433 1886 1476 et
1913 1437 2018 1475 non
2047 1434 2137 1474 so-

565 1531 670 1582 tuut
706 1525 918 1583 inutiles
947 1525 1173 1587 herbas,
1204 1522 1297 1578 sed
1327 1529 1381 1576 et
1418 1519 1711 1590 incognitas
1750 1516 1903 1572 nobis
1941 1513 2140 1584 profert

561 1630 703 1673 terra
728 1659 745 1684 ,
782 1631 927 1686 saepe
960 1617 1120 1670 etiam
1164 1613 1349 1668 noxias
1380 1627 1392 1665 :
1426 1609 1519 1665 sed
1559 1617 1834 1680 propterea
1873 1620 1979 1664 non
2015 1612 2140 1658 sunt

559 1707 922 1777 vituperandis
949 1712 1207 1760 creaturae
1235 1721 1248 1756 :
1275 1701 1405 1755 nihil
1429 1700 1569 1754 enim
1600 1707 1798 1754 temere
1825 1703 1916 1751 aut
1945 1695 2139 1748 frustra

560 1796 844 1850 formatum
873 1802 970 1848 est.
1000 1794 1140 1849 Sane
1175 1805 1348 1860 neque
1385 1788 1596 1844 laudem
1633 1788 1771 1858 apud
1797 1785 2139 1842 Conditorem

559 1887 902 1950 invenissent,
927 1885 1025 1938 nisi
1051 1882 1117 1938 ad
1137 1883 1416 1938 utilitatem
1438 1881 1666 1951 aliquam
1689 1879 1914 1936 condita:
1939 1886 2137 1934 essent.

560 1978 741 2046 itaque
771 1977 904 2031 sicut
944 1978 998 2030 in
1033 1974 1312 2031 arboribus
1339 1988 1446 2028 non
1476 1987 1662 2027 omnes
1697 1971 1981 2026 fructuosa:
1999 2011 2014 2037 ,
2044 1969 2139 2025 sed

560 2077 614 2120 et
649 2065 989 2122 infructuosa:
1030 2065 1208 2122 multa:
1236 2080 1249 2115 :
1281 2072 1510 2118 attamen
1542 2061 1645 2116 illae
1675 2061 1802 2130 ipsa:
1827 2075 1933 2115 non
1963 2059 2139 2114 mino-

561 2169 672 2209 rem
701 2154 873 2220 nobis,
901 2170 1056 2223 quam
1085 2153 1364 2209 fructuosa:
1391 2151 1686 2214 utilitatem,
1719 2164 1940 2219 eamque
1965 2148 2135 2206 admi-

560 2243 780 2297 rabilem
807 2284 820 2306 ,
852 2253 906 2297 et
935 2245 1094 2312 quieti
1127 2253 1321 2298 nostra:
1359 2241 1680 2298 servientem
1706 2239 1986 2295 conferunt
2012 2257 2026 2292 :
2052 2246 2135 2291 et-

559 2334 700 2385 enim
750 2347 815 2386 ει
861 2332 988 2400 ipsis
1036 2333 1297 2398 aedilicia,
1336 2339 1389 2386 et
1434 2331 1596 2385 multa
1636 2330 1738 2385 alia
1787 2329 1852 2382 ad
1902 2328 2134 2398 quietem

559 2435 797 2477 nostram
839 2424 1155 2492 pertinentia
1186 2422 1500 2479 fabricamus
1529 2439 1543 2473 :
1576 2429 1630 2475 et
1654 2421 1870 2475 omnino
1898 2419 2026 2474 nihil
2054 2429 2139 2473 est

558 2515 699 2584 quod
740 2529 844 2568 non
887 2515 1089 2568 ratione
1128 2515 1298 2584 aliqua
1345 2512 1626 2572 formatum
1667 2514 1761 2574 sit.
1794 2511 1998 2568 etiamsi
2038 2511 2135 2565 liu-

559 2622 713 2672 mana
757 2617 941 2662 natura
984 2607 1160 2664 omnia
1201 2608 1289 2663 illa
1325 2615 1570 2661 accurate
1604 2606 1743 2662 scire
1776 2621 1881 2660 non
1919 2605 2087 2674 possit
2119 2621 2132 2658 :

559 2696 783 2765 proinde
816 2697 954 2753 sicut
984 2697 1036 2754 in
1065 2697 1344 2756 arboribus
1366 2738 1383 2762 ,
1415 2697 1484 2752 ita
1514 2705 1568 2751 et
1596 2696 1649 2752 in
1679 2694 1994 2753 animalibus
2030 2695 2138 2750 alia

559 2786 772 2855 quidem
801 2785 867 2841 ad
897 2787 1070 2840 cibum
1103 2798 1336 2844 nostrum
1367 2787 1648 2856 pertinent,
1680 2787 1779 2846 alia
1804 2786 1873 2842 ad
1899 2785 2135 2842 ministe—

558 2876 716 2930 rium.
744 2875 996 2930 Ferarum
1027 2876 1151 2931 item
1181 2883 1235 2931 et
1267 2875 1530 2945 reptiiium
1557 2890 1754 2945 genera
1781 2890 1888 2937 non
1917 2890 2135 2946 parvam

557 2967 711 3026 nobis
737 2976 988 3036 praestant
1017 2967 1315 3033 utilitatem,
1341 2975 1397 3026 et
1419 2967 1465 3026 si
1494 2968 1611 3036 quis
1632 2967 1755 3027 velit
1779 2981 1931 3037 aqua
1953 2966 2135 3028 animo

555 3058 884 3128 intelligere,
918 3059 1153 3115 inveniet
1176 3058 1334 3112 etiam
1363 3073 1534 3122 nunc,
1563 3071 1685 3114 eum
1715 3057 2010 3126 principatu
2036 3072 2132 3112 oo-

556 3163 675 3202 rum
699 3148 770 3214 ob
791 3149 946 3218 primi
976 3149 1210 3218 parentis
1234 3147 1643 3205 inubedientiam
1667 3147 1899 3201 destituti
1925 3161 2128 3211 sumus,

557 3253 800 3308 magnam
835 3254 910 3301 es
951 3239 1059 3298 illis
1095 3236 1252 3292 nobis
1301 3237 1580 3298 utilitatem
1623 3237 1918 3304 provenire.
1966 3235 2126 3292 Multa

557 3327 701 3382 enim
741 3326 864 3382 inde
895 3327 1156 3397 colligunt
1193 3324 1416 3389 melici,
1438 3340 1561 3394 quas
1588 3325 1654 3378 ad
1684 3333 1980 3382 nostrorum
2007 3339 2129 3380 cor-

555 3431 745 3491 porum
773 3416 1090 3475 medicinam
1118 3424 1173 3471 et
1208 3415 1487 3472 sanitatem
1523 3416 1838 3474 canducant.
1883 3417 2131 3487 Alioquin

557 3507 720 3565 etiam
744 3506 867 3577 quid
893 3505 1197 3563 uocumenti
1225 3520 1289 3562 ex
1319 3504 1551 3563 ferarum
1574 3506 1940 3574 productione,
1965 3521 2134 3574 quan-

556 3597 626 3651 do
654 3598 791 3652 sicut
813 3596 1100 3654 domutica
1127 3596 1372 3656 animalia
1392 3637 1407 3657 .
1436 3597 1513 3651 sic
1537 3605 1593 3651 et
1624 3597 1714 3652 illa
1747 3597 1847 3654 sub
1871 3605 2134 3667 potestate

560 3685 736 3752 futura
764 3694 918 3747 emt
937 3685 1194 3750 hominis,
1218 3698 1327 3744 non
1353 3685 1518 3740 multo
1545 3695 1663 3749 post
1688 3686 1990 3745 formandi?
2017 3687 2162 3758 iloe’

556 3779 702 3834 enim
729 3793 876 3836 nunc.
893 3777 1034 3837 dico.

629 3869 683 3923 6.
711 3867 781 3924 Ut
805 3876 980 3922 autem
1009 3867 1183 3925 discas
1213 3854 1451 3924 omnium
1484 3863 1692 3923 Domini
1729 3873 2130 3938 supereminen—

556 3968 666 4018 tem
691 3957 1094 4019 beneficentiam
1115 3997 1130 4022 .
1161 3975 1323 4028 quam
1345 3974 1466 4028 erga
1497 3969 1734 4015 nostrum
1760 3975 1925 4030 genus
1953 3962 2131 4015 decla-

554 4057 678 4118 rat,
729 4058 1009 4120 postquam
1034 4050 1309 4144 {spandit
1353 4051 1576 4114 cadum,
1620 4054 1854 4108 extendit
1896 4062 2088 4108 terram
2114 4094 2131 4123 ,

555 4138 795 4199 condidit
819 4138 1206 4204 firmamentum
1225 4178 1242 4206 ,
1275 4149 1329 4194 ut
1355 4141 1503 4211 quasi
1533 4151 1738 4211 septum
1764 4145 1974 4213 aliquod
2000 4143 2134 4198 divi-

552 4229 761 4285 sionem
789 4228 928 4282 inter
958 4242 1122 4297 aquas
1146 4237 1198 4285 et
1226 4242 1388 4299 aquas
1417 4229 1612 4287 faceret
1640 4249 1652 4282 :
1680 4232 1872 4288 deinde
1901 4244 1955 4287 ut
1975 4234 2134 4303 jussit

558 4333 814 4388 aquarum
846 4317 959 4374 fieri
991 4319 1456 4389 eongregationes,
1487 4335 1578 4375 eas
1619 4324 1780 4378 maria
1819 4326 2128 4396 appellavit,

554 4407 758 4463 aridam
794 4417 968 4468 autem
1000 4416 1194 4466 terram
1214 4450 1230 4475 ,
1258 4425 1419 4482 quam
1444 4420 1624 4481 postea
1652 4415 1907 4470 seminum
1937 4417 2130 4473 herba-

557 4513 779 4568 rumque
806 4506 1061 4566 proventu
1085 4499 1309 4560 ornavit.
1333 4500 1563 4570 Indeque
1590 4505 1796 4559 transiit
1818 4506 1882 4560 ad
1905 4507 2132 4565 duorum

559 4601 870 4655 magnorum
896 4585 1231 4643 iuminarium
1267 4587 1658 4656 formationem,
1688 4602 1742 4646 et
1767 4594 1832 4647 ad
1861 4596 2132 4654 stellarum

557 4681 864 4735 varietatem
886 4721 900 4742 ,
937 4682 1128 4751 quibus
1172 4682 1612 4750 pulchritudinem
1658 4686 1774 4741 ωειί
1812 4689 2131 4746 ornatiorem

558 4770 828 4836 reddidit;
875 4782 1057 4840 postea
1102 4781 1277 4828 autem
1325 4789 1444 4829 eum
1492 4790 1557 4832 ex
1605 4777 1754 4846 aquis
1803 4778 2137 4847 produxisset

557 4861 802 4929 aquatilia
841 4862 1125 4922 animantia
1163 4872 1217 4919 et
1253 4864 1516 4930 volatilia,
1543 4881 1660 4936 quae
1694 4868 1935 4926 volarent
1972 4885 2133 4944 super

561 4959 754 5005 terram
785 4952 1073 5007 secundum
1098 4953 1483 5010 firmamentum
1509 4958 1645 5024 caeli,
1672 4958 1885 5029 impleto
1904 4965 2137 5035 quinque

557 5041 761 5096 dierum
793 5059 1040 5110 numero,
1065 5047 1314 5116 quoniam
1345 5049 1618 5117 oportebat
1646 5060 1701 5106 et
1728 5055 1997 5109 terrestria
2022 5059 2137 5110 ani-

559 5132 716 5186 malia
760 5133 974 5188 formari
1007 5153 1021 5190 :
1050 5138 1325 5205 imperavit
1352 5147 1409 5192 ut
1445 5147 1499 5194 et
1537 5141 1647 5208 ipsa
1682 5141 1984 5209 ederentur,
2012 5161 2135 5201 eum

557 5237 621 5277 ea
647 5234 768 5291 quas
791 5223 856 5277 ad
885 5224 1082 5289 cibum,
1111 5235 1220 5280 tum
1245 5241 1306 5282 ea
1333 5243 1449 5296 quis
1472 5228 1536 5283 ad
1565 5229 1911 5287 ministerium
1935 5235 2136 5290 condu-

558 5313 733 5367 cibilia
755 5353 772 5378 ,
798 5329 897 5370 nec
925 5329 1030 5369 non
1065 5314 1189 5371 ferte
1230 5327 1284 5372 et
1321 5318 1524 5387 reptilia
1548 5361 1562 5385 ,
1589 5320 1816 5391 denique
1841 5325 1928 5381 ubi
1957 5327 2136 5382 omnia

558 5416 657 5454 suo
701 5413 888 5457 ornatu
926 5406 1186 5469 excoluit,
1217 5415 1272 5461 et
1307 5411 1642 5465 convenienti
1685 5412 1869 5468 ordine
1909 5417 2136 5472 visibilia

557 5491 844 5559 disposuit,
872 5503 926 5547 et
955 5509 1191 5550 mensam
1221 5496 1420 5568 largam
1459 5500 1731 5570 instruxit,
1757 5506 1919 5559 variis
1942 5517 1995 5562 et
2021 5523 2138 5566 om-

560 5581 765 5650 nigenis
793 5583 1038 5639 refertam
1068 5586 1260 5644 eduliis
1281 5629 1296 5652 ,
1323 5590 1635 5661 copiamth
1671 5603 1724 5647 et
1761 5609 1891 5663 opes
1933 5595 2134 5652 haben-

561 5680 669 5755 tem
694 5711 708 5735 ,
737 5682 791 5726 et
815 5673 964 5742 quasi
989 5676 1108 5745 quis
1129 5677 1270 5733 dicat
1300 5681 1495 5750 regiam
1522 5723 1541 5748 ,
1565 5683 1796 5753 undique
1834 5697 2060 5755 sitporne
2082 5698 2137 5745 et

564 5753 771 5814 inferne
807 5764 966 5820 variis
1003 5767 1174 5823 modis
1200 5770 1566 5840 splendidam,
1594 5783 1716 5830 tunc
1748 5753 1958 5830 tandem
1990 5776 2132 5834 ilium

2247 504 2442 562 format
2461 507 2550 576 qui
2577 506 2659 564 bis
2684 505 2928 562 omnibus
2957 506 3212 564 fruiturus
3237 520 3397 575 esset,
3426 513 3513 568 cui
3537 514 3836 574 visibilium

2245 596 2480 651 omnium
2511 606 2825 667 potestatem
2851 599 3043 663 tradat,
3067 610 3122 655 et
3141 601 3373 657 ostendit
3392 613 3593 673 quanto
3616 606 3828 675 dignius

2243 687 2453 743 caeteris
2472 688 2717 746 omnibus
2741 689 2936 745 animal
2961 688 3178 758 formet,
3200 693 3625 762 quandoquidem

2245 779 2356 846 pit,
2387 780 2564 838 omnia
2589 795 2709 852 quae
2738 781 2871 836 facta
2897 790 3049 837 erant
3077 784 3177 838 sub
3210 783 3350 840 illius
3382 800 3503 843 esse
3527 787 3751 858 imperio
3774 800 3829 845 et

2245 878 2526 939 potestate.

2317 961 2533 1018 Hordiis
2561 965 2873 1031 sxltortatio;
2901 964 3174 1020 Gentilium
3201 969 3419 1022 amentia
3445 971 3496 1023 in
3525 973 3826 1026 animalium

2243 1069 2508 1123 rerumque
2532 1055 2702 1110 vilium
2731 1057 2887 1110 cultu.
2916 1086 2987 1098 ——
3015 1058 3208 1112 Verum
3239 1075 3306 1114 ne
3346 1061 3550 1131 longius
3578 1075 3828 1119 excurrat

2244 1144 2444 1213 oratio,
2471 1146 2555 1201 bis
2579 1148 2812 1201 contenti
2843 1147 3030 1211 dictis,
3059 1149 3114 1203 in
3139 1162 3448 1222 sequentem
3479 1153 3619 1209 diem
3661 1172 3825 1225 repo-

2243 1250 2431 1292 munus
2457 1251 2519 1291 ea
2545 1252 2662 1307 quae
2692 1238 2959 1307 pertinent
2995 1238 3062 1293 ad
3101 1239 3468 1300 formationem
3497 1245 3826 1302 admirabilis

2245 1325 2331 1396 buj
2341 1342 2401 1382 us
2445 1329 2689 1383 animalis
2707 1330 2980 1385 rationalis
2998 1340 3052 1386 et
3075 1334 3313 1402 animati,
3337 1335 3567 1392 hominis
3585 1339 3824 1410 inquam,

2241 1431 2385 1473 nunc
2419 1428 2726 1474 consuetam
2753 1420 3167 1478 admonitionem
3191 1424 3536 1492 adhibentes,
3569 1428 3639 1483 ita
3671 1439 3728 1484 ut
3755 1447 3828 1488 ne

2243 1507 2505 1564 dictorum
2535 1512 2790 1567 memoria
2815 1512 3058 1568 elabatur
3085 1532 3103 1569 :
3135 1515 3229 1572 sed
3266 1531 3330 1571 cx
3364 1517 3611 1575 omnibus
3639 1520 3826 1576 visibi-

2243 1598 2382 1653 libus
2408 1599 2475 1654 ad
2504 1601 2880 1657 celebrandum
2911 1603 3193 1659 Dominum
3225 1621 3323 1660 nos
3356 1608 3500 1677 ipsos
3531 1611 3824 1680 erigamus.

2243 1689 2394 1757 Quod
2431 1700 2607 1746 autem
2644 1694 2888 1763 assequi,
2920 1703 2976 1748 et
3000 1706 3365 1752 creaturarum
3393 1699 3628 1754 omnium
3653 1703 3826 1757 ratio-

2243 1794 2362 1834 nem
2398 1782 2852 1852 comprehendere
2896 1795 3004 1839 non
3050 1788 3352 1855 possimus,
3382 1789 3435 1844 id
3464 1806 3532 1847 ne
3567 1794 3636 1848 sit
3668 1794 3830 1851 nobis

2245 1873 2630 1930 incredulitatis
2654 1877 2864 1932 occasio
2881 1919 2898 1944 ,
2929 1878 3024 1934 sed
3051 1881 3227 1948 potius
3251 1881 3320 1936 ad
3352 1882 3682 1940 referendam
3711 1886 3830 1941 Deo

2243 1965 2465 2035 gloriam
2496 1966 2916 2024 incitamentum.
2947 1971 3169 2037 Quando
3197 1973 3339 2028 enim
3370 1974 3549 2031 deficit
3573 1978 3743 2045 ratio,
3768 1989 3830 2034 et

2242 2069 2396 2110 mens
2435 2070 2540 2110 non
2575 2066 2658 2118 est
2680 2073 2846 2128 capax
2865 2099 2882 2125 ,
2909 2061 3082 2130 cogita
3108 2077 3266 2132 quam
3294 2078 3512 2135 magnus
3536 2075 3620 2121 est
3646 2066 3831 2122 Domi-

2242 2160 2341 2200 nus
2368 2155 2490 2202 tuus
2512 2189 2528 2215 ,
2559 2157 2612 2204 et
2639 2165 2704 2204 ex
2735 2150 2835 2206 hoc
2863 2152 2980 2222 ipso
2999 2194 3014 2218 ,
3040 2153 3182 2222 quod
3213 2162 3355 2209 tanta
3380 2157 3452 2211 sit
3477 2157 3591 2227 ejus
3621 2158 3788 2213 virtus
3805 2199 3825 2227 ,

2243 2245 2300 2290 ut
2323 2251 2494 2306 neque
2520 2239 2777 2296 rationem
2802 2247 3130 2313 eorum'quat
3158 2244 3344 2301 abillo
3372 2245 3508 2302 facta
3539 2256 3663 2303 sunt
3683 2251 3831 2307 scire

2241 2341 2515 2394 queamus.
2547 2327 2659 2384 Hoc
2685 2328 2843 2386 fuerit
2867 2333 3004 2402 grati
3031 2335 3191 2390 animi
3215 2376 3228 2401 ,
3259 2338 3360 2394 hoc
3387 2339 3578 2394 sobriae
3606 2342 3825 2396 utentis.

2245 2415 2504 2481 Quoniam
2540 2428 2593 2472 et
2623 2421 2847 2488 gentiles
2874 2423 2951 2477 sic
2974 2435 3322 2493 erraverunt,
3351 2429 3459 2482 suis
3488 2431 3826 2499 cogitationi-

2242 2505 2341 2560 bus
2370 2506 2546 2562 omnia
2578 2509 2974 2577 permittentes,
3006 2523 3059 2567 et
3083 2513 3150 2568 ad
3178 2515 3594 2572 imbecillitatem
3621 2529 3826 2577 natur-.e

2239 2608 2351 2650 suat
2392 2611 2500 2650 non
2538 2599 2881 2666 respicientes
2903 2641 2920 2667 ,
2964 2603 3058 2658 sed
3094 2619 3214 2674 quae
3249 2607 3384 2662 ultra
3418 2620 3628 2679 captam
3663 2627 3825 2668 suum

2240 2697 2394 2743 erant
2420 2689 2772 2761 imaginantas
2795 2732 2810 2758 ,
2840 2704 2895 2750 et
2920 2694 3146 2751 limitum
3177 2711 3392 2756 suorum
3418 2699 3552 2756 tinea
3578 2707 3780 2775 egressi
3804 2753 3815 2770 ,

2239 2780 2399 2835 etiam
2436 2795 2466 2833 a
2508 2795 2601 2836 sua
2645 2782 2903 2852 dignitate
2931 2787 3266 2843 exciderunt.
3311 2790 3444 2846 Nam
3481 2794 3569 2863 qui
3614 2798 3827 2853 ratione

2241 2869 2474 2942 insigniti
2500 2871 2802 2943 huiusmodi
2839 2877 3124 2946 primatum
3150 2893 3468 2950 acceperant
3492 2899 3522 2938 a
3544 2884 3822 2956 Cmatore,

2243 2969 2424 3030 utpote
2452 2964 2698 3020 omnibus
2728 2981 2848 3036 qua:
2881 2967 2983 3022 sub
3021 2968 3206 3025 culos
3233 2971 3428 3027 cadunt
3453 2979 3825 3035 sreaturis’di-

2237 3053 2450 3122 gniores
2471 3095 2487 3119 ,
2510 3053 2571 3108 bi
2607 3057 2882 3114 inunam
2918 3058 3298 3119 ﬁsurditstem
3324 3063 3534 3122 deducti
3562 3077 3688 3124 sunt
3712 3114 3728 3136 ,
3755 3076 3826 3128 ut

2239 3154 2420 3207 sanes,
2445 3144 2647 3210 simias,
2673 3156 2729 3201 et
2748 3147 3067 3218 crocodilos,
3089 3160 3145 3206 et
3170 3150 3254 3207 bis
3276 3152 3498 3210 ftediora
3526 3159 3821 3218 adorem

2238 3232 2308 3287 Et
2331 3234 2460 3304 quid
2483 3235 2606 3292 dico
2634 3237 2788 3292 bruta
2817 3240 3108 3305 animalia?
3136 3242 3282 3299 Multi
3320 3259 3502 3302 conum
3531 3251 3587 3304 tu
3610 3259 3824 3308 teritum

2237 3331 2512 3392 stuporem
2537 3333 2594 3381 es
2620 3329 2910 3387 amentiam
2934 3330 3236 3388 inciderunt
3255 3374 3272 3401 ,
3304 3343 3364 3388 ut
3384 3343 3440 3391 et
3464 3338 3619 3406 allia,
3652 3345 3708 3394 et
3735 3341 3825 3399 Ms

2239 3411 2424 3468 viliora
2449 3415 2649 3471 mlunt.
2677 3418 2966 3488 Propterea
2995 3421 3254 3492 pnopbeta
3289 3424 3418 3481 illos
3443 3427 3821 3500 subindieans,

2241 3505 2447 3576 inquit:
2470 3506 2803 3577 Comparate:
2821 3520 2894 3564 est
2908 3511 3158 3580 jumattis
3169 3515 3540 3586 insipientibus,
3567 3517 3827 3580 crsinu‘ls

2240 3597 2404 3665 factus
2431 3606 2504 3650 est
2540 3598 2647 3653 illis
2675 3597 2843 3666 (Psal.
2870 3601 2958 3656 48.
2987 3602 3103 3674 ΩΙ).
3131 3603 3234 3672 Qui
3262 3607 3486 3676 ratione,
3517 3611 3707 3683 inquit,
3739 3615 3826 3669 ln-

2239 3685 2462 3757 signitus
2490 3698 2608 3745 erat
2630 3700 2684 3746 et
2711 3700 2854 3745 tanta
2881 3694 3138 3763 sapientia
3175 3698 3446 3767 praeditus,
3478 3703 3524 3756 is
3550 3704 3716 3760 brutis
3739 3707 3824 3761 fa-

2236 3787 2355 3835 ctus
2383 3789 2466 3836 est
2494 3781 2686 3836 similis
2707 3823 2722 3848 ,
2755 3782 2892 3839 forte
2917 3794 2973 3840 et
3008 3786 3259 3844 deterior.
3293 3790 3385 3845 llls
3422 3794 3563 3848 enim
3588 3835 3604 3860 ,
3635 3805 3825 3866 utpote

2237 3869 2635 3935 irrationabilia,
2661 3873 2820 3932 nullis
2849 3877 3023 3943 pcenis
3049 3878 3274 3935 obnoxia
3306 3893 3489 3948 erunt;
3520 3886 3610 3956 qui
3637 3897 3824 3944 autem

2238 3960 2441 4015 ratione
2483 3961 2646 4029 pollet
2670 4003 2684 4024 ,
2714 3962 2757 4016 si
2787 3965 2837 4018 in
2868 3965 3080 4021 illorum
3120 3969 3365 4025 inciderit
3394 3973 3775 4032 sbsurditatem
3800 4020 3825 4047 ,

2240 4051 2428 4104 merito
2454 4066 2639 4120 pmnas
2666 4054 2806 4121 luet,
2838 4056 3075 4127 ingratus
3099 4073 3219 4114 cum
3248 4064 3318 4116 sit
3357 4073 3477 4133 post
3504 4073 3581 4121 tot
3611 4068 3821 4125 benen-

2238 4154 2339 4196 cta.
2367 4140 2500 4196 Hinc
2523 4143 2750 4213 denique
2773 4156 2827 4201 et
2851 4147 3053 4217 lapides
3072 4159 3124 4205 et
3150 4151 3290 4222 ligna
3308 4154 3439 4209 deos
3461 4160 3821 4233 appellarunt,

2238 4240 2293 4285 et
2331 4231 2445 4287 haec
2487 4234 2708 4289 visibilia
2748 4237 3007 4293 elementa
3055 4240 3186 4297 deos
3227 4244 3516 4303 eﬂ‘eeerunt
3553 4253 3718 4322 :quia

2239 4322 2404 4376 semel
2432 4337 2462 4376 a
2489 4333 2632 4382 recta
2660 4327 2744 4380 via
2769 4328 3104 4399 aberrarunt,
3138 4333 3190 4388 in
3223 4348 3460 4408 praeceps
3492 4339 3733 4414 iverunt,
3762 4359 3822 4405 et

2239 4412 2291 4466 in
2321 4414 2536 4468 malitim
2560 4416 2878 4484 profundum
2905 4421 3226 4479 inciderunt.

2309 4504 2361 4558 7.
2389 4504 2768 4563 Verumtamen
2798 4525 2896 4565 nos
2921 4526 3093 4582 neque
3113 4515 3188 4569 sic
3208 4515 3276 4571 de
3301 4519 3469 4574 salute
3495 4521 3702 4580 illorum
3725 4527 3824 4584 dt»

2237 4611 2530 4664 speremus,
2563 4600 2657 4655 sed
2685 4601 2968 4659 afferentes
2998 4606 3049 4660 id
3077 4609 3216 4676 quod
3248 4627 3408 4679 penes
3437 4630 3534 4670 nos
3560 4628 3663 4685 est,
3693 4635 3825 4678 cum

2238 4689 2380 4742 omni
2407 4691 2680 4746 alacritate
2705 4702 2759 4747 et
2781 4695 3028 4762 patientia
3055 4699 3156 4754 illis
3179 4700 3458 4772 loquamur
3482 4726 3495 4762 :
3517 4721 3825 4770 monstran-

2241 4787 2319 4834 tes
2347 4791 2458 4834 tum
2484 4782 2561 4835 rei
2587 4776 2966 4841 absurditatem
2983 4829 2998 4853 ,
3030 4797 3140 4843 tum
3165 4788 3343 4847 damni
3380 4799 3694 4865 gravitatem
3722 4845 3739 4870 ,
3767 4815 3824 4861 et

2242 4886 2525 4942 numquam
2552 4873 2620 4929 de
2657 4875 2868 4934 illorum
2909 4880 3080 4936 salute
3107 4882 3820 4956 despondeamus'antmum.

2246 4962 2518 5020 Probabile
2547 4967 2688 5020 enim
2719 4978 2821 5036 est,
2853 4968 2987 5035 fore,
3019 4981 3076 5028 ut
3103 4978 3355 5046 temporis
3383 4989 3661 5052 progressu
3694 5005 3825 5056 per-

2243 5053 2590 5119 suadeantur,
2619 5057 2851 5114 maxime
2890 5060 2935 5114 si
2977 5076 3075 5117 nos
3116 5064 3185 5118 ita
3220 5066 3493 5135 vivamus,
3522 5083 3578 5126 ut
3619 5053 3824 5136 nullam

2243 5143 2370 5212 ipsis
2396 5146 2727 5214 praebeamus
2759 5151 3089 5220 repugnandi
3118 5169 3322 5209 ansam.
3351 5159 3499 5215 Multi
3526 5165 3668 5219 enim
3699 5168 3826 5223 ilio-

2243 5249 2358 5287 rum
2397 5249 2516 5289 cum
2561 5236 2788 5293 viderint
2835 5250 3134 5298 nostrorum
3170 5246 3377 5318 aliquos
3414 5253 3576 5309 verbo
3605 5258 3825 5326 quidem

2241 5331 2296 5377 et
2317 5325 2570 5380 vocabulo
2587 5326 2918 5385 Christianos
2940 5334 3214 5403 appellari,
3238 5348 3489 5398 cmterum
3514 5325 3649 5400 sicut
3680 5350 3829 5418 ipsos

2243 5431 2463 5486 rapere,
2503 5419 2742 5486 pecunim
2779 5423 2997 5491 cupidos
3038 5440 3191 5490 esse,
3231 5429 3508 5500 invidere,
3548 5438 3824 5507 insidiati,

2242 5504 2391 5560 dolos
2431 5516 2676 5573 nectere,
2705 5511 2912 5581 aliaque
2947 5516 3123 5568 omnia
3161 5516 3376 5588 facere,
3405 5528 3638 5594 crapula:
3669 5504 3830 5584 vctu;

2246 5597 2478 5666 ptatique
2503 5613 2688 5652 vacare
2708 5641 2723 5666 ,
2755 5603 2954 5658 monita
2987 5615 3163 5660 nostra
3196 5624 3300 5663 non
3331 5611 3466 5667 ultra
3499 5615 3827 5688 admittunt,

2245 5690 2337 5744 sed
2365 5706 2540 5745 omnia
2571 5703 2745 5746 nostra
2779 5693 3038 5750 fallaciam
3066 5699 3388 5768 existimant,
3421 5715 3473 5759 et
3503 5706 3690 5760 iisdem
3722 5711 3828 5766 cri—

2248 5781 2620 5837 minationibus
2648 5798 2832 5839 omnes
2858 5801 2978 5843 esse
3005 5789 3278 5846 obnoxios.
3308 5793 3493 5866 Cagita
3518 5797 3703 5867 igitur,
3725 5801 3826 5856 ob-
