4080 6308
225 407 289 469 Β
1306 401 1793 465 ΙΠΩΔΡ.Ι.6Ε1

1899 406 1932 463 ι.
1975 405 2211 466 mall..-
2251 406 2405 468 ναι.-
3439 419 3516 477 το

224 533 377 586 aeuo,
398 521 612 593 quantis
635 517 718 577 illi
734 517 878 592 uigni
905 519 1014 576 sint
1037 517 1338 590 suppliciis,
1363 519 1797 592 quandoquidem

224 628 322 671 ass
342 615 507 670 solum
543 612 649 669 sibi
679 613 808 685 ipsis
836 610 1323 684 iuesatinguibilem
1361 612 1538 684 ignem
1574 626 1798 669 coacer-

221 717 362 776 vant,
393 707 485 763 sed
509 715 566 762 et
597 706 718 762 aliis
744 715 991 762 auctores
1012 712 1140 762 sunt
1165 713 1224 760 ut
1251 703 1306 759 in
1333 718 1519 761 errore
1544 717 1799 776 perseve-

223 809 345 864 rent,
369 806 515 854 etne
543 796 796 854 virtutem
823 795 1121 862 addiscaut,
1152 795 1405 854 obturcnt
1439 811 1624 863 aures,
1649 805 1704 852 et
1729 796 1797 852 ad

223 891 324 947 hac
347 891 396 946 in
431 903 597 945 eausa
631 897 787 954 sunt,
821 899 882 945 ut
905 888 1066 945 etiam
1096 889 1348 946 virtutum
1378 889 1604 946 studiosi
1635 905 1798 944 accu-

221 964 420 1048 santur,-
429 989 486 1036 et
510 978 996 1050 reprehenduntur,
1026 987 1085 1036 et
1107 978 1252 1051 quod
1274 979 1514 1035 omnium
1541 979 1797 1051 gravissi-

222 1089 368 1137 nsum,
391 1087 486 1144 per
511 1072 664 1142 ipsos
687 1071 947 1126 Dominus
969 1069 1390 1140 blasphematur.
1419 1069 1580 1126 Vides
1601 1078 1798 1140 quanta

222 1165 416 1221 malitia:
443 1163 746 1235 pernicies?
771 1163 922 1219 vides
949 1161 1222 1234 quomodo
1246 1176 1354 1218 non
1384 1162 1590 1233 vulgari
1625 1177 1799 1232 poena:

221 1255 460 1311 obnoxios
486 1269 550 1311 se
578 1255 926 1318 eortstituant,
954 1253 1045 1323 qui
1076 1252 1273 1308 malum
1301 1261 1596 1320 sectantur,
1624 1252 1720 1308 sed
1744 1260 1800 1308 et

222 1345 374 1400 multo
409 1344 774 1415 gravissimas,
805 1342 850 1399 si
884 1342 1144 1414 supplicia
1189 1356 1288 1412 pro
1325 1342 1574 1398 omnibus
1615 1341 1798 1397 inituri

221 1447 348 1501 sum,
372 1452 474 1492 non
501 1437 678 1492 solum
706 1450 803 1508 pro
826 1449 923 1491 sua
946 1434 1266 1504 perditione,
1292 1434 1387 1490 sed
1413 1443 1468 1490 et
1491 1448 1590 1505 pro
1612 1448 1796 1490 erran-

224 1530 336 1584 tium
363 1528 617 1586 seandalo
635 1568 651 1592 ,
677 1537 734 1584 et
761 1541 861 1598 pro
889 1527 1262 1583 criminatione
1299 1526 1590 1597 proborum
1621 1526 1799 1582 homi-

221 1635 353 1684 num.
379 1629 433 1677 et
459 1634 562 1690 pro
598 1618 929 1690 blasphemia
959 1620 1011 1673 in
1041 1618 1251 1675 Deum?
1279 1618 1407 1674 nec
1432 1616 1596 1690 igitur
1618 1617 1800 1673 omnia

220 1713 490 1784 agitemus
513 1752 530 1777 ,
580 1724 682 1766 nec
723 1719 963 1766 nostram
1013 1709 1242 1766 salutem
1290 1708 1621 1780 negiigamus
1654 1725 1669 1762 :
1700 1707 1798 1763 sed

221 1817 390 1874 magna
425 1801 583 1857 nobis
610 1803 681 1856 sit
707 1816 833 1856 cura
870 1811 930 1856 nt
970 1801 1265 1858 secundum
1306 1800 1474 1855 Deum
1510 1800 1755 1855 vivamus
1777 1839 1796 1865 ,

221 1894 428 1949 scientes
475 1906 579 1947 nos
622 1891 745 1947 inde
787 1890 1022 1946 maxime
1067 1891 1152 1947 vel
1195 1888 1667 1956 condemnandos,
1711 1888 1797 1944 vel

220 1983 343 2039 illius
366 1981 721 2038 beneﬁcentia
748 1979 1066 2052 dignandos.
1111 1979 1203 2036 Sic
1238 1974 1398 2052 igitur
1424 1979 1603 2036 omnia
1633 1978 1796 2035 facia-

219 2089 324 2130 tnm
342 2112 358 2136 ,
382 2079 442 2128 ut
473 2079 530 2126 et
557 2085 660 2126 nos
685 2071 738 2126 in
767 2085 899 2142 pura
925 2071 1253 2127 conscientia
1281 2085 1590 2137 versemur,
1619 2077 1677 2125 et
1702 2080 1799 2125 eos

219 2164 296 2235 qui
321 2163 490 2219 adhuc
511 2169 734 2225 errant,
758 2167 946 2216 nostro
972 2158 1266 2216 secundum
1295 2160 1464 2216 Deum
1488 2159 1614 2215 vita:
1639 2157 1798 2213 insti-

219 2262 321 2310 tuto
351 2253 417 2309 ad
448 2253 733 2309 veritatem
777 2250 1231 2318 manuducamus,
1271 2258 1330 2306 ut
1362 2265 1462 2322 per
1497 2264 1598 2306 nos
1623 2257 1679 2305 et
1703 2246 1797 2304 alii

218 2357 387 2399 omniss
408 2343 498 2414 qui
523 2340 682 2398 nobis
701 2350 1175 2406 eonnusnerantur,
1197 2339 1339 2397 bona
1363 2339 1502 2395 fama
1526 2338 1791 2405 fruantur,

198 2443 266 2496 et
284 2444 402 2492 ante
432 2434 617 2490 omnia
649 2431 981 2506 gioriﬁcetur
1003 2432 1264 2489 Dominus
1289 2443 1509 2500 noster,
1539 2439 1595 2487 et
1621 2428 1796 2502 majo-

216 2539 317 2584 rem
342 2526 506 2582 nostri
524 2540 711 2582 curam
734 2533 910 2597 gent.
937 2524 1069 2581 Nam
1093 2539 1217 2582 cum
1239 2525 1296 2582 in
1322 2537 1424 2583 nos
1447 2524 1799 2595 respicientes

217 2616 673 2674 homineslucrlm
697 2614 1081 2688 reportabant,
1107 2613 1398 2671 etlaudem
1428 2614 1482 2671 in
1517 2614 1685 2672 Deum
1711 2629 1799 2671 re-

217 2705 404 2774 lereut,
431 2705 561 2763 inde
596 2714 655 2763 et
689 2721 792 2762 nos
828 2706 950 2777 plus
984 2704 1181 2763 divinae
1213 2705 1402 2778 gratiae
1425 2718 1794 2776 assquemnr.

217 2798 340 2868 Quid
357 2798 502 2856 enim
529 2799 744 2856 beatius
770 2798 988 2855 homine
1007 2800 1102 2870 qui
1137 2797 1219 2855 sic
1244 2798 1409 2865 vivit,
1436 2806 1499 2854 ut
1517 2807 1571 2854 et
1597 2798 1689 2870 qui
1718 2796 1799 2854 vil-

217 2890 332 2948 dsst
345 2890 746 2963 obstupeseaut,
766 2899 824 2948 et
839 2889 1038 2957 dicunt,
1062 2889 1247 2948 Gloria
1265 2890 1388 2958 tibi,
1413 2889 1587 2956 Deus;
1608 2889 1796 2960 quales

216 2978 629 3040 .tClu-istiaui
648 2982 664 3038 l
685 2989 940 3053 quantam
961 2995 1076 3054 pra
1093 2979 1348 3038 selerunt
1365 2978 1756 3053 philosophiam
1775 2978 1793 3035 l

216 3071 468 3143 quomodo
487 3071 792 3143 despiciunt
817 3070 1104 3143 praemia
1123 3070 1138 3126 ι
1167 3069 1439 3142 quomoda
1461 3069 1641 3125 omnia
1663 3067 1796 3139 ipsis

215 3160 384 3218 ultra
403 3169 460 3218 et
480 3161 754 3218 mutui
773 3167 1109 3230 repetantur,
1125 3168 1184 3215 et
1202 3158 1333 3215 nulli
1356 3156 1646 3214 visibilium
1668 3163 1797 3213 sunt

215 3249 374 3318 alti;
399 3249 495 3307 sed
518 3251 700 3306 omnia
729 3247 1050 3320 transigunt,
1076 3248 1218 3305 sicut
1237 3248 1276 3304 ii
1297 3249 1389 3320 qui
1405 3247 1465 3305 lu
1490 3258 1634 3305 terra
1655 3245 1794 3305 alie-

214 3353 275 3398 aa
312 3348 468 3413 agunt
497 3337 1150 3413 paegrini,etquotidie
1174 3339 1408 3412 migrare
1440 3354 1508 3396 ex
1547 3339 1651 3396 bac
1683 3338 1794 3396 vita

214 3432 416 3503 sapiunt
451 3441 509 3489 et
547 3431 845 3489 aubelauti
882 3431 1148 3501 Quantam
1189 3441 1347 3503 putas
1372 3432 1537 3490 verba
1574 3429 1694 3489 bac
1723 3431 1793 3489 iis

214 3522 298 3594 qi
315 3523 390 3580 sic
412 3522 621 3591 vivunt,
645 3521 810 3579 etiam
833 3521 921 3578 hic
944 3537 978 3578 a
1001 3521 1115 3578 Deo
1141 3521 1447 3580 mercedem
1467 3521 1700 3580 ὡκῖ
1723 3522 1794 3578 Et

215 3611 340 3682 quod
361 3612 516 3669 valde
542 3610 860 3669 admirabile
886 3626 950 3669 ac
974 3611 1319 3684 stupendum,
1347 3613 1509 3669 etiam
1535 3613 1574 3669 ii
1598 3613 1688 3684 qui
1713 3621 1794 3669 ta-

214 3700 275 3758 lia
296 3702 361 3761 de
381 3702 536 3760 nobis
558 3701 822 3774 itaiieaut,
847 3701 994 3760 brevi
1021 3701 1093 3758 ab
1121 3717 1310 3760 essm
1333 3701 1616 3771 desistunt,
1641 3712 1698 3761 et
1720 3703 1790 3760 atl

215 3795 469 3851 veritatem
496 3793 769 3849 redibunt.
797 3792 911 3850 lloc
942 3807 1073 3850 vero
1109 3803 1362 3866 quantam
1394 3794 1502 3850 illic
1539 3793 1789 3850 ﬁduciam

213 3881 416 3949 aferat,
445 3883 580 3938 nulli
621 3898 729 3939 non
771 3883 1113 3940 manifestum
1144 3893 1247 3940 est.
1289 3882 1520 3940 Proinde
1557 3883 1790 3940 scientes

215 3986 300 4027 nos
322 3983 377 4030 et
400 3973 471 4030 de
510 3973 662 4030 lucro
698 3982 755 4029 et
788 3975 858 4030 de
893 3973 1093 4030 damno
1125 3973 1497 4045 proximorum
1526 3975 1788 4031 rationem

213 4060 412 4117 daturos
434 4077 559 4118 esse
577 4104 594 4127 ,
620 4063 699 4119 sic
723 4063 886 4119 vitam
915 4072 1154 4119 nostram
1184 4063 1525 4120 instituamus
1547 4104 1563 4128 ,
1595 4073 1652 4120 ut
1681 4079 1790 4121 non

213 4151 368 4208 solum
411 4153 568 4209 nobis
605 4151 833 4209 sufﬁciat
855 4195 870 4220 ,
899 4154 994 4210 sed
1024 4164 1077 4211 et
1106 4153 1228 4210 aliis
1255 4153 1380 4210 inde
1407 4154 1665 4210 doctrinae
1693 4169 1790 4212 oc-

214 4245 342 4299 casio
376 4246 600 4302 accedat
620 4287 636 4311 ,
671 4254 730 4301 ut
756 4255 811 4302 et
842 4245 930 4303 hic
958 4261 1205 4318 magnam
1235 4247 1326 4302 Dei
1367 4247 1594 4319 gratiam
1635 4247 1791 4302 nobis

215 4338 578 4406 conciliemus,
606 4347 662 4396 et
690 4339 744 4394 in
773 4337 953 4394 laturo
982 4339 1075 4394 Dei
1113 4338 1438 4410 benignitate
1467 4340 1613 4407 large
1638 4339 1789 4396 frua-

213 4439 337 4494 mur,
358 4431 524 4499 gratia
550 4437 612 4485 et
630 4429 1061 4485 miserationibus
1085 4431 1341 4502 unigeniti
1365 4431 1483 4499 ejus
1506 4429 1648 4498 Filii,
1669 4431 1790 4502 qui-

214 4534 321 4573 cum
346 4519 492 4576 Patri
522 4520 686 4576 simul
711 4531 1002 4592 samztoque
1030 4521 1251 4591 Spiritui
1279 4521 1349 4576 sit
1374 4521 1543 4592 gloria
1565 4563 1582 4588 ,
1613 4521 1787 4592 impe-

215 4609 354 4677 rium,
377 4613 571 4679 honor,
596 4626 735 4667 nunc
751 4619 808 4668 et
826 4625 1058 4683 semper,
1082 4612 1206 4668 etin
1228 4612 1424 4668 saecula
1446 4612 1784 4669 sznculorum.

766 4813 1042 4870 HOSIILIA
1087 4811 1220 4870 Vill.

211 4916 273 4980 Et
289 4922 422 4982 dixit
437 4925 584 4980 Deus
608 4945 628 4981 ι
651 4924 925 4981 Faciamus
944 4929 1196 4981 hominem
1215 4929 1490 4984 manu;
1513 4928 1787 5001 imaginem

271 5027 490 5071 nostram
528 5027 578 5072 et
619 5017 896 5073 secundum
936 5017 1319 5076 similitudinem
1344 5037 1363 5074 :
1392 5029 1437 5074 et
1465 5021 1788 5077 dominentur

279 5108 493 5177 piscibus
519 5109 680 5163 maris
698 5150 716 5175 ,
740 5117 790 5163 et
813 5109 1100 5164 volatilibus
1125 5109 1240 5169 ccli
1260 5151 1279 5177 ,
1305 5120 1354 5166 et
1398 5111 1659 5181 pecoribus
1677 5151 1695 5180 ,
1736 5120 1787 5167 et

273 5197 433 5252 bestiis
453 5241 468 5264 ,
515 5208 563 5253 et
596 5198 839 5253 universa
860 5208 1010 5254 terrae
1031 5240 1047 5263 ,
1087 5210 1134 5255 et
1157 5202 1388 5258 omnibus
1415 5199 1675 5274 reptilibus
1698 5217 1786 5259 re-

276 5289 496 5359 pentibus
524 5305 683 5360 super
708 5299 891 5344 terram
917 5289 1078 5364 (Gen.
1106 5291 1159 5347 Ι.
1188 5293 1259 5348 26
1278 5293 1320 5366 ).

273 5421 322 5476 l.
361 5423 470 5492 Age
508 5430 568 5478 et
609 5421 804 5489 hodie,
832 5424 957 5494 quia
996 5423 1201 5481 alacres
1239 5425 1354 5482 lteri
1400 5443 1522 5497 quae
1551 5429 1785 5486 diximus

215 5510 413 5566 audistis
433 5553 447 5578 ,
480 5527 604 5582 qua:
632 5528 822 5568 recens
849 5514 984 5569 lecta
1011 5524 1136 5570 sunt
1155 5557 1171 5582 ,
1199 5519 1406 5574 caritati
1439 5531 1625 5576 vestrae
1655 5537 1783 5591 pro-

214 5615 472 5670 ponamus,
507 5605 656 5674 prius
687 5614 863 5662 tamen
891 5623 985 5662 vos
1011 5610 1353 5666 cohortantes
1377 5652 1392 5678 ,
1420 5622 1478 5666 ut
1502 5613 1783 5684 diligenter

214 5695 502 5749 auscultetis
533 5711 595 5750 ea
624 5712 742 5766 qua:
772 5697 1041 5764 dicuntur,
1073 5708 1129 5753 et
1151 5715 1268 5768 quae
1295 5702 1440 5770 prius
1469 5701 1607 5758 dicta
1635 5716 1779 5772 sunt,

214 5782 334 5842 bene
359 5788 407 5842 in
439 5799 620 5844 mente
647 5798 821 5846 vestra
867 5792 1136 5863 reponatis
1156 5834 1169 5860 ,
1199 5802 1256 5849 ut
1286 5809 1355 5850 nc
1391 5794 1586 5852 frustra
1615 5807 1665 5853 et
1697 5799 1781 5852 in-

1903 537 2118 580 cassum
2153 524 2395 583 laborem
2435 533 2645 585 tantum
2674 528 2930 588 feramus.
2961 525 3076 589 Ioc
3101 533 3246 590 enim
3273 535 3512 596 sttuliuut

1903 623 2147 672 nostrum
2176 625 2292 683 est,
2325 627 2385 675 ut
2408 618 2515 674 vim
2555 635 2619 676 ac
2660 636 2881 679 sensum
2913 638 3102 681 eorum
3137 641 3272 696 qua
3308 628 3509 699 scripta

1902 705 2011 760 sint
2032 716 2281 762 accurata
2310 709 2532 766 sciatis:
2561 719 2724 782 atque
2744 713 2816 768 ita
2841 722 2902 769 ut
2922 729 3031 770 non
3057 715 3231 771 solum
3258 719 3508 785 teneatis,

1903 795 2000 851 sed
2026 805 2082 851 et
2110 796 2343 854 aliorum
2385 801 2625 870 magistri
2655 802 2808 870 sitis,
2841 813 2901 859 ut
2927 804 3182 875 possitis,
3211 808 3512 864 secundum

1905 883 2123 941 beatum
2165 886 2424 955 Paulum,
2457 905 2596 944 unus
2636 891 2863 948 alterum
2906 892 3175 952 aediﬁcare
3202 895 3224 967 (
3249 897 3300 952 Ι.
3328 896 3517 964 τιθείη-τ

1903 972 1957 1028 5.
1991 975 2051 1029 il
2069 974 2112 1045 ).
2140 974 2273 1030 Nam
2304 977 2348 1032 si
2377 992 2474 1034 vos
2497 979 2833 1049 proieceritis
2857 982 2911 1056 in
2941 983 3190 1050 Domino,
3222 994 3279 1041 et
3319 986 3372 1041 in
3400 987 3506 1059 διιῦ

1907 1065 2178 1120 ritualium
2227 1066 2474 1123 doctrina
2523 1071 2756 1143 aliquem
2802 1072 3101 1144 proiectum
3144 1062 3511 1147 ostendetitis,

1905 1154 2068 1210 etiam
2099 1171 2198 1212 nos
2229 1157 2428 1228 ingenti
2458 1159 2710 1219 ai'ﬁcietia
2741 1163 2950 1220 hutitia.
2986 1164 3116 1224 lituo
3139 1167 3284 1223 enim
3323 1179 3510 1226 nostra

1903 1245 2066 1302 fuerit
2091 1256 2201 1302 tota
2233 1251 2594 1320 prosperitas,
2619 1262 2678 1309 et
2702 1268 2912 1310 summa
2952 1253 3236 1314 festivitas.
3267 1257 3396 1327 Qua
3419 1275 3514 1314 iro-

1902 1345 2012 1392 τινα
2038 1352 2174 1405 spes,
2206 1337 2286 1392 vel
2312 1340 2584 1409 gaudium.
2614 1341 2693 1396 vel
2715 1358 2926 1411 corona,
2960 1334 3166 1416 inquit,
3192 1347 3515 1434 glqriatiouia

1910 1426 1987 1498 (1.
2013 1426 2191 1484 Thess.
2214 1428 2270 1485 2.
2297 1429 2387 1499 19)
2410 1431 2435 1484 ἳ
2463 1448 2636 1487 annon
2656 1442 2704 1488 et
2728 1450 2835 1502 vos,
2868 1445 2924 1491 et
2943 1447 3190 1493 vestrum
3211 1426 3514 1507 secundum

1904 1517 2074 1574 Deum
2105 1519 2541 1578 incrementum?
2579 1523 2782 1581 Omnes
2821 1526 2966 1582 enim
2997 1527 3278 1594 doctores,
3307 1530 3398 1601 qui
3429 1532 3512 1584 vi-

1902 1607 2033 1664 dent
2057 1608 2351 1680 discipulos
2381 1612 2619 1681 priorum
2649 1614 2946 1672 lectionum
2980 1619 3297 1677 memoriam
3324 1621 3512 1675 animo

1902 1699 2041 1755 bene
2071 1707 2293 1768 tenere,
2325 1702 2684 1774 operibusque
2711 1705 2844 1776 ipsis
2886 1706 3116 1764 fructum
3147 1707 3383 1779 aliquem
3412 1724 3511 1765 ex-

1904 1788 2094 1846 hibere
2114 1831 2130 1857 ,
2163 1791 2368 1862 majore
2395 1794 2670 1850 alacritate
2690 1807 2746 1851 et
2776 1800 3113 1869 sequentium
3145 1802 3511 1870 cognitionem

1902 1881 2165 1951 prtebcnt.
2212 1883 2279 1938 Et
2307 1899 2407 1940 nos
2456 1901 2670 1956 quoque
2699 1899 2899 1959 quanto
2935 1891 3107 1962 magis
3144 1904 3381 1949 mentem
3411 1909 3517 1950 ναο-

1903 1978 2072 2026 stram
2113 1973 2285 2044 erigi,
2336 1984 2393 2030 et
2434 1975 2761 2034 desiderium
2811 1995 3093 2049 crescere,
3139 1987 3513 2058 rationemque

1901 2060 2014 2116 alas
2049 2075 2327 2121 assumere
2370 2065 2652 2135 videmus,
2685 2077 2836 2126 tanto
2872 2071 3165 2130 alacriores
3207 2076 3512 2146 reddimur,

1901 2159 1962 2206 ut
2005 2152 2312 2211 uberiorem
2356 2152 2654 2214 doctrinam
2685 2175 3069 2232 proponamus.
3115 2165 3328 2235 Quanto
3366 2169 3512 2224 enim

1902 2242 2026 2313 plus
2054 2243 2208 2301 vobis
2250 2247 2622 2317 profundintus
2653 2250 2977 2310 ﬂuentorum
3022 2253 3217 2314 borum
3256 2259 3513 2330 spirituao

1902 2333 2033 2390 lium
2054 2375 2070 2403 ,
2100 2344 2252 2394 tanto
2280 2340 2436 2395 nobis
2465 2351 2520 2397 et
2563 2341 2760 2399 ﬁuenta
2787 2354 2916 2402 sunt
2955 2349 3227 2418 auctiora,
3255 2352 3524 2409 nimirum

1900 2435 2126 2498 propter
2151 2429 2571 2490 adicationcm
2591 2442 2846 2502 vestram,
2878 2446 2932 2494 et
2961 2449 3184 2510 propter
3207 2450 3517 2501 vestrarum

1899 2518 2205 2575 animarum
2237 2519 2522 2578 utilitatem
2551 2542 2567 2579 :
2595 2538 2704 2581 non
2733 2527 2879 2582 enim
2900 2529 2952 2583 in
2983 2529 3085 2586 hac
3110 2545 3271 2588 eausa
3298 2536 3513 2592 contin-

1894 2609 1977 2680 git
2025 2609 2079 2667 id
2127 2611 2271 2681 quod
2319 2613 2373 2668 in
2427 2616 2698 2684 pecuniis.
2743 2617 2855 2676 Illic
2897 2621 3043 2678 enim
3090 2625 3180 2696 qui
3228 2637 3516 2700 argentum

1899 2700 2079 2757 vicino
2103 2702 2499 2774 dinumeravit,
2541 2707 2812 2766 imminuit
2838 2725 2990 2768 suam
3024 2714 3414 2786 substantiam,
3455 2728 3514 2779 et

1898 2801 2100 2882 quanto
2125 2794 2245 2866 plus
2270 2806 2540 2867 numerat,
2567 2806 2727 2857 tanto
2749 2803 2928 2858 minus
2956 2806 3196 2876 possidet
3226 2812 3508 2882 pecunia:

1899 2879 2193 2940 bicautem
2241 2885 2400 2956 plane
2429 2901 2588 2946 secus
2625 2890 2820 2963 agitur.
2868 2892 3018 2951 Tunc
3053 2897 3198 2954 enim
3227 2879 3513 2960 iactantes

1899 2981 2104 3030 nostra
2147 2975 2268 3045 plus
2308 2988 2662 3049 accrescunt,
2710 2992 2838 3040 tunc
2879 2986 3195 3056 spirituales
3243 2989 3330 3046 ba
3373 2995 3509 3063 opm

1898 3063 2071 3134 mgis
2089 3075 2374 3137 augentur,
2396 3070 2614 3142 quando
2638 3070 2860 3132 haurire
2877 3073 3185 3136 volentibus
3205 3080 3509 3143 doctrinam

1899 3149 2197 3244 liberaliter
2221 3155 2616 3226 profundimus.
2647 3160 2814 3234 Igitur
2850 3167 2972 3235 quia
3018 3165 3122 3223 hoc
3147 3169 3308 3228 nobis
3333 3173 3511 3244 maio-

1899 3252 2022 3297 ram
2052 3241 2359 3303 divitiarum
2402 3260 2564 3305 causa
2605 3259 2692 3308 an
2713 3291 2731 3318 .
2777 3262 2837 3309 et
2861 3267 2961 3311 vos
3001 3256 3369 3327 spiritualibus
3403 3241 3512 3318 itu

1900 3333 2103 3427 mestis
2145 3336 2330 3394 satiari
2382 3354 2490 3396 non
2532 3337 2795 3415 potestis,
2841 3359 2944 3418 age
2972 3348 3251 3410 videamus
3286 3354 3416 3427 quid
3449 3365 3513 3416 et

1899 3421 2060 3518 bodie
2087 3425 2279 3518 beatus
2301 3427 2481 3486 Moses
2508 3430 2563 3486 in
2591 3432 2676 3489 his
2699 3450 2821 3506 qua
2849 3435 2988 3495 lecta
3015 3449 3143 3498 sunt
3164 3457 3268 3501 nos
3292 3421 3508 3518 doceat,

1896 3514 2010 3571 imo
2035 3514 2164 3588 quid
2190 3518 2360 3589 gratia
2390 3520 2624 3592 Spiritus
2648 3539 2745 3596 per
2770 3525 2892 3597 ejus
2927 3527 3164 3601 linguam
3209 3535 3364 3593 nobis
3389 3514 3510 3594 om;

1895 3603 2055 3662 nibus
2080 3605 2246 3662 dicat.
2274 3607 2368 3665 26.
2396 3608 2468 3666 Et
2490 3611 2641 3679 dixit,
2672 3614 2875 3687 inquit,
2903 3616 3045 3675 Deus
3065 3637 3086 3676 .'
3106 3620 3388 3682 Faciamus
3413 3627 3510 3682 hal-

1896 3696 2088 3752 nsinent
2110 3698 2392 3754 secundum
2415 3701 2689 3774 imaginem
2713 3716 2959 3774 nostrast,
2987 3720 3035 3764 et
3061 3714 3341 3770 mundam
3364 3718 3507 3772 aitait

1896 3785 2186 3842 litudinetn.
2235 3788 2318 3846 Ne
2364 3791 2683 3863 simpliciter
2735 3795 2852 3854 hac
2903 3799 3046 3857 dicta
3096 3813 3503 3876 praetereamus,

1893 3876 2185 3969 carissimi,
2217 3879 2312 3936 sed
2342 3880 2708 3954 disquiramus
2733 3888 2896 3944 verba
2923 3891 3132 3962 singula
3152 3935 3167 3960 ,
3195 3905 3252 3951 et
3287 3897 3339 3952 in
3372 3915 3502 3969 ιιι-οι

1895 3966 2119 4024 fundum
2147 3968 2538 4030 descendentes
2555 4016 2573 4042 ,
2605 3977 2714 4032 vim
2741 3979 2799 4034 in
2822 3979 3113 4039 breviculis
3143 3983 3293 4043 hisce
3320 3966 3503 4048 verbis

1895 4059 2150 4117 latentem
2181 4062 2589 4135 investigemus.
2617 4067 2754 4125 Nam
2801 4073 2926 4128 licet
2967 4089 3133 4144 pauca
3175 4078 3285 4134 sint
3312 4081 3496 4151 verba,

1895 4167 2123 4222 magnus
2151 4161 2329 4210 tamen
2349 4155 2642 4216 thesaurus
2663 4171 2747 4216 est
2775 4162 2827 4216 in
2854 4165 2958 4219 illis
2984 4168 3315 4237 reconditus,
3335 4181 3502 4242 atque

1892 4242 2048 4300 decet
2071 4254 2303 4304 attentos
2331 4257 2386 4304 et
2409 4249 2599 4320 vigiles
2626 4268 2733 4308 non
2763 4253 2818 4308 in
2844 4258 3131 4326 superﬁcie
3158 4271 3323 4318 stare.
3354 4264 3499 4335 Quo-
3612 4272 3622 4281 '

1894 4335 2038 4390 uiam
2069 4344 2125 4391 et
2162 4336 2197 4391 ii
2227 4339 2318 4408 qui
2349 4341 2635 4396 scusibiles
2663 4344 2762 4400 hos
2806 4345 3086 4405 thesauros
3124 4352 3361 4411 eil‘odere
3397 4372 3497 4413 eo-

1894 4438 2124 4496 nantur,
2156 4444 2262 4486 non
2293 4431 2346 4486 in
2376 4431 2536 4502 plano
2561 4443 2616 4490 et
2645 4436 2698 4490 in
2738 4439 3023 4508 superﬁcie
3063 4443 3239 4501 solum
3282 4445 3492 4507 fodiunt

1893 4528 2056 4590 atque
2084 4522 2400 4591 perquirunt
2419 4565 2434 4588 ,
2463 4525 2559 4580 sed
2587 4527 2638 4580 in
2676 4528 2998 4596 profundum
3037 4533 3408 4608 descendunt,
3438 4553 3495 4598 et

1893 4612 2184 4680 penitiores
2211 4621 2370 4669 terrae
2400 4615 2550 4673 sinus
2574 4627 2884 4677 scrutantur
2912 4640 2926 4677 ι
2959 4633 3119 4696 atque
3148 4627 3218 4684 ita
3247 4641 3365 4688 arte
3395 4648 3492 4692 sua

1891 4715 2083 4758 aurum
2109 4716 2139 4756 a
2168 4711 2309 4759 terra
2349 4717 2666 4778 segregant,
2701 4713 2911 4768 tametsi
2949 4729 3094 4786 smpe
3121 4727 3243 4787 post
3281 4722 3494 4784 labores

1891 4790 2223 4863 sudoresque
2247 4795 2445 4851 multos
2469 4799 2556 4854 vix
2595 4815 2760 4870 pauca
2789 4803 3035 4873 quaedam
3076 4822 3322 4870 ramenta
3361 4815 3496 4874 aﬁ‘eb

1891 4893 2037 4939 runt.
2068 4884 2167 4942 llic
2191 4899 2369 4942 autem
2401 4890 2472 4944 nil
2506 4892 2610 4947 tale
2644 4901 2762 4961 est,
2789 4898 2883 4952 sed
2911 4897 3065 4955 labor
3091 4903 3268 4959 minor
3287 4946 3302 4970 ,
3332 4915 3386 4962 et
3414 4909 3494 4964 in-

1894 4973 2120 5032 eﬁ'abilis
2145 4977 2382 5035 ubertas.
2410 4979 2547 5037 Nam
2574 4984 2872 5054 spiritualia
2910 4991 3091 5046 omnia
3122 4993 3178 5049 iu
3204 4993 3489 5055 hunc'mo-

1891 5066 2018 5125 dum
2048 5084 2108 5124 se
2139 5069 2358 5126 habent.

1961 5159 2019 5213 2.
2058 5159 2137 5216 Ne
2168 5161 2327 5232 igitur
2351 5163 2528 5220 simus
2565 5166 2863 5227 deteriores
2893 5171 2959 5227 iis
2994 5174 3084 5244 qui
3122 5175 3188 5230 ad
3219 5179 3497 5236 sensibilis

1893 5249 2100 5308 inhiant
2131 5271 2144 5308 :
2173 5254 2268 5310 sed
2300 5255 2632 5328 inquiramus
2658 5271 2713 5317 et
2736 5278 2836 5319 nos
2865 5264 3148 5337 diligenter
3177 5269 3490 5326 thesaurum

1892 5341 2037 5397 hunc
2077 5344 2409 5413 spiritualem
2453 5349 2506 5403 in
2535 5352 2713 5407 verbis
2751 5354 2867 5412 istis
2905 5359 3236 5413 reconditum
3259 5402 3273 5425 ,
3305 5370 3358 5414 et
3387 5363 3494 5430 pri-

1891 5450 2036 5489 mum
2066 5436 2344 5494 videamus
2369 5441 2495 5510 quid
2541 5459 2735 5499 novum
2783 5458 2838 5502 et
2881 5449 3252 5505 admirandum
3299 5453 3491 5511 dicat:

1893 5526 2016 5581 dein
2048 5545 2212 5598 quare
2253 5540 2395 5586 tanta
2425 5534 2706 5591 verborum
2741 5541 3035 5596 variatione
3079 5553 3260 5598 utatur
3305 5547 3490 5600 beatus

1891 5617 1980 5674 hic
2005 5621 2264 5689 propheta
2287 5663 2302 5690 ,
2336 5624 2442 5678 imo
2470 5625 2732 5697 benignus
2761 5629 2899 5685 Deus
2936 5646 3030 5700 per
3056 5634 3370 5702 prophetam
3409 5635 3486 5689 lo-

1888 5725 2076 5780 quens.
2109 5712 2174 5766 Et
2196 5715 2270 5767 ait
2296 5735 2308 5770 :
2335 5714 2610 5773 Faciamus
2635 5722 2885 5777 hominem
2912 5725 3188 5778 secundum
3213 5727 3492 5795 imaginem

1891 5812 2138 5872 nostram,
2158 5814 2204 5857 et
2225 5807 2500 5861 secundum
2522 5810 2925 5868 similitudinem.
2951 5813 3130 5887 Nuper
3147 5830 3270 5871 cum
3295 5814 3483 5871 emittm
