4080 6308
557 423 620 481 ’11
1337 413 1391 468 S.
1430 408 1707 468 JOANNIS
1742 401 2214 464 CHRYSOSTOMI
2254 399 2569 459 ARCIHEP.
2610 401 3144 459 CONSTANTINOP.
3757 401 3829 456 79.

559 550 862 607 terramque
913 533 1232 593 formassct,
1279 527 1573 581 audivimus
1621 524 1766 576 illum
1819 519 2132 574 dicentem:

2247 527 2455 572 ciorum
2482 517 2676 572 veritas
2696 515 2949 571 Ecclesiae
2970 515 3095 571 ﬁliis
3117 515 3364 572 discenda
3387 527 3483 573 est.
3516 517 3648 586 Quis
3672 523 3836 590 igitur

561 629 682 683 Fiat
725 605 816 681 lius
840 640 859 679 :
887 635 942 678 et
966 665 979 684 ,
1011 621 1131 680 Fiat
1173 620 1542 689 ﬁrmamentum
1582 616 1636 666 in
1665 612 1829 666 medio
1861 623 2043 672 aqua;
2079 615 2138 660 et
2225 605 2351 670 ‘hic,
2378 606 2444 659 ad
2463 620 2622 676 quem
2648 606 2837 675 inquit,
2865 605 3140 658 Faciamus
3165 606 3462 660 hominem!
3489 606 3620 672 Quis
3646 619 3829 664 alitem

560 721 776 784 iterum,
803 716 1176 786 Congregmtur
1203 723 1346 778 aqua
1393 707 1448 761 in
1481 704 1916 776 congregationem
1955 713 2131 762 unam,

556 819 604 862 e:
631 815 874 877 appareat
913 805 1059 856 arida
1081 816 1101 854 :
1126 809 1183 854 et
1199 831 1234 861 ,-
1253 797 1406 852 Fiant
1448 795 1719 850 luminaria
1743 806 1764 846 :
1787 800 1870 856 et,
1903 789 2135 843 Educant

556 913 704 968 aqua
749 893 947 965 reptilia
994 892 1281 944 animarum
1324 889 1610 942 uiuentium.
1659 882 1844 937 Vidisti
1888 893 2135 934 sermone

558 988 674 1042 solo
703 994 756 1040 et
799 991 1069 1053 praecepto
1108 994 1319 1034 onlnem
1366 986 1659 1032 creaturam
1689 973 1920 1041 quinque
1947 969 2135 1023 diebus

557 1074 821 1131 (amari?
868 1071 1003 1127 Vide
1052 1069 1209 1124 hodie
1260 1075 1455 1138 quanta
1502 1064 1782 1118 verborum
1829 1059 2131 1116 diversitas.

557 1164 673 1220 Non
697 1163 839 1218 enim
863 1162 971 1231 jam
997 1160 1125 1214 dicit
1148 1176 1160 1211 :
1187 1159 1303 1213 Fiat
1330 1157 1486 1210 homo
1511 1173 1524 1208 :
1548 1154 1642 1208 sed
1669 1151 1832 1222 quid?
1858 1148 2135 1203 Faciamus

556 1255 808 1307 Iacntian
836 1249 1112 1306 secundum
1153 1249 1423 1317 imaginem
1470 1252 1691 1297 nostram
1712 1281 1727 1305 ,
1771 1249 1821 1295 et
1860 1239 2133 1292 secundum

555 1343 951 1398 similitudinem.
983 1337 1119 1406 Quid
1150 1337 1247 1390 hoc
1273 1334 1432 1388 novi?
1461 1333 1584 1402 quid
1614 1330 1854 1384 insoliti?
1879 1330 2131 1395 Quisnam

556 1436 646 1488 ille
671 1435 757 1491 uni
787 1431 1130 1494 formandus,
1161 1429 1226 1482 ad
1254 1440 1410 1496 quem
1454 1423 1748 1477 faciendum
1772 1421 2133 1490 Opificiftanto

557 1525 780 1578 consilio
807 1531 860 1578 et
881 1519 1355 1589 circumspectione
1375 1514 1547 1585 opus?
1571 1513 1646 1568 Ne
1671 1513 1899 1577 mireris,
1921 1511 2129 1565 dilecte.

557 1614 729 1668 llumo
757 1613 899 1666 enim
943 1613 1081 1664 inter
1109 1607 1334 1662 visibilia
1374 1595 1548 1658 omnia
1576 1602 1829 1670 dignitate
1858 1600 2128 1669 mollit,

555 1713 773 1771 propter
799 1715 956 1769 quem
983 1697 1194 1752 condita
1222 1703 1346 1749 sunt
1369 1693 1483 1746 hzec
1507 1692 1706 1754 omnia,
1731 1690 1940 1752 calum,
1969 1699 2128 1753 terra,

553 1806 719 1851 mare,
752 1789 854 1854 sol,
883 1787 1027 1852 luna,
1055 1785 1242 1850 stellm,
1273 1782 1480 1853 reptilia
1501 1822 1516 1846 ,
1544 1783 1802 1850 jnmcnta,
1836 1781 2090 1849 [trucique
2111 1780 2129 1812 ⁸

551 1880 800 1932 animalia
827 1877 1025 1930 Otttniu.

623 1968 727 2022 Cur
769 1970 1012 2020 elementa
1050 1975 1166 2018 ante
1207 1964 1457 2016 hominem
1499 1971 1684 2015 creata.
1726 1990 1798 2001 —
1839 1961 1905 2015 Et
1945 1975 2129 2028 quare,

554 2061 606 2113 in
631 2060 781 2126 ;nics,
807 2058 1008 2112 tardius
1035 2068 1244 2110 creatus
1264 2064 1346 2108 est
1372 2057 1553 2116 homo,
1578 2054 1622 2106 si
1649 2055 1854 2107 exteris
1880 2053 2132 2121 dignitate

554 2149 820 2218 prmstat?
853 2148 1058 2201 Merito.
1090 2145 1220 2198 Nam
1249 2155 1302 2196 ut
1333 2145 1636 2213 ingressum
1667 2146 1715 2196 in
1746 2146 2008 2197 civitatem
2035 2146 2130 2198 ali-

550 2256 709 2310 quant
757 2235 911 2308 rege,
964 2252 1139 2306 operm
1188 2235 1413 2304 pretium
1461 2245 1543 2288 est
1591 2236 1833 2303 prtemilti
1878 2236 2129 2291 satellites

551 2333 789 2400 aliosque
820 2343 1006 2382 omnes
1030 2368 1044 2390 ,
1073 2338 1132 2380 ut
1175 2327 1308 2378 bene
1350 2325 1601 2378 adornata
1646 2327 1786 2391 regia
1817 2339 1907 2377 rex
1936 2324 1985 2376 in
2012 2339 2128 2378 eam

549 2422 798 2473 adveniat
828 2437 840 2470 :
869 2417 1027 2478 simili
1064 2415 1222 2468 modo
1252 2429 1392 2468 nunc
1430 2415 1579 2482 quasi
1623 2429 1800 2483 regem
1840 2424 1892 2467 et
1936 2414 2131 2482 princi-

552 2524 671 2579 pem
701 2509 928 2577 aliquem
957 2506 1116 2560 rebus
1146 2505 1372 2558 terrenis
1412 2503 1754 2571 praefecturus
1774 2542 1791 2568 ,
1837 2503 1984 2571 prius
2010 2518 2128 2555 om-

550 2616 676 2654 nem
717 2600 857 2654 hunc
886 2605 1127 2651 ornatum
1159 2593 1461 2657 fabricavit,
1507 2602 1564 2647 et
1605 2592 1813 2646 tandem
1843 2592 1907 2647 iis
1951 2594 2127 2662 prtuli-

548 2689 799 2745 ciendum
851 2687 1120 2740 hominem
1167 2684 1452 2752 produxit,
1497 2683 1771 2736 declarans
1819 2682 1970 2737 factis
2013 2685 2128 2738 istis

546 2788 748 2849 quanto
791 2779 992 2831 honore
1032 2774 1229 2828 animal
1280 2774 1379 2827 hoc
1439 2784 1810 2841 prosequatur.
1863 2774 2127 2829 Caeterum

555 2865 816 2909 racemus
834 2851 937 2905 hoc
955 2849 1360 2914 locoJudzeum,
1380 2858 1431 2904 et
1453 2849 1736 2905 videamus
1755 2849 1886 2921 quid
1905 2864 2130 2918 respono

554 2938 702 3000 deat,
725 2937 790 2991 ad
815 2953 976 3007 quem
996 2937 1137 2992 dixit
1156 2937 1332 2994 Deus:
1360 2937 1647 2994 Faciamus
1669 2941 2130 3004 nominentsscuno

554 3031 682 3084 dum
708 3030 1002 3094 imaginem
1034 3035 1310 3086 nostram?
1348 3031 1564 3102 Scripta
1601 3034 1746 3086 enim
1775 3043 1901 3088 sunt
1944 3037 2055 3088 hac
2097 3048 2129 3089 ι

555 3117 707 3173 Moss
726 3158 742 3182 ,
779 3118 960 3175 cuiae
993 3117 1217 3172 credere
1247 3119 1440 3174 dicunt
1472 3118 1694 3189 quidem
1719 3161 1736 3184 ,
1763 3135 1872 3175 non
1899 3121 2131 3174 credunt

556 3219 739 3264 autem
763 3227 779 3269 τ
804 3211 948 3265 sicut
967 3218 1023 3265 et
1043 3210 1299 3268 Christus
1325 3211 1537 3280 inquit:
1566 3210 1628 3265 Si
1654 3213 1935 3271 crederetis
1966 3211 2127 3277 Mosi,

549 3303 842 3355 erateretis
854 3302 1036 3370 utique
1058 3310 1106 3354 et
1128 3302 1254 3353 mihi
1272 3301 1455 3372 (Joan.
1474 3303 1527 3356 Β.
1548 3303 1661 3371 ιθ).
1686 3303 1789 3358 Sed
1813 3303 2128 3372 litoraquiv

554 3392 679 3450 dem
701 3393 842 3460 apud
867 3393 994 3455 illos
1013 3394 1384 3457 sunt,sensus
1402 3407 1534 3448 vero
1561 3395 1706 3462 apud
1732 3397 1938 3450 nos.Ad
1963 3407 2125 3464 quem

548 3483 732 3551 igitur
767 3483 976 3537 dictum
1006 3493 1110 3544 est.
1143 3483 1429 3541 Faciamus
1451 3486 1738 3552 hominem,
1767 3496 1823 3542 et
1856 3497 1982 3544 cum
2019 3501 2128 3556 quo

555 3577 850 3634 consilium
887 3578 990 3631 hoc
1020 3577 1208 3636 habuit
1241 3577 1548 3635 Dominus?
1569 3578 1688 3634 Non
1720 3580 1866 3650 quod
1895 3578 2128 3636 consilio

553 3680 612 3724 et
659 3672 1102 3729 consideratione
1141 3686 1282 3739 opus
1329 3673 1567 3740 habeat;
1601 3673 1777 3738 absit;
1813 3675 1912 3729 sed
1957 3675 2127 3745 ﬁgura

551 3762 847 3819 verborum
873 3763 1156 3817 declarare
1180 3765 1372 3830 voluit,
1391 3781 1554 3834 quam
1574 3767 1927 3820 excellentem
1956 3768 2128 3823 bunt»

550 3867 669 3907 rem
703 3853 932 3916 homini,
963 3855 1055 3922 qui
1090 3854 1454 3920 formabatur,
1483 3857 1707 3911 tribuat.
1730 3859 1873 3923 Quid
1891 3873 2020 3928 ergo
2044 3860 2128 3913 di-

551 3956 688 4000 cunt
712 3945 763 3998 hi
789 3947 882 4016 qui
909 3945 1089 4000 adhuc
1113 3947 1313 4001 habent
1347 3951 1596 4004 velamen
1627 3957 1786 4020 super
1824 3953 1990 4006 corda
2028 3968 2126 4008 sua

552 4035 831 4104 positum,
881 4045 936 4090 et
978 4036 1112 4089 nihil
1153 4052 1342 4091 eorum
1375 4054 1502 4107 qua
1532 4039 1621 4094 hic
1659 4049 1789 4095 sunt
1830 4049 2124 4104 contenta,

553 4127 858 4197 intelligere
905 4128 1133 4182 volunt?
1167 4129 1246 4181 Ad
1282 4130 1531 4199 angelum
1577 4133 1663 4187 vel
1711 4133 2123 4204 archangelum,

552 4220 830 4290 inquiunt,
847 4221 963 4274 huic
984 4222 1128 4275 dicta
1156 4231 1303 4276 sunt.
1321 4223 1365 4276 Ο
1387 4225 1677 4292 insaniam,
1698 4241 1730 4278 ο
1755 4241 2003 4296 magnam
2025 4227 2128 4280 im-

551 4310 870 4379 pudentiam
895 4313 906 4363 l
936 4310 1001 4364 Et
1025 4313 1300 4381 quomodo
1323 4314 1522 4368 rationi
1545 4325 1976 4371 consentaneum
2017 4327 2124 4384 est,

553 4404 698 4458 bone
722 4404 827 4468 vir,
854 4416 910 4458 ut
931 4406 1105 4476 angeli
1131 4407 1419 4461 consilium
1443 4408 1631 4462 ineant
1654 4423 1776 4463 cum
1800 4409 2055 4477 Domino,
2073 4421 2128 4467 et

553 4506 823 4552 creaturae
856 4514 978 4553 cum
1005 4499 1304 4556 Creatore?
1350 4501 1467 4556 Non
1498 4503 1642 4556 enim
1679 4513 1762 4558 est
1807 4505 2127 4575 angelorum

551 4590 847 4644 consilium
871 4591 1023 4656 dare,
1048 4595 1141 4646 sed
1173 4594 1454 4658 assistere,
1479 4603 1536 4649 et
1557 4596 1923 4651 ministerium
1951 4597 2128 4652 adim-

553 4684 722 4750 plere.
748 4683 816 4736 Et
833 4694 892 4738 ut
915 4684 1252 4752 discas,audi
1275 4688 1678 4744 vocalissimum
1699 4689 1913 4744 Esaiam
1935 4692 2122 4746 dicen-

554 4784 662 4828 tem
686 4775 754 4830 de
774 4779 1030 4846 supernis
1053 4778 1314 4848 angelicis
1340 4779 1668 4835 virtutibus:
1699 4781 1818 4835 Vidi
1843 4783 2126 4838 Cherubim

553 4870 751 4922 stantia
772 4885 802 4921 α
821 4871 1018 4924 dextris
1041 4871 1158 4935 Dei,
1178 4884 1223 4925 et
1253 4871 1554 4939 Seraphim,
1570 4885 1619 4926 et
1637 4874 1940 4944 obtegebant
1958 4877 2123 4945 [acies

553 4959 804 5028 pedesque
826 4976 948 5013 suos
971 4963 1072 5014 alis
1097 4960 1254 5030 (Isai.
1275 4961 1329 5015 6.
1352 4963 1429 5032 2).
1450 4963 1604 5029 Quod
1631 4965 1749 5020 ideo
1776 4967 1974 5021 factum
2001 4983 2125 5025 esse

554 5051 729 5116 liquet
755 5090 770 5116 ,
794 5051 922 5120 quia
949 5051 1128 5122 fulgur
1151 5056 1454 5124 majestatis
1476 5057 1673 5112 divinae
1697 5057 1820 5113 inde
1842 5059 2124 5128 egrediens

555 5144 697 5197 ferre
717 5159 826 5197 non
845 5145 1190 5213 possent,sed
1210 5154 1419 5201 starent
1436 5162 1558 5202 cum
1581 5149 1776 5204 timore
1799 5158 2125 5205 cttrcmore.

553 5234 764 5288 Etenim
789 5236 1070 5290 creaturis
1094 5237 1371 5303 peculiare
1393 5245 1478 5293 est
1503 5237 1733 5293 Domino
1755 5240 2037 5295 assistere.

623 5311 676 5364 5.
705 5309 921 5363 Arianos
944 5318 991 5362 et
1030 5308 1574 5380 Anthropomorphitas
1611 5308 1882 5362 insectatur
1908 5308 2129 5380 Chryso-

553 5414 764 5456 stomus.
787 5431 857 5443 —-
877 5402 1072 5456 Verum
1101 5403 1172 5455 illi
1201 5403 1330 5456 nihil
1359 5417 1540 5456 eorum
1569 5416 1686 5470 quzu
1707 5400 1989 5470 Scriptura:
2011 5417 2128 5456 vcr-

556 5494 638 5547 bis
667 5493 1005 5546 continentur
1047 5491 1401 5561 intelligentes
1426 5531 1442 5555 ,
1489 5499 1691 5544 temere
1727 5490 1866 5558 quod
1898 5491 2129 5543 occurrit

552 5585 821 5640 effutiunt.
852 5584 917 5638 Et
947 5585 1068 5639 ideo
1099 5583 1336 5638 refutatis
1367 5583 1575 5635 illorum
1605 5580 1964 5635 deliramentis
1989 5622 2004 5647 ,
2042 5581 2119 5634 di-

620 5719 634 5748 τ
673 5720 917 5773 ῐὶιιωωδδη
942 5714 1148 5776 reptilia,
1176 5726 1282 5777 quia
1303 5717 1486 5770 natant,
1515 5710 1780 5777 erutaque;
1804 5710 2011 5768 (ῖοίδιὶη.1
2047 5725 2124 5763 rc-

553 5778 708 5841 ptilta,
733 5786 776 5829 ct
799 5770 1249 5842 qmémdventuh'et
1273 5786 1382 5838 φη
1402 5777 1585 5832 natant,
1611 5770 1859 5836 erutaque,
1886 5782 1984 5822 etc.

2240 697 2376 750 alius
2400 738 2416 764 ,
2448 712 2604 766 quam
2634 697 2724 752 ille
2751 695 2928 766 magni
2951 697 3162 752 consilii
3185 699 3407 768 angelus
3429 737 3443 761 ,
3479 700 3567 755 ille
3591 699 3827 755 admira-

2240 785 2365 840 bilis
2387 787 2740 852 consiliarius,
2770 795 2981 856 potens,
3009 786 3254 856 princeps
3282 789 3447 856 pacis,
3479 799 3631 856 pater
3662 789 3827 845 futuri

2245 879 2424 932 szeeuli
2457 877 2609 949 (lsai.
2634 879 2690 936 9.
2717 879 2796 950 ϐ),
2825 879 3128 949 nnigenitus
3150 878 3243 934 Dei
3269 879 3456 947 Filius,
3486 881 3621 935 l’atri
3648 897 3827 950 requa-

2242 967 2307 1021 lis
2328 969 2622 1025 secundum
2653 970 3023 1037 substantiam,
3050 984 3147 1039 per
3176 985 3335 1039 quem
3364 973 3540 1026 omnia
3569 972 3827 1042 producta

2239 1060 2408 1115 sunt?
2445 1061 2578 1117 lluic
2602 1061 2734 1117 dicit
2761 1080 2774 1116 :
2801 1061 3079 1116 Faciamus
3105 1063 3356 1116 hominem
3379 1064 3656 1117 secundum
3695 1066 3828 1116 ima-

2238 1152 2406 1221 ginem
2428 1162 2671 1218 nostram,
2695 1162 2744 1207 et
2767 1155 3042 1209 secundum
3066 1153 3467 1209 similitudinem.
3497 1154 3593 1210 llic
3612 1157 3828 1212 Arianis

2239 1245 2450 1300 letalem
2480 1246 2686 1316 plagam
2729 1245 2935 1315 inﬂigit.
2979 1245 3096 1300 Non
3138 1247 3282 1302 enim
3327 1247 3638 1318 imperando
3663 1249 3825 1316 dixit,

2241 1333 2364 1400 Fac,
2393 1344 2450 1389 ut
2473 1334 2687 1392 subdito
2714 1345 2765 1391 et
2795 1335 3034 1390 inferiori
3057 1377 3072 1403 ,
3105 1335 3188 1390 vel
3217 1345 3275 1391 ut
3303 1337 3496 1391 minori
3527 1338 3824 1394 secundum

2238 1425 2546 1488 essentiam,
2575 1425 2667 1480 sed
2691 1441 2812 1480 cum
2840 1425 3144 1482 omnimoda
3167 1426 3490 1495 mqualitate,
3518 1426 3826 1483 Faciamus:

2237 1525 2291 1571 ct
2333 1516 2475 1583 quod
2525 1516 2766 1586 sequitur
2819 1531 3003 1570 rursus
3054 1515 3452 1570 similitudinem
3512 1517 3828 1572 substantia

2237 1604 2490 1658 ostendit.
2515 1602 2793 1658 Faciamus
2813 1606 2980 1671 enim,
3004 1606 3097 1671 ait,
3122 1606 3375 1658 hominem
3399 1608 3672 1660 “culidem
3697 1610 3827 1660 inta-

2236 1694 2403 1763 giuem
2428 1705 2671 1758 nostram,
2707 1702 2750 1747 et
2775 1695 3050 1748 secundum
3078 1694 3480 1748 similitudinem.
3513 1697 3707 1750 lterum
3738 1697 3826 1751 hic

2236 1783 2517 1852 insurgunt
2545 1783 2780 1838 haeretici
2809 1784 2920 1850 alii,
2952 1783 3203 1838 Ecclesiae
3229 1784 3473 1852 dogmata
3503 1786 3823 1854 impugnan-

2237 1881 2317 1926 tes
2340 1915 2356 1939 ,
2385 1885 2438 1927 et
2465 1873 2649 1928 dicuut
2675 1890 2688 1927 :
2722 1873 2860 1928 Ecce
2905 1873 3070 1938 dicit,
3103 1873 3396 1927 Secundum
3425 1875 3696 1944 imaginem
3724 1891 3820 1929 no-

2235 1974 2393 2017 stram
2427 1979 2446 2018 :
2472 1974 2528 2018 et
2569 1965 2694 2019 inde
2739 1964 2921 2018 volunt
2967 1964 3077 2018 Deo
3123 1963 3404 2018 humanam
3452 1963 3674 2019 formam
3725 1967 3824 2020 tri-

2237 2053 2403 2110 buere
2435 2073 2448 2108 :
2480 2054 2534 2109 id
2559 2053 2701 2125 quod
2730 2064 2986 2110 extrema:
3014 2052 3173 2109 fuerit
3216 2055 3493 2122 amentim,
3529 2065 3584 2110 ut
3614 2059 3689 2120 is,
3732 2060 3824 2127 qui

2239 2147 2404 2198 forma
2437 2143 2721 2215 specieque
2764 2153 2910 2199 caret
2933 2185 2949 2208 ,
2995 2154 3048 2198 et
3079 2144 3210 2197 nulli
3255 2147 3530 2199 mutationi
3559 2146 3827 2203 obnoxius

2236 2244 2317 2287 cst
2340 2275 2354 2299 ,
2384 2235 2486 2289 sub
2515 2234 2798 2289 humanam
2830 2235 3100 2304 redigatur
3128 2234 3353 2290 formam
3375 2276 3392 2300 ,
3425 2244 3479 2290 et
3507 2237 3827 2306 incorporeo

2237 2325 2474 2379 membra
2496 2333 2552 2380 et
2579 2326 2896 2380 lineamenta
2917 2325 3292 2380 attribuantur.
3314 2326 3444 2392 Qua:
3466 2326 3590 2382 huic
3617 2328 3824 2382 insania

2237 2431 2333 2484 par
2375 2416 2570 2480 fuerit,
2619 2430 2738 2469 cum
2779 2430 2884 2470 non
2929 2415 3098 2468 solum
3133 2415 3264 2469 nihil
3294 2416 3427 2472 lucri
3471 2432 3500 2470 a
3531 2416 3826 2486 Scripturis

2234 2503 2491 2559 divinitus
2536 2505 2814 2573 inspiratis.
2851 2503 3119 2570 referant,
3161 2504 3256 2559 sed
3299 2513 3353 2558 et
3379 2505 3665 2574 plurimum
3699 2507 3826 2562 inde

2234 2593 2618 2648 olfendantur?
2645 2594 2815 2650 Simili
2845 2595 2988 2648 enim
3022 2593 3181 2648 modo
3209 2594 3382 2649 allecti
3409 2607 3562 2661 sunt,
3593 2607 3755 2668 atque
3779 2600 3825 2653 si

2233 2684 2320 2752 qui
2349 2684 2536 2737 morbo
2564 2683 2839 2750 laborant,
2871 2693 2927 2739 et
2953 2683 3319 2752 corporalibus
3347 2687 3514 2740 oculis
3540 2686 3826 2743 inlirutau-

2235 2784 2338 2829 tur.
2391 2774 2455 2829 Ut
2485 2775 2626 2829 enim
2674 2774 2747 2829 illi
2785 2775 2853 2828 ob
2897 2774 3172 2830 oculorum
3204 2789 3424 2830 suorum
3455 2777 3825 2834 inﬁrmitatem

2234 2866 2366 2921 solis
2390 2866 2560 2920 lucem
2588 2880 2728 2936 mgre
2758 2864 2964 2932 ferunt,
2995 2874 3050 2922 et
3078 2866 3204 2935 aegri
3229 2868 3392 2922 etiam
3422 2868 3655 2936 optimos
3681 2870 3827 2924 salu-

2233 2958 2597 3026 berrimosque
2625 2958 2772 3012 cibos
2792 2967 3111 3013 aversantur
3143 2976 3157 3012 :
3191 2958 3261 3012 ita
3286 2968 3341 3014 et
3366 2959 3419 3012 bi
3444 2961 3619 3015 anima
3650 2977 3824 3031 δτι-ο-

2233 3056 2443 3112 tantes,
2491 3056 2542 3101 et
2583 3047 2776 3102 mentis
2814 3047 2986 3102 oculis
3026 3047 3204 3116 capti,
3251 3047 3319 3101 ad
3364 3048 3540 3103 lumen
3584 3051 3824 3107 veritatis

2233 3141 2500 3208 respicere
2539 3154 2644 3192 non
2675 3148 2915 3207 possunt.
2949 3138 3153 3194 idcirco
3181 3149 3364 3194 nostro
3394 3139 3676 3209 fungentes
3702 3157 3825 3197 mu-

2233 3246 2383 3294 nere,
2415 3245 2608 3286 atauus
2632 3232 2712 3287 eis
2738 3233 3068 3302 porrigamus
3088 3272 3104 3298 ,
3136 3247 3432 3302 magnaque
3459 3235 3538 3290 eis
3567 3251 3823 3295 mansue-

2232 3321 2415 3376 tudine
2443 3323 2741 3390 loquamur.
2783 3321 2916 3378 Νη)
2943 3333 2998 3380 et
3027 3323 3213 3378 beatus
3241 3323 3439 3380 Paulus
3471 3327 3544 3380 ita
3573 3340 3674 3385 nos
3699 3342 3823 3382 mo-

2232 3412 2345 3465 nuit
2369 3411 2553 3466 dieens
2576 3431 2589 3465 :
2618 3411 2686 3466 Ut
2704 3412 2759 3466 in
2783 3413 3174 3468 mansuetudine
3199 3415 3496 3470 erudiuntur
3516 3418 3823 3484 adtersarii,

2234 3500 2278 3555 si
2307 3504 2436 3570 forte
2459 3501 2542 3555 det
2570 3502 2640 3556 eis
2669 3500 2808 3555 Deus
2835 3503 3181 3572 penitentiam
3222 3505 3275 3557 in
3303 3506 3611 3574 agnitionem
3637 3509 3822 3562 uerita.

2232 3589 2315 3653 tis,
2345 3599 2395 3644 et
2420 3591 2490 3644 ad
2515 3591 2830 3646 sobrietatem
2857 3593 3039 3646 mentis
3065 3592 3273 3648 redeant
3306 3596 3370 3649 de
3397 3596 3575 3664 laqueo
3601 3597 3818 3665 diaboli,

2232 3690 2263 3735 tt
2290 3697 2387 3750 quo
2429 3683 2614 3751 captiui
2660 3691 2922 3747 tenentur,
2966 3683 3034 3736 ad
3062 3683 3201 3736 illius
3233 3684 3536 3738 uoluntatem
3565 3688 3582 3755 (
3600 3687 3654 3741 2.
3678 3685 3817 3742 Tim.

2231 3772 2284 3825 2.
2316 3772 2386 3827 25
2403 3772 2444 3842 ).
2478 3770 2637 3827 Vides
2664 3773 2937 3841 quomodo
2965 3772 3141 3828 verbis
3169 3772 3458 3829 declaravit
3481 3815 3496 3839 ,
3543 3791 3636 3830 eos
3663 3780 3820 3846 quasi

2233 3862 2489 3916 ebrietate
2535 3862 2781 3931 quapiam
2827 3862 3047 3916 obrutos
3092 3863 3261 3918 esse?
3306 3863 3438 3916 Nam
3482 3864 3623 3933 quod
3666 3867 3818 3932 dicit,

2235 3951 2314 4003 Ad
2343 3945 2655 4005 sobrietatem
2685 3952 2864 4005 mentis
2911 3952 3160 4016 redeant,
3193 3953 3427 4007 ostendit
3467 3969 3561 4008 eos
3603 3956 3654 4008 iu
3689 3973 3816 4024 pro-

2234 4040 2400 4096 fundo
2428 4042 2606 4112 aliquo
2630 4058 2836 4099 mersos
2863 4058 3005 4098 esse.
3033 4043 3100 4098 Et
3129 4045 3320 4098 iterum
3345 4085 3360 4109 ,
3397 4045 3546 4116 Capti
3567 4088 3582 4107 .
3622 4048 3818 4117 inquit,

2233 4146 2263 4184 a
2291 4131 2523 4196 diabolo,
2548 4133 2698 4201 quasi
2723 4133 2942 4196 diceret,
2974 4141 3240 4202 tamquam
3271 4133 3475 4204 laqueis
3496 4137 3818 4205 quibusdam

2233 4222 2424 4276 irretitl
2450 4230 2592 4277 sunt.
2627 4221 2778 4276 Unde
2801 4227 2860 4276 et
2899 4221 3050 4276 nobis
3077 4237 3266 4292 magna
3292 4238 3426 4293 opus
3452 4233 3534 4279 est
3562 4241 3818 4282 mansue-

2235 4313 2415 4367 tudine
2440 4321 2495 4367 et
2536 4313 2786 4382 patientia
2812 4353 2827 4377 ,
2859 4321 2916 4365 ut
2954 4313 3222 4382 possimus
3249 4329 3343 4369 eos
3367 4317 3572 4385 eripere
3600 4327 3656 4371 et
3681 4319 3819 4372 edu~

2233 4416 2355 4458 cere
2381 4416 2448 4458 ex
2479 4402 2680 4470 laqueis
2720 4401 2937 4456 diaboli.
2972 4401 3219 4457 Dicamus
3261 4404 3419 4474 igitur
3453 4406 3572 4461 eis:
3607 4407 3822 4479 Resipi-

2233 4495 2365 4550 scite
2409 4494 2710 4564 paulisper,
2757 4495 2976 4564 aspicite
3025 4495 3201 4550 lumen
3240 4496 3497 4564 justitiae,
3529 4499 3821 4567 expendite

2233 4586 2506 4640 vobiscum
2533 4585 2813 4640 verborum
2841 4586 3253 4639 accuratinnem.
3296 4587 3480 4656 Neque
3521 4592 3662 4644 enim
3691 4606 3820 4648 cum

2235 4675 2364 4731 dicit
2385 4693 2398 4728 :
2416 4673 2686 4728 Faciamus
2709 4675 2957 4727 hominem
2979 4675 3251 4728 secundum
3273 4677 3540 4746 imaginem
3563 4690 3818 4748 nostrain,

2236 4775 2282 4820 et
2310 4765 2585 4820 secundum
2614 4765 3031 4830 similitudinem,
3067 4765 3150 4820 hic
3177 4781 3480 4820 sermonem
3511 4768 3686 4833 sistit,
3722 4771 3821 4826 sed

2237 4873 2331 4928 per
2358 4872 2418 4912 ea
2462 4872 2578 4926 qua:
2620 4855 2857 4926 adjungit
2899 4855 3069 4924 palam
3103 4856 3254 4910 nobis
3300 4857 3456 4919 facit,
3504 4874 3608 4927 quo
3653 4873 3822 4917 sensu

2237 4963 2428 5002 nomen
2461 4947 2704 5017 imaginis
2731 4946 2986 5016 posuerit.
3017 4945 3150 5014 Quid
3180 4945 3320 4999 enim
3361 4947 3528 5001 dicit?
3557 4946 3620 5000 Et
3651 4949 3823 5004 domi-

2240 5049 2422 5092 nentur
2449 5039 2664 5108 piscibus
2694 5038 2847 5090 maris
2872 5078 2886 5101 ,
2933 5046 2979 5088 et
3007 5035 3288 5089 volatilibus
3318 5037 3429 5089 caeli
3450 5079 3466 5102 ,
3512 5048 3557 5091 ct
3586 5041 3823 5095 omnibus

2235 5128 2495 5199 reptilibus
2518 5129 2796 5197 repentibus
2820 5144 2969 5196 super
2997 5137 3200 5181 terram.
3229 5124 3507 5198 Imaginem
3535 5144 3662 5198 ergo
3684 5129 3821 5188 dixit

2236 5221 2527 5276 secundum
2561 5219 2912 5286 principatum
2941 5228 2995 5272 ct
3023 5219 3313 5272 dominium
3340 5259 3355 5284 ,
3385 5234 3489 5273 non
3520 5221 3816 5280 secundum

2235 5313 2376 5368 aliud
2408 5312 2674 5382 quidpiam
2701 5331 2715 5366 :
2745 5311 2940 5365 etenim
2973 5311 3114 5364 Dens
3160 5310 3280 5363 fecit
3315 5311 3582 5366 hominem
3617 5315 3818 5380 princi~

2238 5420 2356 5474 pem
2387 5403 2620 5458 omnium
2650 5417 2767 5470 qua:
2797 5410 2922 5453 sunt
2949 5415 3109 5468 super
3141 5412 3335 5454 terram
3356 5441 3371 5468 ,
3413 5414 3466 5455 et
3497 5403 3626 5456 nihil
3657 5420 3824 5472 super

2237 5504 2434 5548 terram
2467 5492 2681 5546 homine
2711 5491 2882 5560 majus
2922 5501 3041 5556 est,
3085 5490 3178 5545 sed
3208 5491 3383 5545 omnia
3413 5491 3513 5545 sub
3557 5503 3824 5561 p0testate

2237 5583 2378 5637 illius
2403 5592 2543 5634 sunt.

2307 5675 2359 5726 ι.
2401 5671 2552 5736 Quod
2601 5671 2644 5724 si
2695 5682 2813 5741 post
2861 5680 3057 5724 tantam
3109 5670 3370 5725 dictorum
3420 5673 3824 5729 accurationctn

2239 5763 2409 5818 adhuc
2439 5780 2500 5817 ca
2529 5763 2665 5819 dicta
2695 5777 2812 5820 esse
2857 5762 3183 5817 contendant
3227 5761 3293 5818 de
3338 5762 3523 5820 forma:
3567 5763 3823 5835 imagine.
