4080 6308
243 341 312 399 τι
1313 331 1381 391 iN
1419 333 1574 392 CAP.
1613 335 1656 393 Ι.
1696 331 1866 394 σειιι

1990 326 2224 390 ιιοιιιι..
2263 328 2400 387 Vill.
3480 335 3554 395 τι

245 455 481 510 dicemus
504 451 589 511 eis
618 470 633 509 :
679 451 843 523 Igitur
871 450 1016 508 Deus
1057 463 1166 506 non
1210 448 1384 505 solum
1429 449 1593 504 homo
1614 489 1631 515 ,
1661 445 1757 503 sed
1785 454 1843 502 et

247 544 440 600 mulier
463 544 608 610 erit;
655 544 780 614 quia
805 540 1049 597 eamdem
1097 542 1321 595 fortnam
1352 549 1578 609 uterque
1622 538 1842 594 habent.

247 633 446 690 Verum
482 633 588 689 hoc
627 630 920 687 absurdum
959 638 1124 686 esset.
1155 628 1295 685 Audi
1338 629 1482 684 enim
1510 627 1733 684 Paulum
1760 626 1843 683 di-

235 732 500 780 centem:
535 722 628 778 Vir
669 722 804 778 cuitu
849 737 953 777 non
978 720 1123 774 debet
1165 719 1335 775 velare
1367 728 1557 790 caput,
1597 718 1768 788 irnago
1794 724 1846 772 et

243 814 414 886 gloria
461 812 557 867 Dei
597 813 844 868 existens
888 825 910 866 :
955 811 1138 864 mulier
1185 819 1358 864 autem
1417 807 1584 881 gloria
1627 807 1724 862 viri
1772 815 1846 861 est

248 905 345 974 (Δ-
377 902 502 957 Cor.
538 902 629 958 li.
671 902 762 971 7).
792 900 887 956 Vir
932 900 1079 957 enim
1123 901 1390 970 imperat,
1433 898 1628 954 mulier
1665 907 1847 952 autem

248 993 492 1063 subjecta
521 1001 644 1048 est:
675 992 813 1047 sicut
841 999 896 1047 et
920 991 1062 1046 Deus
1107 989 1176 1047 ab
1219 989 1373 1045 initio
1399 988 1466 1043 ad
1508 1003 1627 1044 eam
1671 987 1843 1043 dixit:

246 1086 332 1141 Ad
359 1084 528 1138 uirum
550 1093 695 1138 tuum
721 1083 981 1138 conversio
1008 1092 1096 1137 tua
1119 1123 1136 1148 ,
1175 1081 1360 1151 et’ipse
1384 1080 1475 1135 tibi
1502 1077 1849 1134 dominabitur

247 1174 408 1236 (Gen.
436 1176 492 1232 3.
520 1174 636 1245 16).
663 1174 797 1242 Quia
821 1173 965 1230 enim
992 1171 1287 1230 secundum
1317 1170 1582 1226 rationem
1625 1167 1850 1223 dominii

244 1265 316 1322 ad
343 1264 634 1343 imaginem
671 1264 842 1321 factus
869 1273 954 1321 est
972 1304 988 1333 ,
1019 1277 1126 1319 non
1157 1263 1226 1320 ad
1256 1265 1484 1319 formam
1503 1303 1520 1330 ,
1561 1262 1646 1317 vir
1666 1269 1848 1316 autem

247 1356 563 1410 dominatur
608 1356 895 1423 omnibus,
925 1355 1123 1411 mulier
1147 1369 1282 1411 vero
1323 1352 1564 1423 subjecta
1608 1360 1732 1408 est:
1765 1350 1849 1407 id-

243 1447 399 1501 circo
423 1445 555 1500 dicit
592 1445 661 1501 de
686 1446 802 1502 viro
830 1445 1026 1502 Paulus
1043 1487 1059 1511 ,
1093 1444 1235 1516 quod
1261 1446 1437 1515 imago
1479 1454 1535 1500 et
1558 1442 1726 1515 gloria
1754 1440 1852 1498 Dei

247 1537 322 1592 sit
345 1577 362 1602 ,
394 1536 594 1592 mulier
617 1545 796 1592 autem
833 1537 1003 1608 gloria
1032 1536 1152 1590 viri.
1190 1535 1346 1603 Quod
1393 1535 1441 1591 si
1469 1534 1539 1590 de
1569 1535 1738 1590 forma
1768 1532 1853 1588 vel

249 1627 426 1701 ﬁgura
475 1627 736 1696 dixisset,
785 1645 892 1684 non
936 1629 1122 1700 utique
1166 1643 1229 1685 ea
1277 1627 1551 1684 divisisset
1596 1643 1612 1680 :
1661 1625 1852 1682 eadem

247 1720 398 1776 enim
429 1721 597 1792 figura
623 1730 710 1777 est
733 1720 832 1777 viri
861 1728 917 1776 et
954 1720 1218 1776 mulieris.
1250 1718 1442 1776 Vidisti
1473 1719 1686 1790 plenam
1715 1719 1856 1774 veri-

249 1812 466 1868 tatem!
512 1812 785 1883 quomodo
813 1813 1018 1867 nullum
1051 1810 1382 1867 delensionis
1408 1819 1730 1882 praetextum
1766 1823 1856 1864 re-

250 1905 451 1977 linquit
496 1906 561 1960 iis
587 1906 692 1977 qui,
727 1906 926 1962 frustra
968 1903 1308 1976 impudentes
1349 1917 1472 1959 esse
1497 1900 1728 1958 volunt?
1754 1899 1858 1958 Ve-

248 2003 563 2052 rumtamen
590 1996 754 2052 etiam
786 1995 893 2052 illis
917 1995 992 2051 ita
1020 2009 1081 2051 se
1105 1994 1424 2054 habentibus
1444 2034 1459 2059 ,
1486 2009 1557 2050 ne
1580 2004 1858 2049 cessemus

253 2103 452 2160 magna
478 2102 604 2144 mm
633 2087 856 2144 lenitate
881 2102 1005 2144 cum
1035 2087 1168 2158 ipsis
1193 2101 1375 2158 agere,
1403 2084 1468 2142 Si
1491 2090 1623 2158 forte
1642 2083 1726 2140 det
1752 2083 1859 2139 illis

253 2177 400 2234 Deus
430 2179 779 2247 pestilentiam
808 2178 880 2234 ad
900 2179 1212 2252 agnitionem
1253 2177 1480 2233 ueritatis
1509 2174 1603 2248 (Β.
1634 2173 1770 2234 Tim.
1798 2175 1856 2231 2.

249 2268 1074 2342 25).Neergotorpeswnus,
1102 2269 1150 2325 si
1175 2275 1861 2340 quopaetopermansue-

255 2360 468 2416 tudinis
496 2359 736 2416 studium
763 2359 1035 2431 possimus
1072 2359 1219 2432 ipsos
1245 2358 1457 2431 eripere
1484 2373 1518 2415 a
1540 2358 1863 2430 deceptione

250 2449 500 2518 diaboli;
527 2460 604 2517 et,
630 2451 675 2507 si
699 2449 901 2522 placet,
927 2449 1261 2508 adducamus
1281 2450 1479 2507 lterum
1509 2449 1616 2507 illis
1641 2448 1862 2506 beatum

251 2541 512 2610 Paulum,
534 2543 630 2614 qui
650 2541 1071 2600 Athenium
1094 2541 1176 2598 sic
1198 2541 1452 2600 dicebat:
1477 2539 1602 2598 Non
1626 2540 1864 2597 debemus

250 2631 558 2688 datiuum
585 2649 751 2701 euro,
777 2633 857 2690 ad
879 2643 1127 2705 argento,
1158 2633 1238 2688 vel
1261 2632 1456 2705 lepidi,
1484 2632 1566 2688 uel
1590 2633 1866 2704 sculptura

254 2724 390 2779 σοι.
417 2723 505 2781 vel
530 2723 832 2780 mm
875 2724 1096 2780 me.
1121 2719 1330 2779 Nm
1373 2738 1484 2780 esse
1508 2723 1674 2779 simile
1705 2723 1861 2795 (Act.

250 2814 350 2872 ιτ.
391 2812 534 2887 ss).
581 2813 774 2871 Vidisti
821 2822 1021 2887 quanta
1064 2812 1339 2886 diligentia
1382 2828 1601 2871 omnem
1650 2813 1864 2869 illorum

252 2920 508 2964 mrem
550 2905 771 2978 sapiens
811 2904 1069 2977 magister
1105 2903 1504 2977 amputaverit?
1544 2904 1663 2960 Non
1692 2904 1864 2961 solum

253 2995 410 3054 enim
457 3011 495 3054 a
535 2995 805 3068 corporali
848 3002 977 3067 typo
1017 2995 1254 3053 ahenum
1305 2994 1436 3052 dicit
1474 2993 1725 3062 Numen,
1770 2994 1867 3052 sed

257 3100 446 3158 neque
474 3085 806 3158 quid-simile
835 3098 995 3157 posse
1021 3084 1257 3142 humana
1298 3084 1622 3156 cogitatione
1661 3083 1864 3157 emugi.

255 3175 392 3234 llam
418 3176 653 3234 subinde
691 3176 802 3232 iiiis
837 3174 1080 3233 dicentes
1101 3215 1119 3242 ,
1153 3173 1288 3230 nihil
1313 3174 1458 3246 quod
1477 3189 1652 3248 penes
1678 3190 1775 3231 vos
1799 3175 1868 3233 sit

257 3265 516 3340 proferre
557 3264 952 3332 intermittatis,
998 3265 1046 3322 si
1089 3265 1228 3322 forte
1266 3263 1493 3332 cedant,
1536 3264 1584 3321 si
1627 3263 1763 3321 forte
1800 3265 1869 3321 ad

258 3357 554 3413 veritatem
582 3355 855 3428 respicere
881 3355 1070 3412 velint.
1096 3354 1366 3411 Cancrum
1409 3364 1468 3410 ut
1505 3355 1576 3412 ab
1604 3353 1869 3412 benevola

261 3449 488 3508 illorum
532 3446 888 3506 instructions
916 3447 1071 3506 vobis
1098 3446 1468 3505 desistendum
1497 3462 1606 3506 non
1646 3456 1764 3516 est,
1796 3449 1870 3504 ita

261 3555 402 3608 ero,
445 3548 506 3596 ut
547 3540 798 3613 dogmata
842 3539 1204 3598 ecclesiastica
1251 3538 1422 3610 probe
1463 3539 1692 3597 teneatis
1713 3579 1730 3607 ,
1761 3554 1871 3596 non

261 3629 666 3690 confundentes
701 3631 970 3688 dictorum
995 3632 1434 3703 consequentiam
1453 3673 1470 3697 ,
1498 3631 1595 3689 sed
1624 3646 1747 3687 cum
1775 3631 1874 3687 .lu-

264 3725 407 3782 deis
435 3733 496 3780 ut
522 3732 736 3796 oportet
762 3723 1032 3796 disputate
1049 3763 1066 3790 ,
1104 3738 1170 3779 ac
1192 3723 1588 3790 demonstrate,
1622 3722 1740 3780 haec
1764 3737 1872 3780 non

265 3830 394 3872 esse
421 3814 566 3871 dicta
591 3817 844 3886 cuiquam
862 3831 932 3872 ex
954 3813 1286 3871 administris
1307 3812 1611 3880 virtutibus,
1634 3813 1730 3870 sed
1756 3814 1874 3869 uni-

263 3908 454 3978 genito
481 3907 577 3965 Dei
622 3907 799 3975 Filio;
847 3905 1064 3962 Arianis
1099 3919 1314 3978 quoque
1357 3905 1484 3962 hinc
1527 3920 1711 3977 parem
1751 3904 1874 3960 Filii

264 4015 397 4055 eum
427 3998 587 4057 Patre
614 3999 928 4071 dignitatem
962 3999 1232 4066 indicate;
1263 3997 1361 4054 sed
1386 4006 1441 4055 et
1468 3999 1533 4055 iis
1560 3999 1654 4070 qui
1673 3998 1874 4054 buma-

267 4107 401 4146 ttam
433 4091 658 4147 ianuam
679 4090 927 4147 Numinis
952 4091 1335 4162 imaginantur,
1356 4088 1530 4145 allatis
1555 4089 1608 4145 in
1638 4088 1875 4145 malium

269 4181 348 4237 iis
370 4197 490 4251 qum
519 4197 550 4236 a
578 4181 734 4238 beato
761 4181 929 4237 Paulo
968 4190 1094 4238 sunt
1120 4180 1293 4247 dicta,
1325 4180 1544 4237 evellite
1572 4195 1668 4251 per
1693 4180 1879 4236 Eccle-

268 4271 375 4328 sia:
417 4271 668 4343 dogmata
710 4273 1044 4345 perniciosos
1081 4271 1299 4328 orbos
1341 4273 1510 4328 instar
1551 4272 1876 4328 zizaniorum

266 4363 639 4437 pullulantes,
681 4379 1008 4436 operamque
1049 4364 1172 4420 date
1209 4372 1267 4419 ut
1306 4363 1393 4435 pia
1431 4363 1674 4420 doctrina
1713 4365 1768 4420 in
1797 4364 1879 4420 eis

268 4454 555 4526 plantetur
576 4464 633 4512 et
660 4455 963 4512 roboretur.
995 4455 1130 4512 Volo
1168 4457 1313 4512 enim
1333 4496 1351 4523 ,
1381 4463 1438 4513 et
1477 4469 1668 4527 precer
1691 4470 1880 4512 omnes

267 4559 382 4600 vos
406 4545 460 4601 in
485 4545 764 4603 doctorum
785 4547 976 4603 ordine
998 4562 1120 4604 «se
1145 4565 1159 4603 :
1183 4557 1242 4604 et
1269 4563 1379 4604 non
1404 4547 1578 4604 solum
1606 4548 1880 4608 auditores

267 4645 596 4692 nostrorum
633 4650 755 4693 esse
797 4651 1147 4702 sermonum.
1187 4637 1284 4693 scd
1328 4647 1384 4694 et
1426 4638 1547 4694 aliis
1578 4638 1878 4694 doctrinam

268 4735 526 4782 nostram
557 4726 781 4798 ail‘crre,
812 4729 1116 4800 piscarique
1141 4740 1382 4786 errantes
1405 4770 1422 4797 ,
1457 4739 1514 4785 ut
1540 4731 1593 4785 in
1622 4730 1762 4785 viam
1788 4745 1881 4786 re-

268 4817 456 4873 deant
482 4820 741 4886 veritatis,
774 4820 917 4875 sicut
940 4829 995 4876 et
1021 4820 1220 4877 Paulus
1250 4821 1422 4892 inquit
1453 4838 1467 4874 :
1495 4820 1639 4877 Unus
1663 4821 1883 4878 alterum

267 4909 506 4977 culi/ica
534 4908 610 4981 (l.
637 4908 812 4965 Thess.
837 4910 891 4966 5.
921 4911 982 4968 11
1011 4911 1067 4981 );
1101 4919 1177 4975 et,
1218 4910 1346 4967 Cum
1391 4913 1571 4967 timore
1596 4923 1642 4966 et
1669 4923 1886 4969 tremore

268 4999 507 5056 salutem
532 5009 750 5055 uestram
766 5001 1049 5071 operemini
1069 4999 1335 5071 (Philipp.
1361 5001 1417 5057 2.
1449 5001 1561 5075 ιι).
1587 5003 1678 5058 Sic
1697 5002 1885 5059 Eccle-

268 5090 368 5148 sia
395 5089 552 5147 nobis
575 5091 912 5148 multitudine
937 5093 1238 5164 augebitur,
1261 5101 1318 5150 et
1337 5107 1432 5148 vos
1453 5095 1669 5150 uberius
1696 5110 1887 5165 super-

267 5199 357 5242 na
382 5183 635 5240 fruemini
664 5185 833 5257 gratia
855 5218 874 5255 ,
903 5201 1150 5257 magnam
1193 5186 1558 5244 membrorum
1581 5196 1883 5245 vestrorum

269 5289 479 5335 curam
508 5274 787 5334 habentes.

357 5369 418 5425 5.
462 5364 646 5440 Neque
695 5368 842 5424 enim
884 5367 1025 5425 Deus
1066 5368 1181 5425 vult
1208 5377 1270 5425 ut
1313 5367 1651 5428 Christianus
1706 5373 1887 5444 seipso

270 5469 499 5516 tantum
523 5466 808 5514 contentus
835 5458 926 5526 sit,
951 5459 1048 5517 sed
1090 5468 1148 5516 ut
1193 5460 1331 5517 alios
1373 5461 1602 5518 aedificet
1641 5477 1747 5519 non
1793 5478 1890 5535 per

271 5549 590 5607 doctrinam
616 5550 816 5619 solum,
843 5550 942 5608 sed
970 5560 1027 5608 et
1067 5567 1165 5623 per
1203 5553 1390 5623 vitam,
1422 5564 1477 5610 et
1500 5556 1750 5613 versandi
1796 5573 1886 5614 ra-

274 5642 514 5698 tionem.
541 5641 685 5698 Nihil
719 5643 868 5699 enim
907 5642 987 5698 sic
1027 5643 1082 5699 in
1122 5645 1368 5702 veritatis
1401 5646 1543 5702 viam
1569 5648 1803 5714 inducit.
1831 5659 1890 5706 ut

273 5730 567 5805 integritas
593 5735 716 5793 vitae
747 5751 765 5793 :
792 5749 918 5792 nam
945 5749 1120 5808 neque
1159 5745 1269 5794 tam
1292 5751 1358 5796 ea
1382 5738 1728 5802 considerant
1765 5762 1889 5821 quat

1958 461 1989 501 a
2017 439 2177 501 nobis
2193 443 2466 513 dicuntur,
2507 459 2668 516 quam
2697 460 2818 517 qua:
2856 459 2888 502 a
2927 446 3082 502 nobis
3114 459 3364 520 aguntur.
3395 450 3466 509 Et
3496 464 3560 509 ut

1952 536 2095 592 scias
2122 551 2238 592 rem
2267 536 2339 592 ita
2367 549 2429 593 se
2453 535 2655 594 habere
2699 537 2870 611 (licet
2897 540 3198 597 sexccitties
3227 541 3408 598 verbis
3433 553 3558 599 tau-

1954 635 2066 682 tum
2099 627 2564 700 philosophemur,
2590 639 2648 687 et
2671 630 2740 687 de
2764 630 3080 701 injuriarum
3096 633 3366 692 ob'ivione
3381 635 3555 693 disse-

1951 730 2154 782 ramus,
2175 731 2240 772 ac
2259 732 2381 774 cum
2416 727 2625 791 tempus
2671 719 2923 788 adfuerit,
2976 737 3095 777 eam
3143 725 3396 793 operibus
3445 742 3554 784 non

1952 807 2409 876 demonstremus,
2438 826 2546 866 non
2573 819 2780 867 tantum
2820 812 3120 883 proderunt
3157 816 3319 871 verba
3341 858 3357 884 ,
3385 832 3559 889 quan-

1954 906 2068 953 tum
2095 897 2368 954 nocebunt
2390 915 2584 970 opera;
2610 901 2693 957 sin
2725 913 2852 958 ante
2891 911 2946 957 et
2975 912 3095 972 post
3133 906 3298 962 verba
3331 921 3557 981 operum

1951 990 2225 1060 specimen
2256 990 2680 1070 exhibuerimus,
2716 993 2820 1050 ﬁde
2851 994 3000 1065 digni
3038 994 3410 1064 habebillltll",
3434 1015 3557 1058 cuin

1952 1082 2362 1138 admonehimns
2381 1083 2516 1140 alios
2534 1081 2604 1140 de
2633 1084 2699 1141 iis
2725 1100 2844 1156 quae
2862 1100 2959 1155 per
2986 1098 3155 1157 opera
3177 1088 3558 1158 adimplemus,

1953 1173 2078 1242 quia
2107 1181 2164 1228 et
2187 1171 2433 1230 Christus
2451 1175 2759 1246 hujusmodi
2789 1177 3035 1232 homines
3074 1177 3262 1234 beatos
3277 1179 3446 1248 dixit,
3483 1181 3564 1236 in-

1953 1263 2146 1333 quiens
2177 1261 2400 1322 :Beatus
2417 1268 2506 1337 qui
2529 1267 2724 1336 fecerit,
2757 1277 2805 1322 et
2831 1268 3059 1324 docuerit
3080 1268 3297 1341 (Matth.
3323 1273 3380 1328 5.
3414 1274 3480 1330 l9
3505 1279 3519 1344 l
3543 1294 3562 1332 :

1954 1353 2080 1410 vide
2125 1356 2398 1425 quomodo
2428 1371 2568 1428 opus
2597 1360 2985 1428 praeposuerit,
3017 1371 3072 1416 et
3116 1370 3302 1432 postea
3343 1364 3551 1424 doctri-

1959 1448 2105 1500 nam.
2137 1446 2351 1501 Atenim
2391 1450 2731 1518 praecedente
2755 1465 2942 1520 opere,
2972 1452 3180 1508 etiamsi
3227 1469 3333 1510 non
3360 1470 3561 1526 sequa-

1961 1544 2046 1591 tur
2069 1536 2333 1604 doctrina,
2365 1536 2644 1594 sufilciuut
2665 1554 2829 1611 opera
2875 1541 2990 1611 ipsa
3030 1535 3202 1614 magis
3247 1559 3409 1615 quam
3453 1545 3560 1601 ulta

1958 1640 2062 1681 vox
2090 1625 2158 1682 ad
2186 1625 2488 1682 docendum
2514 1642 2611 1684 eos
2631 1629 2723 1700 qui
2755 1630 2809 1685 in
2838 1645 2939 1686 nos
2958 1633 3270 1705 respiciunt.

1969 1756 1973 1760 .
2033 1714 2252 1780 Mardis
2274 1718 2561 1774 exhortatio
2583 1719 2654 1773 ad
2676 1735 2851 1775 verum
2859 1721 3139 1793 jejunium.
3170 1753 3244 1766 -
3272 1724 3386 1780 Hoc
3402 1726 3567 1798 igitur

1961 1805 2162 1878 ubique
2188 1807 2562 1878 observemus,
2585 1818 2645 1865 ut
2669 1811 2820 1881 prius
2844 1812 3103 1882 operibus
3137 1814 3433 1873 doceamus
3456 1857 3474 1882 ,
3509 1827 3566 1873 et

1963 1906 2148 1970 postea
2187 1901 2531 1957 sermonibus
2563 1918 2579 1957 :
2609 1910 2668 1958 ut
2693 1917 2763 1959 ne
2787 1911 2845 1960 et
2872 1919 2973 1960 nos
3000 1904 3285 1963 audiamus
3323 1922 3356 1962 a
3407 1907 3568 1965 beato

1961 1988 2132 2046 Paulo
2165 2011 2180 2047 :
2206 1988 2290 2046 Tu
2312 1991 2405 2063 qui
2426 1993 2577 2051 doces
2603 1993 2788 2063 alium,
2820 1994 3038 2068 teipsuat
3063 2013 3170 2054 non
3191 1999 3345 2055 doces
3371 1999 3564 2075 (Rom.

1961 2080 2019 2135 8.
2045 2080 2180 2152 Si)?
2205 2081 2419 2139 Etcum
2448 2085 2698 2142 volumus
2718 2085 3017 2146 admonere
3062 2088 3250 2156 alium,
3278 2099 3340 2148 ut
3365 2093 3570 2165 aliquid

1963 2187 2032 2229 ex
2057 2173 2123 2231 iis
2136 2189 2260 2246 qua:
2287 2176 2596 2233 necessaria
2644 2187 2774 2236 sunt
2823 2177 3232 2258 elﬁciat,lprius
3255 2181 3576 2242 studeaonus

1963 2264 2706 2342 etnoshocipsumagere,
2740 2270 3038 2341 quonohis
3072 2280 3132 2328 et
3181 2271 3454 2344 majorsit
3485 2273 3572 2334 lo-

1964 2357 2166 2428 quendi
2193 2372 2258 2416 ac
2281 2357 2752 2428 docendiildueia,
2781 2369 2842 2416 et
2879 2361 3062 2418 omnis
3099 2369 3286 2418 nostra
3328 2378 3461 2425 cura
3501 2367 3576 2426 sit

1965 2446 2036 2504 de
2059 2448 2364 2507 animarum
2389 2449 2564 2508 salute
2581 2491 2599 2518 ,
2627 2458 2684 2508 et
2707 2450 2982 2524 quomodo
3001 2454 3299 2524 poterimus
3327 2454 3578 2516 lascivias

1967 2541 2149 2597 carnis
2176 2539 2484 2611 refrenare,
2535 2551 2596 2598 ut
2640 2556 2830 2601 verum
2867 2542 3222 2603 exhibeamns
3264 2545 3578 2621 jejunium;

1964 2628 2232 2702 jejunium
2266 2639 2450 2689 autem
2497 2631 2644 2700 dico,
2675 2631 3060 2690 abstinentiam
3095 2649 3129 2690 a
3173 2634 3340 2698 vitiis.
3364 2636 3578 2693 Etenim

1969 2721 2295 2778 abstinentia
2318 2735 2352 2779 a
2371 2722 2511 2780 cibis
2534 2733 2757 2795 propter
2783 2723 2890 2781 hoc
2915 2735 3137 2797 recepta
3161 2734 3248 2784 est
3264 2767 3282 2796 ,
3325 2735 3386 2784 ut
3419 2727 3575 2800 vigo-

1969 2827 2087 2869 rem
2110 2812 2292 2870 carnis
2314 2814 2592 2883 refrenet,
2618 2823 2675 2872 et
2697 2829 2897 2886 equum
2924 2815 3154 2873 docilem
3182 2817 3394 2877 reddat.
3424 2818 3579 2898 Jeju-

1972 2912 2193 2960 aantem
2221 2912 2349 2960 ate
2370 2904 2552 2961 omnia
2577 2913 2793 2977 oportet
2818 2905 2957 2962 iram
2984 2904 3200 2964 frenare
3225 2949 3243 2978 ,
3269 2920 3580 2972 mansuetu-

1971 2991 2154 3049 dinem
2181 3000 2240 3052 et
2267 2992 2544 3050 lenitatem
2566 2993 2870 3063 addiscere,
2892 3009 2993 3052 cor
3017 2993 3219 3054 habere
3252 2999 3544 3059 contritum
3559 3042 3582 3071 ,

1972 3081 2238 3140 absurdas
2256 3082 2726 3155 concupiscentia
2750 3085 3056 3158 repellere,
3085 3097 3213 3144 ante
3237 3089 3425 3146 oculos
3443 3105 3579 3147 con-

1975 3172 2129 3230 tinuo
2158 3173 2361 3233 habere
2384 3176 2602 3234 aulum
2641 3176 2794 3233 illum
2831 3193 3126 3250 numquam
3174 3179 3579 3259 dormitum,

1974 3275 2033 3322 et
2056 3266 2290 3324 tribunal
2336 3267 2469 3325 illud
2522 3267 2931 3342 incorruptum;
2981 3272 3224 3343 pecuniis
3243 3274 3582 3346 superiorem

1975 3371 2120 3424 esse,
2149 3357 2537 3433 liberalcmquc
2577 3359 2869 3418 admodum
2903 3361 2958 3418 in
2988 3361 3167 3420 clauda
3212 3363 3583 3435 elcemosrua.

1978 3449 2272 3520 nequitiam
2299 3465 2516 3508 omnem
2535 3452 2798 3509 adversus
2823 3455 3126 3526 proximum
3163 3471 3233 3514 ex
3281 3461 3465 3518 animo
3487 3461 3588 3519 eli-

1978 3540 2208 3596 tniuare.
2236 3538 2352 3596 Hoc
2384 3556 2572 3597 verum
2609 3543 2875 3614 jejunium
2903 3553 3022 3615 est,
3067 3546 3208 3603 sicut
3236 3557 3292 3604 et
3325 3548 3490 3609 isaias
3516 3566 3588 3612 ex

1978 3644 2210 3700 persona
2240 3630 2337 3688 Dei
2355 3631 2607 3702 loquens,
2634 3632 2808 3689 dicit:
2844 3633 2968 3690 Non
2995 3637 3091 3690 hoc
3127 3638 3388 3708 jejunium
3431 3641 3583 3713 elegi,

1978 3720 2104 3775 dicit
2132 3718 2407 3776 Dontiuus.
2452 3720 2578 3779 Non
2614 3723 2661 3778 si
2699 3733 2937 3796 torqueas
2967 3736 3024 3781 ut
3048 3727 3299 3783 circulum
3344 3733 3587 3790 cervicem

1981 3822 2142 3881 tuam,
2164 3823 2212 3869 et
2230 3829 2437 3870 saccum
2461 3824 2510 3870 et
2536 3817 2755 3873 cinerem
2777 3818 3070 3876 substeruaa
3091 3861 3108 3889 ,
3160 3837 3326 3893 neque
3341 3825 3416 3883 sic
3439 3841 3590 3882 voca-

1982 3903 2098 3958 bitis
2114 3903 2374 3976 jejunium
2401 3915 2686 3976 acceptum,
2716 3908 2842 3963 dicit
2861 3909 3115 3968 Dominus
3141 3911 3314 3986 (Issi.
3358 3915 3449 3974 58.
3475 3917 3510 3973 5
3537 3917 3583 3988 ).

1979 3993 2112 4062 Sed,
2129 3994 2324 4066 quale?
2349 3995 2458 4053 dic.
2485 3996 2662 4068 Solae,
2683 3998 2877 4071 inquit,
2896 4002 3227 4084 obligations
3255 4007 3589 4066 siolentomn

1984 4095 2359 4158 contractarum,
2413 4092 2596 4163 [ωσι
2622 4094 2869 4148 esurienti
2905 4111 3089 4165 panem
3115 4106 3279 4164 tuum,
3312 4117 3590 4173 pauperem

1983 4180 2172 4250 absque
2197 4190 2326 4238 tecto
2342 4183 2497 4238 induc
2522 4185 2577 4239 in
2597 4185 2805 4241 domum
2831 4199 2991 4243 tuam.
3037 4189 3105 4246 Et
3132 4194 3177 4246 si
3208 4193 3324 4249 [nec
3361 4195 3552 4253 feceris
3570 4239 3587 4266 ,

1984 4271 2179 4342 inquit,
2210 4272 2353 4329 Tunc
2371 4285 2600 4347 erumpet
2625 4279 2875 4334 matutina
2901 4279 2996 4336 tua:
3023 4292 3133 4350 tua,
3155 4292 3201 4342 ct
3225 4287 3470 4343 sanitates
3493 4301 3595 4346 tua:

1984 4365 2153 4421 statim
2175 4367 2524 4439 orienturUb.
2551 4385 2601 4424 υ.
2629 4370 2790 4442 6—8.)

2057 4459 2114 4516 6.
2155 4459 2370 4529 Vidisti,
2403 4462 2622 4531 dilecte,
2658 4464 2818 4534 quale
2845 4465 2916 4525 sit
2941 4480 3126 4523 verum
3147 4467 3447 4539 jejunium?
3481 4473 3594 4531 lluc

1986 4565 2357 4620 exerceamus,
2383 4561 2437 4609 et
2463 4569 2571 4609 non
2603 4565 2664 4610 ut
2700 4556 2945 4631 plerique
2973 4559 3346 4617 existimemus
3380 4563 3593 4622 definiri

1988 4643 2044 4699 in
2069 4644 2174 4700 hoc
2183 4643 2471 4715 jejunium,
2494 4647 2540 4702 si
2566 4646 2634 4703 ad
2655 4662 2935 4718 vesperam
2957 4665 3127 4722 usque
3170 4652 3428 4723 impransi
3477 4673 3592 4712 nia-

1989 4750 2233 4792 neamus.
2261 4735 2380 4793 Non
2401 4736 2503 4793 hoc
2526 4747 2612 4795 est
2633 4739 2774 4810 quod
2790 4741 3069 4813 quaeritur,
3095 4744 3189 4802 sed
3214 4753 3275 4802 ut
3293 4761 3416 4802 cum
3441 4748 3593 4804 cibo-

1990 4841 2112 4883 rum
2137 4827 2466 4884 abstinentia
2493 4836 2551 4885 et
2593 4844 2625 4884 a
2645 4832 2862 4888 caeteris
2890 4831 3226 4890 abstineatur
3250 4852 3372 4908 qum
3399 4853 3594 4894 nocere

1991 4933 2236 4991 possunt,
2264 4929 2321 4978 et
2343 4922 2700 4994 spiritualium
2730 4938 2955 4996 operum
2982 4941 3231 4999 magnam
3271 4944 3458 4987 curam
3496 4932 3563 4988 lia
3580 4963 3596 4974 -

1989 5012 2234 5069 beamus.
2260 5011 2602 5084 lejunantem
2626 5030 2748 5072 esse
2766 5026 2980 5088 oportet
3000 5018 3314 5088 demissum,
3328 5024 3566 5094 quietum
3579 5066 3598 5093 ,

1993 5106 2200 5172 mitem,
2221 5105 2500 5175 humilem,
2549 5107 2737 5179 glorise
2788 5109 2948 5182 hujus
2977 5112 3102 5169 vita:
3139 5126 3590 5189 contemptorem.

1991 5195 2131 5254 Nam
2155 5197 2295 5255 sicut
2312 5199 2508 5255 anima:
2531 5215 2646 5256 sua:
2672 5215 2858 5258 curam
2879 5202 3163 5275 despexit,
3189 5207 3262 5262 ita
3291 5217 3350 5265 et
3377 5211 3593 5269 inanem

1993 5288 2220 5359 gloriam
2238 5288 2519 5361 despicere
2571 5299 2809 5363 Oportet,
2857 5303 2914 5350 et
2963 5296 3030 5350 ad
3074 5296 3223 5352 illum
3273 5299 3450 5355 solum
3504 5318 3597 5374 qui

1995 5389 2266 5436 scrutatur
2287 5381 2450 5439 corda
2477 5391 2535 5440 et
2577 5398 2737 5441 renes
2763 5384 2788 5459 (
2817 5383 2968 5442 Psal.
3008 5387 3064 5442 7.
3094 5388 3162 5444 10
3193 5389 3213 5460 )
3243 5430 3260 5457 ,
3299 5389 3592 5461 respicere,

1996 5487 2302 5545 magnoque
2349 5473 2532 5531 studio
2577 5488 2769 5546 preces
2823 5485 2879 5533 et
2926 5477 3299 5537 confessiones
3344 5481 3602 5540 emittere

1999 5567 2133 5636 Deo,
2155 5575 2213 5623 et
2238 5566 2707 5642 eleemosynarum
2736 5569 2940 5626 auxilio
2965 5586 3065 5643 pro
3105 5571 3312 5630 viribus
3354 5574 3594 5646 seipsum

2003 5751 2046 5769 ._
2066 5693 2247 5769 ’.ἔδει
2267 5691 2853 5769 Με.4ίφιξ.ξιαῡοιιίηεκνι
2875 5700 3141 5769 tamen:
3158 5703 3387 5769 Mm.
3409 5707 3592 5760 desunt

2002 5754 2052 5804 in
2083 5754 2278 5820 ﬂoret,
2297 5758 2386 5808 sed
2412 5754 2467 5809 iii
2488 5757 2602 5811 aliis
2621 5754 2854 5813 omnibus
2877 5754 3142 5816 habentur.
