4080 6308
545 327 610 381 7B
1280 317 1338 376 S.
1377 313 1650 372 JOANNIS
1677 300 2148 368 CHRYSOSTOMI
2184 299 2500 358 ARCIIIEP.
2539 302 3072 362 CONSTANTINOP.
3753 306 3821 364 τϐ

531 436 748 507 iuvare.
767 435 882 495 [loc
909 435 1070 499 enim,
1134 432 1234 487 |.oc
1273 429 1579 486 mandatum
1622 426 1852 481 maxime
1893 421 2034 475 valet
2053 417 2120 472 ad

545 528 805 587 abolenda
832 535 1045 598 peccata
1070 533 1248 582 nostra
1287 521 1490 581 omnia.
1511 530 1565 574 et
1585 517 1653 572 ad
1693 513 2000 588 eripiendos
2024 525 2122 565 nos

546 640 615 678 ex
638 623 896 692 gehennae
943 618 1063 689 igne
1094 616 1134 681 ί,
1164 613 1323 670 modo
1346 606 1518 682 ipsum
1561 608 1881 669 liberaliter,
1924 612 1976 659 et
2013 617 2123 692 non

547 712 616 766 ad
651 690 1074 778 ostentationem
1116 702 1392 758 hominum
1459 713 1833 770 exsequamur.
1881 695 1947 749 Et
1997 690 2125 764 quid

547 802 691 869 dico,
725 816 828 856 non
854 797 920 854 ad
959 795 1412 856 ostentationem?
1436 792 1567 848 Nam
1604 791 1649 847 si
1692 798 1837 844 recte
1862 786 2117 856 sapimus,

548 895 618 949 ob
641 893 742 946 hoc
771 890 943 946 solum
967 887 1108 959 quod
1137 887 1275 941 bona
1320 899 1410 940 res
1461 884 1562 946 sit,
1591 893 1644 938 et
1669 881 1740 936 ob
1779 878 2122 934 commisera-

547 969 746 1038 tionem
774 981 826 1035 in
858 980 1146 1050 proximos,
1177 979 1428 1032 virtutem
1471 973 1607 1038 hanc
1630 986 1879 1028 exercere
1908 977 2124 1037 oporte-

548 1075 647 1139 bit,
679 1089 785 1128 non
811 1072 883 1126 oh
928 1068 1217 1138 promissas
1257 1081 1288 1120 a
1332 1065 1555 1134 Domino
1594 1061 1890 1120 mercedes.
1923 1059 2118 1114 Verum

540 1163 761 1236 quando
785 1164 850 1218 ad
875 1163 1008 1217 nihil
1050 1161 1276 1215 sublime
1304 1166 1535 1212 mentem
1565 1154 1812 1221 attollere
1842 1152 2079 1210 valemus
2100 1190 2117 1218 ,

545 1231 629 1309 vel
655 1231 726 1310 ob
743 1251 872 1312 illud
901 1252 1075 1325 ipsum
1101 1247 1315 1320 benigni
1341 1248 1526 1312 simus,
1561 1245 1758 1299 nullam
1797 1243 1865 1297 ab
1889 1241 2120 1297 homini—

543 1345 643 1400 bus
669 1350 925 1400 venantes
945 1339 1193 1411 gloriam,
1221 1349 1279 1394 ut
1298 1354 1368 1394 ne
1388 1347 1439 1391 et
1461 1343 1704 1405 sumptus
1733 1334 2018 1400 faciamus,
2065 1339 2122 1388 et

539 1434 792 1491 mercede
839 1435 1039 1506 pariter
1069 1433 1364 1501 privemur.
1421 1429 1477 1484 ιιι
1523 1427 1667 1500 quod
1712 1443 1818 1482 non
1861 1427 2034 1481 solum
2064 1425 2118 1480 in

544 1527 910 1597 eleemosyna,
938 1525 1034 1582 sed
1060 1523 1111 1577 in
1139 1536 1461 1591 unoquoque
1500 1519 1639 1576 bono
1665 1534 1828 1588 opere
1855 1516 2118 1587 spirituali

544 1614 1180 1690 attendendum,ut_nihil
1224 1613 1292 1668 ad
1319 1611 1593 1667 hominum
1634 1609 1899 1680 praeconia
1951 1607 2121 1677 respi-

541 1710 745 1764 cientes
787 1699 1045 1764 faciams:
1075 1721 1090 1759 :
1118 1702 1352 1774 alioquin
1383 1702 1533 1757 nulla.
1557 1701 1711 1756 nobis
1747 1701 1948 1754 utilitas
1994 1700 2117 1764 erit,

541 1788 654 1855 sive
669 1798 994 1872 jejuncmus,
1021 1795 1134 1850 sive
1161 1808 1460 1862 precemur,
1483 1791 1595 1848 sive
1613 1791 1981 1854 misereantur,
2005 1791 2120 1846 sive

544 1883 769 1959 quedvis
813 1885 954 1941 aliud
1004 1883 1302 1949 faciamus,
1349 1882 1453 1938 nisi
1497 1892 1716 1953 propter
1753 1881 1903 1938 illum
1944 1881 2119 1939 solum

545 1981 693 2050 tlant,
723 1977 982 2048 quinovit
1018 1985 1079 2039 et
1125 1974 1457 2039 abscondita,
1507 1984 1563 2036 et
1603 1989 1724 2044 qum
1764 1973 1825 2029 in.
1856 1972 2121 2044 profundo

544 2068 740 2124 mentis
767 2075 890 2123 sunt
918 2066 1212 2127 recondita,
1242 2064 1373 2122 Nam
1394 2065 1437 2118 si
1469 2063 1537 2119 ab
1562 2063 1659 2131 illo
1689 2064 1903 2133 putentia
1923 2078 2118 2133 exspes-

541 2157 674 2218 etas.
706 2156 920 2216 dilecte.
946 2157 1100 2224 cujus
1137 2155 1306 2224 gratia
1334 2153 1405 2208 ab
1431 2153 1521 2207 illo
1558 2152 1647 2223 qui
1678 2161 1862 2208 natura
1909 2153 2005 2211 tibi
2029 2168 2122 2208 eo-

540 2257 731 2321 gnalus
753 2257 863 2314 est,
888 2246 1091 2305 laudari
1130 2247 1248 2300 vis?
1277 2246 1417 2316 Quid
1443 2246 1571 2302 dico.
1603 2245 1846 2303 laudari!
1892 2260 2036 2316 sape
2074 2247 2120 2300 is

546 2338 881 2398 non_laudat.
910 2337 1003 2393 sed
1029 2347 1085 2393 et
1114 2336 1332 2394 invidet.
1356 2337 1489 2394 Sunt
1514 2338 1658 2393 enim
1690 2336 1842 2393 ωηιιὶ
1888 2337 1958 2391 ita
1981 2339 2120 2393 male

542 2423 738 2496 affecti,
755 2438 821 2493 ut
850 2439 905 2485 et
923 2445 985 2489 ea
1003 2445 1133 2504 qua:
1154 2429 1289 2486 bene
1308 2445 1338 2483 a
1364 2430 1520 2485 nobis
1547 2438 1796 2500 agantur,
1826 2430 1882 2484 io
1904 2437 2119 2489 contro—

542 2521 688 2583 rlum
712 2523 1141 2590 inter-preteeti».
1173 2519 1338 2590 Cujus
1361 2521 1722 2591 igitungratia,
1741 2522 1851 2587 ditt.
1866 2521 2119 2587 obsecro,

541 2619 851 2681 perversum
882 2611 984 2667 hoc
988 2611 1257 2684 judicium
1284 2613 1418 2667 tanti
1447 2611 1611 2668 facis!
1658 2611 2120 2682 insopitmn-enim

540 2712 596 2756 et
620 2713 880 2772 perpetuo
904 2704 1118 2779 vigilem
1146 2703 1292 2765 illum
1322 2704 1536 2762 oculum
1568 2703 1696 2758 nihil
1724 2719 1910 2761 mrum
1940 2718 2121 2774 qua

543 2791 699 2854 nobis
726 2792 856 2856 fiunt
877 2794 1057 2853 latere
1084 2801 1295 2864 potest.
1324 2800 1381 2848 et
1411 2803 1622 2864 oportet
1664 2794 1767 2853 hoc
1802 2794 2121 2865 missam,

544 2887 691 2939 tanto
726 2883 904 2945 studio
938 2883 1362 2942 vitam-nostram
1407 2883 1957 2952 iustiores-mperium
1981 2899 2046 2943 ao
2074 2885 2120 2939 si

545 2973 824 3044 paulqpqst
847 2970 1180 3045 deromnibus
1209 2972 1386 3027 verbis
1413 2981 1468 3028 et
1496 2974 1744 3042 operibus
1767 2982 1825 3027 et
1847 2975 2120 3043 cogitatio-

547 3065 705 3120 nibus.
730 3066 992 3124 rationcm
1021 3063 1279 3125 reddituri
1324 3077 1584 3130 essemus.
1631 3063 1711 3118 Ne
1752 3065 1907 3133 igitur
1935 3065 2120 3121 salutis

545 3169 746 3211 unum:
770 3161 1166 3222 contemptores
1196 3151 1401 3211 simus.
1448 3151 1591 3215 Nihil
1632 3152 1784 3210 enim
1817 3153 1996 3210 virtuti
2027 3169 2122 3224 par

543 3255 647 3311 est,
698 3245 995 3309 carissime,
1021 3259 1138 3310 quae
1171 3258 1270 3298 nos
1302 3252 1358 3300 et
1393 3244 1452 3298 in
1474 3242 1660 3298 futuro
1706 3246 1902 3299 suacqu
1943 3260 1973 3300 e
2027 3260 2120 3316 ge-

547 3337 718 3388 henna
744 3334 920 3403 eripit,
953 3341 1006 3388 et
1032 3347 1198 3403 regno
1239 3333 1492 3389 caelorum
1525 3335 1678 3388 nobis
1708 3333 1809 3388 frui
1851 3337 2118 3405 concedit,

542 3423 597 3476 et
639 3424 690 3477 in
736 3424 986 3493 pra-senti
1028 3437 1241 3493 quoque
1277 3423 1473 3481 sarculo
1518 3418 1767 3480 omnibus
1817 3427 2120 3496 superiores

548 3513 845 3578 constituit,
869 3513 961 3583 qui
1003 3511 1157 3567 nobis
1189 3511 1308 3567 sine
1349 3527 1508 3567 causa
1551 3513 1899 3580 insidiantur,
1931 3523 1985 3570 et
2013 3531 2120 3570 non

545 3604 849 3660 hominibus
875 3605 1069 3670 solum,
1098 3602 1190 3657 sed
1217 3603 1378 3657 etiam
1405 3603 1806 3659 daamonibus-et
1831 3605 1946 3675 ipso
1977 3607 2120 3661 salu-

547 3695 615 3749 tis
645 3701 839 3748 nostra:
864 3693 1077 3747 inimico
1097 3693 1306 3748 diabolo
1327 3691 1574 3748 fortiores
1603 3695 1782 3750 efficit.
1804 3696 1939 3762 Quid
1963 3697 2120 3765 igitur

547 3786 623 3839 illi
649 3802 741 3855 par
765 3783 943 3849 fuerit,
974 3799 1091 3854 quae
1118 3799 1223 3838 non
1263 3785 1434 3838 solum
1478 3785 1781 3842 hominibus
1829 3789 2121 3844 insidianti-

547 3877 667 3942 bus,
699 3876 792 3931 sed
815 3883 869 3931 et
906 3875 1243 3930 dmmonihus
1269 3877 1571 3946 superiores
1604 3881 1686 3933 sui
1717 3881 1984 3937 studiosos
2011 3881 2122 3937 cfli-

543 3968 653 4024 cit?
680 3968 856 4021 Virtus
883 3975 1059 4020 autem
1085 3975 1188 4033 est,
1214 3966 1442 4021 humana
1475 3969 1652 4022 omnia
1693 3971 1971 4040 despicere
1991 4014 2006 4038 ,
2034 3972 2120 4028 fu-

545 4066 662 4111 tura
688 4056 911 4126 singulis
941 4055 1090 4110 horis
1133 4058 1369 4126 cogitare
1395 4100 1410 4124 ,
1441 4061 1602 4114 nullis
1635 4064 1991 4128 praesentibus
2032 4065 2117 4118 in-

547 4148 700 4201 hiare
745 4164 758 4199 :
801 4146 895 4200 sed
939 4146 1078 4201 scire
1125 4147 1302 4201 omnia
1351 4148 1577 4203 humana
1621 4152 1860 4206 umbram
1902 4168 2022 4209 esse
2066 4164 2123 4210 et

544 4237 833 4301 somnium,
861 4244 912 4290 et
942 4236 986 4289 si
1017 4235 1141 4306 quid
1174 4237 1256 4291 his
1284 4237 1458 4293 vilius.
1495 4239 1670 4294 Virtus
1718 4251 1833 4305 est,
1879 4260 2003 4316 erga
2034 4262 2120 4301 ne-

541 4328 686 4398 gotia
713 4327 868 4395 hujus
895 4327 1015 4381 vitae
1043 4342 1148 4382 non
1177 4330 1346 4400 magis
1369 4330 1528 4397 affici,
1559 4348 1715 4401 qnam
1754 4335 1982 4392 cadaver
2009 4337 2120 4392 affi-

541 4418 706 4482 citur,
729 4427 782 4472 et
804 4417 870 4471 ad
892 4432 954 4472 ea
981 4433 1098 4488 qua:
1136 4420 1326 4475 anima:
1358 4421 1582 4477 salutem
1634 4424 1952 4483 labefactare
1991 4444 2116 4498 pos-

542 4518 691 4576 sunt,
719 4507 870 4578 quasi
899 4522 1187 4575 mortuum,
1216 4509 1283 4564 ita
1306 4515 1632 4581 Operationis
1660 4528 1931 4585 expertem
1959 4536 2109 4589 esse,

550 4598 724 4653 vivere
749 4608 925 4652 autem
954 4607 1006 4652 et
1022 4601 1233 4669 operari
1259 4611 1458 4656 tantum
1482 4605 1620 4660 circa
1646 4609 1955 4677 spiritualia,
1980 4613 2117 4669 sicut

542 4698 594 4741 et
626 4689 817 4742 Paulus
844 4688 1056 4744 dicebat
1085 4708 1098 4744 :
1143 4689 1262 4744 Viuo
1283 4703 1468 4756 autem.
1488 4696 1600 4765 jam
1625 4714 1724 4752 nou
1745 4717 1853 4769 ego,
1884 4703 1973 4756 sed
2001 4706 2113 4759 vivit

539 4782 598 4835 in
622 4796 699 4833 me
726 4778 950 4835 Christus
975 4783 992 4851 (
1025 4781 1143 4836 Gal.
1167 4783 1219 4836 2.
1247 4784 1317 4838 20
1339 4784 1381 4854 ).
1409 4786 1658 4856 Proinde,
1684 4791 2033 4861 dilectissimi,
2062 4806 2110 4852 et

548 4886 644 4927 nos
693 4881 958 4941 tamquam
1009 4872 1276 4929 Christum
1318 4878 1483 4934 induti
1530 4883 1708 4936 omnia
1749 4884 2032 4954 faciamus,
2064 4899 2119 4944 et

534 4976 651 5018 non
674 4966 1045 5021 contristemus
1073 4968 1326 5038 Spiritum
1375 4984 1635 5030 sanctum.
1689 4978 1911 5046 Quando
1959 4983 2117 5051 igitur

535 5056 825 5112 turbamur
853 5074 880 5112 a
903 5062 1351 5131 concupiscentia,
1398 5068 1480 5121 vel
1525 5069 1807 5126 aﬂ'cmione
1845 5074 2074 5130 absurda
2095 5118 2111 5143 ,

545 5152 630 5207 vel
651 5154 746 5218 ira,
779 5155 862 5209 vel
893 5155 1091 5224 furore,
1123 5158 1206 5212 vel
1258 5161 1481 5228 invidia,
1517 5167 1812 5235 cogitemus
1852 5185 1973 5224 eum
2021 5172 2110 5241 qui

540 5243 595 5299 in
624 5244 778 5298 nobis
801 5244 1022 5309 habitat,
1053 5257 1106 5302 et
1128 5252 1455 5320 expcllamus
1481 5258 1662 5324 procul
1704 5273 1914 5315 onmem
1951 5264 2109 5318 talem

539 5335 937 5403 cogitationem.
974 5337 1331 5396 Revereamur
1356 5347 1679 5402 eminentem
1711 5349 1802 5404 Dei
1850 5357 2070 5421 gratiam
2092 5398 2108 5424 ,

541 5439 696 5491 quam
728 5427 879 5480 nobis
907 5427 1127 5498 largitus
1154 5441 1252 5496 est,
1275 5443 1328 5487 et
1357 5435 1687 5494 refrenemus
1716 5455 1903 5498 omnes
1932 5449 2110 5503 carnis

535 5514 862 5582 affectiones,
896 5528 969 5584 ut,
1001 5535 1120 5576 cum
1162 5523 1393 5595 legitime
1437 5529 1488 5583 in
1531 5530 1674 5586 brevi
1713 5533 1810 5589 hac
1855 5546 1908 5590 et
1939 5537 2110 5608 fragili

597 5673 613 5704 ι
642 5668 857 5744 βοίδια,
882 5688 945 5727 ex
966 5679 1072 5742 igne
1090 5681 1485 5749 iitexstinguibili,
1519 5703 1622 5755 pro,
1647 5706 1711 5745 ea:
1732 5696 1959 5759 gehennae
1982 5700 2089 5765 igne

2232 415 2339 470 vita
2366 417 2768 483 certaverirnos,
2797 430 3028 474 coronas
3072 415 3190 471 illas
3217 416 3440 474 eximius
3467 431 3820 489 assequamur

2230 508 2282 561 in
2312 505 2486 560 futuro
2511 506 2731 573 dieillo,
2761 506 2986 562 terribili
3014 506 3227 578 quidem
3255 509 3644 577 peccatoribus,
3673 511 3817 566 desi-

2227 596 2455 652 derabili
2475 607 2653 654 autem
2705 599 2905 654 virtute
2955 598 3179 665 indutis,
3208 608 3265 654 et
3293 614 3596 654 mercamur
3634 600 3820 655 inela-

2230 687 2354 743 b'lia
2387 689 2476 743 illa
2503 688 2640 745 bona
2661 727 2676 754 ,
2706 687 2876 758 gratia
2928 698 2983 743 et
3030 689 3354 759 benignitate
3399 689 3610 744 Domini
3649 691 3818 745 nostri

2227 780 2356 838 Jesu
2376 781 2597 848 Christi,
2628 796 2748 837 cum
2778 795 2885 851 quo
2910 781 2978 836 sit
3009 780 3148 835 Patri
3165 781 3460 850 etSpiri-tui
3487 792 3677 837 sancto
3702 783 3821 852 glo-

2229 871 2330 937 ria,
2363 872 2666 942 imperium,
2691 876 2882 940 honor,
2913 882 3054 929 nunc
3081 883 3137 928 et
3154 888 3369 944 semper
3395 912 3412 941 ,
3453 881 3510 930 et
3536 875 3596 930 in
3619 875 3819 932 secula

2227 962 2576 1019 mulorum.
2605 958 2801 1021 Anien.

2806 1071 3082 1130 HOMILIA
3123 1073 3217 1132 IX.

2229 1181 2311 1238 De
2327 1184 2393 1238 iis
2419 1199 2533 1254 quis
2566 1195 2842 1255 nauatur
2875 1187 2983 1241 hac
3021 1187 3192 1253 verba,
3221 1188 3503 1245 Faciamus
3542 1190 3818 1248 hominem

2297 1268 2592 1330 secundum
2626 1276 2910 1347 imaginem
2939 1287 3181 1333 nostram
3215 1297 3230 1334 :
3257 1290 3305 1335 et
3332 1282 3576 1337 adversus
3615 1299 3700 1338 eos
3729 1284 3822 1350 qui

2297 1367 2490 1434 dicunt,
2526 1367 2632 1422 Cur
2651 1368 2821 1423 bestia
2841 1369 2994 1440 (hac
3018 1380 3156 1438 sunt,
3180 1380 3226 1425 et
3253 1372 3364 1442 quis
3391 1390 3512 1428 ustis
3549 1377 3821 1430 aeationis

2295 1460 2509 1513 eorum!
2532 1458 2600 1513 Et
2625 1460 2764 1532 quod
2783 1462 2861 1516 vel
2889 1463 2964 1516 sic
2985 1463 3208 1517 maxime
3230 1465 3512 1520 declaretur
3531 1467 3697 1521 honor
3723 1469 3819 1521 lio-

2296 1550 2423 1602 mini
2448 1549 2667 1621 habitu,
2694 1561 2854 1625 atqu
2880 1551 3154 1621 inciditis
3193 1553 3293 1610 Dei
3319 1574 3439 1629 ergo
3465 1558 3633 1629 ipsum
3660 1559 3817 1614 bene-

2295 1639 2531 1694 volantia.

2297 1753 2351 1808 1.
2393 1751 2656 1824 Agricola
2702 1755 3085 1824 studiosiores,
3115 1772 3239 1817 cum
3285 1760 3478 1830 pingue
3505 1761 3737 1818 viderint
3758 1773 3822 1820 et

2225 1843 2548 1914 profundum
2565 1861 2774 1914 arvum,
2795 1848 3013 1919 largiter
3026 1852 3230 1906 semina
3246 1863 3521 1924 spargunt,
3541 1869 3820 1927 magnam-

2225 1950 2328 2005 que
2353 1943 2408 1990 ct
2429 1936 2700 1992 assiduam
2723 1938 3050 2009 diligentiam
3075 1942 3412 2009 adhibentes,
3445 1948 3685 2015 quotidie
3720 1962 3821 2005 ex-

2227 2026 2458 2096 plorant,
2489 2043 2617 2082 num
2645 2029 2782 2087 forte
2805 2030 2999 2086 alicubi
3021 2031 3112 2100 sit,
3135 2034 3276 2102 quod
3298 2037 3464 2106 segeti
3514 2052 3730 2104 nocere,
3758 2050 3818 2096 et

2226 2117 2462 2173 laborem
2500 2132 2659 2188 quem
2689 2131 3039 2191 susceperunt
3069 2123 3311 2180 inutilem
3358 2128 3527 2196 possit
3567 2128 3812 2186 reddere.

2224 2205 2396 2261 Simili
2423 2209 2584 2262 modo
2604 2218 2660 2262 et
2689 2224 2785 2265 nos
2805 2211 3082 2280 spirituale
3108 2212 3433 2271 desiderium
3465 2228 3700 2274 vestrum
3720 2261 3736 2286 ,
3758 2229 3822 2276 et

2225 2287 2412 2373 ingens
2435 2293 2683 2356 audiendi
2704 2302 2936 2358 studium
2967 2304 3230 2374 videntes,
3260 2322 3477 2376 operam
3523 2309 3716 2367 damus
3754 2322 3821 2368 ut

2226 2391 2463 2462 quotidie
2487 2394 2778 2448 sententias
2797 2394 3060 2466 quasdam
3080 2395 3275 2452 divinae
3309 2397 3599 2469 Scriptum
3620 2412 3821 2458 vestra

2226 2483 2395 2542 menti
2436 2482 2734 2550 inseramus
2753 2524 2774 2554 ,
2800 2484 3058 2554 vobisque
3086 2486 3248 2542 etiam
3280 2487 3578 2554 indicemus
3607 2506 3670 2547 ea
3693 2507 3821 2562 qua

2225 2569 2484 2639 spirituali
2509 2566 2698 2629 semini
2727 2574 2883 2630 noxia
2913 2589 3031 2630 esse
3056 2587 3298 2645 possunt,
3331 2594 3399 2635 ne
3424 2578 3560 2636 forte
3585 2583 3821 2644 circum-

2225 2657 2531 2731 vc'uiamini,
2561 2681 2696 2723 neve
2722 2673 2849 2722 sana
2871 2667 3127 2727 doctrinm
3145 2670 3391 2741 dogmata
3415 2672 3818 2736 labefactentur

2227 2770 2325 2822 per
2371 2759 2720 2828 quorumdam
2767 2773 3038 2827 conatum,
3073 2765 3166 2833 qui
3209 2765 3823 2838 Ecclesimplacitorum

2227 2844 2344 2900 loco
2370 2847 2629 2903 ratiocinii
2652 2852 2733 2904 sui
2754 2847 3002 2927 ﬁgmenta
3025 2853 3278 2912 inducere
3303 2865 3532 2926 tentant.
3566 2859 3822 2924 Vestrum

2226 2946 2405 2993 autem
2429 2938 2613 3007 fuerit,
2638 2928 2879 3014 deposita
2921 2947 3146 3016 posthac
3188 2949 3476 3020 diligenter
3509 2967 3826 3015 somnos

2227 3028 2381 3084 firma
2428 3037 2685 3088 memoria
2731 3038 3022 3103 custodire,
3077 3051 3135 3094 ut
3176 3041 3382 3099 facilius
3431 3052 3496 3100 et‘
3535 3049 3820 3118 sequentia

2227 3126 2480 3197 consequi
2517 3124 2754 3193 possitis.
2806 3126 2940 3182 Nam
2995 3129 3101 3184 nisi
3147 3149 3288 3188 nunc
3339 3135 3407 3191 ad
3466 3138 3822 3206 profundiom

2228 3208 2622 3279 Scripturarum
2645 3229 2801 3270 sensa
2832 3232 2932 3272 nos
2956 3218 3416 3290 descenderimus,
3444 3235 3499 3282 et
3528 3244 3622 3284 vos
3657 3246 3807 3286 men-

2227 3308 2333 3355 tem
2356 3312 2584 3358 vestram
2602 3309 2996 3383 coaptaveritis,
3025 3312 3238 3381 qundo
3256 3314 3446 3384 jejunii
3469 3328 3682 3390 tempus
3704 3332 3811 3388 est,

2225 3392 2438 3461 quando
2457 3394 2524 3448 ad
2553 3395 2844 3453 natandum
2865 3401 3101 3457 membra
3129 3415 3312 3461 nostra
3343 3410 3635 3475 suntlevia,
3663 3429 3819 3468 men-

2227 3483 2295 3536 tis
2319 3492 2496 3538 autem
2521 3487 2705 3542 oculus
2728 3489 2955 3558 acutior,
2971 3501 3151 3562 utpote
3172 3511 3277 3551 non
3302 3499 3822 3562 turbatusdamnoso

2227 3576 2514 3645 voluptatis
2545 3579 2689 3634 ﬂuxu
2715 3599 2728 3647 ;
2759 3585 2981 3652 spiritus
3001 3602 3233 3658 quoque,
3265 3605 3335 3646 ne
3361 3592 3651 3649 suﬂ'ocetur
3669 3637 3686 3662 ,
3709 3612 3816 3651 es.

2227 3667 2456 3736 peditior
2515 3687 2528 3723 :
2587 3673 2928 3742 quandonam
2988 3680 3269 3735 commode
3345 3685 3638 3751 poterimus
3695 3686 3820 3743 hau:

2227 3759 2439 3814 facere?
2460 3777 2586 3816 num
2609 3764 2823 3833 quando
2843 3765 3078 3832 delicia),
3125 3778 3180 3825 et
3223 3771 3456 3828 ebrietas
3477 3816 3493 3841 ,
3520 3777 3817 3843 voracitas,

2227 3853 2465 3920 crapula,
2490 3863 2543 3907 et
2569 3855 2671 3911 alia
2712 3871 2830 3927 quae
2871 3858 2995 3914 inde
3025 3874 3316 3916 nascuntur
3357 3865 3493 3919 mala
3538 3879 3765 3938 regnant
3795 3872 3821 3925 ?

2226 3939 2343 3994 Non
2380 3944 2586 4010 videtis,
2633 3962 2726 4002 eos
2769 3949 2856 4019 qui
2900 3951 2996 4005 hos
3023 3954 3286 4021 pretiosos
3325 3955 3530 4024 lapides
3567 3975 3632 4013 ex
3675 3962 3821 4016 mari

2226 4034 2457 4090 educere
2482 4051 2746 4105 qumrunt,
2781 4057 2887 4097 non
2908 4044 3099 4099 sedere
3133 4046 3281 4114 juxta
3313 4049 3458 4104 littus
3489 4052 3683 4118 maris,
3712 4051 3821 4107 ﬂu-

2228 4135 2344 4180 ctus
2373 4140 2747 4195 numerantes;
2774 4133 2867 4186 sed
2888 4135 2939 4188 in
2960 4135 3283 4204 profundum
3322 4155 3380 4193 se
3423 4140 3723 4210 demittere,
3759 4157 3821 4202 et

2227 4227 2284 4270 ut
2303 4219 2372 4270 ita
2396 4218 2594 4288 dicam,
2621 4223 2771 4291 quasi
2793 4225 2845 4278 in
2865 4226 3007 4294 ipsos
3021 4227 3172 4282 sinus
3195 4229 3371 4298 abyssi
3398 4232 3815 4302 descendentes,

2224 4311 2437 4379 assequi
2483 4312 2626 4380 quod
2681 4323 2821 4369 tanta
2876 4331 3038 4384 opera
3085 4321 3411 4390 exquirunt?
3477 4325 3816 4397 Quamquam

2225 4400 2351 4468 quid
2377 4417 2583 4470 magna:
2609 4405 2850 4462 utilitatis
2877 4409 2997 4463 vita:
3026 4409 3149 4466 huic
3173 4413 3414 4470 attulerit
3437 4417 3648 4473 illorum
3678 4421 3814 4490 lapi-

2224 4490 2348 4544 dum
2373 4492 2647 4549 iuventio?
2678 4496 2890 4552 Utinam
2938 4515 3066 4556 vero
3096 4518 3200 4557 non
3248 4505 3479 4574 ingentia
3507 4507 3700 4564 damna
3731 4512 3816 4566 in-

2226 4579 2444 4636 ferrent.
2479 4585 2616 4641 llinc
2634 4589 2776 4643 enim
2799 4591 3083 4646 innumera
3110 4607 3400 4650 nascuntur
3429 4600 3590 4664 mala,
3627 4615 3692 4654 ex
3722 4601 3814 4656 in-

2225 4688 2357 4729 sano
2383 4691 2571 4745 nempe
2593 4680 2830 4748 pecuniae
2851 4696 3035 4737 amore
3058 4693 3112 4738 et
3137 4701 3201 4739 ex
3228 4686 3376 4742 rabie
3394 4689 3534 4744 circa
3547 4705 3814 4760 gemmas.

2230 4769 2473 4823 Attamen
2505 4769 2629 4825 licet
2679 4782 2822 4827 tanta
2863 4774 2984 4829 inde
3016 4788 3302 4832 nascantur
3337 4781 3472 4836 mala
3498 4792 3552 4837 et
3588 4782 3810 4849 damna,

2225 4862 2372 4915 nullo
2397 4863 2555 4917 modo
2575 4879 2766 4934 segnes
2781 4877 2904 4920 sunt
2930 4868 2964 4921 ii
2985 4868 3074 4937 qui
3092 4869 3195 4924 illis
3212 4883 3421 4940 vacant,
3449 4874 3542 4928 sed
3569 4875 3812 4944 pericula

2224 4952 2421 5011 adeunt
2470 4958 2811 5030 laboremque
2845 4962 3071 5016 multum
3121 4965 3441 5035 suscipiunt,
3478 4976 3535 5023 ut
3565 4970 3818 5027 invenire

2224 5049 2429 5119 possint
2460 5050 2510 5104 id
2533 5051 2673 5121 quod
2696 5065 2960 5121 quaerunt.
2989 5055 3044 5110 ln
3074 5056 3265 5112 divinis
3289 5067 3467 5114 autem
3489 5059 3807 5132 Scripturis,

2222 5141 2352 5195 etin
2381 5143 2749 5212 spiritualihus
2791 5155 2845 5200 et
2877 5146 3125 5215 pretiosis
3171 5149 3273 5205 illis
3312 5150 3599 5220 lapidibus,
3630 5171 3814 5225 neque

2223 5234 2516 5302 periculum
2548 5238 2803 5305 suspicari
2832 5237 2979 5304 licet,
3010 5254 3182 5309 neque
3198 5241 3396 5298 multus
3411 5243 3678 5306 cstlahor,
3709 5247 3813 5302 sed

2221 5323 2423 5379 lucrum
2458 5325 2742 5391 ineffabile,
2775 5329 2821 5385 si
2845 5343 2906 5384 ea
2938 5337 3142 5385 tantum
3168 5347 3288 5401 qua:
3317 5343 3502 5390 nostra
3530 5345 3653 5389 sunt
3678 5349 3811 5391 cum

2221 5414 2493 5470 alacritate
2521 5415 2821 5473 all‘eramus.

2294 5507 2471 5562 Gratia
2495 5512 2670 5579 quierit
2695 5529 2778 5566 cos
2802 5513 2889 5582 qui
2914 5529 2969 5567 se
2987 5516 3263 5585 suscipiant
3284 5531 3304 5580 ;
3325 5518 3486 5572 brevis
3527 5519 3812 5576 Mortalia

2219 5613 2266 5656 et
2291 5603 2624 5671 quorumdam
2663 5622 2726 5660 ea:
2763 5605 2911 5660 dictis
2944 5609 3530 5677 resumptio.—Gratia
3578 5621 3660 5665 est
3715 5628 3812 5681 pa-

2221 5703 2357 5763 rata,
2389 5709 2636 5767 quaerens
2661 5713 2754 5755 eos
2783 5699 2874 5771 qui
2909 5715 2968 5758 se
3007 5715 3130 5758 cum
3168 5702 3446 5758 alacritate
3488 5703 3810 5774 suscipiant.
