4080 6308
129 397 180 450 π
1287 388 1351 448 IN
1389 387 1524 446 CAP
1562 386 1604 442 1.
1645 369 1891 443 G’ENiis.
1935 386 2165 446 uouit.
2210 387 2298 443 ιχ.
3347 391 3418 449 7s

126 508 187 565 Ita
209 507 346 564 enim
386 520 450 564 se
494 505 672 563 habet
698 507 956 563 Dominus
992 514 1178 561 noster
1209 521 1221 557 :
1252 503 1296 559 si
1341 501 1536 556 viderit
1580 499 1701 554 ani-

124 618 242 658 matn
269 602 525 673 vigilem,
560 612 619 657 et
667 600 993 656 desiderium
1038 598 1281 662 fervens,
1311 605 1366 651 et
1411 595 1524 663 ipse
1579 606 1706 647 suas

122 693 306 748 divitias
335 691 581 763 largiter,
598 691 750 745 ultra
776 691 936 745 etiam
959 703 1118 760 quam
1140 689 1367 758 petitum
1396 685 1486 752 sit,
1509 697 1705 753 suppe-

118 785 230 840 ditat
247 799 344 855 pro
373 799 471 838 sua
499 783 914 853 magniﬁcentia.

171 873 223 928 2.
263 873 384 928 Haec
414 875 582 944 igitur
607 888 730 928 cum
753 874 1006 937 sciamus,
1032 870 1382 932 dilectissimi,
1407 867 1702 938 pnrilicatt’s

117 965 507 1034 cogitationibus
534 967 728 1020 vestris
748 981 777 1018 a
801 963 1152 1019 smcula'ribus
1175 961 1423 1032 negotiis,
1445 969 1498 1016 et
1517 968 1701 1029 aperta

118 1055 286 1108 mentis
311 1063 512 1112 vestrm
536 1053 845 1118 latitudine,
891 1069 1084 1123 magna
1131 1053 1407 1107 alacritate
1441 1049 1699 1120 suscipite

115 1161 214 1214 qua:
255 1161 284 1197 a
325 1146 535 1215 Spiritu
589 1157 775 1201 sancto
813 1145 1244 1216 suppeditantur,
1280 1153 1336 1199 ut
1374 1143 1514 1197 sicut
1557 1152 1700 1196 terra

115 1238 302 1308 pinguis
342 1247 399 1292 et
428 1237 586 1294 ferax
629 1239 996 1308 multiplicatis
1036 1236 1344 1292 concredita
1375 1236 1580 1290 semina
1602 1275 1617 1298 ,
1646 1242 1702 1288 et

109 1329 293 1384 faciatis
342 1330 618 1399 fructum,
657 1332 793 1386 alius
846 1329 1063 1402 quidem
1113 1329 1512 1391 centesimum,
1562 1325 1699 1380 alius

110 1424 492 1494 sexagesimum
519 1465 535 1490 ,
569 1425 705 1479 alius
752 1424 1110 1494 trigesimum.
1159 1421 1400 1478 Audistis
1457 1421 1699 1488 superio-

110 1516 236 1569 ribus
260 1514 454 1570 diebus
478 1514 814 1570 ineffabilem
834 1514 1161 1584 sapientiam
1189 1513 1306 1583 ejus
1349 1512 1440 1582 qui
1467 1509 1696 1564 visibilia

109 1606 205 1661 haec
251 1609 433 1660 omnia
489 1607 766 1672 condidit,
797 1615 853 1662 ct
905 1605 1177 1677 quomodo
1217 1605 1382 1660 verbo
1429 1603 1602 1658 solum
1643 1611 1698 1655 et

109 1699 280 1765 placito
317 1702 506 1753 omnia
545 1699 814 1769 produxit.
843 1698 994 1752 Dixit
1016 1698 1189 1758 enim,
1225 1695 1340 1750 Fiat
1362 1711 1383 1750 ':
1415 1703 1469 1749 ct
1494 1693 1694 1748 factum

103 1799 192 1854 cst,
218 1791 508 1860 statimque
559 1791 815 1861 producta
865 1799 992 1845 sunt
1048 1790 1228 1844 omnia
1265 1799 1362 1844 :et
1407 1788 1539 1843 satis
1589 1787 1695 1840 fuit

105 1883 300 1937 verbum
329 1885 398 1937 ad
421 1899 485 1938 ea
517 1899 638 1954 qum.
670 1882 813 1938 facta
838 1894 962 1938 sunt
991 1881 1399 1943 constituenda;
1428 1896 1534 1935 non
1556 1895 1693 1949 quo-

105 1974 225 2028 niam
255 1974 583 2044 simpliciter
607 1986 724 2029 erat
753 1975 977 2029 verbum
1002 2017 1016 2040 ,
1049 1973 1145 2029 sed
1175 1973 1298 2042 quia
1324 1971 1545 2027 verbum
1573 1970 1688 2025 Dei.

104 2065 400 2120 Meministis
431 2081 625 2121 eorum
651 2080 772 2136 qua:
790 2073 924 2122 tunc
949 2081 979 2118 a
1008 2065 1164 2119 nobis
1184 2063 1539 2119 movebantur
1564 2076 1692 2117 con-

103 2168 165 2211 tra
193 2172 281 2211 eos
319 2157 416 2228 qui
441 2173 508 2213 ex
561 2158 800 2228 subjecta
831 2156 1052 2212 mata-ia
1081 2172 1168 2212 res
1198 2154 1367 2211 factas
1408 2169 1530 2209 esse
1562 2168 1692 2208 con-

97 2249 322 2315 tendunt,
353 2259 412 2304 et
461 2249 517 2303 in
561 2248 925 2303 ecclesiastica
977 2248 1111 2302 scita
1143 2247 1314 2302 etiam
1360 2259 1460 2299 sua
1499 2243 1689 2299 deliria

101 2339 273 2396 interro
312 2357 424 2395 non
469 2349 747 2396 verentur.
778 2340 1050 2396 Didicistis
1089 2341 1244 2409 cujus
1284 2340 1454 2410 gratia
1498 2338 1688 2392 caelum

98 2435 288 2503 quidem
322 2436 648 2505 perfectum,
675 2445 871 2490 terram
899 2443 1078 2490 autem
1101 2433 1385 2488 informem
1418 2431 1687 2502 produxe-

96 2528 172 2580 rit.
202 2526 340 2580 Duas
393 2528 543 2582 enim
589 2538 716 2581 tunc
761 2541 953 2582 causas
984 2525 1256 2580 diximus:
1285 2540 1486 2590 unam,
1517 2533 1577 2578 ut
1632 2523 1687 2579 in

95 2619 343 2673 elemento
370 2618 737 2688 prmstantiori
762 2618 1053 2688 potentiam
1077 2617 1283 2672 Domini
1312 2625 1683 2685 agnoscentes,

94 2722 185 2760 non
215 2709 350 2761 ultra
396 2709 796 2778 ambigeremus
843 2717 1128 2763 censentes
1171 2716 1389 2778 propter
1418 2707 1685 2776 impoten-

89 2801 204 2855 tiam
237 2802 366 2856 illud
397 2803 744 2857 factumesse
771 2820 786 2856 :
820 2802 1066 2868 alteram,
1095 2801 1218 2872 quia
1247 2812 1389 2856 terra
1420 2809 1593 2853 mater
1631 2806 1687 2854 et

92 2895 254 2948 nutrix
282 2904 472 2948 nostra
499 2893 643 2949 facta
668 2903 753 2949 est
773 2937 789 2960 ,
823 2903 876 2950 et
907 2909 972 2949 ex
991 2894 1110 2963 ipsa
1142 2894 1432 2962 pascimur,
1457 2891 1684 2960 aliisque

85 2986 322 3039 omnibus
368 2985 599 3039 fruimur
629 2986 668 3048 ¹,
701 2995 756 3039 et
785 2985 852 3038 ad
884 2984 1055 3054 ipsam
1084 2984 1323 3038 redimus
1348 3002 1361 3035 :
1396 2984 1509 3051 ipsa
1538 2982 1680 3035 enim

93 3076 229 3130 uobis
253 3087 336 3130 est
367 3089 421 3131 et
451 3077 646 3146 patria,
673 3085 728 3131 et
766 3077 1076 3147 sepulcrum
1100 3090 1120 3130 ‘:
1157 3085 1214 3131 et
1253 3091 1323 3131 ne
1352 3076 1474 3144 quis
1517 3075 1679 3144 igitur

89 3167 148 3221 ob
185 3167 472 3222 utilitatem
515 3177 570 3222 et
605 3168 986 3222 necessitatem
1014 3166 1154 3222 illius
1186 3165 1361 3236 majus
1387 3164 1586 3235 aliquid
1613 3163 1681 3220 de

88 3257 193 3325 ipsa
231 3260 455 3323 sentiat,
485 3258 725 3313 ostendit
752 3259 922 3329 ipsam
951 3259 1019 3314 ab
1045 3259 1200 3312 initio
1231 3259 1519 3312 informem
1546 3272 1676 3312 con-

89 3349 239 3405 ditam
266 3369 280 3404 :
307 3361 367 3404 ut
415 3350 730 3405 erudiamur
759 3365 855 3419 per
881 3364 970 3404 res
993 3350 1166 3419 ipsas,
1197 3349 1450 3418 praedicta
1499 3349 1678 3402 omnia

92 3457 182 3494 non
211 3450 418 3495 natura:
450 3440 659 3495 telluris
687 3440 1042 3496 adscribenda
1063 3481 1079 3507 ,
1113 3439 1208 3494 sed
1231 3439 1540 3495 Conditoris
1573 3440 1680 3493 vir-

94 3534 196 3589 tuti.
229 3533 503 3588 Did;cistis
532 3534 681 3599 item,
702 3531 971 3603 quomodo
992 3545 1248 3601 aquarum
1281 3531 1676 3600 separationem

88 3625 278 3690 fecerit,
313 3624 581 3694 producto
601 3639 695 3694 per
718 3624 1017 3693 jussionem
1050 3637 1200 3677 suam
1231 3622 1424 3677 visibili
1452 3621 1555 3676 hoc
1582 3620 1676 3674 llr-

91 3729 349 3772 mamento
374 3735 390 3783 ;
415 3717 632 3772 vidistis
661 3717 911 3771 animalia
940 3716 1171 3772 viventia
1191 3759 1205 3781 ,
1244 3727 1298 3770 ct
1319 3732 1382 3771 ex
1420 3725 1592 3780 terra,
1623 3725 1678 3769 et

88 3824 141 3862 cx
170 3826 303 3880 aqua
331 3810 501 3865 edita.
536 3809 665 3863 llrcc
686 3824 792 3864 non
818 3808 1018 3877 absque
1039 3823 1197 3866 causa
1225 3815 1280 3861 et
1309 3816 1512 3862 temere
1535 3820 1676 3860 nunc

86 3899 279 3953 caritati
308 3909 509 3954 vestra:
549 3915 713 3969 cogor
737 3911 984 3967 repetere
1017 3916 1029 3950 :
1064 3898 1253 3967 partim
1285 3907 1343 3952 ut
1367 3897 1672 3952 auditorum

86 3992 262 4046 animis
309 3991 430 4046 hinc
472 3992 644 4060 magis
695 3990 980 4056 insideant,
1006 3991 1199 4059 partim
1243 4000 1301 4044 ut
1337 3989 1402 4045 iis
1429 3992 1515 4059 qui
1548 3999 1674 4042 tunc

87 4095 179 4134 non
247 4081 476 4136 adfuere
543 4082 734 4136 idonea
808 4081 1054 4136 doctrina
1110 4081 1389 4147 tradatur,
1435 4080 1674 4150 nihilque

86 4172 245 4226 damni
281 4174 530 4229 absentia
577 4188 672 4228 sua
719 4176 978 4230 attulerit.
1029 4173 1165 4239 Quia
1216 4175 1478 4244 benignus
1523 4184 1674 4243 pater

86 4262 229 4315 etiam
268 4263 594 4318 absentibus
625 4264 748 4317 liliis
775 4265 1028 4334 reliquias
1074 4279 1275 4319 mensa:
1317 4273 1587 4326 reservat,
1614 4273 1673 4318 ut

86 4368 190 4406 cum
216 4354 562 4422 advenerim,
593 4370 658 4410 ex
687 4366 901 4410 servato
929 4357 1147 4411 residuo
1190 4372 1342 4411 suam
1374 4357 1672 4412 absentiam

87 4444 443 4499 consolentur.
475 4445 628 4500 Unde
660 4459 714 4500 et
745 4461 843 4501 nos
869 4448 1108 4501 omnium
1140 4447 1230 4515 qui
1265 4449 1367 4502 huc
1396 4447 1673 4502 conﬂunnt

87 4551 177 4589 non
206 4539 474 4593 minorem
512 4555 672 4608 quam
712 4540 1075 4595 membrorum
1126 4549 1436 4596 nostrorum
1487 4557 1668 4597 curam

85 4641 334 4696 gerentes,
358 4641 415 4685 et
447 4632 743 4701 profectum
773 4641 1008 4686 vestrum
1033 4641 1271 4686 nostram
1302 4633 1672 4688 existimantes

86 4720 315 4789 gloriam,
347 4723 597 4790 cupimus
623 4738 810 4776 omnes
862 4723 1128 4792 perfectus
1174 4735 1228 4778 et
1270 4735 1672 4780 consummatos

87 4813 185 4866 fieri
214 4815 266 4868 in
296 4816 531 4885 gloriam
555 4815 668 4879 Dei,
700 4825 754 4870 et
785 4817 995 4871 laudem
1031 4818 1318 4881 Ecclesizn,
1351 4828 1405 4872 et
1433 4829 1670 4872 nostram

84 4903 468 4966 {Est-lationem.
503 4908 580 4960 Ac
623 4905 723 4960 nisi
763 4906 1047 4960 molestum
1090 4917 1173 4962 est
1197 4949 1210 4971 ,
1243 4909 1428 4977 paucis
1464 4911 1668 4963 caritati

84 5007 256 5049 testim
284 4997 541 5049 hesterna
563 4997 724 5050 etiam
754 4997 894 5050 dicta
919 4997 970 5050 in
996 4998 1307 5051 memoriam
1332 5013 1664 5053 revocentus.

85 5083 289 5141 \idist:s
345 5098 547 5150 quanta
595 5087 908 5141 diversitate
943 5091 1102 5140 homo
1147 5098 1202 5142 et
1246 5100 1508 5144 creatura:
1552 5091 1669 5144 alia:

84 5177 264 5231 conditi
305 5189 438 5231 sunt
474 5195 487 5230 :
517 5178 742 5232 audistis
769 5191 968 5247 quanto
997 5178 1202 5232 ltunorc
1249 5183 1541 5250 principem
1577 5199 1672 5236 no-

86 5268 165 5319 Stri
194 5272 410 5336 generis
441 5269 691 5337 dignatus
730 5271 831 5328 sit.
859 5281 913 5322 et
944 5271 994 5323 in
1038 5271 1359 5326 formatione
1392 5276 1504 5342 ipsa
1546 5291 1672 5343 quo-

87 5358 228 5414 modo
278 5375 375 5428 per
403 5361 565 5414 verba
599 5361 1002 5429 dictinnmnqne
1040 5364 1453 5419 crassitudinem
1486 5366 1666 5418 decla-

88 5451 199 5502 tarit
226 5451 490 5505 honorem
525 5450 805 5505 formando
836 5453 1199 5518 tribuendum,
1225 5454 1407 5509 dicens
1434 5474 1446 5508 :
1480 5455 1666 5510 Facia-

85 5557 178 5592 mus
201 5542 452 5596 hominem
473 5543 749 5596 secundum
771 5543 1042 5613 imaginem
1064 5554 1308 5610 nostram,
1329 5558 1372 5600 et
1393 5549 1668 5600 secundum

85 5632 478 5686 similitudinem.
517 5631 821 5698 DidiciStis,
865 5633 991 5702 quid
1037 5637 1108 5688 sit
1150 5635 1442 5690 Secundum
1483 5639 1666 5709 imagi-

140 5833 154 5861 ¹
187 5833 388 5894 anisum,
414 5833 734 5896 militibusque
768 5835 900 5885 bonis
919 5831 1150 5898 fruimur.

1821 517 1955 564 nem,
1981 517 2176 572 nempe
2204 502 2344 572 quod
2385 517 2490 556 non
2546 505 2614 557 sit
2658 497 2976 558 substantia:
3019 503 3282 575 dignitas,
3313 509 3414 561 sed

1812 593 2036 648 dominii
2065 594 2380 658 similitudo,
2410 604 2464 650 et
2492 594 2634 664 quod
2666 610 2771 648 non
2796 596 3088 650 secundum
3123 599 3406 670 imaginem

1811 683 2020 750 formae,
2041 685 2134 740 sed
2163 685 2457 740 secundum
2491 685 2755 764 rationem
2775 686 2997 741 dominii
3025 687 3255 743 dixerit:
3290 691 3413 744 ideo

1810 786 1864 830 et
1900 776 2137 830 subdidit
2171 795 2183 832 :
2215 775 2284 831 Et
2320 778 2642 833 dominentur
2672 779 2892 848 piscibus
2931 781 3121 843 muris,
3145 793 3192 835 et
3231 785 3410 838 uolati-

1808 867 1940 921 Iibus
1970 868 2108 932 cwli,
2142 879 2185 922 et
2214 869 2383 924 bestiis
2415 880 2462 923 et
2490 871 2756 941 reptilibus
2783 881 2951 926 terra.

1880 960 1931 1014 5.
1978 957 2205 1030 Objectio
2231 961 2497 1031 gentilium
2541 962 2770 1016 solvitur.
2796 962 3095 1019 —Verum
3139 965 3226 1020 hic
3271 983 3408 1037 gen-

1809 1053 1929 1106 tiles
1960 1053 2010 1106 in
2039 1068 2138 1106 nos
2165 1053 2466 1124 insurgunt,
2498 1063 2552 1109 et
2571 1054 2756 1109 dicunt
2785 1073 2799 1109 :
2829 1054 3180 1127 Compertum
3207 1060 3410 1116 esthoc

1807 1158 1915 1196 non
1943 1159 2065 1198 esse
2089 1160 2276 1198 verum
2311 1162 2323 1197 :
2357 1161 2462 1200 non
2492 1147 2636 1200 enim
2664 1147 3006 1203 dominamur
3037 1151 3186 1214 feris,
3217 1167 3407 1221 quent-

1804 1235 2093 1290 admodum
2123 1237 2390 1306 pollicitus
2422 1247 2528 1302 est,
2563 1238 2656 1292 sed
2694 1240 2823 1308 ipsa:
2869 1241 3029 1296 nobis
3066 1243 3262 1311 potius.
3296 1243 3409 1296 Imo

1804 1342 1912 1381 non
1941 1343 2128 1382 verum
2151 1338 2237 1384 est
2263 1329 2404 1398 quod
2442 1331 2495 1383 lii
2534 1330 2813 1399 objiciunt.
2841 1331 2975 1388 Nam
3009 1349 3135 1388 mox
3166 1346 3218 1388 nt
3245 1349 3407 1404 appa-

1803 1420 1971 1472 ruerit
1997 1419 2180 1484 ltomo,
2215 1422 2340 1475 ferte
2384 1421 2560 1491 fugam
2604 1423 2820 1477 faciunt.
2857 1425 3009 1492 Quod
3048 1427 3092 1480 si
3119 1427 3405 1496 aliquando

1804 1511 1885 1565 vel
1919 1510 2058 1567 fame
2090 1523 2334 1582 urgente,
2365 1515 2448 1568 vel
2472 1514 2628 1569 nobis
2655 1515 2773 1571 illas
2798 1516 3211 1584 lacessentibus,
3238 1519 3304 1571 ab
3322 1521 3403 1574 eis

1800 1603 2054 1658 damnum
2077 1606 2424 1671 accipiamus,
2450 1605 2550 1660 hoc
2579 1623 2685 1661 non
2713 1607 2772 1661 tit
2799 1607 2920 1663 ideo
2942 1609 3083 1678 quod
3107 1609 3211 1662 illis
3233 1611 3286 1664 in
3307 1629 3405 1665 nos

1799 1695 1869 1747 sit
1892 1695 2191 1765 imperium,
2223 1696 2318 1751 sed
2350 1696 2419 1751 ob
2460 1699 2672 1767 culpam
2703 1709 2964 1754 nostram.
2998 1701 3129 1754 Nam
3161 1717 3282 1756 cum
3325 1703 3402 1757 la-

1800 1795 1983 1840 trones
2010 1802 2109 1841 nos
2142 1787 2400 1842 invadunt
2421 1831 2434 1852 ,
2464 1789 2510 1843 si
2539 1805 2642 1844 non
2671 1791 3025 1862 negligamus,
3057 1793 3149 1848 sed
3184 1794 3235 1846 in
3280 1796 3399 1849 illos

1797 1892 1945 1931 arma
1977 1893 2277 1946 sumamus,
2305 1879 2357 1934 id
2397 1896 2501 1935 non
2533 1880 2655 1936 ideo
2689 1882 2781 1948 lit,
2823 1883 2966 1952 quod
3009 1884 3294 1954 imperium
3345 1886 3398 1938 in

1797 1983 1895 2022 nos
1918 1969 2216 2036 obtineant,
2245 1970 2341 2025 sed
2369 1971 2512 2042 quod
2553 1981 2754 2028 nostrae
2790 1974 2950 2034 saluti
2981 1975 3396 2044 prospiciamus.

1796 2060 2092 2116 Audiamus
2119 2072 2296 2118 autem
2345 2064 2560 2118 interim
2607 2080 2728 2135 qua:
2773 2065 2884 2119 sint
2925 2064 3088 2120 dicta.
3120 2063 3397 2121 Faciamus

1796 2152 2049 2206 hominem
2102 2153 2378 2207 secundum
2421 2155 2691 2225 imaginem
2734 2165 2990 2223 nostram,
3022 2167 3070 2211 et
3117 2159 3397 2211 secundum

1794 2243 2197 2298 similitudinem.
2231 2245 2381 2300 Sicut
2409 2245 2697 2317 Imaginem
2725 2248 2861 2301 dixit
2890 2248 2960 2304 ob
2989 2249 3200 2320 imperii
3234 2251 3395 2304 ratio.

1795 2351 1917 2391 nem
1942 2378 1956 2398 ,
1994 2336 2067 2390 ita
2111 2347 2166 2392 et
2211 2338 2629 2404 Sintilitudinem,
2663 2350 2718 2394 ul
2760 2356 2858 2409 pro
2901 2342 3105 2396 viribus
3145 2342 3395 2398 humanis

1793 2429 1998 2484 similes
2027 2430 2218 2486 fiamus
2248 2431 2380 2498 Deo,
2413 2432 2848 2500 mansuetudine,
2882 2436 3122 2503 inquam,
3151 2435 3391 2500 leuitate,

1790 2531 1846 2575 et
1891 2522 2106 2576 virtutis
2162 2523 2373 2577 ratione
2430 2524 2540 2578 Deo
2595 2525 2802 2580 similes
2854 2524 3186 2590 efficiamur;
3230 2536 3291 2580 ut
3340 2539 3399 2582 et

1791 2612 2035 2668 Christus
2061 2613 2190 2668 dicit
2219 2632 2232 2667 :
2264 2613 2473 2669 Similes
2498 2624 2653 2669 estote
2698 2613 2848 2669 Patri
2897 2628 3079 2680 vestro,
3104 2618 3192 2687 qui
3228 2629 3302 2671 est
3339 2617 3392 2672 in

1791 2704 1928 2758 aclis
1953 2704 2171 2775 (Matth.
2196 2707 2248 2761 5.
2274 2705 2387 2778 43).
2409 2706 2540 2762 Nam
2565 2708 3018 2777 quemadmodum
3043 2711 3093 2763 in
3120 2719 3259 2764 terra
3291 2710 3391 2765 hac

1789 2798 2024 2866 spatiosa
2055 2808 2110 2852 et
2136 2799 2240 2852 lata
2286 2799 2642 2855 animantium
2691 2801 2793 2854 alia
2835 2802 3200 2856 mansuetiora
3233 2812 3387 2864 sunt.

1789 2889 1891 2944 alia
1920 2889 2203 2955 ferociora,
2239 2890 2311 2945 ita
2341 2891 2392 2945 in
2423 2891 2707 2947 latitudine
2737 2893 2932 2946 anima:
2961 2903 3158 2948 nostra:
3186 2895 3388 2964 cogita-

1791 2981 1997 3036 tionum
2038 2981 2157 3037 alia:
2205 2993 2331 3037 sunt
2380 2982 2861 3038 irrationabiliores
2903 2994 2956 3039 et
3004 2984 3071 3038 ad
3125 2984 3390 3053 pecudum

1788 3089 1996 3129 morem
2039 3075 2383 3140 accedentes,
2426 3077 2546 3132 alite
2597 3076 2888 3133 ferociores
2939 3088 2994 3134 et
3041 3080 3386 3149 agrestiorcs.

1791 3166 2083 3222 Domandte
2111 3167 2273 3238 igitur
2299 3169 2404 3225 illa:
2448 3179 2590 3233 sunt,
2622 3178 2676 3224 et
2707 3170 2932 3225 rationis
2976 3171 3204 3242 imperio
3253 3173 3394 3228 subi-

1786 3259 1993 3329 gendte.
2025 3259 2090 3313 Et
2144 3260 2415 3330 quomodo
2464 3261 2584 3328 quis
2632 3262 3016 3330 cogitationem
3066 3263 3385 3318 ferociorem

1785 3352 2136 3423 compescat?
2157 3354 2293 3419 Quid
2322 3353 2478 3418 dicis,
2505 3354 2714 3409 homo?
2746 3355 2953 3410 Leones
2980 3372 3316 3425 supernatus,
3336 3369 3390 3410 et

1785 3446 1996 3500 animos
2021 3460 2212 3502 eorum
2250 3456 2563 3502 mansuetos
2592 3447 2849 3502 faciams:
2883 3458 2936 3503 et
2978 3447 3224 3514 dubitas,
3259 3464 3386 3505 num

1784 3540 1948 3593 animi
1966 3539 2224 3595 ferociam
2249 3541 2300 3593 in
2329 3541 2796 3594 mansuetudinem
2826 3550 3035 3594 mutare
3058 3541 3266 3610 possis?
3285 3545 3382 3594 At-

1783 3632 1875 3701 qui
1924 3640 2112 3685 natura
2157 3631 2341 3685 bestia:
2388 3633 2594 3686 feroces
2621 3641 2780 3696 sunt,
2811 3643 2865 3685 ct
2906 3641 3103 3701 prmter
3139 3642 3384 3686 naturam

1784 3733 2079 3778 mansueta:
2109 3741 2122 3776 :
2156 3733 2343 3778 contra
2377 3733 2430 3777 tu
2464 3735 2652 3778 natura
2692 3725 2871 3790 mitis,
2905 3736 3100 3794 prmter
3134 3737 3381 3780 naturain

1781 3825 1960 3868 autem
1995 3813 2166 3868 ferox.
2202 3816 2284 3868 An
2323 3823 2410 3879 tu,
2441 3816 2532 3885 qui
2573 3815 2760 3870 bestiis
2798 3815 2846 3870 id
2888 3817 3031 3886 quod
3079 3827 3268 3871 natura
3301 3819 3382 3872 eis

1784 3906 1924 3960 inest
1954 3905 2188 3969 auferre,
2220 3917 2273 3960 et
2302 3907 2443 3975 quod
2470 3923 2657 3961 eorum
2686 3917 2889 3962 natura:
2915 3909 3198 3964 adversum
3235 3911 3382 3964 insc-

1782 4013 1899 4052 rcre
1925 4006 2098 4066 potes,
2131 3997 2181 4050 id
2214 3997 2355 4066 quod
2383 4007 2570 4052 natura
2611 4000 2705 4053 tibi
2733 4001 2981 4067 prmstitit
3007 4043 3021 4066 ,
3056 4016 3382 4056 conservare

1781 4105 1887 4142 πλη
1931 4089 2124 4159 potes?
2152 4087 2221 4143 Et
2262 4099 2514 4157 quantam
2565 4089 2667 4144 hoc
2715 4091 3219 4146 condemnationem
3273 4109 3381 4148 non

1782 4180 2090 4234 mereatur?
2117 4179 2234 4234 Jaut
2264 4180 2408 4250 quod
2439 4181 2522 4235 his
2549 4181 2924 4236 admirabilius
2949 4195 3033 4236 est
3062 4194 3110 4238 ct
3148 4185 3381 4240 insolen-

1781 4273 1906 4337 tius,
1941 4272 2156 4326 leonum
2187 4283 2392 4324 natm-zu
2414 4281 2467 4326 et
2488 4273 2589 4326 alia
2615 4272 2857 4342 qumdam
2880 4273 3170 4328 dﬂicultas
3198 4278 3335 4331 inest
3363 4297 3375 4331 :

1779 4365 2004 4419 rationis
2032 4367 2174 4417 enim
2201 4363 2486 4434 participes
2509 4379 2616 4418 non
2639 4375 2794 4430 sunt,
2827 4373 2882 4419 et
2928 4367 3273 4421 nihilominus
3302 4370 3379 4421 vi-

1779 4457 1968 4512 demus
1990 4473 2133 4526 smpc
2154 4457 2275 4510 duci
2297 4473 2391 4511 eos
2413 4468 2726 4512 mansuetos
2756 4473 2849 4527 per
2878 4458 3048 4512 forum
3073 4475 3087 4524 ;
3121 4461 3381 4530 multique

1779 4566 1843 4604 ex
1874 4550 2105 4605 ofﬁcinis
2137 4567 2405 4612 nummos,
2428 4561 2485 4605 ut
2509 4550 2812 4606 mercedem
2839 4554 2970 4605 artis
2997 4565 3051 4607 et
3081 4554 3109 4606 i.
3135 4553 3377 4620 dustriae,

1779 4643 2007 4711 cuipiam
2033 4653 2334 4708 numerant,
2359 4642 2500 4712 quod
2521 4645 2686 4696 feram
2711 4643 3118 4698 mansuefecerit
3149 4647 3377 4699 :anima:

1779 4748 1908 4787 vero
1934 4743 2038 4786 tum
2063 4735 2199 4787 ratio
2230 4749 2486 4787 concessa
2517 4747 2619 4798 esr,
2651 4744 2703 4788 et
2734 4734 2825 4788 Dci
2853 4735 3033 4800 timor,
3061 4746 3114 4790 ct
3145 4736 3378 4799 undique

1780 4825 2102 4879 adminicula
2136 4843 2146 4877 :
2178 4842 2244 4878 ne
2287 4826 2446 4894 igitur
2479 4835 2779 4894 praetextus
2808 4835 2861 4880 et
2887 4827 3141 4881 obtentus
3162 4813 3374 4882 aﬂ'eras.

1781 4916 1941 4969 Potes
1972 4916 2147 4980 enim,
2178 4918 2222 4970 si
2253 4919 2352 4980 vis,
2387 4927 2697 4970 mansuetus
2737 4933 2858 4972 esse
2885 4961 2897 4980 ,
2933 4928 2986 4972 ct
3014 4918 3258 4988 placidus
3278 4961 3296 4987 ,
3324 4931 3380 4974 et

1779 5021 1983 5074 mquns.
2011 5005 2318 5072 Faciamus,
2345 5008 2549 5078 inquit,
2583 5008 2837 5060 hominem
2877 5010 3152 5063 secundum
3191 5011 3376 5081 imagi-

1780 5116 1890 5151 nem
1917 5110 2172 5162 nostram,
2203 5111 2246 5152 et
2276 5101 2551 5153 secundum
2582 5102 2985 5156 similitudinem.

1850 5190 1902 5241 4.
1947 5188 2050 5241 Cur
2086 5192 2209 5258 fera:
2265 5206 2363 5243 non
2419 5191 2517 5243 sint
2569 5191 2759 5244 homini
2806 5193 3038 5246 subditur.
3066 5192 3263 5248 ——Sed
3309 5195 3376 5249 ad

1780 5279 2106 5348 propositam
2130 5281 2478 5349 qumstionem
2511 5283 2700 5335 iterum
2733 5283 3031 5338 redeamus.
3066 5284 3379 5339 Ostenditur

1778 5372 1919 5425 enim
1946 5386 2008 5424 cx
2039 5372 2102 5424 iis
2129 5387 2247 5439 qua:
2278 5372 2420 5425 dicta
2449 5384 2593 5435 sunt,
2627 5373 2897 5427 hominem
2953 5377 3020 5428 ab
3068 5375 3219 5444 initio
3265 5377 3377 5445 ple-

1777 5479 1903 5516 num
1926 5475 1978 5516 ct
1998 5463 2291 5534 perfectum
2322 5481 2479 5533 super
2501 5464 2701 5519 bestias
2727 5468 3076 5534 principatum
3098 5465 3371 5521 habuisse.

1781 5553 2114 5608 Domiuentur
2160 5557 2335 5618 enim,
2365 5558 2472 5622 ait,
2517 5558 2732 5626 piscibus
2778 5559 2966 5620 maris,
2998 5568 3041 5611 et
3089 5559 3375 5612 volatilibus

1775 5647 1907 5709 creti,
1934 5657 1981 5700 et
2013 5647 2131 5718 feris
2162 5657 2207 5699 et
2235 5648 2498 5716 reptilibus
2529 5659 2692 5701 terrm.
2719 5648 3076 5715 Quodlantem
3102 5666 3240 5704 nunc
3267 5662 3367 5702 tei-

1777 5739 1884 5793 rori
1914 5738 2067 5792 nobis
2099 5738 2207 5792 sint
2233 5738 2440 5802 bestia),
2470 5749 2524 5792 et
2550 5741 2853 5803 timeamus,
2879 5749 2932 5794 et
2961 5741 3199 5794 dominio
3229 5747 3373 5792 θηή-

1778 5832 2248 5903 dcrimus,neque
2300 5835 2414 5904 ipse
2467 5847 2638 5900 nego;
2675 5848 2857 5889 verum
2907 5832 3005 5888 hoc
3052 5850 3156 5887 non
3204 5836 3375 5903 arguit
