4080 6308
719 415 780 472 79
1409 414 1468 472 S.
1507 412 1785 472 JOANNIS
1809 413 2277 473 ωιιιῖεοετοιιι

2389 411 2632 472 ιαιιερ.
2671 414 3202 474 ΓιοκδτΑΝτιΝῡΡ.
3908 416 3980 474 80

717 527 902 584 falsam
936 526 1028 583 Dei
1057 525 1486 598 promissionem.
1517 527 1650 584 Nam
1679 529 1748 585 ab
1775 528 1931 585 initio
1958 545 2046 587 res
2073 545 2179 586 non
2216 529 2288 585 ita

713 636 773 676 so
799 619 1102 686 habebant,
1131 622 1224 676 sed
1258 622 1514 678 timebant
1561 631 1617 679 et
1658 624 1963 681 tremebant
1992 626 2213 690 bestize,
2237 634 2292 680 et

713 711 1112 768 munerabantur
1149 712 1445 768 dominum.
1479 714 1575 770 Ubi
1606 724 1785 771 autem
1829 733 1892 772 ex
1931 717 2289 772 inobedientia

713 799 962 857 fiduciam
1008 803 1148 873 apud
1195 804 1361 860 Deum
1408 806 1724 875 amisimus,
1755 809 1914 862 etiam
1965 808 2290 878 principatus

714 902 900 950 noster
924 895 1195 950 mutilatus
1223 904 1324 952 est.
1355 896 1609 967 Subjecta
1636 899 1781 954 enim
1810 899 2011 954 homini
2039 900 2287 955 animalia

715 987 891 1038 omnia
917 984 1076 1040 fidsse
1100 985 1282 1056 accipe
1309 1002 1374 1041 ex
1397 987 1694 1057 Scriptura,
1719 1003 1837 1058 quae
1857 989 2022 1056 dicit,
2054 990 2286 1045 Adduxit

717 1073 851 1129 Deus
878 1076 1057 1131 bestius
1076 1117 1093 1143 ,
1123 1087 1170 1133 el
1191 1079 1360 1134 omnia
1399 1080 1546 1135 bruta
1567 1082 1639 1135 ad
1662 1081 1847 1150 Mani,
1877 1094 1930 1138 ut
1958 1084 2142 1140 videret
2167 1085 2290 1156 quid

716 1174 912 1218 vocant
930 1183 988 1219 ea
1019 1166 1169 1238 (Gen.
1193 1167 1249 1224 2.
1286 1168 1393 1242 l9).
1428 1171 1493 1225 Et
1524 1187 1648 1228 cum
1685 1174 1890 1229 videret
1923 1175 2070 1245 juxta
2096 1191 2155 1230 se
2190 1177 2285 1231 be-

712 1255 879 1320 stias,
926 1272 1030 1311 non
1087 1260 1312 1326 resiliit;
1358 1262 1450 1317 sed
1500 1273 1766 1334 tamquam
1808 1266 2054 1322 dominus
2097 1269 2288 1338 aliquis

715 1348 888 1404 servis
916 1350 1141 1406 subditis
1162 1354 1379 1409 nomina
1405 1354 1656 1426 imposuit
1681 1375 1697 1413 :
1726 1357 1794 1412 Et
1818 1375 1964 1414 omne
1989 1363 2122 1431 quod
2142 1377 2287 1414 rora-

707 1441 779 1494 rit
807 1440 996 1506 Adam,
1028 1444 1227 1512 inquit,
1260 1447 1354 1502 hoc
1405 1463 1585 1502 nomen
1638 1459 1712 1504 est
1759 1450 1838 1504 illi
1871 1493 1885 1507 .
1918 1451 2059 1520 quod
2107 1453 2286 1521 utique

707 1531 936 1587 dominii
963 1534 1196 1604 signum.
1230 1535 1354 1593 Ideo
1398 1537 1537 1594 Deus
1564 1548 1622 1594 ut
1647 1539 1869 1596 doceret
1895 1542 2066 1613 ipsum
2101 1553 2287 1611 poten-

708 1624 795 1678 tia:
813 1638 929 1680 sum
949 1625 1285 1696 dignitatem,
1310 1631 1584 1686 nominum
1626 1631 2030 1701 jmpositioncm
2055 1633 2138 1688 siili
2167 1649 2286 1703 per-

708 1713 876 1769 misit.
911 1717 1239 1786 Atquehme
1291 1719 1505 1788 quidem
1549 1721 1682 1776 satis
1723 1722 1979 1787 indicant,
2007 1723 2076 1778 ab
2134 1725 2286 1778 initio

709 1805 850 1861 feras
879 1806 1080 1862 homini
1109 1811 1373 1867 terribiles
1399 1826 1506 1867 non
1551 1811 1732 1869 fuisse.
1781 1813 1879 1870 Est
1919 1822 2094 1869 tamen
2140 1815 2285 1871 aiind

724 1897 959 1967 iuiddsm
988 1915 1096 1956 non
1127 1902 1336 1968 minus,
1365 1904 1472 1958 imo
1512 1913 1566 1960 et
1610 1904 1713 1960 hoc
1751 1915 2068 1976 argumento
2117 1908 2286 1963 mani-

710 1986 919 2044 festius.
952 1989 1022 2045 Et
1048 1990 1315 2060 quodnam
1345 1992 1480 2048 hoc?
1507 1993 1842 2066 Colloquium
1875 1998 2140 2066 serpentis
2163 2012 2284 2052 cum

710 2078 954 2135 inuliere.
988 2081 1119 2138 Nam
1149 2087 1194 2137 si
1249 2085 1513 2141 terribiles
1554 2084 1784 2142 fuissent
1827 2086 2030 2143 homini
2078 2087 2280 2155 bestiae,

711 2171 902 2227 mulier
920 2183 1168 2243 serpente
1193 2185 1482 2246 conspecto
1505 2192 1610 2232 non
1631 2180 1935 2245 mansisset,
1964 2195 2136 2250 neque
2157 2197 2286 2237 con-

708 2261 887 2318 silium
938 2265 1256 2335 accepisset,
1304 2283 1477 2338 neque
1521 2284 1642 2324 cum
1690 2278 1832 2326 tanta
1874 2272 2163 2329 securitate
2207 2273 2285 2328 illi

707 2351 924 2423 loquuta
955 2353 1175 2421 fuisset,
1197 2357 1292 2412 sed
1317 2359 1498 2414 statim
1523 2359 1591 2414 ad
1621 2368 1896 2431 aspectum
1925 2361 2068 2416 illius
2093 2363 2284 2418 obstuo

707 2443 919 2515 pefacta
972 2445 1538 2516 profugisset.me
1590 2466 1731 2506 nunc
1778 2451 2132 2524 colloquitur,
2187 2466 2286 2509 noc

708 2535 898 2591 metuit
929 2551 943 2590 :
974 2535 1206 2591 nondum
1234 2539 1377 2594 enim
1407 2548 1524 2595 erat
1564 2539 1724 2596 timor
1747 2540 1855 2597 ille.
1891 2541 2154 2598 (laterum
2191 2543 2284 2599 ubi

706 2633 984 2695 peccatum
1016 2627 1248 2695 intravit,
1284 2629 1459 2685 ablata
1496 2639 1579 2686 est
1616 2631 1731 2686 hare
1769 2631 1995 2702 dignitas
2040 2643 2096 2689 et
2137 2645 2285 2704 pote-

699 2726 837 2776 stas.
868 2718 932 2774 Et
973 2721 1418 2790 quemadmodum
1467 2723 1604 2780 inter
1632 2737 1820 2780 servos
1861 2726 1976 2782 fieri
2023 2727 2196 2792 solet,
2225 2737 2286 2783 ut

706 2807 1040 2878 probatiores
1067 2822 1120 2867 et
1142 2810 1478 2870 honestiores
1501 2816 1776 2872 conservis
1797 2817 1989 2872 terrori
2020 2817 2158 2883 sint;
2191 2819 2283 2888 qui

701 2907 884 2955 autem
925 2900 1279 2971 deliquerunt,
1306 2913 1362 2959 et
1386 2919 1678 2963 conservos
1717 2908 1975 2962 timeant:
2008 2909 2086 2962 sic
2131 2917 2186 2963 et
2228 2909 2283 2964 in

707 2987 925 3046 homine
953 2990 1146 3047 factum
1167 3002 1271 3049 est.
1310 2993 1443 3050 Nam
1471 2995 1613 3056 salva
1645 3007 1894 3055 manente
1921 2999 2061 3053 illius
2091 2999 2282 3054 fiducia

703 3079 845 3148 apud
875 3080 1042 3137 Deum
1063 3123 1077 3146 ,
1107 3084 1362 3140 terribilis
1383 3095 1499 3141 erat
1524 3095 1579 3142 et
1605 3086 1828 3142 bestiis:
1858 3089 1946 3143 ubi
1973 3099 2152 3143 antem
2179 3090 2281 3142 im-

707 3170 878 3239 pegit.
930 3171 1117 3227 timere
1157 3175 1320 3243 copit
1363 3177 1525 3230 etiam
1567 3191 1948 3231 conservorum
1992 3187 2280 3233 extremos.

698 3257 856 3324 Quod
888 3261 936 3314 si
972 3276 1088 3331 qua:
1117 3263 1341 3318 dicimus
1367 3280 1470 3320 non
1501 3265 1639 3320 feras
1659 3306 1674 3332 ,
1699 3266 2004 3322 demonstra
2038 3279 2090 3321 tu
2130 3269 2279 3333 mihi,

698 3347 794 3402 ubi
835 3350 1101 3412 terribiles
1135 3360 1258 3406 ante
1296 3364 1568 3422 peccatum
1597 3354 1793 3409 fuerint
1827 3354 2025 3409 homini
2073 3357 2278 3412 bestizn.

705 3437 812 3492 Sed
850 3454 954 3493 non
986 3442 1203 3510 poteris.
1233 3441 1385 3510 Quod
1413 3445 1457 3498 si
1489 3453 1671 3514 postea
1706 3445 1868 3500 subiit
1898 3446 2088 3512 timor,
2121 3447 2282 3501 etiam

704 3541 808 3584 hoc
835 3530 926 3585 Dei
948 3530 1284 3604 benignitatis
1313 3534 1602 3590 maximum
1626 3543 1996 3603 argumentum
2017 3544 2122 3592 est.
2149 3536 2281 3591 Nam

706 3621 751 3674 si
775 3631 1054 3692 postquam
1096 3623 1256 3680 homo
1279 3625 1586 3682 mandatum
1629 3641 1991 3698 transgressus
2011 3636 2112 3692 est,
2148 3629 2280 3682 inte-

704 3724 800 3779 ger
824 3709 961 3766 illius
980 3711 1263 3768 mansisset
1283 3713 1453 3768 honor
1477 3724 1532 3770 et
1559 3715 1842 3770 immobilis
1857 3757 1874 3783 ,
1901 3716 2043 3770 haud
2069 3715 2221 3772 facile
2249 3732 2280 3772 a

697 3800 856 3871 lapsu
880 3803 1273 3858 resurrexisset.
1306 3803 1741 3875 Quandoquidem
1767 3821 1887 3862 cum
1917 3807 2282 3864 inobedientes

704 3900 758 3946 et
786 3891 1096 3949 obedientes
1121 3893 1363 3950 homines
1383 3897 1498 3965 pari
1516 3896 1770 3966 dignitate
1805 3897 2072 3966 fruuntur,
2099 3901 2285 3968 nequi-

699 3985 792 4038 tiat
834 3982 1126 4039 assuefiunt
1153 3985 1340 4056 magis,
1370 4001 1467 4041 nec
1495 3987 1646 4042 facile
1671 3987 1739 4042 ab
1764 4003 1825 4043 ea
1847 3987 2126 4044 desistunt.
2147 3987 2280 4044 Cum

703 4077 848 4133 enim
875 4091 1016 4132 nunc
1042 4086 1120 4132 tot
1142 4077 1464 4134 instantibus
1491 4080 1814 4146 terroribus,
1839 4081 2032 4149 poenis,
2056 4091 2112 4136 et
2150 4099 2280 4152 sup—

703 4168 878 4237 pliciis
903 4185 1007 4222 non
1037 4170 1421 4236 emendantur,
1453 4170 1637 4242 quales
1668 4171 1886 4226 fuissent
1929 4175 1974 4228 si
2012 4173 2142 4228 nihil
2186 4189 2283 4242 pro

699 4255 913 4312 delictis
942 4257 1053 4312 suis
1087 4274 1248 4329 grave
1277 4261 1416 4330 passi
1446 4262 1670 4316 essent?
1702 4263 1738 4314 Α
1751 4272 1872 4331 tque
1901 4263 1968 4316 ita
2002 4262 2279 4334 imperium

702 4349 861 4404 nobis
887 4364 915 4403 τι
947 4349 1090 4416 Deo,
1117 4351 1259 4422 quod
1291 4367 1535 4422 magnam
1580 4353 1747 4407 nostri
1796 4369 1976 4408 curam
2017 4364 2070 4409 et
2101 4356 2281 4424 provi-

705 4437 941 4494 dentiam
977 4450 1207 4509 gereret,
1236 4450 1319 4497 est
1345 4442 1598 4496 ablatum.

772 4532 826 4588 5.
858 4532 935 4588 Tu
965 4541 1166 4599 autem,
1205 4533 1500 4601 carissime,
1531 4543 1585 4591 et
1599 4535 1708 4603 jam
1742 4534 1863 4590 inde
1893 4535 2270 4606 benignitatem

703 4624 797 4678 Dei
846 4622 1164 4679 ineffabilem
1214 4623 1531 4690 considera,
1575 4627 1842 4695 quomodo
1893 4628 2059 4680 Adam
2109 4635 2277 4683 totum

704 4713 1008 4768 mandatum
1056 4713 1392 4780 subverterit,
1431 4722 1487 4769 et
1512 4723 1672 4769 totam
1698 4715 1868 4785 legem
1916 4726 2279 4784 transgressus

702 4805 770 4860 sit
801 4821 816 4862 :
846 4803 1103 4875 benignus
1125 4814 1302 4859 autem
1335 4805 1476 4860 Deus
1501 4805 1734 4861 bonitate
1759 4821 1853 4860 sua
1883 4819 2060 4862 nostra
2088 4809 2276 4865 delicta

704 4909 987 4967 superans,
1011 4912 1117 4952 non
1148 4906 1316 4954 totum
1343 4897 1600 4952 honorem
1635 4898 1932 4965 abstulerit,
1964 4915 2135 4969 neque
2166 4909 2276 4956 toto

699 4987 952 5060 deiecerit
993 4989 1288 5059 principatu
1337 4986 1480 5043 :sed
1524 5004 1585 5044 ea
1628 4989 1900 5044 dumtaxat
1946 4993 2195 5046 animalia
2247 5007 2277 5046 a

701 5088 878 5135 nostra
902 5087 1164 5148 potestate
1184 5077 1482 5144 abduxerit,
1501 5094 1618 5150 quae
1644 5095 1748 5136 non
1771 5083 1990 5136 multum
2023 5083 2089 5136 ad
2119 5083 2278 5153 hujus

699 5170 819 5224 vita:
842 5169 1119 5226 utilitatem
1141 5169 1295 5225 nobis
1313 5170 1632 5234 conducunt,
1655 5187 1771 5242 qum
1792 5187 1918 5227 vero
1941 5175 2059 5228 vit-.e
2081 5185 2277 5230 nostra:

700 5261 928 5316 multum
969 5259 1226 5326 serviunt,
1257 5268 1312 5316 et
1341 5262 1484 5316 utilia
1514 5263 1921 5334 necessariaque
1963 5275 2104 5334 sunt,
2135 5282 2195 5321 ea
2223 5268 2276 5323 in

699 5355 974 5418 servitute,
1006 5361 1061 5408 et
1090 5352 1420 5422 subiectione
1446 5367 1538 5408 sua
1586 5353 1867 5410 dimiserit.
1894 5356 2124 5427 ltcliqnit
2148 5374 2276 5429 ergo

694 5441 852 5494 nobis
880 5441 1040 5497 boum
1063 5450 1304 5497 armenta
1326 5483 1340 5503 ,
1373 5450 1431 5496 ut
1455 5453 1687 5497 aratrum
1735 5444 2026 5508 trahamus,
2078 5457 2272 5503 terram

697 5531 997 5597 aulccnms,
1047 5547 1319 5588 seramus:
1361 5532 1573 5602 reliquit
1620 5543 1672 5589 et
1709 5535 2063 5606 subjugalium
2111 5541 2273 5595 multa

693 5638 912 5695 genera,
936 5633 994 5679 ut
1013 5639 1112 5679 nos
1129 5624 1380 5693 adiuvent
1403 5624 1468 5678 ad
1493 5625 1636 5679 utilia
1655 5643 1876 5698 qumque
1898 5632 2270 5699 convehendo;

698 5715 1106 5784 reliquitovinm
1137 5731 1343 5785 greges.
1373 5723 1430 5769 nt
1460 5715 1775 5772 haberemus
1803 5735 1919 5788 qua:
1947 5720 2012 5774 ad
2045 5723 2271 5777 vestien-

699 5807 820 5860 dant
853 5823 957 5862 nos
987 5804 1321 5872 sufficerent;
1347 5807 1554 5876 reliquit
1592 5818 1642 5862 ct
1679 5810 1779 5864 alia
1804 5812 2146 5868 animantium
2177 5830 2269 5883 ge-

2398 543 2550 597 nera,
2573 527 2714 586 unde
2739 529 2898 595 multa
2917 529 3070 586 nobis
3095 525 3826 600 suppeditantur-contundit.
3841 525 3981 583 Nam

2395 623 2518 692 quia
2533 622 2756 693 puniens
2768 623 3036 679 hominem
3053 623 3124 679 ob
3137 621 3806 687 inobedientiam,dixerat,
3823 619 3983 676 Inu-

2395 712 2518 766 ἀοι-ο
2531 713 2678 782 [aciei
2699 724 2798 768 tua:
2815 714 3021 768 vesceris
3033 730 3162 782 pane
3176 723 3262 766 ιιιο
3274 711 3424 781 (Gen.
3445 713 3497 768 ὅ.
3516 711 3608 782 f9)
3624 733 3640 768 :
3660 721 3719 766 ut
3734 728 3802 768 ne
3813 712 3982 766 sudor

2394 813 2448 858 et
2465 804 2616 860 labor
2632 804 2718 861 hic
2735 813 2916 860 noster
2931 804 3276 858 intolerabilis
3292 803 3666 869 foret,sudoris
3681 803 3978 866 molestias,

2393 903 2448 948 et
2495 893 2694 949 laboris
2731 909 2869 949 onus
2893 894 3163 949 alleviavit
3203 893 3568 964 jumentorum
3613 893 3984 961 multitudine,

2395 999 2512 1052 qua:
2565 998 2667 1037 una
2715 985 2990 1040 nobiscum
3041 984 3303 1049 laborant,
3355 994 3408 1038 et
3455 984 3729 1038 molestias
3779 984 3982 1051 ferunt,

2395 1073 2534 1128 idem
2565 1075 2762 1129 faciens
2789 1075 2932 1145 quod
2960 1075 3219 1146 benignus
3234 1085 3286 1131 et
3319 1073 3550 1145 prudens
3579 1073 3979 1144 paterfamilias,

2393 1163 2483 1233 qui
2514 1164 2773 1235 flagellato
2790 1179 2966 1231 servo,
2997 1166 3156 1219 etiam
3167 1179 3356 1220 curam
3381 1164 3666 1235 quamdam
3683 1179 3974 1236 congruam

2395 1253 2617 1324 ﬂagellis
2646 1254 2863 1310 adhibet
2895 1273 2908 1310 :
2935 1256 3013 1309 sic
3045 1264 3100 1310 et
3132 1256 3269 1310 Dens
3300 1263 3357 1308 ut
3383 1255 3760 1311 condemnavit
3786 1269 3976 1325 pecca-

2395 1353 2585 1412 torem,
2635 1345 2892 1402 leniorem
2921 1349 3082 1402 etiam
3111 1346 3613 1403 condemnationem
3642 1362 3763 1403 esse
3788 1347 3979 1413 voluit,

2391 1445 2445 1489 et
2473 1435 2626 1491 nobis
2644 1435 2710 1490 ad
2731 1442 2981 1491 sudorem
3005 1446 3061 1492 et
3087 1435 3320 1492 laborem
3347 1443 3664 1506 perpetuum
3689 1435 3982 1499 damnatis,

2391 1525 2708 1580 subsidiaria
2736 1524 2864 1580 fecit
2911 1525 3073 1580 multa
3105 1525 3380 1580 brutarum
3421 1540 3637 1594 genera.
3672 1529 3845 1595 Atque
3887 1525 3980 1589 ita,

2391 1616 2530 1686 quod
2575 1615 2834 1671 honorem
2867 1616 3022 1672 nobis
3061 1616 3206 1671 dedit
3227 1626 3282 1670 et
3309 1631 3492 1670 rursus
3519 1616 3752 1681 abstulit,
3805 1625 3859 1670 et
3887 1614 3984 1672 be-

2389 1709 2614 1764 stiarum
2647 1708 2802 1764 nobis
2824 1717 3022 1764 metum
3051 1708 3292 1774 immisit,
3320 1717 3376 1762 et
3417 1708 3618 1769 omnia,
3649 1706 3692 1760 si
3721 1705 3844 1776 quis
3864 1704 3985 1760 dili-

2386 1809 2580 1870 genter
2598 1809 2652 1854 et
2691 1799 2909 1856 cordate
2936 1801 3187 1870 inquirat,
3232 1798 3468 1855 offendet
3497 1797 3651 1868 plena
3681 1797 3982 1868 sapientiai,

2391 1890 2762 1961 providentia),
2786 1901 2841 1946 et
2869 1890 3230 1960 benignitatis.

2465 1980 2790 2049 Sacriﬁcium
2831 1981 3106 2034 maximum
3150 1978 3252 2034 Dei
3294 1979 3650 2034 beneﬁciorum
3700 1978 3983 2033 recordari.

2390 2103 2462 2115 —
2505 2073 2763 2142 Quocirca
2819 2089 2917 2144 pro
2965 2073 3046 2128 his
3097 2071 3345 2126 omnibus
3387 2073 3585 2142 gratias
3641 2071 3689 2126 ei
3743 2084 3985 2126 summas

2390 2179 2609 2235 agamus
2635 2205 2649 2230 ,
2700 2163 2791 2235 qui
2845 2172 2988 2218 tanta
3029 2162 3169 2233 apud
3210 2176 3310 2217 nos
3354 2162 3611 2217 beneficia
3675 2161 3982 2217 collocavit.

2390 2253 2572 2324 Neque
2617 2255 2759 2309 enim
2823 2268 2984 2324 grave
3049 2253 3246 2324 aliquid
3296 2261 3351 2308 et
3401 2266 3688 2307 onerosum
3737 2267 3766 2304 a
3828 2252 3986 2307 nobis

2389 2344 2612 2416 requirit
2649 2361 2662 2398 :
2704 2343 2798 2400 sed
2841 2344 3016 2400 solum
3055 2353 3113 2398 ut
3157 2353 3413 2399 testemur
3445 2352 3506 2398 et
3542 2343 3802 2398 fateamur
3839 2351 3985 2397 tanta

2391 2433 2670 2501 beneﬁcia,
2720 2443 2898 2506 etpro
2941 2435 3024 2489 his
3063 2434 3264 2506 gratias
3315 2433 3610 2490 referamus
3641 2451 3654 2487 :
3685 2448 3794 2488 non
3841 2433 3986 2504 quod

2393 2523 2506 2594 ipse
2528 2524 2613 2579 his
2635 2533 2807 2595 egeat,
2835 2524 2923 2594 qui
2956 2524 3097 2578 nulla
3129 2539 3190 2580 re
3215 2523 3567 2594 indiget;sed
3589 2533 3648 2579 ut
3669 2537 3766 2578 nos
3802 2523 3984 2578 disca-

2390 2629 2512 2670 mus
2535 2625 2809 2671 auctorem
2840 2615 3102 2671 bonorum
3133 2614 3290 2669 nobis
3318 2615 3628 2681 conciliare,
3671 2622 3726 2669 ct
3753 2629 3861 2668 non
3892 2613 3983 2668 ia-

2389 2708 2527 2778 grati
2549 2708 2736 2777 simus,
2762 2708 2858 2763 sed
2879 2707 3090 2779 dignam
3118 2708 3281 2763 tantis
3302 2707 3574 2764 beneﬂciis
3607 2716 3662 2763 et
3685 2705 3978 2777 providen-

2389 2801 2462 2856 tia
2493 2801 2743 2856 virtutem
2794 2799 3099 2855 afferamus.
3130 2799 3263 2855 Nam
3295 2799 3373 2854 sic
3420 2799 3591 2870 ipsum
3621 2797 3689 2853 ad
3716 2796 3982 2866 majorem

2391 2893 2558 2947 nostri
2599 2891 3009 2948 sollicitudinem
3060 2891 3489 2963 provocabimus.
3521 2889 3630 2945 Oro
3679 2889 3856 2959 igitur,
3910 2903 3983 2944 ne

2389 2983 2601 3038 desides
2626 2983 2815 3048 simus,
2863 2983 2958 3038 sed
2989 2983 3352 3053 unusquisque
3400 2997 3495 3053 pro
3541 2981 3681 3036 virili
3725 2990 3984 3051 supputct

2389 3073 2528 3144 apud
2557 3089 2618 3130 se
2638 3074 2862 3142 singulis
2903 3076 3066 3140 noris,
3097 3089 3202 3128 non
3247 3074 3417 3128 solum
3445 3073 3745 3128 communia
3771 3071 3985 3128 benefi-

2389 3165 2494 3228 cia,
2526 3164 2620 3219 sed
2641 3174 2696 3219 et
2721 3164 2922 3234 privata
2948 3165 3002 3220 in
3028 3179 3085 3220 se
3113 3164 3309 3220 collata
3343 3182 3356 3218 :
3394 3179 3498 3218 non
3523 3179 3586 3220 ea
3619 3172 3822 3219 tantum
3857 3180 3983 3235 quae

2389 3271 2577 3312 omnes
2604 3256 2854 3318 fatentur.
2882 3264 2938 3311 et
2976 3271 3095 3327 qua:
3121 3255 3370 3310 omnibus
3397 3252 3673 3310 manifesta
3704 3264 3852 3321 sunt,
3881 3257 3984 3312 sed

2389 3355 2444 3401 ct
2471 3347 2702 3416 propria,
2733 3361 2798 3401 ac
2838 3347 3119 3416 plerosque
3145 3346 3359 3400 latentia
3390 3363 3405 3402 :
3436 3347 3513 3400 sic
3538 3345 3680 3400 enim
3714 3345 3780 3400 ad
3803 3349 3986 3403 conti-

2389 3451 2551 3492 nuam
2579 3435 2866 3506 gratiarum
2895 3437 3158 3492 actionem
3194 3435 3416 3491 Domino
3455 3435 3795 3491 referendam
3836 3435 3978 3493 inci-

2393 3529 2608 3584 tabitur.
2642 3528 2754 3583 lloc
2774 3527 3059 3582 maximum
3084 3526 3426 3595 sacrificium,
3478 3526 3592 3583 lucc
3623 3525 3860 3597 perfecta
3887 3529 3980 3584 ob-

2391 3621 2520 3675 latio
2543 3630 2646 3688 est,
2675 3620 2776 3676 hoc
2804 3621 3016 3676 fiducia:
3037 3637 3162 3691 erga
3189 3622 3355 3676 Deum
3382 3629 3580 3675 nostra:
3599 3631 3979 3692 argumentqu

2389 3718 2444 3765 et
2469 3725 2628 3766 causa
2657 3721 2771 3764 est:
2801 3720 2855 3766 et
2877 3711 3167 3780 quomodo,
3198 3725 3301 3780 ego
3327 3711 3522 3764 dicam.
3553 3709 3655 3778 Qui
3681 3711 3824 3766 enim
3857 3711 3979 3768 haec

2387 3802 2640 3857 continuo
2689 3802 2742 3856 in
2788 3810 2966 3856 mente
3009 3816 3102 3856 sua
3152 3809 3346 3867 versat,
3377 3810 3431 3856 et
3459 3816 3611 3856 suam
3663 3802 3977 3858 tenuitatem

2390 3904 2637 3950 accurate
2667 3894 2832 3957 novit,
2888 3904 2942 3948 et
2969 3895 3298 3948 eminentem
3329 3894 3560 3948 divinam
3593 3893 3977 3963 benignitatem

2388 3984 2586 4053 Cogitat
2604 3983 2908 4052 ;.quomodo
2935 3998 3126 4051 nempe
3147 3999 3252 4038 non
3273 3982 3555 4038 attendens
3581 3982 3706 4053 quid
3729 3998 3978 4040 merean-

2392 4082 2476 4128 tur
2506 4061 2717 4143 peccata
2749 4083 2951 4139 nostra,
2985 4075 3077 4128 sed
3099 4074 3224 4144 quid
3252 4088 3348 4130 sua
3377 4075 3588 4129 bonitas
3615 4075 3872 4144 postulet,
3903 4077 3976 4132 ita

2391 4181 2476 4221 res
2510 4176 2719 4220 nostras
2739 4165 3011 4234 dispenset
3035 4183 3048 4218 :
3081 4165 3124 4220 is
3151 4166 3406 4219 nimirum
3435 4175 3669 4221 mentem
3694 4165 3970 4237 deprimit,

2389 4273 2482 4312 eor
2510 4257 2761 4324 conterit,
2786 4272 2999 4312 omnem
3031 4256 3223 4311 fastum
3253 4265 3306 4312 et
3327 4259 3686 4328 arrogantiam
3717 4260 3974 4330 castigat,

2387 4350 2544 4406 discit
2565 4349 2807 4404 modesto
2824 4365 3002 4420 agere,
3035 4358 3381 4405 contemnere
3405 4351 3686 4419 pnesentis
3706 4351 3828 4406 vita:
3848 4353 3974 4423 glo-

2387 4441 2542 4506 riam,
2574 4441 2750 4496 ridere
2793 4440 3015 4496 visibilia
3057 4441 3260 4507 omnia,
3313 4443 3548 4511 cogitare
3603 4439 3783 4496 futura
3832 4441 3973 4498 bona

2386 4532 2653 4602 vitamque
2685 4531 3039 4587 immortalem
3086 4545 3149 4586 ac
3198 4546 3486 4601 numquam
3529 4530 3841 4588 finiendam.
3868 4532 3974 4600 Qut

2386 4632 2562 4678 autem
2588 4623 2664 4678 sic
2693 4622 2922 4678 aﬂicitur
2946 4624 3144 4688 animo,
3171 4638 3356 4678 verum
3377 4632 3433 4677 et
3459 4633 3740 4694 acceptum
3766 4627 3977 4682 sacriﬁ-

2385 4715 2526 4769 cium
2555 4713 2668 4770 Deo
2707 4712 2882 4781 offert,
2935 4714 3072 4768 sicut
3114 4713 3371 4783 propheta
3402 4712 3529 4768 dicit
3577 4731 3592 4766 :
3643 4713 3976 4784 Sacriﬁcium

2391 4804 2494 4858 Deo
2526 4805 2734 4874 spiritus
2757 4804 3116 4858 contribulatus
3139 4821 3156 4870 ;
3180 4820 3268 4858 cor
3285 4804 3556 4857 contritum
3581 4816 3629 4858 et
3652 4803 3978 4862 Itttmiliattmt

2392 4895 2526 4950 Deus
2552 4914 2650 4950 non
2679 4897 2914 4967 despiciet
2946 4895 3115 4966 (Psal.
3145 4896 3231 4952 50.
3268 4895 3384 4968 i9).
3419 4894 3679 4952 Cordatos
3722 4899 3866 4956 enim
3892 4899 3976 4954 fa-

2389 4987 2562 5041 mulos
2590 5002 2694 5040 non
2726 4997 2830 5040 tam
2865 5001 3035 5056 pmna‘.
3059 4997 3112 5041 et
3158 4987 3416 5058 supplicia
3453 4987 3759 5054 emendant,
3792 4999 3850 5044 ut
3883 4989 3977 5046 be-

2387 5076 2594 5143 neficia,
2621 5088 2673 5132 et
2701 5078 2841 5146 quod
2871 5077 3114 5132 noverint
3133 5091 3191 5133 se
3210 5092 3316 5132 non
3343 5077 3632 5133 secundum
3653 5077 3975 5137 delictorum

2386 5170 2571 5226 merita
2602 5183 2811 5239 pmnam
2845 5172 3011 5224 luere.

2455 5262 2508 5316 6.
2538 5260 2889 5315 Conteramus
2917 5261 3092 5330 igitur,
3134 5261 3379 5328 obsecro,
3423 5261 3659 5316 animum
3689 5269 3935 5318 nostrum
3956 5305 3973 5331 ,

2387 5351 2727 5405 bnmiliemus
2753 5361 2988 5406 mentem
3011 5360 3065 5406 et
3087 5365 3228 5406 nunc
3253 5351 3483 5405 maxime
3500 5367 3620 5406 cum
3651 5366 3750 5407 noc
3775 5353 3970 5422 jejunii

2387 5454 2593 5512 tempus
2628 5441 2790 5496 multa
2830 5443 2982 5496 nobis
3011 5443 3077 5496 ad
3119 5441 3220 5496 hoc
3251 5441 3452 5512 prabet
3473 5443 3727 5497 subsidia.
3763 5443 3897 5499 Nam
3925 5446 3970 5500 si

2385 5537 2453 5590 ita
2493 5533 2666 5590 affecti
2717 5533 2992 5599 fuerimus,
3048 5534 3336 5604 poterimus
3363 5543 3414 5588 et
3435 5549 3621 5604 magna
3674 5535 3970 5589 attentione

2386 5641 2572 5695 preces
2607 5626 2848 5687 fundere.
2871 5625 3250 5680 etconfitentes
3274 5634 3487 5695 peccata
3507 5626 3722 5679 multam
3742 5627 3967 5694 gratiam

2384 5735 2612 5789 superne
2637 5718 2899 5773 obtinere.
2930 5718 2992 5772 Et
3019 5729 3072 5771 ut
3097 5719 3274 5772 sciatis
3298 5718 3428 5771 tales
3475 5717 3679 5770 anilitas
3713 5718 3819 5772 Deo
3859 5718 3967 5788 pla-

2383 5829 2525 5880 cere,
2560 5813 2681 5868 audi
2723 5813 2894 5882 ipsum
2936 5812 3197 5868 dicentem
3231 5829 3242 5866 :
3274 5812 3353 5864 Ad
3377 5827 3521 5881 quem
3550 5811 3839 5879 respiciam,
3869 5811 3965 5865 nisi
