4080 6308
247 322 304 375 8|
1399 313 1462 369 IN
1502 312 1655 370 CAP.
1700 313 1738 367 Ι.
1778 312 1830 369 ϐξ

1935 309 2026 368 ἱἰεί
2069 311 2296 368 ιιυιιιι..
2343 309 2409 367 Χ.
3484 320 3556 377 εἰ

249 439 316 491 ad
343 437 605 502 humilem,
646 445 700 490 et
739 438 982 507 quietum,
1021 444 1068 490 et
1115 445 1404 489 trementem
1427 449 1681 488 sermones
1709 447 1842 486 meos

252 528 396 599 (lsai.
422 531 512 586 66.
541 528 655 599 2)?
676 527 884 584 ldcirco
907 537 959 583 et
987 527 1234 582 Christus
1263 527 1332 582 ita
1359 525 1677 596 loquebatur
1707 543 1719 577 :
1754 524 1848 578 Di-

252 624 366 678 scite
393 640 425 675 α
447 638 526 675 me
549 622 670 688 quia
696 621 835 674 mitts
855 637 989 686 sum,
1010 627 1054 673 et
1077 619 1284 673 humilis
1311 616 1482 681 corde,
1505 626 1552 671 et
1579 617 1844 669 invenietis

251 715 468 784 requiem
509 713 775 766 animabus
815 713 991 766 vestris
1018 710 1235 782 (bl'attli.
1263 712 1350 766 ll.
1399 708 1516 780 29).
1569 709 1702 763 Nam
1752 707 1843 778 qui

249 820 374 860 vere
401 805 640 874 seipsum
673 803 937 869 bumillat,
961 817 1247 873 numquam
1271 803 1466 872 poterit
1491 801 1567 855 ira
1597 815 1840 855 commo-

251 897 383 964 veri,
414 907 472 953 et
503 897 762 967 proximo
785 881 1127 961 succensere,
1157 896 1331 951 anima
1358 895 1474 965 ejus
1510 895 1563 948 in
1593 893 1674 948 sui
1713 907 1846 947 con-

249 987 575 1043 siderationc
626 998 884 1058 occupata
942 997 997 1044 et
1047 987 1184 1040 intra
1239 987 1470 1056 seipsam
1545 984 1836 1038 li‘umiliata.

248 1077 437 1133 Anima
465 1090 646 1135 autem
673 1095 791 1150 quae
817 1081 893 1135 sic
918 1094 979 1135 se
1010 1079 1190 1143 habet,
1223 1077 1501 1148 quid‘esse
1532 1077 1701 1145 possit
1719 1076 1844 1130 bea-

249 1171 391 1226 tius?
416 1172 754 1242 Quicumque
776 1173 897 1227 talis
924 1182 1026 1238 est,
1057 1173 1113 1228 is
1134 1181 1290 1242 portu
1315 1173 1571 1227 continuo
1593 1168 1744 1224 sedet
1773 1168 1842 1223 ab

246 1264 390 1318 omni
417 1273 738 1335 tempestate
777 1265 932 1331 liber,
962 1275 1018 1320 et
1045 1264 1344 1320 oblectatur
1377 1265 1436 1318 in
1459 1261 1840 1334 cogitationum

246 1359 649 1428 mirquillitate.
706 1359 829 1413 Ideo
879 1359 1126 1414 Christus
1155 1357 1418 1414 dicebat:
1470 1355 1538 1410 Et
1583 1354 1843 1410 invenietis

245 1450 466 1520 requiem
490 1449 759 1504 animabus
785 1452 980 1505 vestris.
1017 1448 1200 1519 Itaque
1243 1450 1380 1504 sicut
1408 1447 1498 1519 qui
1526 1445 1842 1502 a'ﬂ'ectiones

246 1540 362 1596 illas
386 1541 585 1612 sOpivit
612 1543 785 1595 multa
803 1542 988 1612 requie
1012 1540 1224 1604 fruitur,
1254 1539 1324 1594 ita
1343 1539 1500 1595 deses
1523 1548 1578 1594 et
1596 1537 1837 1606 supinus,

244 1642 298 1688 et
321 1632 616 1703 quinequit
635 1632 858 1688 affectus
885 1648 1013 1688 suos
1039 1644 1099 1687 ut
1126 1632 1281 1688 decet
1322 1632 1613 1696 moderari,
1641 1645 1838 1701 perpe-

244 1733 336 1778 tuo
363 1724 854 1795 perturbationibus
882 1724 1145 1780 obnoxius
1172 1732 1275 1789 est,
1326 1723 1472 1777 domi
1517 1723 1712 1777 bellum
1745 1721 1838 1774 ha—

242 1818 352 1883 bet,
394 1819 611 1873 nemine
653 1827 918 1888 praesente
947 1818 1210 1883 turbatur,
1261 1826 1315 1872 et
1345 1831 1559 1887 gravem
1602 1815 1840 1871 sustinet

245 1919 616 1980 tempestatem
661 1928 674 1965 :
715 1920 996 1980 propterea
1041 1909 1288 1964 ﬂuctibus
1332 1924 1392 1964 se
1435 1907 1834 1973 extollentibus,

241 2003 690 2058 etexorieutibns
745 2003 1008 2056 malorum
1051 2003 1335 2072 spirituum
1387 2000 1659 2069 procellis,
1692 2014 1837 2068 saepe

241 2093 364 2147 navi
395 2093 466 2148 ob
492 2093 810 2164 imperitiam
832 2093 1205 2164 gubernatoris
1231 2093 1498 2156 demersa,
1531 2091 1690 2147 simul
1721 2093 1836 2162 ipse

239 2189 621 2257 submergitur.
648 2189 877 2244 Proinde
902 2188 1060 2244 decet
1100 2204 1199 2243 nos
1227 2203 1349 2243 esse
1384 2188 1596 2243 sobrios
1631 2196 1685 2241 et
1709 2187 1837 2258 vigi-

243 2281 344 2346 les,
400 2292 457 2336 et
497 2292 811 2352 perpetuam
861 2281 1360 2351 indesinentcmque
1407 2282 1599 2334 anima:
1637 2290 1836 2335 nostra:

238 2373 652 2428 sollicitudinem
695 2373 912 2428 habere.
956 2373 1243 2428 Christiani
1273 2376 1416 2428 enim
1452 2381 1534 2428 est
1578 2373 1835 2427 adversus

237 2465 704 2534 concupiscentias
749 2465 928 2519 carnis
965 2479 1181 2534 semper
1229 2466 1280 2519 in
1327 2465 1442 2518 acie
1471 2473 1636 2528 stare,
1686 2463 1833 2532 leges

239 2557 449 2612 Domini
476 2559 642 2612 nostri
691 2558 846 2613 nobis
874 2557 1025 2613 datas
1053 2573 1266 2628 semper
1294 2557 1492 2612 habere
1515 2568 1829 2626 prtesentes,

237 2661 291 2705 et
323 2650 408 2706 his
435 2652 630 2706 muniri
659 2661 819 2721 atque
850 2652 990 2706 illius
1017 2651 1296 2707 tolerantia
1321 2667 1424 2706 non
1458 2651 1627 2716 abuti,
1655 2665 1830 2721 neque

235 2753 568 2812 exspectare,
595 2743 772 2799 donec
799 2760 858 2799 re
899 2744 1010 2813 ipsa
1041 2744 1135 2798 ira!
1162 2743 1304 2798 illius
1340 2744 1631 2813 periculum
1673 2743 1833 2796 facia-

235 2851 374 2899 mus,
429 2845 486 2890 ut
514 2846 639 2890 tunc
682 2836 1043 2901 humilicmur,
1083 2844 1252 2891 utne
1288 2845 1356 2890 eL
1382 2835 1449 2890 de
1494 2835 1647 2890 nobis
1687 2837 1832 2890 dica-

236 2935 350 2992 tur,
386 2925 516 2980 Cum
560 2926 803 2980 occideret
844 2943 948 2993 eos,
995 2937 1113 2979 tunc
1152 2926 1465 2995 inquirebant
1502 2942 1615 2979 eum
1645 2925 1839 2998 (Psal..

235 3017 422 3073 77-55
449 3020 496 3090 ).

301 3109 564 3183 Confessio
590 3122 929 3179 peccatorum.
951 3142 1021 3152 —
1047 3112 1192 3168 Cum.
1209 3113 1368 3184 igitur
1389 3112 1702 3184 adjumento
1731 3131 1828 3169 no-

234 3202 316 3258 bis
341 3203 570 3258 nuncsit
585 3203 776 3272 jejunii
807 3213 1038 3273 tempus,
1067 3204 1352 3270 carissimi,
1375 3219 1566 3261 omnes
1593 3207 1659 3260 ad
1691 3221 1826 3260 con-

232 3296 519 3352 fossionem
571 3307 912 3367 peccatorum
960 3306 1262 3353 nostrorum
1305 3298 1637 3365 festinemus,
1680 3299 1828 3355 etab

230 3388 373 3442 ωιιηί
396 3388 600 3442 malitia
616 3389 966 3454 abstinentes,
991 3404 1336 3444 exerceamus
1361 3391 1588 3445 virtutes
1611 3407 1821 3446 omnes.

227 3477 359 3534 Nam
381 3481 463 3534 sic
481 3490 537 3535 et
563 3479 751 3535 beatus
787 3479 1045 3551 propheta
1077 3481 1239 3536 David
1287 3480 1447 3538 docet
1486 3483 1570 3537 his
1598 3483 1777 3538 verbis
1807 3502 1820 3538 :

228 3568 447 3625 Declina
474 3587 507 3624 α
537 3572 692 3634 malo,
720 3581 766 3625 et
795 3572 877 3641 [ac
901 3571 1086 3626 bonum
1131 3572 1299 3645 (Psal.
1328 3575 1422 3630 36.
1447 3575 1559 3644 27).
1594 3575 1746 3642 Quod
1776 3576 1822 3630 si

227 3663 279 3716 in
315 3663 462 3718 lnmc
493 3664 711 3718 modum
734 3666 895 3720 vitam
921 3676 1158 3720 nostram
1186 3666 1593 3734 instituerimus,
1617 3678 1672 3722 et
1699 3669 1824 3723 abs-

226 3757 468 3811 tinentiae
501 3757 740 3812 ciborum
763 3759 1185 3814 abstinentiama
1216 3761 1355 3814 vitiis
1391 3759 1818 3828 adjunxerimus,

224 3847 526 3914 peterimus
548 3857 601 3902 et
632 3863 733 3903 nos
762 3849 948 3917 majori
977 3849 1166 3904 tidncia
1197 3851 1320 3917 frui,
1360 3861 1413 3906 et
1455 3851 1759 3908 uberiorem
1788 3869 1818 3907 a

224 3937 338 3992 Deo
363 3938 746 4009 benignitatem
783 3941 1023 3997 obtinere
1062 3953 1117 3997 et
1144 3944 1195 3998 in
1246 3947 1494 4013 praesenti
1527 3947 1651 4009 vita,
1683 3955 1737 4002 et
1765 3949 1818 4002 in

222 4031 404 4083 futuro
426 4031 519 4084 illo
558 4029 648 4087 die
687 4023 928 4099 terribili,
963 4033 1213 4104 precibus
1242 4047 1296 4091 et
1347 4038 1818 4096 intercessionibus

220 4137 411 4176 eorum
441 4123 532 4191 qui
564 4123 663 4192 ipsi
707 4125 937 4179 maxime
984 4126 1296 4194 placuerunt
1339 4147 1352 4182 :
1384 4131 1552 4200 gratia
1584 4141 1636 4186 ct
1665 4131 1816 4187 beni-

219 4214 426 4281 gnitate
479 4213 691 4269 Domini
733 4217 900 4270 nostri
917 4215 1053 4286 Jesu
1089 4216 1307 4285 Christi,
1360 4236 1481 4275 cum
1525 4237 1633 4292 quo
1673 4223 1814 4278 Patri

219 4305 380 4359 simul
411 4315 467 4361 et
487 4306 707 4374 Spiritui
723 4316 909 4364 sancto
929 4309 1001 4363 sit
1016 4309 1204 4379 gloria,
1253 4311 1556 4381 imperium,
1597 4316 1768 4370 honor
1795 4358 1824 4383 ,.

217 4410 366 4452 nunc
406 4406 458 4452 et
512 4411 746 4468 semper,
799 4409 854 4455 et
905 4400 958 4454 in
1007 4402 1203 4457 saecula
1230 4404 1572 4460 saeculorum.
1612 4408 1808 4464 Anien.

825 4578 1104 4636 IIOMILIA
1154 4581 1219 4636 X.

220 4751 536 4810 Exhortatio
556 4753 622 4807 ad
649 4770 742 4809 eos
768 4771 902 4824 quos
928 4755 1088 4824 pudet
1109 4767 1227 4826 post
1246 4758 1421 4815 cibum
1437 4773 1705 4832 sumptum
1725 4780 1814 4819 ac-

288 4845 486 4899 cedere
525 4844 590 4897 ad
631 4845 943 4900 concionem
974 4850 1355 4917 vespertinam,
1374 4862 1429 4906 et
1470 4853 1521 4906 in
1551 4856 1810 4925 reliquum

287 4945 495 4990 textum
542 4944 683 5004 post,
711 4935 984 4991 Faciamus
1031 4939 1283 4994 hominem
1328 4944 1603 4997 secundum
1633 4949 1820 5016 imagi-

289 5043 406 5079 nem
434 5037 681 5093 nostram,
724 5037 770 5081 et
799 5029 1076 5083 secundum
1127 5030 1503 5088 similitudinem
1551 5026 1702 5106 (Cen.
1757 5041 1810 5094 1.

286 5120 426 5191 26);
457 5129 512 5174 et
539 5121 606 5175 de
638 5121 718 5175 his
740 5122 936 5192 verbis,
979 5121 1048 5177 Et
1092 5125 1207 5193 fecit
1233 5125 1366 5181 Deus
1407 5129 1701 5195 hominem;
1727 5151 1810 5186 se-

284 5211 512 5264 cundum
554 5213 824 5282 imaginem
880 5212 972 5267 Dei
1021 5216 1139 5283 fecit
1193 5216 1383 5286 illum;
1435 5223 1716 5277 masculum
1761 5235 1808 5278 et

229 5324 252 5368 ι
285 5302 534 5373 {culinam
559 5304 675 5373 fecit
699 5303 935 5376 illos(lb.
968 5320 1016 5360 tt.
1044 5306 1167 5376 27).
1216 5313 1222 5322 '

284 5504 311 5558 1
329 5542 342 5555 .
366 5503 539 5558 Minor
559 5503 718 5559 hodie
747 5506 899 5561 nobis
925 5519 1218 5563 conventus
1235 5510 1420 5578 adest,
1449 5524 1502 5568 et
1530 5518 1810 5586 angustius

207 5594 594 5652 costﬂuentium
610 5598 897 5653 theatrum.
920 5600 1047 5668 Cur,
1061 5611 1114 5656 et
1133 5618 1235 5672 qua
1260 5604 1324 5658 de
1336 5620 1492 5661 causa
1511 5609 1811 5666 ?Fortassis

203 5688 372 5761 aliqui
399 5691 728 5749 erubucrunt
753 5735 768 5762 ,
795 5702 916 5764 post
939 5696 1242 5754 sensibilcm
1281 5713 1520 5757 mensam
1563 5703 1628 5759 ad
1656 5705 1810 5774 spiri-

1956 427 2098 483 tuale
2127 429 2228 483 hoc
2249 430 2429 484 venire
2450 429 2773 496 convivium,
2797 437 2852 485 et
2878 429 2994 487 hazc
3034 433 3272 501 ipsis-est
3296 437 3556 494 absentia:
3627 439 3633 448 ί

1951 535 2109 574 causa
2146 521 2282 576 :sed
2323 522 2542 576 audiant
2571 525 2869 592 sapientem
2899 525 3186 594 quemdam
3234 527 3505 586 dicentem
3538 544 3553 586 ε

1953 610 2046 665 Est
2075 614 2307 684 confusio
2334 630 2450 684 qua:
2465 615 2664 668 inducit
2688 627 2966 686 peccatum,
2996 627 3043 672 et
3064 627 3137 672 est
3162 623 3396 691 confusio
3439 619 3551 694 glo-

1951 707 2030 759 ria
2053 717 2101 760 et
2123 709 2290 778 gratia
2317 707 2509 777 (Eccli.
2530 711 2584 764 4.
2602 709 2714 780 25).
2737 710 2853 765 Non
2871 721 2950 765 est
2971 711 3286 768 confusione
3306 713 3553 785 dignum,

1950 819 2075 858 eum
2107 805 2198 873 qui
2217 806 2515 874 corporalis
2558 823 2758 863 mensae
2810 811 3079 880 particeps
3109 811 3228 880 fuit,
3271 813 3340 868 ad
3389 814 3552 884 spiri-

1951 895 2094 950 male
2133 897 2438 952 convivium
2479 899 2681 954 venire.
2713 904 2830 957 Non
2881 902 3022 955 enim
3055 913 3113 956 ut
3141 903 3388 965 humana:
3441 922 3562 968 res.

1953 981 2025 1039 ita
2053 995 2109 1041 et
2136 988 2442 1056 spiritual‘eS
2470 989 2706 1045 delinitis
2735 993 3066 1062 temporibus
3109 994 3375 1051 distincta:
3405 1007 3552 1053 sunt.

1949 1076 2199 1132 Sermoni
2244 1081 2387 1134 enim
2415 1081 2677 1150 spirituali
2707 1098 2868 1139 omne
2907 1084 3016 1140 diei
3048 1094 3259 1158 tempus
3299 1089 3552 1146 idoneum

1949 1167 2127 1235 fuerit,
2159 1180 2211 1225 et
2233 1171 2358 1241 quid
2379 1172 2501 1227 dico
2514 1173 2620 1228 dici
2645 1185 2854 1246 tempus
2870 1176 2893 1227 ?
2908 1175 3088 1246 Neque
3109 1178 3153 1232 si
3181 1195 3288 1233 nox
3315 1181 3548 1250 ingruat,

1948 1261 2278 1331 spiritualem
2316 1256 2614 1320 doctrinam
2648 1267 2889 1336 impedit.
2938 1269 3227 1339 Propterea
3272 1281 3327 1327 et
3365 1272 3544 1329 Timo-

1949 1354 2078 1410 theo
2118 1354 2234 1410 hmo
2281 1357 2546 1413 scribebat
2589 1359 2788 1413 Paulus
2844 1378 2856 1413 :
2909 1359 3060 1414 Iusta
3105 1374 3406 1432 opportune,
3447 1364 3552 1417 im-

1949 1456 2166 1516 portune
2190 1465 2210 1502 :
2231 1465 2408 1520 argue,
2460 1451 2688 1521 increpa;
2721 1453 2926 1507 obsecra
2957 1455 3034 1523 (2.
3069 1452 3202 1508 Tim.
3257 1458 3311 1510 4.
3369 1456 3448 1526 2).
3481 1456 3556 1514 Et

1949 1540 2140 1593 iterum
2187 1541 2309 1595 audi
2365 1543 2576 1596 beatum
2630 1543 2828 1599 Lucam
2888 1544 3154 1601 dicentem
3205 1564 3216 1600 :
3284 1546 3548 1603 Discessu-

1946 1648 2034 1687 rus
2060 1635 2280 1688 crastino
2322 1634 2522 1690 Paulus
2546 1653 2579 1689 a
2610 1635 2826 1702 Troade,
2861 1638 3134 1692 disserebat
3161 1639 3262 1704 eis,
3283 1649 3331 1693 et
3354 1656 3548 1694 sermo-

1947 1739 2060 1776 nem
2098 1726 2340 1794 prod'uatit
2383 1743 2537 1798 usque
2564 1728 2877 1784 ad-mediam
2917 1740 3113 1784 noctem
3165 1730 3298 1802 (Act.
3328 1732 3401 1787 20
3451 1731 3545 1801 7).

1945 1813 2211 1886 Numquid
2250 1827 2457 1888 tempus
2486 1819 2700 1875 obfuit?
2730 1821 2834 1888 dic,
2886 1836 3102 1892 ιιιιιιιδος
3137 1839 3261 1877 num
3286 1823 3548 1880 doetrint:

1946 1922 2252 1964 sermonem
2308 1912 2587 1980 ρι’ωεὶἀίιῖ
2652 1911 2890 1982 Vigilans
2943 1923 2998 1968 et
3049 1922 3286 1969 attentus
3335 1914 3549 1969 auditor

1945 1999 2104 2055 etiam
2136 2017 2383 2070 pransus,
2431 2004 2534 2060 hoc
2581 2006 2842 2075 spirituali
2889 2016 3156 2062 conventu
3201 2007 3394 2078 dignus
3420 2017 3543 2072 est;

1945 2092 2168 2163 parique
2195 2095 2359 2150 modo
2387 2096 2611 2165 supinus
2634 2105 2689 2152 et
2714 2096 2892 2162 deses,
2942 2099 3152 2154 etiamsi
3175 2097 3396 2170 jejunus
3423 2114 3546 2171 per-

1943 2173 2178 2252 maneat,
2209 2185 2340 2240 nihil
2367 2187 2489 2242 inde
2519 2188 2762 2242 utilitatis
2788 2189 2986 2260 capiet.
3058 2182 3063 2187 ’

2015 2275 2096 2328 Ad
2142 2277 2432 2343 spiritualia
2479 2279 2732 2347 quomodo
2771 2279 3134 2334 accedendum.
3181 2310 3256 2322 --
3305 2281 3373 2336 Et
3424 2281 3538 2338 ham

1942 2365 2084 2432 dico,
2132 2383 2238 2422 non
2291 2377 2349 2422 ut
2393 2369 2580 2438 jejuuii
2630 2370 2860 2442 rigorem
2900 2370 3143 2431 solvam:
3188 2373 3365 2437 absit;
3419 2389 3537 2427 nam

1942 2460 2167 2515 multum
2211 2461 2368 2516 laudo
2398 2463 2674 2534 proboque
2690 2463 2996 2533 jejunantes
3029 2484 3042 2519 :
3072 2463 3169 2520 sed
3201 2473 3260 2520 ut
3287 2465 3532 2531 doceam,

1940 2551 2121 2607 sobrio
2150 2553 2380 2623 quodam
2417 2557 2618 2622 animo,
2670 2571 2776 2610 non
2819 2558 3232 2624 consuetudine,
3289 2558 3356 2613 ad
3384 2559 3540 2629 spiri-

1941 2643 2100 2697 tuulla
2129 2659 2252 2700 esse
2277 2645 2660 2701 accedendum.
2687 2646 2803 2702 Non
2830 2649 2972 2703 enim
3003 2659 3158 2718 turpe
3205 2649 3384 2716 fuerit,
3413 2667 3538 2706 cum

1937 2735 2028 2804 qui
2055 2737 2233 2791 cibum
2265 2750 2420 2796 antea
2463 2740 2689 2809 accepit,
2717 2740 2906 2795 adesse
2944 2742 3208 2810 spirituali
3257 2742 3537 2811 doctrinae,

1937 2828 2031 2881 sed
2058 2827 2252 2897 ignavo
2279 2833 2460 2885 animo
2488 2831 2698 2896 adesse,
2733 2844 2786 2887 et
2822 2833 2890 2886 ab
2931 2833 3303 2890 atl‘ectionibus
3331 2840 3534 2905 vexari,

1936 2929 1991 2979 et
2014 2922 2190 2976 carnis
2215 2923 2459 2985 lascivias
2492 2925 2506 2954 ‘
2537 2939 2644 2978 non
2673 2926 3049 2994 comprimere.
3079 2926 3195 2982 Non
3225 2929 3423 2982 maium
3455 2939 3538 2983 est

1934 3012 2249 3078 comedere;
2279 3014 2450 3071 absit:
2485 3016 2581 3070 sed
2627 3016 2748 3086 gula
2794 3015 3049 3072 damnosa
3079 3027 3183 3084 est,
3232 3029 3286 3075 et
3327 3019 3535 3091 impleri

1936 3102 2056 3171 plus
2085 3118 2244 3173 quam
2287 3105 2438 3169 satis,
2471 3120 2535 3159 ac
2562 3105 2902 3177 disrumpere
2950 3119 3194 3163 ventrem
3250 3129 3262 3164 :
3312 3110 3361 3165 id
3391 3113 3532 3181 quod

1935 3193 2101 3259 ipsum
2121 3195 2280 3248 etiam
2307 3195 2472 3263 illam,
2493 3212 2612 3266 quin
2638 3214 2702 3252 ex
2723 3199 2843 3254 cibo
2861 3199 3045 3255 haberi
3068 3210 3263 3270 potest,
3289 3203 3544 3274 volupta-

1934 3297 2040 3340 tem
2069 3285 2326 3353 offendit;
2357 3290 2809 3359 quemadmodum
2861 3293 2992 3347 nihil
3033 3295 3157 3348 mali
3210 3305 3312 3362 est,
3348 3297 3532 3351 vinum

1932 3381 1997 3433 ad
2040 3393 2344 3436 mensuram
2375 3380 2576 3447 bibere,
2601 3383 2702 3437 sed
2739 3384 2983 3440 ebrietati
3034 3400 3095 3441 se
3120 3385 3338 3452 dedere,
3370 3397 3426 3443 et
3452 3389 3534 3442 iu-

1931 3475 2281 3544 temperautia
2327 3474 2586 3543 judicium
2636 3477 2858 3530 rationis
2902 3478 3233 3534 subvertere.
3277 3481 3528 3545 Etenim,

1930 3565 2156 3631 dilecte,
2185 3565 2231 3619 si
2255 3565 2325 3619 ob
2355 3566 2596 3634 corporis
2626 3567 3045 3623 imbecillitatem
3077 3585 3182 3623 non
3211 3581 3364 3639 potes
3384 3571 3527 3641 jeju-

1928 3671 2029 3711 nus
2058 3656 2198 3710 diem
2223 3656 2538 3725 producere,
2572 3658 2752 3713 nullus
2777 3659 2866 3728 qui
2893 3661 3066 3731 sapiat
3096 3674 3314 3732 prepter
3345 3663 3447 3721 hoc
3479 3677 3531 3724 te

1927 3763 2151 3817 arguere
2181 3749 2394 3817 poterit.
2418 3749 2700 3804 Dominum
2729 3751 2872 3806 enim
2904 3751 3163 3808 habemus
3183 3766 3525 3812 mansuetum

1926 3854 1989 3894 ac
2011 3841 2316 3912 benignum,
2343 3851 2398 3896 et
2420 3842 2551 3896 nihil
2582 3859 2742 3914 supra
2770 3845 2913 3900 vires
2941 3854 3153 3902 nostras
3172 3862 3204 3902 a
3235 3848 3391 3905 nobis
3410 3850 3528 3906 esi-

1924 3945 2158 4003 gentem.
2189 3935 2372 4006 Neque
2398 3937 2540 3992 enim
2588 3940 2966 3995 abstinentiam
2992 3957 3024 3995 a
3051 3940 3185 3997 cibis
3213 3952 3268 3999 et
3291 3943 3524 4002 inediam

1923 4026 2239 4094 simpliciter
2262 4043 2294 4081 a
2321 4029 2477 4084 nobis
2497 4031 2683 4101 exigit,
2717 4047 2891 4100 neque
2915 4032 3018 4087 hoc
3045 4033 3239 4103 ipsum,
3275 4045 3333 4090 ut
3353 4037 3522 4106 jejuni

1925 4117 2264 4172 solummodo
2289 4135 2718 4188 pcrmaneamus,
2748 4123 2841 4177 sed
2883 4134 2989 4178 uta
3019 4126 3363 4182 sincularibus
3391 4143 3523 4197 ope-

1923 4209 2073 4264 ribus
2104 4226 2201 4265 nos
2225 4211 2560 4281 abdicantes,
2591 4230 2752 4270 omne
2787 4226 3030 4272 nostrum
3061 4219 3225 4273 otium
3260 4222 3313 4274 in
3365 4223 3520 4291 spiri.

1923 4301 2154 4358 tualibus
2194 4317 2592 4361 constituamus.
2647 4307 2780 4362 Nam
2825 4310 2869 4365 si
2919 4311 3097 4365 sobria
3147 4322 3327 4369 mente
3358 4316 3517 4372 vitam

1922 4402 2158 4447 nostram
2190 4396 2691 4459 institueremus,et
2718 4399 2975 4471 quidquid
3000 4403 3095 4457 otii
3123 4402 3304 4470 datur,
3330 4407 3381 4460 in
3409 4408 3520 4476 spi-

1922 4484 2128 4539 ritualia
2154 4487 2589 4556 impenderemus
2622 4507 2635 4544 :
2666 4499 2722 4545 et
2750 4492 2902 4547 cibos
2949 4494 3022 4549 ita
3065 4511 3426 4564 sumeremus,
3462 4511 3521 4553 ut

1922 4587 2126 4633 tantum
2179 4597 2544 4649 sumeremus,
2581 4593 2840 4653 quantum
2891 4602 3021 4642 usus
3058 4589 3248 4660 exigit,
3278 4600 3331 4644 et
3353 4591 3518 4647 vitam

1923 4678 2086 4724 totam
2140 4671 2195 4726 in
2234 4672 2388 4727 bonis
2407 4674 2661 4744 operibus
2706 4674 3163 4746 dispensaremus,
3208 4680 3318 4749 jam
3371 4683 3521 4736 nullo

1920 4777 2055 4831 opus
2101 4775 2244 4818 esset
2287 4779 2352 4819 ex
2391 4765 2610 4836 jejuniis
2653 4767 2985 4836 adjumento.
3039 4770 3145 4826 Sed
3192 4773 3315 4841 quia
3349 4776 3520 4844 negli-

1919 4870 2049 4924 gens
2095 4865 2179 4911 est
2204 4857 2432 4912 humana
2472 4870 2683 4925 natura,
2737 4871 2788 4916 et
2829 4863 3034 4919 deliciis
3070 4865 3299 4934 gaudet,
3356 4875 3409 4922 et
3434 4882 3516 4921 res

1922 4947 2216 5005 laxationes
2243 4952 2433 5020 quierit
2461 4969 2474 5004 :
2505 4952 2706 5007 idcirco
2732 4963 3002 5024 tamquam
3030 4956 3095 5010 ad
3127 4972 3365 5012 amorem
3391 4976 3490 5027 pro

1921 5039 1984 5092 lis
2015 5055 2312 5108 propensus
2339 5050 2488 5110 pater
2506 5043 2747 5098 clemens
2775 5044 3032 5100 Dominus
3056 5045 3194 5101 hanc
3223 5064 3289 5102 ex
3315 5046 3520 5118 jejunio

1919 5130 2236 5185 medicinam
2265 5134 2602 5203 excogitavit,
2637 5143 2695 5188 ut
2723 5145 2777 5188 ct
2800 5135 3024 5190 delicata
3056 5153 3086 5190 e
3124 5138 3299 5192 medio
3323 5141 3516 5192 tollan-

1921 5232 2005 5277 tur
2031 5233 2086 5278 et
2107 5224 2442 5280 smcularium
2470 5243 2652 5280 curam
2673 5226 2738 5280 ad
2768 5228 3066 5296 spiritualia
3094 5245 3257 5298 Opera
3279 5229 3513 5285 transfe-

1919 5332 2118 5370 ramus.
2147 5317 2202 5373 Si
2227 5317 2385 5387 igitur
2407 5330 2532 5374 sunt
2563 5319 2723 5390 aliqui
2755 5329 3068 5390 praesentes,
3104 5337 3240 5390 quos
3267 5323 3514 5389 corporis

1916 5417 2059 5462 vetat
2081 5408 2364 5464 inﬁrmitas
2385 5410 2599 5480 jejunus
2626 5423 2679 5466 et
2715 5411 3015 5482 impransos
3061 5426 3395 5483 permanere.
3421 5427 3514 5466 eos

1915 5497 2102 5553 hortor
2148 5509 2203 5553 ut
2229 5502 2470 5570 corporis
2507 5501 2868 5558 inﬁrmitatem
2916 5511 3125 5567 curent,
3155 5513 3209 5557 et
3249 5503 3512 5573 spirituali

1949 5657 1996 5725 _'
2035 5661 2116 5727 sic
2129 5671 2317 5716 omnes,
2361 5670 2540 5720 praeter
2566 5663 2724 5714 Morel.
2752 5661 2832 5724 qui
2869 5659 3040 5724 habet,
3082 5660 3334 5714 libidinum
3370 5660 3514 5712 lusci-

1914 5729 2029 5778 t'tas,
2056 5733 2215 5771 uunus
2238 5728 2394 5772 recte.
