4080 6308
541 297 612 353 ει
1277 293 1335 349 S.
1373 291 1646 354 10.“le
1665 292 2098 351 CIIRYSOSTOI

2203 292 2493 349 tBCﬂlEP.
2533 293 3061 351 CONSTANTINOP.
3732 301 3805 359 ει

536 410 638 463 hae
658 405 896 461 doctrina
923 420 1037 461 non
1068 405 1238 461 solum
1269 421 1376 462 non
1410 406 1706 476 priventur,
1734 407 1899 464 sedet
1919 406 2097 478 pransi

537 499 656 567 plus
683 498 967 554 exhibeant
989 498 1170 554 studii.

605 589 664 643 Ξ.
697 587 806 643 Via
861 588 1071 645 diverse
1123 590 1303 660 quibus
1357 589 1451 643 Dei
1488 589 1826 669 benevolentia
1891 589 2112 658 acquiri-

532 688 637 736 tur.
665 709 740 720 -
761 679 896 736 Sunt
924 681 1088 745 enim,
1131 689 1254 735 sunt
1284 679 1525 750 profecto
1548 682 1647 736 vim
1693 678 2114 752 quibus‘ﬁducim

530 773 600 829 ad
635 773 798 829 Deum
819 774 995 843 janucc
1014 773 1206 842 aperiri
1237 783 1480 843 possunt,
1512 774 1684 829 multo
1705 773 1934 843 majores
1952 786 2110 842 quam

533 864 775 919 ciborum
800 864 1139 919 abstinentia.
1173 863 1334 935 Igitur
1359 866 1446 934 qui
1485 864 1658 919 cibum
1686 864 1876 934 accipit
1898 870 1952 917 et
1967 861 2112 933 jeju-

535 969 666 1018 nare
711 967 814 1006 non
843 954 1001 1016 valet,
1034 954 1312 1025 largiorem
1344 954 1433 1008 det
1461 954 1877 1025 eleemosynam,
1905 953 2114 1009 ferven-

533 1047 635 1099 tior
664 1045 734 1099 sit
763 1047 815 1099 in
846 1046 1108 1114 precibus,
1165 1047 1419 1114 majorem
1456 1047 1649 1102 habeat
1687 1048 2012 1102 alacritatem
2058 1045 2111 1100 in

530 1136 814 1190 amtieadis
827 1136 1022 1192 divinis
1045 1137 1294 1208 eloquiis,
1313 1138 1363 1191 in
1379 1137 1570 1207 quibus
1581 1138 1818 1210 corporis
1837 1136 2115 1191 inﬁrmitas

531 1226 664 1281 nihil
718 1226 929 1282 obstare
981 1236 1198 1295 potest:
1232 1227 1460 1284 inimicis
1497 1227 1906 1294 reconcilietur,
1951 1242 2112 1283 omne

530 1314 712 1370 odium
739 1325 793 1371 et
825 1315 1068 1371 vindicta:
1094 1317 1434 1386 cupiditatem
1473 1333 1539 1374 ex
1557 1317 1734 1400 animo
1768 1317 2023 1373 eliminet.
2055 1317 2111 1372 Si

534 1405 649 1461 hau:
673 1406 874 1472 fecerit,
904 1423 1086 1462 verum
1121 1407 1381 1479 jejunavit
1397 1409 1679 1479 jejunium,
1729 1409 1872 1480 quod
1899 1425 1929 1464 a
1959 1409 2115 1466 nobis

539 1497 872 1567 potissimum
899 1499 1140 1569 exposcit
1158 1499 1433 1556 Dominus.
1456 1501 1739 1570 Propterea
1756 1500 1896 1555 enim
1925 1500 2062 1556 hanc
2079 1515 2112 1555 a

534 1588 670 1642 cibis
693 1589 1067 1645 abstinentiam
1097 1590 1338 1645 adhiberi
1379 1591 1638 1662 praecipit,
1675 1599 1738 1646 ut
1779 1589 2110 1647 reirenantes

533 1679 712 1732 carnis
741 1679 1004 1746 lascivias,
1031 1695 1148 1734 eam
1169 1679 1549 1751 obsequentem
1570 1680 1863 1737 reddamus
1876 1681 1942 1736 ad
1961 1696 2112 1736 man-

532 1767 656 1822 data
685 1767 779 1822 Dei
806 1767 1093 1837 implenda.
1120 1769 1270 1838 Quod
1295 1771 1342 1825 si
1367 1771 1437 1826 ob
1467 1771 1834 1827 infirmitatem
1871 1773 2112 1842 corporis

532 1857 822 1914 subsidium
846 1859 965 1924 hoc,
995 1860 1135 1930 quod
1153 1861 1413 1930 jejunium
1441 1871 1656 1932 prastat
1676 1862 1830 1917 nobis
1858 1861 2112 1918 adhibere

532 1949 798 2016 nolumus,
824 1961 878 2006 et
905 1951 1123 2006 desidia;
1151 1951 1440 2007 deditiores
1471 1967 1674 2019 sumus,
1700 1954 1928 2009 maxima
1957 1954 2110 2010 nobis

533 2039 662 2107 ipsis
686 2039 878 2095 damna
907 2041 1267 2111 imprudentes
1290 2041 1579 2098 aﬂ‘erimus.
1601 2043 1733 2098 Nam
1757 2044 1803 2098 si
1821 2043 2103 2115 jejunium,

533 2130 842 2185 absentibus
867 2133 986 2187 aliis
1011 2132 1273 2202 przcdictis
1300 2133 1573 2202 operibus,
1601 2133 1734 2188 nihil
1769 2135 1922 2189 nobis
1948 2135 2108 2204 prod-

531 2230 636 2287 est,
668 2223 832 2278 multo
869 2226 1056 2294 magis,
1083 2225 1128 2279 si
1157 2242 1278 2280 cum
1296 2225 1483 2296 jejunii
1531 2226 1819 2296 pharmaco
1866 2229 1941 2283 uti
1997 2244 2102 2283 non

531 2313 835 2380 possimus,
891 2314 1189 2384 graviorem
1256 2316 1630 2386 negligentiam
1688 2318 2101 2374 exliibuerimus.

533 2401 658 2457 llaec
683 2412 860 2459 autem
885 2420 1005 2459 cum
1031 2420 1061 2459 a
1091 2407 1248 2461 nobis
1289 2407 1603 2475 didiceritis,
1633 2425 1849 2465 oramus
1877 2426 1993 2478 vos,
2015 2413 2104 2482 qui

528 2493 771 2562 jejunarc
793 2497 998 2564 valetis,
1025 2507 1082 2552 ut
1102 2500 1200 2568 ipsi
1227 2510 1479 2568 quantum
1519 2504 1781 2572 poteritis,
1825 2504 2019 2559 bonam
2045 2515 2102 2563 et

534 2582 851 2639 laudabilem
877 2587 1012 2641 hanc
1034 2598 1260 2643 vestram
1272 2591 1511 2661 augeatis
1525 2592 1874 2663 diligentiam.
1904 2595 2103 2663 Quanto

530 2673 673 2726 enim
706 2688 940 2730 externus
983 2689 1151 2732 noster
1178 2679 1326 2733 homo
1355 2685 1716 2754 corrumpitur,
1763 2694 1904 2740 tanto
1952 2688 2107 2742 inter-

529 2780 624 2817 nus
650 2777 920 2820 renovatur
944 2769 1020 2832 (2.
1051 2769 1172 2824 Cor.
1203 2772 1256 2824 4.
1282 2771 1406 2842 18).
1429 2772 1696 2843 Jejunium
1730 2775 1871 2830 enim
1911 2791 2104 2846 corpus

528 2853 847 2923 comprimit,
871 2865 925 2910 et
954 2856 1194 2913 lascivias
1219 2859 1548 2914 inordinatas
1574 2864 1827 2930 refrenat,
1858 2866 2089 2922 animam

529 2951 707 2997 autem
742 2945 1020 3000 clariorem
1048 2948 1230 3013 efﬁcit,
1262 2949 1364 3003 alis
1392 2952 1604 3006 instruit
1633 2963 1686 3007 ct
1715 2955 1996 3010 sublimem
2024 2958 2099 3012 le-

529 3047 757 3103 vemque
804 3033 947 3089 facit.
978 3036 1192 3092 Fratres
1221 3054 1436 3109 quoque
1477 3051 1703 3109 vestros,
1751 3053 2009 3114 quotquot
2033 3047 2102 3101 ob

528 3125 766 3192 corporis
789 3126 1141 3182 valetudinem
1157 3129 1399 3197 jejunare
1417 3143 1702 3201 nequeunt,
1726 3135 2098 3202 exhortemini,

530 3227 598 3266 ne
637 3214 963 3282 spiritualem
996 3217 1130 3271 hanc
1159 3232 1397 3273 mensam
1440 3220 1763 3290 relinquant,
1790 3235 1844 3278 et
1873 3226 1937 3279 ad
1983 3227 2099 3281 illos

527 3303 721 3359 referte
744 3320 861 3372 qua:
885 3321 914 3359 a
961 3305 1114 3362 nobis
1153 3307 1449 3364 didiceritis
1473 3352 1489 3377 ,
1534 3312 1826 3369 indicantes
1850 3331 1969 3370 eum
2009 3319 2099 3388 qui

527 3391 799 3446 moderate
826 3394 1057 3448 comedit
1083 3404 1136 3451 et
1157 3396 1289 3450 bibit
1315 3413 1420 3453 non
1459 3400 1728 3471 indignum
1757 3402 1857 3458 hoc
1893 3406 2099 3461 audito-

527 3482 610 3537 rio
625 3497 762 3547 esse,
791 3484 882 3538 sed
900 3501 1020 3539 eum
1038 3487 1126 3554 qui
1165 3485 1319 3542 deses
1341 3498 1394 3543 et
1418 3489 1704 3547 dissolutus
1731 3495 1820 3548 sit.
1851 3494 1920 3552 Et
1939 3497 2097 3555 dicite

527 3574 606 3628 eis
627 3574 642 3604 ¹
670 3576 1021 3643 apostolicum
1045 3577 1146 3632 hoc
1185 3579 1387 3634 dictum
1421 3599 1433 3634 :
1464 3580 1532 3634 Et
1559 3585 1644 3652 qui
1663 3586 1954 3653 manducet,
1983 3589 2094 3645 Do-

524 3662 661 3716 mino
706 3664 975 3718 manducet
1029 3683 1048 3719 :
1089 3678 1135 3720 et
1160 3668 1247 3738 qui
1275 3686 1374 3723 non
1397 3672 1688 3737 manducet,
1734 3675 1949 3732 Domino
1993 3698 2094 3737 non

522 3753 812 3822 manducet,
845 3766 892 3808 et
936 3760 1129 3827 gratias
1155 3759 1259 3831 agit
1307 3759 1412 3819 Deo
1454 3760 1628 3834 (Rom.
1669 3765 1752 3820 id.
1797 3767 1887 3838 6).
1939 3770 2094 3841 Igitur

521 3843 610 3913 qui
628 3843 852 3913 jejunat,
877 3848 1074 3916 gratias
1093 3850 1202 3918 agit
1233 3849 1475 3916 Domino,
1506 3853 1594 3922 qui
1630 3855 1771 3911 vires
1816 3859 1864 3912 ei
1913 3860 2094 3917 tribuit

524 3931 591 3987 ad
627 3928 884 3990 l'crendos
921 3936 1111 4005 jejunii
1143 3939 1353 3994 labores
1387 3958 1400 3994 :
1446 3952 1498 3996 et
1527 3945 1614 4011 qui
1646 3947 1944 4015 manducat,
1993 3952 2092 4005 ite-

523 4037 640 4077 rum
666 4026 862 4093 gratias
890 4027 997 4095 agit
1037 4028 1164 4093 Dco,
1195 4030 1315 4099 quia
1339 4031 1389 4085 id
1421 4033 1550 4086 nihil
1577 4037 1745 4104 ipsum
1772 4039 1964 4095 laedere
1997 4057 2092 4111 po-

520 4118 646 4178 test,
681 4114 962 4181 quominus
986 4115 1177 4171 anima:
1221 4119 1444 4174 salutem
1466 4132 1603 4191 agat.
1628 4126 1789 4180 modo
1818 4130 1964 4183 velit.
1991 4130 2092 4185 Tot

517 4201 664 4256 enim
691 4203 843 4258 nobis
873 4203 984 4259 vias
1035 4208 1238 4275 paravit
1279 4209 1538 4279 benignus
1585 4213 1744 4279 Deus,
1772 4227 1902 4286 quot
1935 4235 2091 4274 enar-

515 4306 638 4346 rare
673 4308 780 4348 non
807 4309 1108 4365 possumus,
1145 4313 1242 4368 per
1281 4315 1444 4370 quas,
1475 4303 1522 4357 si
1554 4306 1898 4374 voluerimus,
1939 4326 2087 4365 sum-

515 4397 660 4438 mam
698 4383 942 4442 ﬁduciam
977 4391 1184 4459 assequi
1227 4391 1368 4446 licet.
1408 4393 1530 4450 Haec
1583 4407 1799 4466 propter
1841 4401 2088 4458 absentes

515 4470 716 4529 dixisse
736 4475 799 4529 sit
831 4477 980 4543 satis,
1013 4487 1073 4534 ut
1107 4479 1322 4535 tollatur
1365 4484 1442 4539 eis
1481 4487 1702 4555 pudoris
1732 4491 2000 4558 obtentus,
2034 4505 2088 4551 et

514 4564 732 4632 sciatur,
761 4582 864 4622 non
908 4579 1155 4638 oportere
1185 4581 1403 4642 propter
1431 4574 1530 4630 hoc
1560 4579 1761 4647 pudore
1814 4583 2042 4641 sull'nndi
2071 4606 2084 4642 :

514 4671 689 4726 neque
726 4659 866 4712 enim
911 4662 1207 4718 comedisse
1254 4665 1517 4733 pudorem
1567 4671 1718 4726 nobis
1768 4674 1939 4742 atl'ert,
1990 4680 2084 4733 sed

513 4745 638 4801 mali
667 4748 933 4818 quidpiam
960 4753 1152 4822 egisse.

583 4834 844 4908 Confessio
867 4852 1201 4910 peccatorum.
1221 4844 1573 4918 Temperantia
1591 4853 1659 4906 ad
1683 4855 1942 4912 sanitatem
1958 4877 2081 4914 cou-

511 4927 667 4980 ducit.
691 4958 764 4970 -—
794 4930 1070 4987 Peccatum
1114 4951 1301 5007 magna
1331 4941 1597 5011 turpitudo
1623 4954 1704 5000 est
1729 4967 1743 5002 :
1782 4950 1826 5003 si
1857 4950 1958 5006 hoc
1983 4955 2081 5009 ad-

512 5019 789 5086 mittimus,
821 5035 926 5076 non
953 5026 1124 5080 solum
1149 5029 1463 5086 erubescere
1487 5033 1759 5102 debemus,
1790 5041 1883 5095 sed
1905 5051 1959 5097 et
1983 5059 2080 5100 nos

502 5106 795 5174 occultare,
840 5119 897 5164 et
941 5112 1164 5168 miseros
1208 5115 1386 5172 dicere
1426 5135 1523 5175 nos
1571 5122 1710 5192 ipsos
1746 5143 1849 5183 non
1879 5133 2072 5199 minus,

503 5210 668 5290 quam
712 5201 800 5269 qui
830 5202 880 5255 in
913 5205 1182 5274 scopulum
1227 5208 1594 5281 impegerunt:
1625 5217 1730 5270 imo
1755 5235 1924 5290 neque
1955 5233 2078 5281 tunc

506 5285 839 5355 despondere
881 5293 1112 5348 animum
1135 5337 1151 5362 ,
1199 5299 1291 5353 sed
1318 5300 1385 5355 ad
1413 5303 1798 5362 confessionem
1817 5285 1916 5377 ,-et
1939 5317 2075 5369 resi-

509 5379 814 5445 piscentiam
859 5381 1112 5440 festinare
1154 5388 1427 5446 debemus.
1473 5394 1783 5464 Hujusmodi
1827 5404 1964 5457 enim
1993 5416 2074 5460 est

504 5467 760 5524 Dominus
786 5483 984 5540 noster,
1011 5477 1100 5545 qui
1125 5477 1257 5533 nihil
1281 5480 1419 5536 aliud
1450 5486 1668 5555 requirit
1692 5488 1922 5548 admisso
1946 5509 2071 5564 pec-

567 5601 608 5679 ί.-
622 5606 734 5679 Ἦ]
760 5617 902 5679 Ψυξε
926 5604 1190 5679 Ψάίεῖίπαεδ
1205 5614 1421 5679 {motum
1441 5629 1504 5666 ea:
1539 5618 1613 5670 bis
1635 5623 1928 5677 sermonibus
1948 5625 2075 5678 acci-

505 5673 564 5727 γει
580 5661 745 5716 admit.
771 5673 827 5716 Et
849 5667 991 5723 dicite
1012 5671 1097 5734 eis,
1119 5661 1311 5727 omissis
1325 5661 1638 5743 iiiiéiﬁosiﬁ;

2221 414 2362 472 cato,
2390 407 2436 461 si
2471 405 2682 477 quando
2721 420 2815 476 per
2857 407 3119 478 ignaviam
3165 405 3500 479 deliquimus,
3545 426 3703 481 quam
3741 424 3806 469 ut

2221 507 2400 553 errata
2444 497 2810 563 conﬁteamur,
2862 513 2964 554 nec
3002 499 3143 553 ultra
3185 499 3606 571 progrediamur,
3632 503 3717 560 vel
3745 503 3808 559 in

2219 587 2406 644 eadem
2442 587 2760 644 recidamus.
2805 586 3068 644 Caeterum
3109 604 3230 645 cum
3273 590 3394 647 cibo
3422 602 3621 648 nostra:
3646 608 3804 649 men-

2219 693 2360 735 surte
2404 679 2716 749 congruenti
2761 680 2993 745 utimur,
3047 696 3332 753 numquam
3376 683 3804 744 erubescamus:

2220 785 2346 825 nam
2374 769 2629 827 Dominus
2652 786 2749 827 nos
2774 771 2866 826 tali
2894 775 3106 842 corpori
3129 773 3441 844 conjunctae
3470 789 3591 831 esse
3615 776 3804 837 voluit.

2220 861 2361 931 quod
2381 858 2538 916 aliter
2559 862 2852 918 consistere
2879 862 3060 933 nequit
3083 863 3186 918 nisi
3213 863 3335 919 cibo
3355 875 3620 934 pascatur,
3642 866 3807 921 modo

2219 951 2395 1007 cibum
2425 950 2648 1006 nimium
2676 967 2745 1008 ne
2767 966 3045 1008 sumamus
3077 970 3089 1008 :
3121 953 3174 1008 id
3201 954 3342 1022 quod
3373 955 3528 1010 nobis
3550 956 3618 1011 ad
3655 956 3810 1011 sani-

2221 1051 2382 1098 tatem
2446 1052 2500 1097 et
2549 1043 2789 1115 corporis
2849 1045 3042 1099 bonam
3096 1043 3461 1102 habitudinem
3518 1046 3807 1117 plurimum

2218 1132 2484 1189 conducit.
2519 1135 2709 1188 Annon
2734 1133 2922 1188 videtis
2949 1132 3187 1205 quotidie
3209 1150 3276 1191 ex
3300 1137 3623 1207 sumptuosis
3644 1152 3806 1192 meno

2218 1227 2292 1280 sis
2314 1235 2368 1285 et
2406 1226 2687 1281 immodica
2734 1226 2964 1298 ingluvie
3002 1226 3208 1282 inﬁnita
3250 1229 3557 1284 morborum
3604 1243 3805 1300 genera

2218 1321 2433 1378 induci?
2477 1321 2628 1381 Unde
2673 1323 2958 1392 podagrae?
3000 1321 3145 1379 Unde
3167 1324 3357 1394 capitis
3382 1323 3634 1379 dolores?
3662 1322 3807 1379 unde

2217 1420 2587 1480 corruptorum
2633 1411 2916 1466 humorem
2955 1411 3312 1467 abundantia?
3360 1412 3499 1467 unde
3538 1411 3806 1467 innumeri

2217 1500 2305 1556 alii
2328 1501 2534 1556 morbi?
2556 1499 2743 1556 Nonne
2770 1501 2837 1556 ab
2857 1501 3266 1573 intemperantia
3295 1512 3348 1557 et
3372 1502 3618 1573 largiore,
3641 1517 3803 1572 quam

2217 1610 2311 1664 par
2337 1597 2426 1661 sit,
2469 1596 2574 1650 vini
2621 1597 2788 1665 potu?
2828 1596 2959 1650 Nam
3005 1597 3142 1652 sicut
3185 1597 3355 1664 navis,
3402 1612 3522 1668 quae
3545 1596 3694 1665 aquis
3729 1596 3803 1650 ita

2217 1688 2484 1760 impletur,
2510 1698 2567 1744 ut
2610 1689 2876 1745 exhauriri
2907 1698 3152 1760 nequeat,
3185 1694 3363 1746 statim
3402 1689 3758 1760 submergitur
3785 1705 3801 1742 :

2215 1779 2286 1834 ita
2316 1792 2369 1835 et
2401 1782 2559 1835 homo
2583 1779 2794 1850 quando
2822 1780 3056 1851 crapula:
3081 1790 3136 1836 et
3160 1779 3406 1835 ebrietati
3442 1782 3674 1849 seipsum
3701 1779 3802 1834 de-

2214 1868 2370 1936 didit,
2404 1869 2455 1923 in
2485 1885 2722 1940 praeceps
2748 1868 2913 1935 vadit,
2946 1879 3000 1925 et
3023 1871 3280 1926 rationem
3307 1886 3455 1924 suam
3483 1870 3800 1938 submergit,

2213 1960 2442 2033 denique
2465 1961 2607 2032 jacet
2647 1962 2797 2033 quasi
2845 1964 3020 2016 vivum
3050 1962 3297 2028 cadaver,
3328 1963 3393 2016 ad
3419 1962 3558 2016 mala
3585 1961 3802 2031 quidem

2213 2051 2482 2121 operando
2530 2067 2674 2122 saepe
2716 2053 2925 2118 habilis,
2967 2053 3034 2107 ad
3065 2053 3201 2108 bona
3229 2061 3405 2109 autem
3431 2054 3607 2108 omnia
3631 2051 3804 2106 nihilo

2212 2157 2272 2198 se
2297 2143 2488 2198 melius
2527 2144 2751 2208 habens,
2781 2160 2938 2214 quam
2970 2145 3184 2199 mortui.

2285 2233 2340 2287 5.
2382 2233 2582 2289 Idcirco
2613 2235 2855 2300 obsecro,
2887 2244 2943 2290 ut
2969 2237 3257 2291 secundum
3297 2235 3510 2292 beatum
3551 2237 3796 2300 Paulum,

2212 2324 2389 2378 Carnis
2429 2341 2604 2378 curam
2646 2343 2708 2380 ne
2749 2327 2910 2396 agatis
2939 2327 3007 2380 ad
3042 2329 3468 2398 concupiscentias
3499 2326 3670 2399 (Rom.
3705 2328 3798 2382 15.

2211 2415 2323 2486 id),
2349 2416 2444 2471 sed
2482 2426 2537 2471 ut
2577 2418 2790 2486 possitis
2837 2417 3148 2483 subsistere,
3191 2427 3245 2473 et
3285 2418 3474 2488 majori
3523 2419 3804 2474 alacritate

2208 2504 2366 2560 rebus
2413 2506 2773 2576 Spiritualibus
2819 2523 3036 2578 cperam
3067 2508 3215 2563 dare.
3257 2507 3384 2563 Haec
3408 2510 3582 2563 omnia
3614 2508 3800 2564 fratri-

2208 2595 2306 2649 bus
2333 2598 2520 2651 vestris
2560 2597 2736 2663 dicite,
2768 2607 2820 2653 et
2851 2598 3070 2652 suadete
3100 2598 3224 2663 illis,
3255 2613 3320 2653 ne
3349 2615 3596 2668 umquam
3631 2599 3796 2670 Spiri-

2208 2686 2333 2739 tuali
2365 2684 2466 2740 hoc
2501 2685 2754 2741 alimento
2783 2702 2841 2743 se
2868 2689 3110 2757 privent;
3159 2689 3254 2744 sed
3294 2690 3393 2744 etsi
3439 2692 3616 2758 pransi
3658 2692 3793 2756 sint,

2209 2775 2422 2829 veniant
2450 2778 2594 2830 omni
2624 2792 2744 2831 cum
2770 2778 3062 2844 alacritate,
3089 2788 3149 2833 ut
3177 2791 3392 2849 accepta
3419 2781 3505 2834 hic
3527 2781 3795 2851 spirituali

2208 2865 2472 2933 doctrina,
2502 2868 2775 2924 diabolicis
2806 2871 3009 2925 insidiis
3049 2871 3255 2927 fortiter
3283 2875 3534 2929 resistere
3563 2876 3794 2944 pOs‘SiIIL

2204 2957 2469 3013 Caeterum
2512 2960 2664 3014 vobis
2710 2971 3017 3017 consuetam
3065 2963 3392 3032 spiritualem
3425 2981 3660 3021 mensam
3691 2981 3797 3021 nos

2205 3063 2552 3118 apponamus,
2582 3053 2816 3107 caritatis
2845 3064 3037 3108 vestrae
3068 3055 3119 3108 in
3152 3055 3426 3110 audiendis
3451 3055 3648 3112 divinis
3675 3065 3795 3113 stu-

2206 3138 2347 3192 dium
2378 3140 2455 3193 sic
2494 3145 2902 3210 remuneraturi,
2933 3155 2984 3198 et
3014 3144 3249 3200 debitum
3279 3147 3419 3215 quod
3449 3149 3791 3216 promisimus

2203 3231 2516 3285 exsoluturi.
2563 3233 2721 3288 Scitis
2755 3235 2896 3289 enim
2945 3236 3180 3301 omnino,
3223 3247 3277 3291 et
3305 3239 3641 3304 meministis,
3685 3255 3791 3296 nos

2203 3318 2273 3374 de
2315 3320 2542 3378 hominis
2590 3322 2905 3380 formatione
2945 3327 3124 3382 dicere
3161 3328 3408 3398 cmpisse,
3453 3339 3506 3383 et
3543 3333 3786 3399 angustia

2204 3413 2456 3482 temporis
2504 3415 2841 3484 prmpeditos,
2885 3417 3162 3481 lectionem
3193 3428 3354 3472 totam
3391 3419 3644 3488 perﬁcere
3675 3437 3786 3479 non

2200 3505 2458 3571 valentes,
2504 3505 2556 3559 in
2606 3505 2846 3562 doctrina
2888 3507 2955 3562 de
3001 3507 3230 3564 ferarum
3262 3509 3486 3564 utilitate
3511 3511 3671 3565 tinem
3701 3511 3782 3567 fe-

2197 3594 2358 3660 cisse,
2384 3595 2746 3662 ostendentes,
2795 3597 3062 3654 hominem
3109 3611 3324 3670 propter
3365 3601 3780 3658 inobedientiam

2196 3696 2228 3738 a
2257 3685 2571 3754 principatu,
2615 3701 2773 3756 quem
2823 3688 2969 3757 prius
3015 3703 3174 3758 super
3213 3705 3305 3744 eas
3342 3690 3588 3756 habebat,
3628 3695 3780 3747 exci-

2197 3774 2358 3830 disse.
2380 3774 2535 3830 Unde
2564 3775 2720 3831 hodie
2745 3780 2883 3847 quod
2905 3778 3165 3848 reliquum
3190 3790 3270 3835 est
3288 3781 3592 3847 reddemus,
3619 3792 3783 3852 atque

2197 3865 2266 3920 ita
2321 3865 2443 3920 hinc
2491 3879 2588 3921 vos
2640 3866 2986 3924 dimittemus.
3041 3869 3108 3924 Et
3159 3879 3215 3924 ut
3265 3870 3593 3927 manifestior
3626 3873 3780 3927 vobis

2197 3969 2371 4011 sermo
2417 3968 2598 4012 neSter
2640 3960 2728 4024 sit,
2774 3974 2950 4027 opera:
2990 3961 3216 4029 pretium
3245 3961 3403 4016 fuerit
3445 3965 3770 4029 meminisse,

2198 4048 2283 4102 ubi
2323 4057 2448 4103 tunc
2487 4050 2706 4104 missum
2737 4052 3019 4107 fecerimus
3047 4069 3370 4117 sermonem,
3399 4065 3453 4108 ut
3481 4056 3603 4110 inde
3630 4054 3777 4112 facto

2197 4139 2364 4204 initio,
2408 4155 2524 4208 quae
2550 4141 2749 4210 reliqua
2776 4151 2901 4196 sunt
2930 4143 3262 4212 impleamus.
3295 4144 3394 4200 Ubi
3425 4146 3580 4215 igitur
3607 4147 3774 4203 ﬁnem

2197 4229 2405 4284 dicendi
2437 4230 2693 4286 fecimus?
2721 4231 2852 4286 Cum
2873 4232 3103 4288 diximus
3131 4234 3197 4289 de
3223 4236 3323 4289 illis
3349 4237 3546 4302 verbis,
3580 4236 3773 4292 Facia-

2194 4336 2306 4374 mus
2355 4321 2602 4377 hominem
2638 4326 2907 4378 secundum
2935 4326 3202 4395 imaginem
3225 4338 3466 4394 nostram,
3499 4337 3546 4383 ct
3585 4347 3776 4385 secun-

2195 4411 2314 4465 dum
2351 4413 2743 4480 similitudinem,
2786 4422 2834 4468 et
2875 4415 3193 4471 dominentur
3238 4419 3456 4486 piscibus
3497 4422 3671 4484 maris,
3719 4433 3772 4476 et

2192 4500 2473 4556 volucribus
2495 4503 2624 4565 caeli,
2656 4504 2774 4570 quia
2805 4513 2928 4558 tunc
2953 4502 3129 4559 sermo
3161 4507 3413 4575 prolixior
3443 4507 3558 4570 fuit,
3589 4519 3647 4571 et,
3668 4526 3772 4565 na-

2193 4598 2302 4642 tum
2346 4599 2427 4646 est
2468 4592 2618 4646 nobis
2666 4594 2882 4662 pelagus
2919 4595 3180 4663 quoddam
3225 4600 3626 4664 sententiarum,
3667 4616 3772 4658 nec

2190 4694 2519 4746 concessum,
2553 4691 2611 4736 ut
2639 4683 2860 4738 ulterius
2893 4686 3350 4754 progrederemur,
3383 4691 3474 4743 sed
3505 4690 3769 4748 hactenus

2190 4770 2442 4838 producto
2481 4787 2745 4837 sermone,
2796 4775 3068 4844 sequentia
3112 4792 3216 4831 non
3269 4781 3556 4850 attigimus.
3609 4783 3768 4841 Unrle

2188 4875 2324 4915 nunc
2365 4862 2741 4931 necessarium,
2786 4873 2842 4918 ut
2877 4867 3079 4921 caritati
3104 4877 3294 4924 vestra:
3323 4886 3440 4938 que
3470 4883 3766 4943 sequuntur

2187 4952 2442 5022 legantur,
2492 4965 2548 5008 ut
2587 4955 2722 5010 scire
2762 4956 2974 5024 possitis
2999 4974 3242 5028 quaenam
3290 4961 3436 5015 vobis
3465 4963 3651 5017 dicturi
3681 4966 3764 5020 si-

2185 5058 2322 5097 mus.
2361 5045 2545 5100 Statim
2575 5047 2729 5115 igitur
2757 5048 2933 5101 divina
2963 5049 3230 5119 Scriptura
3268 5053 3500 5108 subdidit
3534 5055 3661 5112 ιε’-7.
3694 5056 3762 5112 Et

2183 5135 2296 5203 fecit
2314 5133 2449 5189 Deus
2469 5136 2740 5200 hominem;
2760 5139 3031 5192 secundum
3051 5140 3315 5212 imaginem
3339 5142 3435 5197 Dei
3452 5147 3564 5216 [erit
3587 5147 3757 5213 illum;

2183 5227 2460 5280 masculum
2503 5238 2549 5281 et
2579 5228 2815 5296 fenu'nam
2845 5229 2958 5296 fecit
2983 5231 3115 5286 illos.
3145 5233 3237 5288 28.
3278 5232 3345 5287 Et
3371 5236 3620 5290 benedixit
3651 5237 3758 5294 illis

2182 5311 2318 5367 Deus
2371 5317 2538 5370 dicens
2568 5334 2586 5370 :
2626 5316 2843 5372 Crescite
2885 5329 2934 5372 et
2970 5323 3411 5392 multiplicamini,
3460 5335 3505 5378 et
3551 5327 3758 5396 implete

2182 5415 2382 5470 terram,
2409 5418 2454 5461 et
2479 5409 2799 5462 dominemini
2826 5411 2893 5474 ei;
2921 5421 2965 5466 et
2987 5412 3308 5467 dominamini
3338 5418 3552 5483 piscibus
3577 5417 3753 5487 maris,

2177 5507 2224 5549 et
2253 5498 2534 5553 volatilibus
2553 5502 2681 5568 cali,
2699 5512 2744 5556 et
2770 5505 2997 5558 omnibus
3008 5507 3281 5575 pecoribus,
3299 5519 3345 5562 et
3361 5511 3496 5562 omni
3518 5519 3682 5576 εει-ηε,
3705 5527 3753 5566 et

2176 5590 2405 5645 omnibus
2430 5593 2687 5662 reptilibus
2703 5597 2984 5663 repentibus
3011 5614 3162 5665 super
3189 5608 3392 5654 terram.
3428 5600 3598 5654 Pauca
3627 5614 3754 5658 sunt

2178 5680 2361 5746 verba.
2379 5683 2470 5738 sed
2487 5698 2704 5754 magnus
2735 5687 3034 5744 reconditus
3064 5689 3342 5746 thesaurus
3362 5690 3415 5746 in
3435 5702 3539 5748 tam
3565 5693 3752 5764 paucis
