4080 6308
352 365 421 425 “
1465 358 1531 416 ΙΝ
1568 358 1723 417 CAP.
1765 357 1809 415 l.
1847 353 2092 416 cenes.
2137 356 2374 416 HOMIL.
2414 355 2485 416 Xa.
3595 357 3670 416 88

355 467 571 536 verbis.
613 475 820 548 Spiritu
866 473 1007 532 enim
1051 474 1277 545 loquens
1319 473 1507 529 beatus
1538 473 1626 528 hic
1667 473 1949 545 propheta,

357 586 498 627 nunc
518 585 620 626 nos
648 583 844 624 arcana
868 566 1111 639 quaedam
1135 566 1331 622 docere
1353 566 1484 620 vult.
1513 565 1643 620 Nam
1675 575 1954 635 postquam

355 661 511 726 dixit,
542 660 821 733 Faciamus
846 660 1120 720 hominem,
1148 667 1203 713 et
1239 658 1542 722 consilium,
1571 667 1646 722 et,
1681 667 1738 712 ut
1768 659 1838 711 ita
1867 656 1954 710 di-

357 770 499 822 eam,
530 753 766 809 studium
798 752 1038 807 adhibuit
1062 753 1301 807 omnium
1343 752 1553 821 Opifex,
1585 760 1642 805 ut
1665 750 1767 806 hoc
1796 751 1953 806 scire-

358 857 504 903 mate
527 846 788 902 formandi
812 845 1042 900 hominis
1067 833 1374 915 dignitate'm
1398 843 1726 909 ostenderet,
1753 851 1808 896 et
1830 852 1954 897 ante

360 938 736 994 formationem
789 937 950 991 etiam
1001 935 1237 998 doceret,
1292 944 1548 1005 quantum
1601 934 1954 1004 principatum

361 1029 641 1086 formando
662 1029 862 1084 homini
885 1028 1105 1082 daturus
1127 1036 1288 1083 esset.
1314 1027 1494 1098 Itaque
1511 1043 1633 1082 cum
1651 1027 1783 1080 dixit
1807 1044 1818 1080 :
1842 1025 1954 1079 Fa-

360 1121 558 1174 ciamus
581 1121 836 1174 hominem
872 1118 1150 1172 secundum
1193 1119 1463 1188 imaginem
1508 1129 1754 1184 nostram,
1801 1126 1848 1169 et
1872 1133 1954 1170 se-

361 1211 584 1264 cundum
609 1210 1018 1273 similitudinem;
1058 1208 1312 1273 subdidit,
1369 1219 1415 1263 et
1448 1209 1770 1263 dominentur
1800 1209 1955 1277 pisci-

362 1300 452 1355 bus
505 1302 683 1354 maris.
717 1300 849 1356 Vide
884 1289 1156 1371 quomodo
1202 1301 1379 1355 statim
1411 1301 1478 1355 ab
1509 1301 1659 1355 initio
1701 1301 1955 1356 latentem

365 1393 519 1449 nobis
566 1394 874 1454 thesaurum
932 1393 1283 1448 demonstrat.
1331 1392 1530 1462 Spiritu
1576 1393 1716 1447 enim
1771 1392 1961 1448 divino

363 1485 592 1556 loquens
635 1484 919 1555 propheta,
966 1501 1086 1554 quae
1115 1484 1350 1539 nondum
1394 1484 1772 1548 subsistebant,
1804 1484 1957 1554 quasi

364 1574 706 1630 subsistentia
736 1584 789 1629 et
818 1573 955 1630 facta
985 1573 1150 1629 videt.
1186 1574 1365 1642 Quare
1391 1589 1541 1642 ergo,
1574 1574 1677 1638 dic,
1708 1573 1954 1641 obsecro,

364 1677 422 1722 ut
447 1667 604 1732 dixit,
637 1665 913 1721 Faciamus
943 1667 1216 1733 hominem,
1244 1683 1386 1722 nunc
1411 1668 1566 1732 dixit,
1591 1665 1657 1720 El
1687 1665 1956 1720 dominen-

366 1758 475 1812 tur.’
495 1755 774 1813 Occultum
796 1755 950 1810 nobis
977 1764 1368 1812 sacramentum
1396 1756 1482 1810 hic
1497 1759 1606 1826 jam
1627 1771 1960 1824 consequen-

364 1857 448 1903 ter
470 1847 728 1904 declarat.
759 1847 984 1914 Quinam
1023 1846 1399 1902 dominentur?
1435 1845 1674 1902 Mulieris
1710 1845 1962 1901 videlicet

366 1941 596 1996 innueus
637 1939 1006 1994 formationem
1037 1939 1139 1995 hoc
1163 1939 1313 1993 dixit.
1347 1938 1509 1994 Vides
1533 1939 1801 2011 quomodo
1827 1938 1959 1994 nihil

365 2030 507 2087 inest
531 2030 725 2086 divinis
752 2030 947 2086 Literis
976 2039 1182 2086 temere
1207 2041 1261 2086 et
1283 2030 1485 2101 absque
1503 2045 1661 2086 causa
1704 2031 1956 2100 positum,

363 2120 632 2192 etiamque
674 2121 895 2177 verbum
941 2120 1084 2192 quod
1114 2119 1391 2177 fortuitum
1422 2120 1588 2176 videri
1617 2129 1819 2192 posset,
1847 2136 1964 2176 ma-

364 2228 525 2284 gnum
558 2213 866 2268 thesaurum
895 2213 948 2267 in
973 2227 1031 2268 se
1058 2212 1313 2268 latentem
1338 2213 1599 2268 continet.

434 2305 488 2360 ι.
525 2305 594 2360 Et
613 2321 681 2360 ne
727 2306 939 2361 mireris
961 2346 976 2372 ,
1018 2305 1244 2373 dilecte,
1292 2304 1436 2376 quod
1472 2305 1674 2360 dictum
1705 2313 1808 2361 est.
1840 2305 1958 2361 Mos

365 2395 507 2451 enim
541 2395 626 2450 hic
650 2406 735 2450 est
762 2395 1137 2467 prophetarum
1163 2396 1426 2464 omnium,
1453 2394 1522 2450 de
1545 2395 1782 2450 nondum
1808 2394 1962 2451 factis

367 2498 425 2544 ut
463 2488 531 2544 de
561 2487 715 2545 factis
742 2489 906 2560 loqui.
940 2488 1074 2556 Quia
1101 2490 1245 2545 enim
1276 2489 1596 2544 mentalibus
1620 2489 1789 2545 oculis
1815 2489 1963 2545 vide-

367 2579 496 2636 bant
531 2597 652 2653 qua:
699 2592 820 2652 post
865 2582 1156 2636 multarunt
1201 2596 1465 2637 annorum
1502 2581 1765 2638 curricula
1806 2589 1963 2636 erant

369 2673 544 2729 futura
569 2714 586 2740 ,
639 2674 838 2731 idcirco
861 2676 1011 2746 quasi
1043 2691 1185 2731 nunc
1224 2675 1502 2731 obe=oculos
1545 2677 1716 2748 posita
1753 2687 1962 2747 specta-

366 2773 521 2833 rent,
577 2765 649 2820 ita
695 2773 886 2822 cuncta
928 2766 1232 2821 narrabant.
1288 2766 1357 2822 Et
1395 2782 1501 2837 quo
1535 2765 1818 2823 manifeste
1860 2767 1964 2824 hoc

367 2856 525 2924 scias,
552 2857 676 2912 audi
700 2857 915 2913 beatum
943 2858 1198 2914 Davidem
1227 2858 1514 2925 dicentem,
1542 2868 1596 2915 et
1615 2867 1739 2914 ante
1760 2869 1836 2915 tot
1862 2875 1964 2915 sae-

363 2949 480 3003 cula
523 2948 908 3006 vaticinantem
927 2950 997 3006 de
1037 2965 1197 3007 cruce
1223 2951 1458 3017 Christi,
1505 2961 1560 3007 et
1589 2953 1909 3008 clamantem
1945 2971 1959 3004 :

365 3040 630 3096 Foderunt
660 3059 838 3098 manus
863 3059 1001 3097 meas
1029 3053 1076 3097 et
1103 3045 1252 3114 pedes
1275 3061 1412 3099 meos
1434 3061 1452 3109 ;
1477 3053 1531 3100 et
1559 3045 1783 3112 iterum,
1811 3043 1960 3098 Divi-

363 3143 534 3188 serunt
559 3135 850 3188 vestimenta
870 3151 980 3188 mea
1003 3135 1098 3188 sibi
1128 3133 1297 3207 (Psal.
1324 3135 1415 3189 2i.
1452 3137 1540 3189 Π.
1568 3145 1615 3189 et
1655 3134 1770 3207 19).
1801 3135 1963 3191 Vides

362 3225 635 3294 quomodo
658 3235 780 3294 post
803 3225 1018 3295 longum
1048 3235 1259 3297 tempus
1288 3224 1487 3293 futura,
1516 3228 1667 3298 quasi
1688 3227 1798 3298 jam
1823 3227 1960 3283 facta

363 3317 653 3388 pratdixit?
694 3319 783 3376 Sic
808 3328 862 3374 et
898 3319 1097 3391 beatus
1123 3319 1210 3374 hic
1241 3321 1498 3390 propheta
1533 3321 1641 3389 jam
1686 3320 1962 3378 insinuans

363 3411 520 3467 nobis
549 3411 792 3467 mulieris
836 3412 1208 3468 formationem
1232 3455 1247 3479 ,
1294 3413 1625 3483 acnigmatice
1655 3422 1710 3468 et
1732 3414 1961 3470 obscure

363 3501 492 3558 dicit
529 3520 544 3557 :
596 3501 662 3556 Et
697 3503 1019 3557 dominentur
1056 3504 1276 3574 piscibus
1322 3503 1498 3557 maris.
1549 3503 1617 3558 Et
1644 3519 1962 3574 progressus

362 3594 503 3649 ultra
535 3594 870 3650 manifestius
898 3595 1102 3666 inquit,
1146 3595 1214 3649 Et
1243 3596 1360 3664 fecit
1390 3593 1528 3650 Deus
1555 3597 1845 3660 hominem;
1882 3612 1961 3650 εει

362 3685 584 3741 cundum
617 3687 888 3758 imaginem
913 3685 1012 3741 Dei
1050 3687 1167 3758 fecit
1208 3687 1393 3754 illum;
1421 3687 1702 3742 masculum
1740 3696 1784 3739 et
1807 3688 1958 3757 femi-

363 3794 484 3832 nam
515 3778 634 3849 fecit
657 3778 794 3834 illos.
837 3777 1217 3833 Animadverte
1252 3787 1446 3848 quanta
1480 3793 1606 3832 usus
1627 3787 1709 3832 est
1737 3792 1958 3833 accura-

363 3870 534 3938 tione,
561 3872 728 3926 semel
754 3880 916 3941 atque
947 3872 1138 3926 iterum
1171 3871 1309 3925 idem
1341 3871 1524 3925 dicens
1545 3912 1560 3936 ,
1597 3879 1656 3924 ut
1680 3870 1732 3924 in
1760 3871 1958 3926 menti-

363 3961 466 4018 bus
517 3962 823 4018 auditorum
854 3961 991 4018 bene
1034 3961 1221 4032 reponi
1269 3963 1477 4033 possint
1521 3978 1640 4033 qua:
1687 3961 1956 4018 dicuntur.

363 4052 477 4110 Nisi
519 4055 663 4110 enim
690 4055 793 4110 hoc
811 4054 860 4111 ei
891 4070 1034 4110 cura:
1066 4055 1288 4123 fuisset,
1321 4053 1622 4110 sufficiebat
1646 4055 1860 4122 dicere,
1892 4056 1960 4110 Et

365 4147 484 4218 fecit
521 4144 663 4200 Deus
692 4146 945 4210 hominem
976 4161 993 4199 :
1019 4145 1114 4201 sed
1144 4146 1334 4200 iterum
1366 4146 1618 4215 apponit,
1665 4146 1959 4201 Secundum

362 4237 637 4308 imaginem
661 4235 758 4291 Dei
781 4237 901 4309 fecit
929 4236 1096 4291 illum.
1141 4236 1428 4307 Postquam
1456 4237 1601 4291 enim
1641 4251 1740 4291 uos
1778 4237 1960 4292 docuit

361 4340 459 4398 per
483 4326 860 4396 pmccdentia,
886 4326 1012 4398 quid
1043 4329 1144 4394 sit,
1193 4327 1487 4383 Secundum
1520 4329 1824 4398 imaginem,
1858 4329 1958 4384 de-

361 4432 472 4474 nuo
511 4433 576 4473 ea
617 4417 687 4474 de
731 4433 891 4473 causa
923 4419 1006 4474 hic
1046 4419 1290 4474 eumdem
1319 4421 1513 4490 repetit
1537 4434 1838 4475 sermonem
1859 4463 1875 4488 ,
1906 4431 1962 4476 et

361 4509 530 4565 dicit:
563 4508 858 4565 Secundum
873 4510 1145 4581 imaginem
1175 4510 1271 4564 Dei
1294 4512 1411 4581 fecit
1432 4527 1563 4564 eum.
1589 4511 1655 4565 Et
1684 4520 1742 4564 ut
1768 4527 1836 4566 ne
1861 4512 1961 4565 im-

361 4599 654 4671 pudentem
702 4601 916 4672 quidem
961 4601 1288 4656 defensionis
1335 4610 1652 4670 praetextum
1693 4602 1960 4672 relinquat

361 4692 618 4748 Ecclesia:
646 4693 892 4761 dogmata
941 4694 1254 4764 impugnare
1296 4693 1633 4760 volentibus,
1687 4694 1956 4764 paululum

363 4798 683 4853 progressus
726 4783 866 4840 idem
915 4786 1108 4841 iterum
1140 4786 1336 4850 docet,
1371 4786 1514 4855 quod
1545 4788 1666 4841 ideo
1711 4774 1958 4857 imaginis

360 4876 581 4929 nomine
609 4890 735 4930 usus
761 4878 849 4940 sit,
880 4878 1019 4945 quod
1049 4878 1407 4945 imperaturus
1435 4921 1450 4944 ,
1496 4889 1551 4933 et
1596 4879 1696 4934 sub
1724 4895 1783 4933 se
1808 4895 1959 4935 crea—

363 4977 511 5021 turas
536 4980 726 5019 omnes
755 4965 1031 5020 habiturus
1056 4976 1216 5023 esset.
1250 4968 1366 5022 iam
1403 4972 1675 5024 videamus
1718 4971 1843 5040 quid
1873 4971 1956 5025 di-

359 5060 471 5113 cit:
506 5059 574 5112 Et
595 5060 712 5127 fecit
742 5057 880 5112 Deus
915 5059 1204 5127 hominem;
1239 5062 1513 5114 secundum
1561 5063 1832 5133 imaginem
1860 5062 1957 5118 Dei

360 5149 479 5218 fecit
508 5150 655 5202 illum
693 5167 714 5216 ;
742 5152 1027 5204 masculum
1061 5161 1107 5205 et
1137 5154 1378 5224 feminam
1402 5156 1518 5223 fecit
1541 5155 1675 5209 illos.
1713 5153 1768 5208 id
1814 5156 1955 5225 quod

357 5242 522 5312 supra
553 5242 936 5308 insinuaverat,
963 5243 1168 5306 dicens.
1204 5245 1268 5298 Et
1298 5246 1637 5313 dominentur,
1671 5247 1756 5302 hic
1784 5248 1957 5302 mani-

360 5337 547 5390 festius
582 5335 752 5400 dixit;
781 5337 1008 5408 idipsum
1053 5345 1228 5392 tamen
1269 5340 1611 5394 reconditiori
1661 5341 1822 5394 modo
1858 5357 1955 5396 nos

360 5427 564 5482 docens
599 5445 613 5481 :
647 5426 882 5482 nondum
921 5428 1064 5482 enim
1100 5428 1167 5484 de
1205 5428 1523 5485 formatione
1545 5431 1822 5500 docuerat,
1858 5449 1954 5488 ne-

360 5534 464 5587 que
503 5518 710 5574 dixerat
748 5520 892 5576 unde
933 5521 1128 5576 mulier
1169 5523 1424 5590 producta
1458 5542 1472 5577 τ
1505 5523 1791 5580 Masculum
1821 5567 1836 5592 ,
1876 5529 1956 5581 in-

359 5611 510 5679 quit,
554 5621 602 5664 et
626 5612 866 5682 feminam
909 5613 1028 5684 fecit
1066 5614 1201 5667 illos.
1244 5613 1436 5669 Vidisti
1465 5617 1766 5685 quomodo,
1810 5620 1952 5690 quod

361 5703 597 5757 nondum
623 5702 818 5758 factum
840 5746 854 5770 ,
887 5706 1036 5774 quasi
1061 5707 1172 5775 jam
1203 5705 1399 5761 factum
1431 5710 1709 5763 narravit?
1752 5710 1950 5780 Hujus-

359 5793 506 5851 taodi
531 5805 654 5852 sunt
677 5796 816 5852 oculi
845 5796 1148 5869 spirituales
1179 5816 1191 5853 :
1221 5814 1394 5871 neque
1411 5801 1552 5856 enim
1583 5809 1786 5858 tantum
1814 5818 1950 5874 pra:-

2067 481 2210 527 stare
2257 483 2481 543 possunt
2517 473 2826 543 corporales
2856 471 2920 529 lii'
2960 474 3123 539 oeuli,
3151 473 3242 544 qui
3277 474 3500 531 visibilia
3544 491 3669 530 cer-

2041 572 2219 638 nunt,
2243 572 2500 632 quantum
2518 563 2657 618 oculi
2685 564 2925 632 spiritus,
2954 565 3044 633 qui
3063 579 3126 619 ea
3147 581 3268 634 qua:
3291 581 3395 619 non
3416 565 3668 620 videntur

2063 669 2240 724 neque
2281 655 2608 719 subsistunt,
2665 654 2849 710 videre
2890 665 3134 724 possunt.
3188 649 3346 725 lgitu'r
3391 665 3447 710 ut
3493 655 3665 712 dixit.

2066 747 2359 801 Masculum
2397 757 2444 802 et
2469 743 2712 819 feminam
2738 749 2856 819 fecit
2889 747 3026 810 illos,
3059 747 3215 817 quasi
3251 748 3463 814 utrique
3499 748 3666 802 liene-

2064 837 2354 892 diclionem
2379 838 2551 903 daret,
2580 837 2712 892 dicit
2739 856 2753 893 :
2786 837 2852 892 Et
2870 839 3119 892 benedixit
3149 840 3259 893 illis
3285 838 3442 904 Deus,
3475 839 3664 904 dicens,

2064 928 2300 995 Crescite,
2330 937 2376 983 et
2405 928 2840 998 multiplicamini,
2875 939 2920 982 et
2946 929 3151 998 implete
3177 939 3402 994 tenam,
3435 940 3480 983 et
3503 929 3668 982 domi-

2061 1019 2258 1073 namini
2306 1019 2418 1082 illi,
2465 1028 2511 1073 et
2550 1020 2793 1087 imperate
2835 1020 3057 1090 piscibus
3109 1020 3264 1073 maris
3318 1021 3459 1075 Ecce
3503 1036 3664 1090 quam

2062 1113 2305 1167 eminens
2330 1112 2653 1167 benedictio.
2693 1111 2824 1167 Nam
2856 1112 2978 1178 hoc,
3011 1113 3249 1176 Crescite,
3279 1125 3325 1166 et
3351 1114 3666 1180 multiplica-

2064 1206 2223 1272 mini,
2255 1216 2300 1259 et
2328 1205 2532 1275 implete
2557 1217 2779 1268 terram,
2825 1207 2984 1260 etiam
3013 1205 3081 1261 de
3108 1206 3283 1260 brutis
3305 1206 3625 1259 animalibus
3646 1245 3670 1270 ν

2064 1308 2119 1352 et
2149 1297 2428 1367 reptilibus
2452 1297 2653 1350 dictum
2674 1307 2759 1351 est
2791 1313 2804 1348 :
2833 1296 2927 1350 sed
2953 1338 2968 1363 ,
3014 1295 3363 1350 Deminamini
3381 1336 3396 1361 ,
3425 1306 3471 1350 et
3505 1298 3667 1364 impe-

2062 1398 2202 1451 rate,
2246 1390 2312 1444 de
2335 1390 2450 1444 viro
2475 1397 2530 1444 et
2564 1390 2793 1444 muliere
2834 1389 3057 1444 dictum.
3100 1389 3234 1444 Vide
3283 1389 3662 1460 benignitatem

2066 1482 2278 1539 Domini
2311 1501 2325 1536 :
2354 1491 2642 1553 antequam
2686 1483 2964 1538 mulierem
2993 1482 3253 1552 producat
3286 1521 3306 1549 ,
3349 1484 3662 1551 participem

2065 1576 2208 1630 illam
2238 1575 2363 1630 facit
2394 1575 2637 1647 imperii,
2662 1583 2716 1630 et
2741 1576 3130 1631 benedictionis
3156 1574 3362 1630 honore
3391 1574 3664 1644 dignatur.

2067 1666 2134 1720 Et
2164 1667 2435 1733 imperate,
2467 1667 2575 1733 ait,
2604 1668 2823 1737 piscibus
2851 1668 3029 1733 maris,
3057 1676 3103 1720 et
3129 1665 3416 1721 volatilibus
3445 1667 3554 1719 cali
3574 1709 3589 1729 ,
3619 1677 3665 1719 et

2065 1758 2297 1812 omnibus
2323 1760 2603 1829 pecoribus,
2632 1768 2678 1812 et
2702 1760 2946 1813 universae
2979 1769 3146 1824 terra,
3175 1768 3220 1810 et
3247 1758 3476 1811 omnibus
3505 1759 3664 1827 repti-

2066 1848 2217 1914 libus,
2239 1865 2352 1919 qua:
2368 1861 2552 1918 repunt
2576 1866 2728 1919 super
2755 1859 2960 1903 terram.

2136 1941 2192 1996 5.
2223 1941 2414 1996 Vidisti
2441 1941 2850 1997 incuarrabilem
2878 1942 3237 2011 potestatem?
3256 1940 3432 1996 vidisti
3462 1941 3662 2010 princi—

2064 2039 2220 2104 patus
2241 2033 2706 2103 magnitudinem?
2733 2034 2912 2089 vidisti
2937 2033 3154 2088 condita
3180 2034 3358 2087 omnia
3387 2032 3486 2086 sub
3509 2031 3667 2100 hujus

2066 2136 2384 2197 potestatem
2415 2127 2672 2181 redacta?
2698 2126 2841 2186 Nihil
2885 2126 3111 2196 posthac
3148 2125 3421 2180 mediocre
3465 2125 3532 2178 de
3579 2139 3666 2178 ra-

2067 2219 2251 2273 tionali
2295 2219 2397 2274 hoc
2442 2219 2662 2273 animali
2709 2219 3058 2288 imagineris,
3097 2217 3198 2273 sed
3241 2217 3415 2285 cogita
3447 2216 3667 2271 honoris

2066 2308 2520 2380 magnitudinem,
2563 2319 2618 2364 et
2638 2310 2848 2364 Domini
2873 2324 2998 2378 erga
3018 2309 3154 2362 illud
3185 2307 3612 2364 benevolentiam
3647 2349 3662 2370 ,

2065 2401 2452 2470 obstupescens
2496 2400 2639 2455 illius
2681 2401 3000 2455 immensam
3038 2406 3093 2453 et
3121 2398 3534 2454 inenarrabilem
3564 2397 3660 2452 bc-

2065 2491 2400 2562 uignitatem.
2428 2490 2520 2546 29.
2550 2489 2617 2544 Et
2643 2491 2773 2546 dixit
2801 2489 2981 2545 Deus:
3008 2489 3145 2544 Ecce
3167 2490 3283 2543 dedi
3307 2487 3444 2542 vobis
3466 2504 3665 2541 onmem

2066 2583 2272 2637 herbam
2313 2570 2563 2647 salivam;
2605 2584 2862 2637 seminans
2902 2598 3068 2637 semen
3110 2580 3246 2652 quod
3279 2590 3352 2635 est
3378 2596 3532 2650 super
3563 2591 3664 2633 ter-

2064 2693 2176 2730 ram
2205 2690 2224 2728 :
2252 2685 2300 2729 et
2323 2691 2467 2729 omne
2494 2675 2709 2745 lignum,
2737 2675 2875 2745 quod
2900 2673 3045 2738 habet
3071 2674 3125 2727 in
3150 2675 3315 2741 seipse
3337 2674 3555 2743 fructum
3581 2688 3667 2725 se-

2067 2766 2216 2820 minis
2245 2767 2391 2820 sativi
2414 2809 2430 2832 ,
2478 2766 2616 2820 vobis
2643 2767 2738 2819 erit
2762 2768 2814 2820 in
2842 2766 3008 2820 cibum
3032 2807 3048 2831 ,
3073 2765 3163 2820 50.
3202 2774 3249 2818 et
3277 2763 3508 2817 omnibus
3546 2763 3667 2834 feris

2068 2867 2216 2913 terra:
2237 2901 2253 2925 ,
2299 2867 2349 2913 et
2372 2859 2601 2912 omnibus
2625 2858 2913 2912 volatilibus
2939 2860 3052 2912 cali
3077 2899 3091 2922 ,
3149 2867 3198 2911 et
3222 2858 3363 2910 omni
3389 2857 3558 2925 replili
3587 2873 3656 2909 re-

2066 2951 2204 3020 penti
2232 2966 2385 3021 super
2410 2959 2593 3004 terram
2613 2991 2628 3015 ,
2659 2950 2798 3020 quod
2824 2950 2968 3003 habet
2995 2950 3048 3002 in
3073 2948 3237 3016 seipso
3266 2949 3487 3000 animam
3513 2948 3629 3001 vita:
3646 2987 3663 3012 ,

2066 3051 2113 3095 et
2138 3058 2337 3095 omnem
2367 3041 2570 3095 herbam
2591 3041 2799 3094 viridem
2824 3041 2877 3094 in
2907 3041 3094 3094 cibum.
3129 3039 3196 3093 Et
3242 3040 3431 3110 factum
3469 3049 3543 3093 est
3573 3041 3664 3093 ita.

2066 3131 2201 3187 Vide
2222 3172 2236 3196 ,
2266 3131 2526 3198 obsecro,
2564 3132 2841 3188 carissime
2862 3172 2877 3196 ,
2917 3130 3205 3186 verborum
3227 3130 3582 3201 diligentiam,
3613 3141 3666 3186 et

2067 3225 2388 3281 ineffabilem
2432 3226 2524 3281 Dei
2575 3225 2956 3297 benignitatem
2983 3269 2998 3292 ,
3036 3235 3092 3282 et
3121 3242 3188 3281 ne
3228 3226 3353 3298 quiti
3398 3219 3664 3280 dictorum

2065 3319 2380 3388 simpliciter
2426 3328 2732 3393 praetereas.
2778 3318 2844 3373 Et
2869 3319 3028 3386 dixit,
3071 3319 3279 3389 inquit,
3312 3316 3452 3373 Deus
3485 3333 3504 3372 :
3536 3317 3667 3371 Ecce

2066 3411 2183 3464 dedi
2229 3411 2366 3466 vobis
2415 3427 2614 3466 onmem
2663 3411 2868 3465 herbam
2920 3411 3134 3465 salivam
3165 3425 3185 3465 :
3224 3410 3374 3482 quasi
3421 3409 3488 3464 ad
3530 3410 3667 3466 duos

2066 3515 2245 3556 sermo
2271 3501 2362 3566 sit,
2391 3501 2636 3571 quamvis
2661 3501 2897 3556 nondum
2919 3502 3143 3556 muliere
3161 3500 3435 3572 producta.
3463 3499 3667 3555 Deinde

2064 3601 2121 3647 ut
2146 3592 2322 3647 discas
2351 3593 2700 3648 excellentem
2731 3593 2848 3663 ejus
2869 3594 3164 3648 bonitatem
3198 3635 3211 3658 ,
3241 3592 3364 3646 vide
3393 3592 3665 3662 quomodo

2063 3687 2388 3743 eminentem
2433 3687 2810 3758 benignitatem
2841 3728 2856 3753 ,
2916 3697 2972 3742 et
3018 3688 3207 3741 miram
3259 3686 3663 3748 liberalitatem,

2064 3797 2171 3835 non
2201 3781 2253 3835 in
2283 3781 2398 3835 viro
2429 3791 2478 3835 ct
2505 3781 2731 3836 muliere
2760 3781 2995 3835 nondum
3033 3780 3253 3836 formata
3283 3781 3455 3834 solum
3487 3779 3667 3834 decla-

2063 3881 2167 3938 ret,
2199 3873 2293 3928 sed
2320 3882 2375 3928 et
2401 3874 2453 3926 in
2486 3872 2614 3942 ipsis
2633 3872 2823 3927 brutis.
2853 3872 2986 3926 Nam
3013 3881 3073 3926 ut
3102 3872 3233 3925 dixit
3262 3889 3274 3924 :
3319 3869 3468 3924 Vobis
3499 3871 3590 3922 erit
3612 3870 3663 3921 in

2062 3966 2258 4031 cibum,
2290 3965 2542 4030 subdidit,
2569 3964 2637 4018 Et
2660 3965 2889 4019 omnibus
2920 3966 3086 4018 bestiis
3113 3975 3276 4020 terrm.
3307 3963 3441 4019 Vide
3469 3965 3660 4017 itertnn

2062 4057 2221 4111 aliam
2253 4057 2504 4128 abyssum
2541 4055 2906 4125 benignitatis.
2957 4055 3073 4110 Non
3112 4056 3255 4110 enim
3286 4056 3457 4108 solum
3496 4055 3664 4108 hrutis

2063 4147 2393 4210 domesticis,
2425 4155 2478 4202 et
2505 4155 2690 4201 nostro
2714 4146 2831 4200 usui
2855 4146 3235 4210 servientibus,
3255 4145 3339 4198 vel
3366 4144 3430 4198 ad
3453 4145 3656 4206 cibum,

2061 4240 2147 4294 vel
2194 4239 2259 4293 ad
2307 4239 2702 4303 ministerium,
2749 4238 2844 4294 sed
2887 4247 2941 4292 et
2967 4237 3096 4293 feris
3122 4237 3416 4308 prospexit.
3464 4237 3661 4306 Ecquis

2062 4345 2162 4401 pro
2189 4329 2444 4400 dignitate
2485 4330 2719 4400 attigerit
2757 4330 3070 4384 immensam
3116 4330 3271 4383 istam
3320 4328 3661 4383 bonitatem?

2071 4421 2224 4476 Vobis
2249 4423 2340 4476 erit
2365 4423 2418 4476 in
2443 4422 2645 4488 cibum,
2695 4421 2902 4492 inquit,
2946 4431 2993 4474 et
3021 4419 3251 4474 omnibus
3287 4420 3456 4475 bestiis
3483 4430 3658 4485 (ει-τω,

2063 4525 2110 4568 et
2139 4514 2371 4568 omnibus
2390 4514 2675 4568 volatilibus
2702 4513 2833 4580 caeli,
2870 4521 2915 4568 et
2936 4514 3072 4567 omni
3101 4513 3275 4582 reptili
3297 4513 3490 4582 repenti
3508 4529 3662 4581 super

2064 4617 2270 4670 terram,
2303 4607 2437 4675 quod
2459 4606 2608 4659 habet
2631 4605 2684 4659 in
2705 4605 2969 4675 semetipso
2989 4605 3213 4658 animam
3238 4605 3370 4664 vitta.
3394 4613 3439 4657 et
3463 4619 3660 4658 onmem

2063 4697 2269 4754 herbam
2299 4697 2510 4752 viridem
2552 4698 2603 4750 in
2645 4697 2829 4750 cibum.
2875 4696 3061 4766 Magna
3091 4696 3302 4750 Domini
3333 4710 3456 4764 erga
3489 4694 3663 4748 homi-

2065 4807 2189 4847 nem
2213 4833 2228 4858 ,
2278 4806 2436 4857 quem
2467 4789 2748 4854 condidit,
2798 4789 3100 4844 ostenditur
3131 4788 3483 4859 providentia.
3525 4787 3657 4843 Nam

2064 4892 2343 4953 postquam
2377 4883 2548 4951 ipsum
2582 4881 2860 4951 produxit,
2894 4891 2949 4936 et
2991 4882 3167 4936 omnis
3197 4891 3458 4936 creatura:
3486 4880 3657 4934 domi-

2062 4975 2211 5030 nium
2245 4974 2343 5043 ipsi
2374 4973 2626 5037 tradidit;
2659 4981 2802 5028 utne
2833 4973 3012 5028 statim
3035 4972 3654 5042 abiuitiojumenturum

2061 5065 2455 5120 multitudinem
2501 5064 2687 5118 videns
2717 5064 3040 5117 stomachari
3090 5065 3294 5131 possit,
3351 5063 3500 5130 quasi
3551 5078 3656 5121 non

2061 5157 2329 5211 sufficeret
2357 5157 2422 5209 ad
2451 5155 2642 5210 alenda
2666 5163 2743 5209 tot
2768 5164 2821 5209 ct
2855 5164 3000 5208 tanta
3025 5156 3275 5208 animalia
3308 5172 3320 5207 :
3351 5157 3661 5224 priusquam

2061 5249 2129 5304 de
2174 5250 2275 5303 hoc
2318 5249 2402 5303 vel
2448 5249 2734 5318 cogitaret,
2775 5247 2946 5300 bonus
2983 5247 3123 5301 Deus
3155 5246 3530 5316 prmveniendo
3559 5246 3668 5299 de-

2062 5342 2302 5396 mulcens
2333 5356 2456 5395 eum
2485 5382 2499 5404 ,
2531 5349 2586 5394 ut
2612 5341 2679 5393 ita
2711 5339 2884 5393 dicam
2907 5381 2921 5400 ,
2949 5349 3002 5391 et
3029 5337 3320 5391 ostendens
3348 5347 3450 5390 tam
3483 5337 3662 5404 ipsum

2061 5450 2218 5505 quam
2241 5434 2483 5504 jumenta
2511 5442 2566 5488 et
2585 5433 2739 5488 bruta
2769 5433 2946 5486 omnia
2968 5473 2982 5496 ,
3013 5441 3280 5501 przecepto
3306 5430 3516 5484 Domini
3549 5446 3652 5482 om«

2061 5542 2185 5580 nem
2218 5529 2424 5596 cepiam
2453 5525 2518 5578 ad
2549 5525 2661 5579 hmc
2689 5523 2898 5590 alenda,
2931 5534 3069 5577 terra
3099 5519 3506 5592 suppeditante,
3538 5535 3661 5576 esse

2059 5618 2365 5685 habituros,
2399 5625 2678 5687 postquam
2705 5617 2865 5682 dixit,
2911 5615 3025 5670 Erit
3055 5615 3192 5669 vobis
3217 5615 3270 5669 in
3297 5613 3506 5681 cibum;
3533 5628 3653 5667 mox

2058 5709 2352 5782 subjuugit,
2387 5710 2451 5764 Et
2474 5709 2702 5764 omnibus
2723 5708 2894 5764 bestiis
2922 5719 3097 5776 teme,
3130 5717 3178 5762 et
3203 5705 3488 5764 volatilibus
3513 5706 3649 5770 caeli,

2061 5815 2110 5860 et
2135 5795 2275 5860 enini
2306 5803 2472 5875 reptili
2508 5803 2701 5875 repenti
2727 5818 2876 5872 super
2901 5808 3087 5857 terram
3107 5842 3123 5872 ,
3163 5800 3300 5874 quod
3323 5797 3478 5854 habet
3495 5800 3548 5852 in
3573 5812 3654 5852 se-
