4058 6302
367 305 438 362 η
1071 292 1129 349 s.
1168 287 1445 349 JOANNIS
1479 278 1954 348 cusvsosroau
1988 280 2309 342 tuentur.
2343 283 2876 344 CONS‘I'AN'HNOP.
3393 289 3398 294 '
3555 245 3658 350 is"

366 415 578 486 “(ipso
601 410 828 473 animant
852 410 986 475 vita,
1019 415 1071 460 et
1093 418 1289 463 om
1313 403 1517 463 herbam
1541 399 1756 455 strident
1779 398 1831 451 in
1860 395 1936 486 ci-

327 571 339 576 _
368 482 508 560 tum;
545 501 614 560 Et
643 505 924 572 [attamen
945 498 1035 552 its.
1073 493 1264 557 Omnis
1289 505 1638 564 quascumque
1661 482 1941 557 imperavit

367 593 651 661 Conditor,
675 593 878 664 inquit,
906 587 1070 660 dpore
1094 583 1328 658 periecta
1357 591 1502 648 sunt,
1523 591 1588 636 et
1603 578 1781 636 omnia
1805 590 1941 632 con-

358 686 579 757 gruenti
611 684 800 741 ordine
824 691 948 740 sunt
967 679 1274 744 constituta,
1301 686 1582 746 propterea
1607 670 1784 728 sistito
1813 667 1942 724 sub-

369 778 447 837 dit
492 795 504 830 :
537 771 1033 840 EtEt-simne“
1059 770 1230 824 omnia
1254 781 1574 840 meumque
1593 763 1728 833 fxit,
1759 770 1806 815 et
1832 774 1946 813 ecce

370 869 502 924 bona
519 867 690 926 aside.
715 887 727 918 Γ

446 958 505 1014 6.
527 957 672 1027 Quis
691 973 791 1028 pro
810 956 1064 1026 dignitate
1091 952 1316 1008 laudarit
1340 947 1530 1004 ditium
1554 946 1840 1015 Scriptura.-
1867 941 1955 995 dic

373 1053 680 1128 ἥσθηιίθωῖ
714 1053 851 1108 Ecce
873 1051 1014 1104 enim
1036 1057 1089 1108 et
1118 1046 1204 1100 hic
1221 1041 1390 1099 verba
1407 1058 1514 1096 uno
1534 1041 1721 1096 dicens
1743 1056 1756 1092 :
1785 1037 1850 1092 Et
1875 1037 1946 1089 vi.

371 1149 446 1204 dit
497 1145 643 1201 Deus.
680 1142 850 1199 omnia
887 1153 1216 1212 imumque
1242 1135 1393 1205 fecit,
1435 1133 1662 1202 linguam
1711 1129 1952 1185 omnium

376 1246 561 1309 postea
589 1232 954 1290 contradicere
978 1238 1282 1285 conantium
1325 1221 1672 1294 compescuit.
1719 1220 1786 1276 Et
1828 1217 1949 1274 vidit

374 1328 514 1382 Deus
537 1368 554 1394 ,
587 1326 792 1395 inquit,
834 1323 1003 1377 omnia
1030 1333 1352 1390 quotcumque
1375 1316 1495 1386 fecit
1514 1355 1531 1382 ,
1570 1323 1617 1368 et
1639 1322 1780 1368 aram
1805 1310 1954 1366 valde

374 1419 523 1478 bona.
572 1416 637 1470 Et
671 1415 809 1485 facta
843 1425 913 1468 est
940 1428 1177 1483 vespam,
1222 1419 1269 1465 et
1299 1411 1489 1482 factum
1515 1415 1588 1462 est
1625 1420 1772 1457 inane
1793 1444 1810 1470 ,
1844 1403 1951 1456 dies

375 1518 564 1563 uuas.
588 1507 847 1575 Quoniam
869 1504 1013 1561 enim
1036 1503 1104 1560 de
1123 1516 1434 1572 unaquaque
1453 1506 1698 1554 creatura
1717 1495 1948 1559 dicebat,

377 1598 447 1654 Et
466 1598 599 1655 vidit
632 1598 775 1654 Deus
798 1597 933 1669 quod
956 1605 1083 1651 esset
1107 1597 1288 1649 borium
1313 1608 1336 1647 :
1359 1605 1500 1646 nunc
1538 1587 1749 1659 quando
1773 1585 1953 1641 omnia

373 1692 639 1761 ostentata
660 1700 812 1755 sunt,
840 1698 898 1744 et
917 1687 1022 1742 diei
1048 1687 1181 1742 sexti
1205 1698 1369 1754 opera
1403 1682 1562 1737 linem
1589 1685 1912 1749 acceperunt
1934 1717 1957 1743 ,

374 1789 430 1834 et
453 1781 538 1851 qui
563 1780 821 1836 creaturis
865 1778 1112 1834 omnibus
1163 1776 1418 1834 fruiturus
1469 1783 1620 1838 erat,
1665 1769 1956 1840 productus

377 1879 462 1925 est
483 1911 500 1936 ,
532 1871 744 1940 inquit:
780 1869 844 1924 Et
871 1869 992 1923 vidit
1014 1868 1153 1923 Deus
1176 1868 1344 1922 omnia
1363 1879 1686 1937 quiscumque
1713 1861 1831 1931 fecit
1853 1900 1869 1926 ,
1909 1867 1958 1913 et

379 1976 490 2014 «ce
513 1961 661 2015 valde
686 1961 836 2016 bona.
863 1959 1151 2016 Considera
1176 1956 1445 2029 quomodo
1471 1961 1744 2010 creaturas
1768 1964 1957 2005 omnes

380 2051 483 2108 hoc
519 2054 704 2121 verbo,
731 2052 949 2119 01min,
997 2051 1153 2105 simul
1188 2049 1534 2119 complexus,
1573 2057 1758 2100 manes
1799 2041 1957 2097 simul

379 2141 541 2198 lauds
553 2149 912 2215 prosequitur
935 2151 1036 2198 est.
1055 2140 1249 2215 _Neque
1275 2140 1420 2195 enim
1444 2147 1501 2192 ut
1525 2136 1660 2191 dixit
1681 2176 1695 2199 ,
1731 2133 1914 2187 Omnia
1937 2173 1954 2196 ,

377 2212 667 2292 Contentus
709 2212 806 2288 fuit
842 2249 912 2288 eo
952 2212 1155 2297 verbo,
1193 2231 1289 2286 sed
1318 2227 1585 2296 subdidit,
1622 2226 1961 2295 Quwcumque

381 2306 496 2396 {erit
524 2340 544 2378 :
569 2334 624 2380 et
648 2339 819 2394 neque
847 2323 963 2378 hac
1001 2331 1204 2378 tantum
1231 2320 1396 2385 dixit,
1438 2318 1534 2374 sed
1563 2316 1631 2371 Et
1657 2332 1769 2371 ecce
1791 2317 1922 2368 bona
1941 2354 1958 2380 ,

382 2426 438 2471 et
470 2415 631 2470 Valde
655 2416 784 2470 bona
801 2457 818 2483 ,
865 2415 966 2470 hoc
992 2424 1114 2482 est,
1158 2411 1442 2468 admodum
1464 2411 1623 2466 bona.
1653 2407 1815 2478 igitur
1837 2419 1960 2460 cum

387 2509 642 2566 Dominus
665 2551 680 2576 ,
708 2510 917 2579 quires
950 2523 1017 2563 ex
1046 2506 1214 2562 nihilo
1243 2512 1503 2560 utvesseut
1542 2499 1833 2572 produxit,
1868 2509 1960 2550 eas

386 2600 542 2656 valde
564 2600 730 2665 bonas
754 2642 768 2666 ,
813 2609 867 2656 et
895 2599 1182 2672 admodum
1220 2598 1387 2652 bonas
1414 2596 1574 2659 dicit,
1606 2594 1724 2663 quis
1753 2589 1959 2647 etiamsi

385 2691 587 2749 insania
617 2692 685 2746 sit
711 2692 918 2760 plenus,
946 2691 1030 2745 vel
1050 2703 1113 2745 os
1136 2688 1366 2758 aperire,
1396 2697 1449 2742 et
1471 2683 1840 2741 contradicere
1869 2681 1960 2735 Dei

387 2781 564 2835 verbis
610 2780 839 2836 audeat?
866 2780 1122 2849 Quoniam
1150 2779 1293 2834 enim
1327 2779 1378 2832 in
1405 2775 1703 2831 visibilibns
1739 2788 1844 2826 non
1871 2786 1960 2825 so-

388 2871 496 2929 lum
522 2873 611 2928 lux
638 2883 814 2927 creata
838 2882 952 2936 est,
981 2865 1072 2927 sed
1103 2880 1158 2924 et
1185 2869 1414 2924 tenebrae
1440 2867 1682 2921 adversm
1725 2863 1828 2918 luci
1848 2905 1865 2930 ,
1907 2872 1962 2916 et.

389 2977 498 3019 non
527 2964 696 3018 solum
727 2964 840 3020 dies
863 3006 878 3030 ,
911 2964 1002 3018 sed
1026 2973 1081 3018 et
1108 2978 1210 3016 nox
1232 2961 1496 3016 contraria
1526 2959 1628 3013 diei
1654 2974 1668 3022 ;
1709 2967 1764 3011 et
1791 2957 1842 3010 in
1873 2971 1960 3009 se-

390 3055 621 3111 minibus
643 3071 760 3125 qua:
799 3070 863 3111 ex
888 3064 1026 3109 tem
1050 3061 1374 3120 nascuntur,
1420 3066 1525 3106 non
1568 3050 1739 3104 solum
1783 3047 1964 3101 herba:

390 3147 568 3211 utiles,
603 3146 694 3202 sed
725 3156 779 3200 et
824 3145 1156 3215 perniciosae,
1189 3152 1244 3199 et
1273 3143 1490 3198 arbores
1520 3156 1622 3196 non
1651 3139 1822 3193 solum
1852 3135 1964 3190 fru-

392 3245 613 3302 ctuosas,
655 3236 750 3291 sed
789 3245 841 3291 et
871 3235 1212 3290 infructuosae
1234 3275 1250 3299 ,
1292 3242 1349 3288 et
1385 3231 1632 3286 animalia
1664 3245 1768 3284 non
1793 3228 1964 3282 solum

391 3337 663 3384 mansueta
683 3369 700 3396 ,
732 3327 825 3385 sed
855 3337 910 3382 et
954 3327 1230 3398 sylvestria
1259 3335 1314 3381 et
1341 3324 1672 3390 truculenta;
1713 3328 1769 3376 et
1819 3319 1870 3373 in
1901 3317 1966 3373 iis

391 3436 510 3492 quae
548 3435 698 3491 aqua:
739 3419 1137 3490 produxerunt,
1184 3432 1291 3472 non
1329 3421 1500 3470 solum
1536 3414 1745 3485 pisces,
1791 3408 1884 3466 sed
1915 3418 1969 3462 et

393 3523 512 3568 cete
563 3521 618 3566 et
640 3513 757 3567 alim
783 3511 1001 3566 marium
1031 3510 1257 3573 bellum;
1287 3514 1344 3561 et
1368 3515 1508 3561 terra
1535 3518 1642 3558 non
1665 3503 1837 3558 solum
1868 3499 1967 3554 ha-

397 3603 659 3669 bitabilis,
713 3603 805 3657 sed
846 3612 901 3657 et
941 3600 1337 3664 inhabitabilis;
1383 3607 1442 3652 et
1473 3612 1579 3652 non
1616 3593 1788 3650 solum
1829 3592 1967 3661 plani

395 3694 608 3764 campi,
654 3694 748 3749 sed
793 3694 954 3748 etiam
983 3693 1191 3746 montes
1235 3702 1289 3746 et
1328 3689 1531 3752 colles;
1561 3695 1616 3742 et
1644 3687 1781 3740 inter
1806 3698 1930 3737 aves
1953 3722 1968 3748 ,

398 3799 501 3838 non
529 3783 698 3839 solum
725 3783 1053 3850 domesticm,
1078 3793 1134 3837 et
1156 3780 1228 3836 ad
1245 3779 1419 3835 cibum
1441 3786 1599 3849 aptae,
1631 3775 1722 3832 sed
1747 3784 1801 3830 et
1823 3773 1968 3840 fetae,

397 3884 449 3929 et
477 3874 758 3929 immundae
779 3916 794 3939 ,
846 3884 900 3929 et
947 3873 1131 3937 milvi,
1176 3879 1230 3926 et
1253 3870 1486 3925 vultures
1500 3874 1532 3933 ,³
1565 3876 1620 3923 et
1646 3867 1748 3922 alia
1779 3864 1972 3924 similia

398 3967 601 4030 multa;
633 3974 888 4034 prmterea
915 3966 966 4018 in
994 3963 1060 4018 iis
1089 3979 1206 4033 qua:
1235 3973 1372 4018 terra
1399 3960 1619 4031 profert,
1643 3973 1747 4014 non
1767 3965 1970 4013 tantum

341 4045 358 4050 ”
400 4062 678 4112 tnansueta
703 4065 757 4111 et
784 4056 996 4110 innoxia
1023 4054 1268 4109 animalia
1295 4094 1310 4118 ,
1354 4052 1447 4108 sed
1481 4061 1535 4107 et
1559 4059 1836 4120 serpentes
1858 4089 1875 4115 ,
1920 4055 1975 4103 et

401 4151 614 4218 viperze,
646 4157 701 4203 et
726 4146 1015 4213 dracones,
1046 4156 1101 4203 et
1128 4146 1308 4201 leones
1327 4187 1344 4214 ,
1379 4154 1434 4200 et
1461 4144 1609 4214 pardi
1635 4162 1650 4210 ;
1695 4153 1748 4198 et
1769 4143 1820 4196 in
1851 4156 1976 4197 aere

400 4255 506 4296 non
533 4241 702 4296 solum
733 4241 920 4310 pluvia:
948 4249 999 4296 et
1030 4241 1172 4294 venti
1203 4239 1379 4305 utiles,
1410 4239 1502 4294 sed
1534 4247 1588 4292 et
1612 4235 1895 4309 grandines
1922 4243 1977 4290 et

403 4334 598 4396 nives;
638 4341 693 4386 et-
726 4331 769 4385 si
800 4333 915 4400 quis
941 4331 1158 4401 singula
1176 4340 1497 4400 pertractare
1518 4330 1681 4396 velit,
1729 4328 1894 4384 multa
1925 4328 1976 4381 in

405 4431 723 4492 umquatpte
741 4430 1104 4477 creaturarum
1127 4422 1375 4488 inveniet,
1401 4437 1518 4493 quae
1546 4437 1652 4476 non
1672 4420 1847 4477 solum
1872 4435 1978 4474 non

401 4512 551 4571 utiiia
573 4553 591 4581 ,
630 4512 728 4570 sed
755 4513 1090 4569 etdamuosa
1125 4514 1536 4570 existimentur:
1577 4514 1696 4569 ideo
1737 4523 1800 4568 ut.
1847 4512 1978 4567 nulli

401 4605 625 4675 posthac
652 4605 808 4661 liceat
835 4613 1106 4660 creaturas
1127 4605 1429 4675 respicienti
1451 4604 1659 4674 opiﬁcis
1681 4604 1978 4674 vituperare

402 4706 468 4752 se
493 4693 671 4752 dicere
702 4714 716 4750 :
743 4697 919 4764 Quare
957 4697 1058 4752 hoc
1079 4738 1096 4764 ,
1137 4705 1195 4753 et
1240 4696 1311 4751 ad
1335 4695 1461 4768 quid
1491 4695 1629 4751 istud
1654 4697 1677 4748 τ
1705 4694 1820 4750 hoc.
1845 4696 1976 4750 bene

406 4788 602 4844 factum
627 4796 742 4857 est,
769 4787 872 4844 hoc
893 4804 997 4844 non
1023 4790 1164 4845 bene
1192 4807 1206 4842 :
1239 4785 1362 4844 ideo
1386 4803 1536 4844 sacra
1561 4788 1831 4857 Scriptura
1867 4802 1984 4840 oma-

408 4895 504 4938 nes
521 4898 543 4948 ,'
570 4891 630 4938 ut
656 4881 729 4936 ita
753 4881 956 4950 dicam,
1009 4882 1215 4952 ingrate
1241 4881 1457 4954 obloqui
1483 4880 1737 4937 audentes
1763 4895 1982 4949 compe—

405 4987 583 5040 scens,
616 4981 775 5028 sexto
793 4971 882 5028 die
909 4972 1168 5029 absolutis
1192 4974 1448 5030 creaturis
1475 4973 1740 5040 omnibus,
1765 4973 1935 5044 inquit
1965 4989 1978 5027 :

409 5064 473 5119 Et
514 5064 638 5119 sidit
675 5063 815 5120 Deus
849 5067 1020 5121 omnia
1050 5082 1376 5136 quacumque
1416 5068 1534 5138 fecit
1555 5108 1570 5133 ,
1606 5077 1653 5121 et
1700 5083 1812 5121 ecce
1837 5065 1982 5120 valde

404 5157 556 5210 bona.
601 5156 736 5225 Quid
765 5157 922 5228 igitur
946 5198 961 5223 ,
989 5157 1213 5215 obsecro
1233 5202 1248 5226 ,
1280 5174 1377 5230 pur
1400 5158 1560 5214 fuerit
1595 5167 1700 5213 tam
1739 5158 1982 5214 fidelibus

406 5250 723 5304 testimoniis
741 5291 757 5316 ,
780 5251 990 5320 quando
1016 5253 1127 5321 ipse
1156 5254 1377 5309 Creator
1408 5250 1724 5309 sententiam
1764 5251 1863 5306 fert
1881 5292 1896 5318 ,
1927 5259 1983 5307 et

410 5341 574 5408 dicit,
605 5343 787 5398 omnia
810 5361 1158 5415 quaecumque
1181 5347 1316 5404 facta
1361 5358 1484 5404 sunt
1508 5389 1524 5415 ,
1571 5347 1712 5404 bona
1739 5361 1859 5402 esse
1881 5386 1896 5412 ,
1928 5355 1983 5402 et

407 5431 570 5489 valde
584 5433 719 5488 bona
738 5435 764 5489 ?
788 5435 1047 5504 Quocirca
1077 5454 1197 5494 cum
1226 5439 1424 5496 videris
1453 5441 1684 5512 aliquem
1704 5482 1719 5507 ,
1754 5439 1845 5510 qui
1872 5440 1985 5494 suis

407 5526 698 5582 ratiociniis
724 5537 917 5595 motus,
949 5530 1166 5600 obloqui
1206 5530 1399 5587 divina
1444 5533 1732 5605 Scriptura:
1758 5532 1982 5599 audeat,

409 5633 529 5676 eum
554 5621 704 5692 quasi
728 5620 969 5676 insanum
994 5637 1278 5689 aversare;
1310 5622 1416 5680 imo
1440 5641 1508 5681 ne
1547 5627 1846 5692 averseris;
1889 5625 1982 5681 sed

425 5711 656 5770 uisertus
683 5712 994 5784 ignorantite
1040 5713 1189 5786 ejus,
1232 5713 1434 5787 produc
1459 5715 1509 5773 id
1542 5718 1682 5789 quod
1709 5718 1782 5775 ait
1804 5717 1980 5776 divina

2043 393 2318 466 Scriptura
2339 437 2357 466 ,
2387 407 2438 455 et
2464 397 2569 465 dic,
2603 397 2738 454 Vidit
2764 399 2904 456 Dm
2929 396 3098 458 omnia
3117 417 3442 476 quacumque
3468 411 3585 480 [seu
3605 453 3623 478 ,

2045 497 2100 544 et
2126 489 2280 555 dixit,
2315 489 2444 546 Ecce
2468 490 2616 546 ratio
2642 492 2774 546 bona
2797 508 2817 556 ;
2854 502 2911 547 et
2938 495 3176 552 fortassis
3204 495 3515 553 indomitam
3561 501 3625 554 ii-

2047 579 2152 634 lius
2188 581 2418 651 linguam
2461 584 2738 639 continere
2779 585 3000 656 poteris.
3051 585 3182 641 Nam
3212 589 3257 642 si
3285 589 3336 643 in
3384 589 3630 645 humanis

2047 675 2209 730 rebus
2233 689 2353 729 eum
2380 675 2624 730 ridemus
2650 677 2776 731 viris
2813 678 3128 748 quibusdam
3169 681 3513 750 optimatibus
3565 697 3631 737 ea

2048 779 2167 833 qua:
2196 764 2329 820 lium
2358 765 2568 836 probari
2595 807 2609 832 ,
2661 767 2869 824 calculo
2904 770 3114 825 illorum
3150 788 3256 828 non
3283 775 3590 829 obsistimus
3610 814 3629 842 ,

2048 853 2143 908 sed
2169 854 2559 923 adstipulamur
2579 899 2595 924 ,
2643 865 2698 912 et
2725 857 2934 913 illorum
2965 863 3281 916 sententiam
3309 865 3523 934 proprio
3542 864 3628 927 ius

2048 942 2190 1000 dicio
2219 944 2551 1015 prmferimus
2580 964 2593 1000 :
2635 948 2803 1002 multo
2827 950 2994 1020 magis
3019 965 3142 1022 ergo
3191 951 3354 1008 Deum
3394 955 3633 1010 omnium

2052 1034 2339 1090 visibilium
2364 1035 2607 1104 opificem
2653 1038 2724 1092 ita
2753 1053 2851 1095 nos
2878 1054 3066 1108 gerere
3099 1043 3293 1110 decet;
3320 1051 3378 1098 et
3403 1055 3528 1111 eum
3553 1044 3646 1099 di—

2052 1126 2340 1187 dicerimus
2378 1130 2494 1200 ejus
2538 1134 2854 1187 sententiam
2876 1176 2891 1201 ,
2939 1146 3120 1192 nostra
3162 1138 3516 1209 comprimere
3551 1155 3638 1196 ra-

2055 1219 2267 1274 tiocinia
2292 1261 2307 1286 ,
2353 1235 2527 1290 neque
2575 1222 2770 1294 aliquid
2821 1225 2957 1280 ultra
2982 1226 3237 1298 aggredi;
3279 1227 3374 1285 sed
3415 1229 3556 1286 scire
3583 1240 3652 1286 et:

2053 1328 2366 1383 persuasum
2397 1313 2593 1372 habere
2619 1358 2634 1384 ,
2679 1317 2857 1371 omnia
2898 1319 3104 1374 ratione
3141 1318 3369 1391 quadam
3400 1363 3415 1388 ,
3462 1331 3518 1377 et
3541 1337 3651 1393 pro

2055 1405 2380 1476 benignitate
2404 1421 2520 1475 sua,
2549 1408 2618 1463 ab
2647 1408 2764 1479 ipso
2788 1410 3045 1481 producta
3076 1410 3262 1480 fuisse,
3291 1413 3533 1483 nihilque
3557 1425 3643 1469 tor

2055 1513 2203 1554 mere
2230 1508 2287 1555 et
2311 1500 2426 1555 sine
2455 1515 2613 1555 causa
2634 1500 2830 1556 factum
2855 1517 3011 1569 esse;
3037 1519 3222 1558 verum
3261 1506 3387 1560 licet
3432 1521 3529 1561 nos
3571 1506 3643 1561 ob

2057 1597 2252 1644 nostra:
2282 1590 2502 1646 rationis
2528 1591 2943 1649 imbecillitatem
2971 1595 3280 1664 ignoremus
3308 1596 3642 1666 opificiorum

2057 1682 2336 1737 utilitatetn
2359 1722 2376 1749 ,
2426 1683 2598 1754 ipsum
2627 1692 2802 1739 tamen
2830 1685 3124 1740 secundum
3151 1700 3302 1740 suam
3329 1687 3645 1757 sapientiam

2059 1784 2111 1828 ct
2139 1774 2537 1830 solertissimam
2568 1775 2950 1846 benignitatem
2982 1778 3163 1832 omnia
3188 1777 3526 1847 produxisse.

2130 1866 2183 1919 7.
2225 1865 2293 1919 Et
2323 1869 2461 1937 facta
2486 1876 2579 1935 est,
2609 1867 2798 1937 inquit,
2827 1882 3033 1938 vespera
3062 1876 3109 1922 et
3148 1868 3342 1938 factum
3366 1877 3441 1924 est
3475 1885 3647 1938 inane,

2061 1956 2166 2010 dies
2217 1965 2405 2011 sextum
2444 1956 2563 2012 Fini
2605 1957 2712 2012 diei
2756 1965 2923 2012 sextae
2961 1959 3122 2013 etiam
3174 1944 3333 2015 linem
3377 1959 3650 2016 fomiandi

2061 2055 2336 2103 ereautras
2378 2047 2621 2106 addidit:
2649 2057 2706 2104 et
2746 2058 2964 2119 propter
2993 2050 3093 2104 hoc
3117 2048 3388 2105 subdidit:
3431 2049 3500 2104 Et
3527 2067 3653 2121 per-

2063 2142 2192 2209 {ecta
2212 2149 2332 2193 sunt
2354 2139 2558 2207 calum,
2578 2149 2624 2193 et
2648 2151 2802 2205 terra,
2821 2150 2869 2194 et
2885 2141 3048 2195 omnis
3063 2150 3274 2195 ornatus
3297 2157 3470 2201 eorum
3492 2141 3651 2215 (Gen.

2061 2231 2114 2284 2.
2145 2230 2221 2304 i).
2249 2231 2540 2287 Considera
2571 2248 2727 2302 quam
2766 2232 2897 2289 nihil
2939 2235 3008 2290 sit
3035 2234 3384 2305 superﬂuum,
3411 2236 3664 2306 nihilque

2064 2321 2367 2376 redundans
2392 2323 2442 2377 in
2472 2323 2664 2378 divinis
2691 2324 2904 2380 Literis.
2939 2324 3225 2395 Postquam
3257 2325 3652 2382 elementorum

2063 2421 2251 2467 cuncta
2278 2413 2746 2484 conquieetentium
2773 2416 3034 2480 meminit,
3058 2431 3165 2470 non
3187 2415 3323 2470 ultra
3340 2415 3657 2470 minutatim

2064 2506 2271 2576 reiiqua
2287 2515 2695 2572 commemorat,
2737 2508 2831 2562 sed
2863 2519 2920 2562 ut
2951 2508 3105 2577 dixit,
3141 2507 3375 2580 Perfecta
3402 2518 3518 2562 sunt
3545 2523 3656 2563 cc-

2067 2597 2168 2650 lum
2199 2607 2244 2652 et
2276 2608 2428 2663 terra,
2480 2599 2646 2666 addit,
2690 2599 2756 2653 Et
2798 2601 2960 2654 omnis
3003 2611 3212 2654 ornatus
3261 2616 3432 2654 eorum
3469 2614 3490 2654 :
3545 2614 3656 2670 quo

2066 2691 2327 2758 signiﬁcat
2370 2691 2567 2757 omnia,
2611 2701 2662 2746 et
2704 2707 2822 2761 quae
2867 2693 2918 2745 in
2949 2692 3104 2758 crelo,
3138 2701 3193 2747 et
3235 2707 3354 2762 quze
3384 2690 3436 2745 in
3483 2700 3654 2747 terra.

2066 2781 2298 2834 Ornatus
2321 2781 2462 2835 enim
2494 2791 2650 2836 terrm
2679 2793 2801 2835 sunt
2829 2797 2889 2836 ea
2916 2798 3034 2852 qua:
3063 2783 3131 2838 ab
3158 2783 3245 2838 illa
3287 2783 3650 2853 proferuntur,

2068 2880 2124 2923 ut
2154 2871 2439 2925 herbarum
2469 2872 2730 2938 germina,
2762 2871 3026 2926 fructuum
3059 2882 3369 2942 proventus,
3398 2871 3654 2927 arborum

2068 2959 2288 3024 fructus,
2317 2962 2526 3032 aliaque
2556 2962 2733 3016 omnia
2762 2961 2960 3031 quibus
3004 2963 3148 3017 illam
3182 2960 3374 3033 Opifex
3410 2961 3652 3018 ornavit:

2068 3054 2509 3108 ornatusitcrum
2555 3055 2690 3119 cmli,
2742 3055 2844 3121 sol,
2889 3055 3035 3121 luna,
3081 3055 3355 3111 stellarum
3400 3056 3655 3122 varietas,

2069 3156 2434 3213 creatur-mque
2497 3159 2684 3200 omnes
2731 3144 3081 3200 iutermcdim.
3146 3145 3213 3200 Et
3260 3145 3458 3201 ideirco
3502 3158 3660 3200 saera

2073 3234 2341 3304 Scriptura
2387 3235 2576 3290 caelum
2619 3245 2925 3305 terramque
2966 3250 3466 3302 eommmemorans,
3495 3246 3661 3296 omne

2073 3326 2166 3382 Dei
2202 3325 2469 3395 opiﬁcium
2501 3341 2595 3395 per
2624 3328 2737 3382 inec
2766 3326 3030 3382 elementa
3067 3327 3346 3397 complexa
3377 3335 3480 3382 est.
3507 3325 3564 3381 2.
3593 3326 3662 3382 Et

2073 3419 2302 3490 perfecit,
2331 3418 2519 3487 inquit,
2551 3418 2690 3474 Deus
2733 3419 2815 3473 die
2858 3429 2999 3473 sexto
3029 3435 3182 3489 opera
3227 3435 3321 3473 sua
3363 3433 3479 3490 qua:
3519 3419 3659 3489 fecit.

2072 3506 2366 3569 Considera
2415 3508 2684 3576 quomodo
2728 3508 2896 3562 semel
2923 3517 2978 3564 et
3023 3509 3217 3564 iterum
3249 3509 3388 3564 idem
3417 3510 3568 3576 dicit,
3602 3517 3668 3563 ut

2072 3599 2342 3654 discamus
2390 3600 2528 3653 intra
2557 3608 2765 3654 sextum
2804 3599 2942 3654 diem
2981 3599 3220 3654 absoluta
3264 3600 3427 3655 fuisse
3457 3601 3658 3655 omnia.

2079 3691 2296 3760 Perfecit
2327 3692 2490 3756 enim,
2525 3690 2717 3759 inquit,
2748 3690 2831 3744 die
2867 3701 3006 3746 sexto
3055 3707 3209 3758 opera
3252 3708 3347 3744 sua
3384 3707 3497 3762 qua
3523 3693 3670 3762 fecit,

2077 3793 2122 3837 et
2151 3784 2384 3847 requievit
2423 3783 2506 3837 die
2549 3784 2763 3853 septimo
2788 3784 2851 3836 ab
2893 3783 3122 3837 omnibus
3153 3781 3389 3848 operibus
3416 3783 3522 3836 suis
3545 3796 3672 3852 qua

2077 3878 2216 3949 fecit.
2237 3877 2382 3943 Quid
2409 3885 2490 3931 est
2518 3875 2661 3946 quod
2703 3874 2832 3930 dicit
2861 3891 2875 3930 :
2910 3873 2977 3929 Et
3007 3876 3241 3946 requievit
3281 3875 3419 3931 Deus
3460 3876 3543 3930 die
3579 3890 3665 3930 se-

2078 3970 2235 4039 ptimo
2265 3969 2326 4022 ab
2369 3967 2601 4037 operibus
2627 3968 2731 4022 suis
2770 3983 2883 4038 qua:
2909 3966 3065 4036 fecit?
3095 3964 3227 4021 Vide
3263 3965 3532 4036 quontodo
3559 3967 3664 4020 itu-

2078 4075 2239 4116 mauo
2274 4074 2445 4127 more,
2472 4067 2524 4114 et
2563 4059 2792 4128 quadam
2839 4059 3281 4126 attemperatione
3308 4059 3374 4112 ad
3425 4068 3663 4113 nostram

2081 4152 2497 4208 imbecillitatem
2524 4150 2700 4206 divina
2725 4149 2999 4218 Scriptura
3026 4151 3204 4204 omnia
3232 4151 3508 4220 loquatur:
3533 4148 3669 4204 alio-

2079 4247 2190 4316 qui,
2240 4245 2341 4300 nisi
2388 4242 2488 4299 hac
2528 4244 2735 4299 ratione
2777 4259 2868 4298 usa
2899 4243 3105 4309 fuisset,
3155 4258 3259 4297 non
3307 4243 3675 4312 potuissemus

2082 4335 2281 4406 aliquid
2313 4335 2576 4391 dictorum
2602 4334 2719 4409 ejus
2744 4334 3057 4404 intelligere.
3095 4331 3162 4386 Et
3184 4334 3442 4404 requievit,
3472 4333 3665 4403 inquit,

2083 4427 2220 4493 Deus
2248 4428 2330 4480 die
2356 4426 2567 4495 septimo
2605 4425 2668 4478 ab
2694 4423 2930 4477 munibus
2966 4423 3196 4492 operibus
3223 4423 3326 4477 suis
3371 4438 3486 4488 quc
3523 4422 3668 4492 fecit.

2082 4520 2350 4584 Substitit,
2365 4519 2558 4592 inquit,
2576 4526 2627 4572 et
2646 4518 2877 4572 cessavit
2905 4531 2940 4569 a
2961 4516 3250 4572 formandis
3277 4515 3668 4585 producendis-

2081 4627 2186 4682 que
2211 4628 2277 4667 ex
2308 4609 2474 4664 nihilo
2500 4610 2680 4665 rebus.
2698 4607 2886 4663 Omnia
2909 4608 3050 4662 enim
3076 4621 3426 4676 qumcumque
3449 4612 3672 4673 oporte-

2084 4703 2176 4757 bat
2202 4700 2549 4771 produxerat,
2580 4707 2636 4754 et
2653 4713 2772 4752 eum
2798 4697 2891 4768 qui
2921 4696 3003 4751 his
3041 4694 3299 4750 fruiturus
3328 4703 3442 4749 erat
3469 4695 3669 4749 forma-

2083 4805 2252 4851 verat.
2285 4796 2338 4849 5.
2367 4793 2430 4848 Et
2451 4791 2724 4857 benedixit,
2766 4791 2954 4861 inquit,
2988 4789 3122 4844 Deus
3145 4788 3276 4842 diem
3301 4789 3591 4860 septimum,
3620 4797 3672 4842 et

2085 4886 2413 4956 sanctiﬁcavit
2457 4885 2623 4950 illum,
2667 4884 2784 4954 quia
2825 4883 2878 4936 in
2922 4882 3014 4936 illo
3059 4882 3298 4953 requievit
3336 4882 3400 4934 ab
3437 4880 3673 4934 omnibus

2086 4976 2318 5048 operibus
2346 4976 2448 5030 suis
2471 4989 2584 5045 qua
2610 4982 2824 5042 coeperat
2853 4971 2989 5024 Deus
3019 4971 3204 5040 facere.
3227 4967 3357 5024 Nam
3389 4979 3669 5038 postquam

2087 5069 2322 5124 substitit
2347 5065 2557 5138 Opifex,
2589 5073 2645 5120 et
2669 5064 2846 5118 omnia
2874 5077 3225 5132 quaecumque
3255 5061 3446 5124 voluit,
3475 5075 3675 5115 secun-

2088 5158 2213 5215 dum
2255 5158 2634 5227 benignitatem
2683 5167 2835 5209 suam
2875 5165 2973 5207 suo
3000 5161 3268 5222 praecepto
3314 5151 3571 5220 produxit
3614 5147 3672 5205 in

2089 5252 2349 5318 medium,
2379 5261 2504 5306 tunc
2539 5248 2700 5303 ﬁnem
2730 5246 3021 5300 formandi‘
3052 5244 3177 5300 fecit
3201 5243 3287 5300 die
3329 5252 3516 5308 sexto;
3545 5258 3669 5298 cum

2089 5345 2219 5399 nihil
2261 5342 2404 5398 aliud
2448 5341 2538 5397 die
2578 5339 2806 5410 septimo
2847 5338 3143 5409 producere
3183 5337 3370 5401 vellet,
3418 5351 3486 5391 eo
3526 5334 3672 5405 quod

2088 5437 2289 5503 omnia,
2320 5450 2438 5507 quat
2463 5433 2642 5490 facere
2665 5431 2924 5499 voluerat,
2944 5432 3054 5503 jam
3093 5430 3337 5503 perfecta
3365 5437 3584 5485 essent:
3614 5436 3674 5484 ut

2093 5529 2312 5586 haberet
2345 5527 2506 5583 etiam
2532 5525 2649 5580 dies
2683 5525 2775 5579 tile
2804 5523 3204 5595 praerogativam
3235 5521 3490 5592 aliquam,
3521 5527 3576 5574 et
3603 5532 3676 5575 ne

2155 5664 2171 5696 ι
2204 5659 2394 5725 Coisiin.
2423 5673 2435 5708 :
2463 5666 2691 5725 Quoniam
2862 5654 3036 5716 artifex
3054 5659 3142 5714 est,
3165 5659 3212 5704 et
3227 5650 3468 5703 omne
3491 5647 3544 5702 in
3578 5661 3678 5700 ms-

2095 5725 2249 5787 dinm,
2268 5721 2413 5789 ﬁnem
2433 5720 2578 5773 etiam
2597 5719 2859 5783 fonmndi,
2883 5725 2981 5768 etc.
