4058 6302
222 394 292 456 89
1339 385 1407 445 ὶΝ
1445 387 1598 446 CAP.
1641 386 1681 442 1.
1723 383 1855 443 ϐΕΝ

1966 426 1971 440 .
2014 383 2247 440 llOMlL.
2287 379 2380 437 Χῐ.
3299 326 3302 328 Ἴ
3458 375 3531 431 90

225 507 494 566 videretur
519 507 702 563 minus
729 503 929 576 aliquid
958 502 1228 567 obtinere,
1261 513 1328 556 eo
1352 498 1495 569 quod
1527 497 1659 552 nihil
1681 497 1734 550 in
1760 511 1826 551 eo

229 605 426 657 factum
471 609 638 665 esset,
688 598 1067 653 benedictione
1112 595 1284 665 ipsum
1325 591 1569 662 dignatus
1611 598 1715 644 est.
1761 588 1830 641 Et

233 694 511 758 benedixit,
544 693 738 761 inquit,
773 690 909 745 Deus
937 691 1072 744 diem
1091 688 1395 759 septimum:
1427 694 1472 737 et
1499 681 1832 750 sancti/ienuit

227 789 397 842 illum.
426 785 567 853 Quid
615 784 813 854 igitur?
857 799 962 836 non
1004 788 1157 836 erant
1199 788 1255 832 et
1296 777 1477 831 0101011
1504 774 1621 828 dies
1664 773 1831 827 bene-

229 879 405 934 dicti?
443 877 631 931 ‘Etiam
663 873 925 944 profecto,
957 871 1052 927 sed
1079 869 1376 925 sufficiebat
1405 867 1506 920 illis
1548 878 1644 934 pro
1686 862 1832 916 omni

229 968 633 1031 benedictione,
653 965 794 1035 quod
819 967 868 1017 in
899 963 1122 1032 singulis
1148 961 1251 1014 illis
1272 967 1536 1012 creaturae
1559 954 1833 1024 producta:

229 1061 495 1124 fuissent;
550 1070 604 1114 et
633 1059 753 1112 ideo
795 1057 863 1110 de
894 1055 998 1109 illis
1029 1069 1134 1108 non
1166 1051 1356 1120 inquit,
1409 1047 1726 1110 Benedixit;
1780 1045 1832 1098 in

229 1153 348 1208 solo
375 1162 560 1207 autem
590 1150 818 1218 septimo
845 1147 948 1200 hoc
977 1145 1128 1208 dixit,
1157 1151 1213 1197 et
1240 1141 1485 1212 apposuit
1510 1157 1524 1193 :
1553 1136 1620 1190 Et
1647 1137 1835 1190 sancti-

231 1245 402 1305 ﬁeavit
429 1244 599 1296 illum.
632 1240 771 1306 Quid
797 1247 900 1302 est,
933 1236 1004 1290 Et
1031 1233 1365 1302 sanctiﬁcavit
1403 1230 1550 1282 illum
1572 1229 1597 1281 ?
1637 1226 1695 1281 ld
1731 1233 1832 1290 est,

233 1336 387 1390 illum
419 1332 745 1404 segregavit.
776 1326 983 1384 Deinde
1004 1326 1204 1380 docens
1235 1337 1332 1376 nos
1358 1321 1534 1375 divina
1563 1318 1836 1386 Scriptura

233 1439 456 1480 causam
505 1431 729 1493 propter
770 1435 931 1490 quam
982 1417 1136 1482 dixit,
1183 1414 1247 1467 Et
1303 1412 1637 1480 sanctiﬁcavit
1666 1409 1834 1472 illum,

224 1514 445 1583 adjicit,
471 1512 548 1566 Eo
574 1511 710 1582 quod
738 1511 790 1564 in
815 1509 906 1563 illo
931 1508 1240 1576 requieverat
1267 1506 1330 1556 ab
1356 1505 1584 1556 omnibus
1605 1501 1839 1570 aperibus

235 1607 342 1659 suis
371 1619 490 1674 qua:
519 1611 738 1672 coeperat
763 1600 903 1653 Deus
943 1599 1127 1666 facere.
1155 1595 1274 1650 tiam
1316 1594 1438 1648 hinc
1467 1593 1533 1647 ab
1560 1591 1711 1645 initio
1740 1590 1839 1644 do-

237 1696 471 1751 ctrinam
491 1695 630 1749 hanc
647 1693 980 1763 :enigmatice
998 1690 1152 1744 nobis
1170 1688 1401 1742 insinuat
1416 1686 1577 1749 Deus,
1593 1683 1842 1738 erudiens

240 1802 342 1840 nos
371 1787 426 1839 in
455 1785 661 1840 circulo
690 1782 1039 1837 hebdomadis
1066 1781 1211 1834 diem
1253 1793 1416 1831 unum
1449 1777 1714 1844 integrum
1753 1789 1841 1828 se-

239 1878 598 1949 gregandam,
621 1889 672 1931 et
695 1875 1118 1932 consecrandum
1145 1870 1500 1940 spiritualium
1523 1866 1840 1938 operationi.

239 1968 368 2024 Ideo
388 1969 537 2023 enim
561 1968 819 2021 Dominus
848 1964 1116 2034 completo
1143 1977 1235 2016 sex
1263 1960 1455 2015 diebus
1484 1959 1697 2028 Opificio
1722 1971 1840 2023 suo,

242 2063 538 2132 septimum
569 2061 943 2115 benedictione
972 2058 1218 2127 dignatus
1247 2063 1348 2119 est,
1379 2063 1434 2108 et
1472 2052 1843 2115 sanctiﬁcavit,

242 2169 313 2210 eo
339 2153 486 2224 quod
517 2156 568 2207 in
599 2153 693 2207 1110
729 2153 1006 2222 quieverat
1045 2149 1114 2204 ab
1141 2133 1390 2202 omnibus
1433 2145 1687 2215 operibus
1735 2144 1847 2197 suis

243 2262 364 2316 qua:
397 2244 575 2299 facere
602 2252 857 2312 creperat.
881 2242 1078 2296 Verum
1103 2240 1189 2293 hic
1216 2239 1409 2292 iterum
1435 2237 1590 2290 video
1615 2236 1846 2289 immen-

248 2354 367 2392 sum
417 2336 573 2391 nobis
619 2336 1005 2390 sententiarum
1044 2334 1262 2402 pelagus
1305 2330 1504 2395 nasci‘,
1545 2327 1690 2397 quod
1716 2328 1848 2380 sim-

243 2428 468 2498 pliciter
512 2428 786 2497 przcterire
817 2426 1019 2490 nolim;
1067 2425 1194 2494 quin
1242 2433 1295 2478 et
1321 2439 1416 2478 vos
1446 2423 1635 2475 harum
1689 2419 1849 2489 spiri-

248 2520 476 2572 tualium
523 2519 782 2572 mercium
832 2518 1119 2587 participes
1164 2517 1278 2571 fieri
1306 2517 1488 2587 cupio.
1519 2515 1650 2581 Qua:
1693 2512 1853 2581 igitur

251 2611 357 2667 ilia.
375 2621 482 2677 est,
511 2625 630 2680 qua}
674 2609 799 2663 hinc
837 2611 1026 2672 oritur,
1060 2608 1322 2678 quaestio?
1367 2608 1547 2660 Divina
1578 2605 1851 2673 Scriptura

254 2705 342 2759 hic
387 2703 601 2757 dicente
647 2703 813 2757 Deum
858 2701 1186 2771 requievissc
1230 2701 1295 2755 ab
1349 2700 1597 2769 operibus
1626 2697 1769 2760 suis,
1799 2697 1854 2747 in

255 2794 548 2864 evangeliis
589 2792 834 2846 Christus
881 2793 1079 2861 inquit,
1112 2790 1271 2844 Pater
1317 2808 1456 2843 meus
1498 2804 1657 2857 usque
1704 2785 1854 2838 modo

249 2896 520 2956 operatur,
549 2896 594 2938 et
639 2901 729 2956 ego
772 2901 954 2954 Operor
1008 2883 1182 2953 (Joan.
1217 2884 1270 2938 5.
1302 2882 1411 2953 17).
1441 2881 1556 2935 Non
1607 2879 1858 2933 videnlur

255 2977 352 3032 tibi
377 2991 444 3030 ex
472 2976 758 3030 verborum
787 2975 927 3029 serie
953 2975 1068 3029 11100
1099 2975 1240 3027 dicta
1269 2987 1389 3026 esse
1415 2969 1676 3023 contraria
1696 2969 1719 3020 ?
1749 2966 1857 3029 Sed

257 3068 440 3123 absit:
476 3069 604 3122 nihil
637 3068 726 3122 hic
757 3066 1085 3121 contrarium
1137 3066 1200 3120 iis
1244 3079 1361 3134 quae
1409 3063 1462 3117 in
1504 3063 1671 3116 sacris
1713 3060 1858 3114 Scriv

256 3160 433 3228 pluris
478 3159 844 3212 continentur.
875 3156 1008 3210 Nam
1057 3156 1144 3210 hic
1170 3154 1384 3223 quidem
1411 3168 1532 3206 cum
1582 3151 1857 3218 Scriptura

255 3252 390 3307 dicit
438 3249 774 3318 requievisse
819 3248 986 3302 Deum
1013 3246 1082 3300 ab
1107 3247 1359 3315 Operibns
1397 3244 1528 3310 suis,
1561 3243 1720 3297 docet
1763 3255 1862 3296 nos

258 3337 694 3396 cmnaereando
722 3347 866 3392 01οι
911 3336 1081 3390 nihilo
1125 3351 1214 3390 res
1261 3334 1605 3404 producendo
1653 3333 1860 3402 requie-

261 3435 406 3489 vissc
433 3433 520 3486 die
566 3432 868 3500 scptimo';
898 3428 1141 3484 Christus
1189 3437 1365 3482 autem
1413 3427 1598 3481 dicens
1643 3445 1655 3478 :
1705 3425 1864 3479 Pater

257 3540 405 3578 meus
451 3539 608 3591 usque
635 3521 787 3574 modo
813 3531 1074 3591 aperatur,
1104 3529 1146 3572 et
1187 3535 1279 3588 ego
1314 3535 1516 3588 operor,
1553 3526 1862 3586 perpetuam

260 3631 419 3671 suam
470 3611 862 3684 providentiam
910 3611 1066 3666 nobis
1096 3611 1351 3673 declarat,
1397 3618 1450 3663 et
1495 3608 1862 3677 operationem

263 3717 422 3764 vocat
447 3705 910 3762 conservationem
943 3704 1300 3773 opificiorum,
1326 3701 1516 3771 quibus
1545 3701 1768 3769 largitur
1809 3707 1866 3752 ut

265 3806 640 3868 permaneant,
674 3796 802 3851 dunt
832 3797 980 3849 omni
1011 3804 1250 3863 tempore
1281 3793 1556 3862 gubernat.
1585 3789 1698 3845 Nisi
1723 3791 1864 3844 enim

264 3891 372 3946 hoc
397 3898 566 3955 esset,
596 3886 866 3964 quomodo
902 3888 1210 3941 universum
1256 3885 1572 3938 subsisteret
1611 3898 1675 3935 ac
1701 3882 1863 3936 dura-

264 3993 371 4046 ret,
405 3996 516 4035 non
543 3980 875 4049 gubernante
902 3986 956 4032 et
989 3977 1252 4046 dirigcnte
1296 3991 1524 4045 superna
1554 3990 1714 4028 manu
1745 3989 1866 4028 cum

266 4073 504 4126 visibilia
553 4071 666 4125 hinc
693 4070 891 4134 omnia,
923 4078 1034 4122 tum
1067 4067 1356 4121 humanum
1410 4066 1511 4120 hoc
1539 4065 1753 4136 genus?
1800 4065 1870 4118 Et

270 4172 312 4221 si
361 4167 484 4236 quis
536 4163 770 4218 voluerit
819 4162 1116 4232 prudenter
1167 4170 1222 4214 et
1270 4159 1548 4230 speciatim
1605 4159 1869 4228 inSpieere

268 4257 449 4310 omnia
491 4272 613 4326 qua:
641 4254 882 4324 quotidie
925 4254 979 4307 in
1012 4261 1255 4307 nostrum
1287 4251 1601 4305 beneficium
1643 4251 1709 4303 ab
1749 4265 1869 4303 om-

269 4351 421 4404 nium
448 4347 652 4417 Opiﬁce
683 4345 1052 4416 perﬁciuntur,
1077 4344 1329 4416 abyssum
1369 4343 1601 4398 inveniet
1631 4342 1870 4410 benigni~

272 4441 420 4495 tatis.
469 4439 602 4504 Quis
645 4439 787 4492 enim
834 4451 1034 4502 sermo,
1079 4451 1198 4505 quae
1248 4450 1402 4489 mens
1430 4433 1497 4486 ad
1547 4432 1870 4487 inetiabilem

267 4535 413 4588 hanc
464 4531 756 4585 bonitatem
807 4529 1112 4598 pertingere
1161 4526 1374 4596 poterit,
1424 4540 1584 4594 quam
1638 4525 1872 4576 humano

269 4625 456 4697 generi
501 4625 758 4691 perpetuo
798 4619 1052 4683 ostendit,
1095 4619 1222 4674 oriri
1268 4616 1472 4672 faciens
1517 4617 1685 4670 solem
1717 4631 1871 4670 suum

271 4731 436 4786 super
463 4713 638 4768 malos
668 4721 722 4766 et
765 4711 957 4778 bonos,
998 4718 1053 4765 et
1095 4709 1285 4779 pluens
1326 4724 1487 4778 super
1510 4708 1684 4777 justos
1712 4717 1766 4761 et
1795 4708 1876 4760 in-

267 4809 447 4877 justas
487 4803 702 4875 (Matth.
734 4803 786 4857 5.
813 4802 927 4869 45),
952 4816 1276 4871 omnemque
1304 4800 1462 4853 aliam
1498 4797 1708 4868 cepiam
1747 4811 1874 4866 sup-

273 4896 566 4970 peditas?
617 4895 777 4948 Forte
807 4894 1018 4962 longius
1046 4892 1536 4969 quampportebat,
1569 4906 1873 4946 sermonem

276 4992 635 5064 produximus
667 5004 681 5042 :
725 5003 913 5042 verum
945 4987 1047 5040 hoc
1077 5000 1184 5040 non
1212 4985 1415 5054 absque
1443 4986 1670 5049 ratione,
1701 4999 1874 5053 neque

274 5097 485 5140 temere
513 5080 705 5135 factum
733 5088 850 5144 est;
892 5078 989 5133 sed
1021 5087 1079 5132 ut
1103 5078 1351 5134 absentes
1372 5092 1437 5132 ex
1466 5076 1620 5132 vobis
1645 5077 1871 5140 discant,

273 5185 538 5247 quantum
582 5173 925 5241 sibimetipsis
950 5173 1129 5225 damni
1174 5170 1414 5236 fecerint,
1444 5170 1512 5225 ob
1539 5171 1874 5241 corporalem

274 5269 454 5323 cibum
497 5265 817 5334 semetipsos
846 5280 876 5318 a
914 5264 1175 5334 spirituali
1221 5263 1462 5318 doctrina
1493 5264 1873 5319 subducentes.

274 5360 546 5414 (laeterutn
577 5373 642 5410 ne
670 5355 890 5409 nimium
921 5356 1157 5420 doleant,
1197 5354 1431 5409 fraterna
1480 5355 1602 5408 illos
1642 5355 1876 5408 benevoo

275 5451 442 5506 tentia
489 5447 910 5519 prosequamini,
946 5458 1289 5501 recensentes
1337 5448 1465 5514 ipsis
1505 5463 1623 5516 quae
1664 5461 1694 5501 a
1724 5446 1877 5498 nobis

279 5547 420 5598 dicta
451 5551 615 5598 sunt:
661 5541 760 5594 hoc
782 5541 922 5594 enim
960 5542 1184 5594 sincera:
1205 5540 1442 5594 caritatis
1483 5548 1874 5612 argumentum.

348 5639 360 5663 '
398 5632 612 5690 Coislin.,
637 5632 835 5694 pelagus
857 5639 1094 5692 apertum.

346 5697 366 5725 ⁸
398 5704 490 5765 se;
517 5703 642 5765 Mss,
673 5695 751 5744 die
778 5702 932 5765 sexto.
961 5702 1170 5765 utraque
1193 5694 1625 5765 lectio__quadrare
1671 5701 1836 5765 potest
1863 5707 1873 5740 :

283 5769 377 5804 non
405 5759 534 5828 enim
556 5762 645 5826 alis
680 5770 738 5828 re
762 5757 947 5828 dicatur
985 5756 1135 5805 Deuin
1159 5765 1303 5805 sexto
1334 5756 1414 5805 die
1449 5765 1702 5820 postquam
1733 5756 1879 5804 11110111

279 5820 476 5868 creandi
497 5818 710 5880 fecisset,
736 5821 1003 5881 quievisse.

1935 496 2067 550 Nam
2095 495 2140 548 si
2169 495 2305 548 inter
2336 505 2525 562 magna
2555 487 2791 546 caritatis
2832 486 3026 542 indicia
3073 484 3287 549 habent,
3318 487 3412 554 Qui
3451 481 3553 536 ita-

1935 586 2003 639 de
2030 583 2372 638 settsibilibus
2395 566 2586 635 eduliis
2615 582 2716 633 hoc
2743 580 2864 633 suis
2900 575 3251 631 familiaribus
3295 572 3530 628 faciunt:

1938 677 2103 731 multo
2148 677 2319 744 magis
2369 676 2419 728 in
2466 673 2834 744 spiritualibus
2880 669 2983 724 hoc
3028 667 3236 738 agendo
3285 678 3532 734 magnam

1938 769 2093 821 nobis
2121 766 2331 821 laudem
2360 781 2646 836 paramus;
2690 763 2830 817 redit
2859 763 3002 816 enim
3031 761 3096 813 ad
3128 774 3228 812 nos
3257 758 3402 826 ipsos
3427 754 3536 808 titi-

1939 861 2080 915 litas.
2115 858 2246 914 Nam
2273 859 2359 913 cui
2390 858 2622 913 studium
2654 865 2739 910 est
2767 854 2962 908 docere
2995 852 3319 922 proximum,
3350 847 3398 904 is
3430 860 3536 899 non

1941 963 2047 1008 tam
2095 953 2500 1017 illibenefacit,
2531 965 2691 1020 quam
2718 948 2924 1016 sibiipsi
2958 959 3202 1013 magnam
3233 938 3539 996 mercedem

1939 1056 2113 1118 parat,
2158 1046 2466 1116 duplicique
2511 1051 2734 1112 augetur
2779 1039 2949 1102 lucro,
2973 1036 3099 1090 dum
3141 1035 3310 1101 majus
3353 1048 3383 1084 a
3429 1031 3540 1083 De‘o

1943 1141 2222 1212 praemium
2261 1137 2588 1208 assequitur,
2617 1144 2672 1188 et
2697 1133 2824 1187 dum
2871 1130 3090 1184 fratrem
3122 1126 3317 1181 docere
3347 1138 3540 1194 aggre-

1941 1235 2103 1298 ditur,
2123 1231 2366 1288 docendo
2399 1229 2612 1285 interim
2641 1225 2850 1295 sibiipsi
2880 1221 3193 1279 memoriam
3214 1233 3399 1275 eorum
3421 1228 3547 1286 qua:

1943 1326 2146 1381 audivit
2185 1332 2430 1378 renovat.

2015 1419 2071 1473 8.
2113 1417 2330 1470 Horatia
2362 1413 2666 1468 exhortatio.
2702 1441 2772 1451 -
2799 1408 2963 1479 Igitur
3008 1406 3305 1476 cogitantes
3337 1409 3542 1454 tantum

1945 1511 2148 1564 lucrum
2172 1515 2434 1570 vestrum,
2467 1520 2536 1559 110
2581 1501 2865 1557 invideatis
2905 1498 3160 1552 fratribus
3205 1493 3416 1554 vestris,
3450 1487 3546 1544 sed

1945 1618 1974 1654 a
2002 1602 2154 1654 vobis
2175 1599 2384 1654 discant
2408 1612 2528 1666 qua:
2558 1610 2702 1663 nunc
2729 1609 2756 1646 a
2786 1593 2940 1647 nobis
2967 1591 3238 1644 dicuntur.
3264 1586 3339 1639 Ne
3364 1591 3545 1637 autem

1947 1695 2170 1763 posthac
2201 1700 2382 1744 vestro
2404 1687 2676 1742 beneficio
2716 1682 2933 1738 obnoxii
2963 1681 3079 1734 hare
3103 1680 3340 1738 discant,
3371 1673 3551 1728 ducite

1949 1785 2069 1838 illos
2099 1783 2164 1836 ad
2212 1796 2328 1847 nos,
2365 1778 2750 1850 persuadentes
2796 1773 2947 1844 ipsis,
2981 1771 3111 1824 nihil
3156 1769 3348 1822 obesse
3392 1763 3550 1833 spiri—

1951 1875 2082 1928 tuali
2111 1888 2333 1936 mensae,
2364 1872 2409 1924 si
2456 1868 2726 1939 prmcedat
2777 1863 3075 1934 corporalis
3125 1859 3227 1914 01111
3277 1853 3549 1924 sumptio:

1953 1967 2048 2020 sed
2091 1981 2249 2018 omne
2291 1974 2500 2030 tempus
2555 1957 2821 2029 spirituali
2865 1955 3097 2008 sermoni
3142 1951 3392 2004 idoneum
3430 1959 3551 2000 esse

1955 2056 2333 2127 repntandum.
2364 2054 2493 2108 111100
2544 2053 2588 2107 si
2641 2060 2787 2105 recte
2832 2059 3129 2108 teneamus,
3159 2040 3458 2114 poterimus
3498 2045 3554 2090 et

1957 2151 2102 2205 domi
2145 2157 2446 2210 versantes,
2479 2154 2602 2198 ante
2628 2152 2682 2197 01
2721 2151 2842 2211 post
2888 2138 3193 2193 convivium
3222 2131 3458 2201 acceptis
3501 2129 3554 2182 in

1955 2243 2202 2298 manibus
2232 2239 2428 2293 divinis
2458 2237 2654 2300 Libris,
2684 2231 2965 2286 utilitatem
3000 2229 3122 2283 inde
3147 2241 3339 2295 capere
3366 2231 3421 2278 et
3445 2221 3556 2290 spi-

1956 2333 2202 2387 ritualem
2250 2329 2428 2383 cibum
2456 2326 2650 2379 anima:
2690 2322 2956 2392 praebere.
3008 2318 3140 2372 Nam
3185 2317 3325 2369 sicut
3361 2325 3558 2381 corpus

1958 2425 2161 2493 indiget
2196 2419 2436 2477 sensibili
2466 2419 2607 2483 cibo,
2639 2418 2710 2469 ita
2737 2425 2791 2469 et
2827 2415 3006 2468 anima
3034 2408 3342 2480 quotidiana
3369 2405 3559 2460 admo-

1931 2516 2166 2600 \nitione
2210 2524 2264 2568 et
2305 2511 2658 2580 spiritualium
2708 2506 2956 2562 ciborum
3005 2499 3395 2557 refocillatioue
3441 2514 3454 2548 :
3502 2503 3561 2548 ut

1960 2609 2210 2680 roborata
2262 2603 2514 2658 resistere
2567 2601 2735 2669 possit
2782 2597 2961 2652 carnis
2991 2592 3292 2655 rebellioni,
3327 2598 3381 2642 et
3427 2602 3561 2641 con-

1964 2703 2110 2754 tinuo
2141 2698 2280 2752 bello
2317 2711 2423 2765 quo
2451 2708 2724 2762 urgemur,
2753 2689 3006 2760 quodque
3051 2685 3282 2739 animant
3323 2688 3561 2734 nostram

1965 2792 2016 2845 in
2048 2790 2363 2843 servitutem
2394 2785 2606 2853 redigit,
2639 2784 2681 2835 si
2721 2782 2805 2834 vel
2837 2794 3024 2849 parum
3066 2774 3278 2829 desides
3308 2785 3428 2826 esse
3469 2783 3557 2821 vo-

1966 2883 2241 2938 luerimus.
2304 2878 2535 2933 Proinde
2589 2874 2847 2945 propheta
2908 2869 3073 2925 David
3131 2869 3343 2920 beatum
3411 2863 3560 2916 illum

1966 2975 2118 3036 dixit,
2164 2974 2252 3042 qui
2295 2973 2346 3024 in
2394 2970 2512 3039 lege
2565 2967 2775 3022 Domini
2827 2963 3115 3017 meditatur
3155 2959 3244 3013 dic
3295 2972 3360 3011 ac
3407 2964 3567 3009 nocte

1972 3065 2143 3135 (Ρεαι.
2177 3065 2229 3117 1.
2273 3063 2368 3130 '2);
2414 3070 2468 3115 ct
2517 3061 2703 3115 beatus
2752 3057 2927 3111 Moses
2975 3052 3255 3108 Judaicum
3309 3047 3565 3119 populum

1966 3156 2166 3211 docens
2193 3155 2266 3208 ait
2293 3172 2304 3206 :
2351 3151 2477 3206 Cum
2516 3149 2791 3204 comederis
2822 3157 2867 3201 et
2908 3145 3110 3209 biberis,
3134 3154 3179 3197 et
3208 3142 3423 3196 satiatus
3454 3139 3566 3209 [uec

1967 3251 2060 3315 ris,
2088 3263 2278 3302 memor
2319 3257 2420 3300 esto
2450 3243 2658 3298 Domini
2687 3241 2785 3296 Dei
2812 3239 2886 3293 tui
2933 3237 3110 3312 (Deut.
3145 3237 3198 3290 8.
3241 3233 3355 3306 10).
3380 3231 3565 3295 Vides,

1970 3340 2240 3411 quomodo
2280 3347 2334 3393 et
2361 3348 2486 3392 tunc
2517 3335 2852 3406 potissimum
2892 3347 2986 3402 par
3016 3331 3104 3394 sit,
3134 3338 3258 3399 post
3293 3332 3566 3394 sumptum

1969 3429 2520 3502 nempe‘corporalcm
2551 3427 2753 3490 cibum,
2777 3422 3054 3494 spirituale
3083 3419 3385 3476 convivium
3413 3417 3570 3471 nobis

1971 3523 2187 3593 apponi,
2204 3532 2260 3576 ut
2276 3537 2343 3576 ne
2366 3529 2485 3589 post
2509 3519 2808 3572 satietatem
2825 3517 2928 3570 cibi
2945 3512 3242 3582 corporalis
3257 3513 3433 3564 anima
3452 3515 3567 3580 tor-

1973 3632 2106 3686 pens
2134 3625 2187 3669 et
2215 3613 2374 3668 deses
2423 3613 2474 3666 in
2507 3610 2796 3680 perniciem
2845 3608 3076 3677 aliquant
3130 3614 3270 3668 ruat,
3299 3613 3354 3657 et
3390 3601 3570 3654 locmn

1973 3709 2064 3762 det
2093 3705 2290 3759 diaboli
2332 3701 2839 3766 machinationibus,
2864 3700 2952 3768 qui
2981 3711 3169 3751 omnes
3200 3691 3458 3763 temporis
3483 3706 3573 3743 ar-

1976 3799 2168 3853 ticulos
2198 3797 2467 3857 observat,
2512 3803 2569 3846 ut
2596 3792 2756 3847 letale
2809 3791 2965 3845 nobis
3008 3788 3199 3842 vulnus
3232 3782 3459 3840 inferat?
3506 3780 3575 3835 Et

1976 3892 2169 3944 iterum
2195 3887 2299 3941 alio
2329 3887 2447 3940 loco
2473 3884 2685 3939 dicebat
2717 3882 2858 3935 idem
2891 3881 2978 3934 ille
3010 3879 3270 3948 propheta
3303 3894 3316 3928 :
3349 3872 3414 3926 In
3445 3877 3574 3925 lecto

1976 3983 2216 4036 cubantes
2246 3990 2291 4033 et
2337 3986 2662 4046 exsurgentes
2711 3956 3010 4026 mementote
3042 3969 3250 4022 Domini
3301 3965 3394 4018 Dei
3426 3961 3576 4015 uestri

1977 4072 2159 4143 (Deut.
2194 4072 2247 4126 6.
2282 4069 2359 4139 7).
2392 4067 2583 4122 Vidisti
2613 4078 2901 4133 numquam
2933 4076 3031 4114 nos
3061 4060 3256 4114 decere
3295 4057 3434 4108 hanc
3465 4067 3577 4106 me-

1979 4168 2201 4220 nioriam
2241 4179 2305 4218 ex
2338 4162 2513 4214 anima
2555 4167 2735 4212 nostra
2778 4153 3086 4217 excludere,
3121 4149 3214 4204 sed
3259 4146 3577 4214 insculptain

1981 4259 2034 4312 in
2084 4257 2410 4313 conscientia
2453 4253 2760 4314 liabere,ac
2807 4249 2858 4302 in
2908 4256 3162 4316 perpetua
3213 4240 3578 4296 sollicitudine

1981 4350 2182 4413 vivere,
2211 4347 2490 4414 nullasque
2539 4354 2789 4410 umquam
2840 4337 3124 4391 admittere
3176 4331 3439 4392 inducias,
3472 4336 3580 4384 imo

1983 4453 2039 4496 ut
2064 4441 2199 4495 bene
2220 4439 2472 4501 scientes,
2493 4444 2725 4504 quantus
2752 4431 2823 4485 sit
2851 4431 2998 4483 furor
3024 4425 3224 4480 inimici
3253 4423 3422 4478 nostri
3453 4439 3580 4493 erga

1982 4549 2099 4597 nos,
2130 4532 2341 4586 sobrios
2384 4544 2503 4582 esse
2548 4536 2600 4581 et
2649 4524 2890 4594 vigilare,
2939 4529 2994 4575 et
3040 4533 3232 4573 omnes
3276 4517 3454 4570 aditus
3506 4515 3583 4568 illi

1982 4624 2331 4697 priccludere,
2363 4633 2419 4676 et
2460 4634 2748 4688 numquam
2793 4611 3122 4685 spiritualem
3174 4608 3442 4679 negligere
3489 4607 3586 4661 alio

1982 4715 2255 4773 moniani?
2309 4713 2435 4767 HzL-c
2477 4718 2659 4764 nostra
2689 4709 2830 4762 salus
2864 4715 2978 4771 est,
3016 4704 3100 4758 hze
3142 4699 3449 4772 Spirituales
3499 4699 3586 4751 di-

1983 4809 2147 4874 vitiae,
2180 4806 2297 4860 huic
2344 4802 2626 4856 securitas.
2668 4797 2725 4853 Si
2770 4798 2847 4851 sic
2877 4811 2978 4850 nos
3019 4796 3163 4865 ipsos
3193 4790 3428 4863 quotidie
3458 4805 3582 4844 11111-

1984 4901 2215 4963 niamus,
2249 4905 2300 4950 ct
2347 4909 2442 4964 per
2487 4891 2800 4956 lectionem,
2833 4897 2888 4943 et
2933 4901 3030 4956 per
3075 4884 3334 4948 auditum,
3381 4892 3437 4936 et
3490 4893 3583 4949 per

1984 4990 2313 5062 spiritualem
2341 4999 2665 5047 sermonem,
2688 4983 2766 5036 sic
2788 4980 3082 5049 poterimus
3111 4975 3210 5046 ipsi
3236 4974 3416 5028 invicti
3436 4986 3583 5035 esse,

1985 5095 2039 5139 ct
2057 5081 2269 5151 maligni
2287 5066 2548 5133 (110111011ἰέ
2582 5075 2799 5131 tcehnas
2811 5072 3048 5136 eludere,
3063 5069 3405 5135 eiclcstiaquc
3423 5078 3583 5133 regna

1985 5174 2221 5242 assequi,
2242 5171 2408 5241 gratia
2430 5179 2484 5224 et
2502 5167 2828 5237 benignitate
2848 5162 3059 5217 Domini
3093 5159 3260 5213 nostri
3289 5157 3416 5210 Jesu
3436 5151 3583 5207 Chri-

1985 5268 2076 5331 sti,
2106 5281 2226 5320 cum
2258 5277 2365 5332 quo
2393 5262 2534 5314 Patri
2572 5259 2728 5312 simul
2761 5264 2813 5310 ct
2835 5253 3054 5324 Spiritui
3082 5259 3268 5305 sancto
3296 5249 3364 5302 sit
3393 5245 3577 5316 gloria,

1987 5357 2289 5427 imperium,
2327 5354 2517 5418 honor,
2549 5365 2690 5405 nunc
2727 5359 2780 5403 et
2819 5361 3052 5417 semper,
3081 5353 3137 5398 et
3161 5344 3214 5396 in
3242 5340 3436 5395 smeula
3486 5351 3584 5389 sa:-

1986 5448 2252 5503 culorum.
2287 5445 2480 5498 Amen.

2581 5570 2864 5628 HOMILIA
2904 5569 2994 5624 XI.

1994 5714 2142 5781 Quod
2166 5719 2393 5781 Oporteat
2419 5711 2647 5761 virtutem
2673 5706 2844 5774 magni
2873 5706 3036 5773 facere
3056 5706 3354 5765 sanctosque
3375 5695 3584 5754 imitan,

2063 5806 2146 5876 qui
2173 5819 2286 5856 cum
2317 5802 2540 5872 ejusdem
2566 5799 2710 5870 cujus
2740 5812 2828 5849 nos
2852 5803 3046 5848 nuturw
3070 5800 3253 5855 essent,
3292 5803 3400 5841 eam
3432 5790 3588 5837 arcu“-
