4058 6302
546 337 610 394 9!
1256 347 1314 405 S.
1353 346 1630 406 JOANNIS
1667 347 2123 408 ῡιιιιῖδυετοιι

2232 353 2492 418 RCHIEP.
2519 362 3048 425 CONS'I‘ANTINOP.
3757 374 3827 436 Μ

623 445 730 510 ra'ts
754 457 930 511 sectati
957 468 1090 512 sunt.
1119 459 1184 512 Et
1212 460 1344 528 quod
1371 460 1415 514 si
1438 476 1608 531 segnes
1638 462 1903 531 fuerimus,
1934 464 2128 518 nullam

624 549 1006 603 excusationem
1023 550 1237 604 habituri
1256 552 1432 604 simus.

627 655 682 710 i.
711 655 835 711 Scio
877 673 962 712 me
1001 658 1361 727 superioribus
1399 657 1586 714 diebus
1625 672 1858 718 mentem
1902 674 2131 720 vestram

552 745 981 804 profundioribus
1035 749 1311 803 sententiis
1357 752 1660 806 exercuisse
1688 770 1702 805 :
1729 768 1845 807 eam
1899 754 1969 808 ob
2015 771 2128 810 rem

558 832 711 888 hodie
739 836 946 891 animus
987 845 1071 891 est
1111 835 1403 894 faciliorem
1432 837 1451 869 ⁸
1484 855 1782 910 proponere
1810 841 2127 898 doctrinam.

553 920 684 976 Nam
714 926 849 978 sicut
876 939 1070 993 corpus
1089 926 1294 997 jejunio
1317 941 1643 987 maceratum
1663 973 1678 996 ,
1713 933 1962 988 nonnulla
1989 935 2130 991 indi-

531 1021 639 1080 get
684 1011 1104 1082 refocillatione,
1150 1026 1209 1072 nt
1248 1035 1461 1076 rursum
1505 1022 1705 1092 ingenti
1748 1021 2021 1080 alacritate
2062 1025 2131 1080 ad

551 1102 798 1157 ferendos
835 1102 1021 1174 jejnnii
1064 1106 1273 1162 labores
1315 1109 1502 1166 redeat
1529 1129 1543 1165 :
1572 1111 1643 1165 ita
1670 1120 1723 1166 et
1751 1113 1925 1167 anima
1955 1125 2131 1170 vestra

549 1192 866 1250 remissione
885 1195 1085 1267 indiget
1102 1205 1161 1252 et
1188 1199 1384 1269 quiete.
1434 1200 1614 1272 Neque
1639 1201 1778 1258 enim
1803 1216 2020 1272 semper
2043 1203 2130 1260 in-

551 1283 803 1351 tendere,
845 1300 1017 1357 neque
1042 1303 1256 1360 semper
1282 1295 1553 1350 remittere
1577 1301 1818 1365 oportet;
1865 1297 1960 1351 sed
1989 1313 2130 1354 nunc

551 1372 656 1429 hoc
677 1415 692 1440 ,
726 1392 866 1434 nunc
893 1379 1023 1436 illud
1066 1381 1366 1439 faciendum
1391 1400 1406 1450 ;
1455 1388 1616 1442 etsic
1641 1386 1910 1457 regendus
1935 1389 2132 1446 anima:

549 1473 739 1532 status,
767 1477 823 1524 et
845 1469 1108 1528 domanda
1133 1475 1308 1531 carnis
1339 1475 1645 1546 petulantia.
1670 1478 1802 1534 Nam
1829 1480 1967 1535 sicut
1991 1496 2131 1537 sem—

555 1573 653 1626 per
678 1558 936 1616 intentum
962 1577 1082 1619 esse
1108 1565 1377 1622 laboribus
1395 1607 1410 1632 ,
1440 1569 1496 1624 id
1537 1570 1750 1625 tredium
1777 1570 1931 1627 aﬂert
1957 1581 2010 1628 et
2033 1573 2131 1630 de-

551 1647 706 1717 jicit:
735 1649 805 1703 ita
851 1659 1106 1720 perpetuo
1147 1657 1453 1719 remittere,
1500 1657 1567 1712 ad
1594 1659 1860 1730 ignaviam
1905 1662 2126 1720 inducit.

551 1737 607 1792 ιιι
637 1747 692 1792 ct
716 1738 772 1792 in
798 1741 972 1795 anima
1001 1750 1058 1796 et
1086 1743 1139 1797 in
1169 1759 1394 1815 corpore
1425 1762 1522 1802 usu
1566 1751 1750 1806 venire
1793 1751 1974 1809 videre
2013 1756 2132 1825 quis

547 1842 743 1903 potest.
771 1835 1056 1906 Propterea
1082 1840 1272 1896 modus
1292 1842 1486 1913 ubique
1512 1843 1682 1900 bonus
1708 1831 1811 1901 est.
1841 1848 1992 1915 Quod
2035 1864 2132 1904 nos

550 1923 915 1980 universorum
947 1928 1087 1983 Deus
1114 1929 1270 1986 docet
1307 1933 1466 1988 etiam
1511 1949 1607 2004 per
1649 1946 1952 2000 creaturas.
2001 1955 2131 2010 quas

548 2013 616 2068 ad
645 2017 809 2070 nostri
836 2020 1270 2075 constitutionem
1311 2022 1581 2092 produxit.
1629 2028 1804 2097 Atque
1831 2037 1890 2083 ut
1916 2028 2020 2086 hoc
2047 2032 2140 2085 in-

549 2104 817 2175 tclligatis,
843 2106 910 2162 de
931 2107 1017 2162 die
1040 2124 1102 2164 ac
1130 2120 1308 2176 nocte,
1329 2113 1429 2166 hoc
1453 2114 1616 2168 estde
1637 2116 1756 2172 luce
1783 2132 1848 2172 ac
1869 2120 2127 2188 tenebris,

546 2210 848 2252 sermonem
896 2200 1252 2256 instituamus.
1307 2201 1745 2276 Quandoquidem
1798 2209 1940 2264 enim
1985 2210 2127 2266 diem

547 2287 850 2357 segregavit
893 2289 944 2343 in
990 2305 1125 2360 opus
1172 2292 1418 2349 humana:
1469 2304 1709 2362 naturas,
1757 2307 1813 2354 et
1838 2310 2048 2356 noctem
2076 2302 2126 2357 in

546 2379 786 2450 requiem
822 2390 876 2438 et
917 2384 1287 2442 remissionem
1324 2387 1598 2471 laborum,
1639 2407 1916 2450 mensuras
1941 2404 1994 2450 et
2023 2405 2130 2450 ter-

549 2471 722 2526 minos
748 2474 984 2545 utrisque
1008 2477 1236 2547 pradiin
1254 2521 1272 2544 ,
1308 2480 1445 2536 unde
1475 2482 1626 2538 nobis
1651 2485 1899 2541 omnibus
1928 2487 2130 2543 beneﬁ-

549 2561 631 2614 cia
674 2563 915 2631 quaedam
962 2568 1324 2635 provenirent.
1376 2570 1506 2626 Nam
1551 2574 1693 2645 quod
1740 2575 1867 2642 lux,
1919 2578 2126 2635 diurnae

546 2653 872 2722 opinationis
893 2657 965 2712 sit
992 2665 1234 2730 tempus,
1285 2663 1408 2718 audi
1439 2664 1603 2720 David
1629 2665 1894 2724 dicentem
1925 2686 1938 2722 :
1967 2669 2130 2740 Egre-

547 2742 713 2797 dietur
740 2745 889 2798 hante
922 2747 992 2801 ad
1019 2765 1146 2820 opus
1171 2767 1322 2805 suum
1344 2793 1360 2817 ,
1413 2763 1462 2806 et
1500 2754 1568 2808 ad
1607 2757 1947 2826 operationem
1983 2775 2128 2814 suam

548 2849 703 2904 usque
741 2837 809 2889 ad
846 2853 1100 2908 vesperam
1129 2839 1299 2911 (Paul.
1332 2842 1452 2898 105.
1485 2844 1602 2917 25).
1661 2845 1730 2900 Ει
1757 2847 1894 2903 bene
1930 2849 2122 2920 inquit,

553 2921 722 2994 Usque
756 2927 824 2980 ad
849 2943 1103 2998 vesperam
1135 2944 1150 2985 :
1179 2948 1298 2986 nam
1341 2935 1620 3004 ingruente
1655 2932 2122 3003 vespereluxabs-

546 3014 729 3075 cedit,
804 3027 858 3072 et
900 3021 1246 3077 succedentes
1277 3025 1510 3080 tenebrze
1555 3027 1840 3083 humanam
1884 3040 2125 3086 naturam

548 3105 796 3174 sopiunt,
822 3117 877 3163 et
901 3123 1094 3180 corpus
1119 3113 1260 3182 quod
1285 3114 1653 3185 laboraverat,
1682 3120 1842 3189 quieti
1889 3121 2124 3190 tradunt,

546 3208 737 3251 sensus
781 3212 969 3256 omnes
1014 3203 1323 3269 remittunt,
1374 3215 1428 3260 et
1475 3209 1627 3277 quasi
1679 3213 1855 3266 nutrix
1903 3214 2123 3282 Optima,

545 3299 795 3342 acnsuum
822 3293 1032 3361 organis
1053 3295 1300 3352 omnibus
1324 3299 1554 3367 quietem
1582 3316 1612 3355 a
1641 3301 1908 3358 laboribus
1941 3305 2128 3376 fatiga-

540 3376 883 3450 tionibusque
929 3386 1248 3441 concedunt.
1298 3387 1432 3444 Cum
1482 3406 1608 3446 vero
1651 3407 1898 3448 mensura
1951 3399 2125 3453 noctis

547 3467 766 3538 impleta
793 3470 950 3534 fuerit
969 3515 983 3538 ,
1013 3477 1445 3548 apprOpinquans
1483 3480 1615 3537 lucis
1641 3483 1905 3539 adventus
1928 3487 2126 3542 excitat

545 3568 601 3612 et
633 3558 682 3612 id
704 3562 810 3631 agit
836 3571 894 3617 ut
921 3564 1157 3635 vigentes
1186 3567 1475 3641 reiectique
1495 3587 1686 3628 sensus
1714 3575 1921 3631 salares
1947 3577 2124 3633 radios

545 3648 772 3714 adeant,
803 3662 856 3707 ct
884 3665 942 3708 ut
969 3655 1129 3711 homo
1155 3674 1290 3716 nova
1319 3663 1544 3731 quadam
1589 3675 1643 3721 et
1681 3666 1906 3722 ferventi
1936 3670 2125 3725 alacri-

545 3747 655 3795 tate
681 3745 948 3798 consuetis
977 3748 1225 3815 operibus
1249 3767 1463 3806 manum
1485 3754 1785 3813 admoveat.
1814 3758 1943 3813 illud
1965 3761 2122 3815 etiam

543 3831 600 3885 in
637 3837 759 3886 anni
791 3838 1230 3894 conversionibus
1259 3840 1373 3896 fieri
1399 3845 1684 3918 cernimus.
1717 3847 1956 3912 Hiemem
1982 3853 2123 3906 enim

542 3923 741 3993 excipit
770 3941 864 3980 ver
888 3967 902 3991 ,
942 3937 996 3983 et
1021 3942 1222 3986 exactzc
1249 3936 1420 3988 testati
1450 3925 1685 3994 succedit
1712 3952 1996 3998 autumnus
2027 3963 2039 4000 :
2068 3955 2126 4000 ut

542 4028 639 4083 per
676 4016 1092 4075 vicissitudinem
1140 4032 1436 4094 temporum
1465 4039 1518 4084 et
1560 4035 1744 4087 mutati
1791 4036 1929 4089 aeris
1971 4039 2124 4106 quie-

544 4114 696 4160 scant
720 4121 942 4176 corpora
987 4122 1163 4167 nostra
1186 4155 1200 4178 ,
1248 4132 1417 4186 neque
1445 4119 1639 4190 frigore
1671 4125 1889 4178 nimium
1928 4142 2123 4198 conge-

543 4195 649 4251 lata
674 4212 1099 4271 corrumpantur,
1131 4222 1304 4277 neque
1325 4211 1518 4266 caloris
1541 4215 1873 4271 vehementia
1898 4220 2118 4277 nimium

541 4286 794 4344 calefacta
824 4291 1182 4350 dissolvantur
1214 4320 1227 4351 ς
1255 4307 1307 4353 et
1340 4310 1396 4354 ut
1434 4302 1501 4355 ad
1547 4304 1647 4358 hoc
1689 4321 1786 4359 nos
1830 4321 2116 4378 praeparet,

545 4374 708 4432 hiemi
735 4383 1005 4449 prmmittit
1033 4394 1342 4444 autumnum
1365 4430 1380 4456 ,
1427 4400 1482 4445 et
1517 4397 1687 4448 testati
1719 4374 1848 4451 ver.‘
1885 4374 2036 4467 Quod
2073 4374 2118 4458 si

546 4469 666 4539 quis
705 4472 994 4539 prudenter
1036 4476 1152 4533 hate
1183 4484 1358 4536 omnia
1387 4498 1568 4540 secum
1595 4490 1903 4558 expenderit
1923 4535 1938 4560 ,
1972 4495 2120 4550 inve-

541 4559 651 4615 niet
680 4561 732 4617 in
755 4566 1000 4622 omnibus
1021 4572 1279 4625 creaturis
1303 4575 1538 4631 ordinem
1570 4589 1623 4632 et
1650 4583 1905 4638 rationem
1933 4602 2118 4656 quam-

540 4650 694 4718 dam,
739 4663 793 4709 et
821 4657 948 4712 nihil
985 4669 1184 4716 temere
1207 4671 1261 4716 et
1282 4663 1483 4736 absque
1510 4670 1714 4724 ratione
1741 4650 1962 4731 factum.
2005 4677 2118 4734 lloc

540 4751 596 4796 et
621 4742 673 4796 in
695 4747 1003 4812 seminibus,
1033 4767 1150 4821 qua:
1174 4769 1238 4808 ex
1263 4762 1402 4810 terra
1432 4771 1747 4828 nascuntur,
1790 4767 1906 4831 quis
1933 4768 2116 4824 videre

543 4841 737 4902 potest.
791 4835 972 4906 Neque
1020 4844 1160 4895 enim
1211 4847 1386 4902 omnia
1439 4849 1626 4904 eodem
1673 4861 1909 4923 tempore
1959 4859 2116 4914 tellus

539 4922 762 4991 profert,
795 4942 965 4998 neque
997 4945 1153 4987 omne
1183 4941 1388 5005 tempus
1418 4940 1483 4993 ad
1504 4922 1791 4998 excolenda
1822 4955 1976 5002 terra:
1995 4964 2117 5019 ger-

540 5013 680 5068 mina
736 5017 982 5073 idoneum
1031 5033 1140 5086 est;
1201 5025 1294 5080 sed
1349 5029 1496 5084 novit
1544 5031 1774 5103 agricola
1822 5053 2115 5109 congruum

545 5113 754 5174 tempus
780 5150 794 5173 ,
825 5111 963 5178 quod
997 5128 1088 5180 per
1116 5116 1425 5186 sapientiam
1455 5121 1553 5177 sibi
1579 5138 1607 5177 a
1641 5125 1749 5180 Deo
1777 5128 1952 5185 datam
1981 5133 2117 5187 didi-

534 5196 640 5258 cit.
689 5201 901 5268 quando
956 5220 1146 5274 nempe
1192 5212 1508 5278 serendum,
1562 5219 1772 5286 quando
1818 5223 2114 5290 plantandzn

537 5288 791 5353 arbores,
841 5296 1052 5362 quando
1087 5298 1222 5355 vites
1262 5311 1417 5359 terra:
1463 5306 1665 5363 sinibus
1703 5288 2110 5383 caiicrcdendm,

537 5382 748 5447 quando
779 5385 844 5439 ad
889 5403 1117 5444 messem
1150 5398 1399 5451 acuenda:
1439 5399 1596 5456 falces
1622 5443 1637 5465 ,
1683 5406 1895 5474 quando
1924 5408 2115 5463 decer-

539 5470 693 5536 pcndi
727 5472 996 5530 vinearum
1031 5478 1230 5536 fructus
1257 5525 1272 5548 ,
1303 5495 1354 5538 et
1398 5487 1533 5542 hotri
1581 5470 1827 5548 demcndi
1851 5537 1864 5559 ,
1899 5499 2111 5564 quando

536 5567 589 5612 et
619 5560 874 5618 olivarum
917 5569 1086 5625 bacca:
1132 5575 1458 5645 colligcndre.
1503 5582 1566 5636 Et
1596 5585 1868 5655 invenies,
1910 5592 1951 5642 si
1999 5591 2110 5646 hmc

539 5651 717 5704 Otttnia
749 5653 1024 5723 diligenter
1050 5664 1278 5719 volueris
1311 5669 1575 5740 inquirere
1596 5718 1608 5741 ,
1640 5691 1825 5747 magna
1853 5683 2108 5750 sapientia

600 5742 617 5774 ι
653 5743 852 5801 quidem
879 5755 999 5812 ηδε..
1026 5753 1295 5807 clariorem.

2245 475 2403 528 etiam
2443 476 2714 550 agricolas
2747 495 2869 536 esse
2909 483 3180 552 prteditos.
3230 484 3347 541 Jam
3397 502 3502 543 non
3554 491 3726 546 solum
3770 511 3820 550 In

2241 570 2382 618 terra
2423 565 2526 621 hoc
2548 567 2730 624 videre
2761 569 2919 638 licet,
2950 572 3044 628 sed
3072 575 3234 630 etiam
3278 581 3330 631 tn
3360 581 3513 635 mari.
3569 581 3709 638 Ecce
3740 583 3827 639 hic

2239 651 2397 708 aliain
2442 657 2806 715 admirabilem
2849 664 3164 733 sapientiam
3208 678 3454 737 spectare
3495 683 3666 740 potes.
3709 672 3826 729 Scit

2238 745 2381 799 enim
2414 748 2691 805 nauclerus
2720 752 2932 820 quando
2957 754 3271 812 deducenda
3298 759 3367 813 sit
3395 761 3546 815 navis
3567 803 3581 825 ,
3610 763 3825 833 quando

2237 849 2266 887 a
2290 845 2445 904 portu
2473 839 2801 906 solvendum,
2828 841 3040 911 quando
3071 849 3389 903 transeunda
3414 853 3578 904 maria
3603 867 3618 918 ;
3648 853 3823 910 maxi-
3891 911 3900 917 ,

2239 941 2430 996 meque
2483 929 2535 982 in
2583 931 2757 986 nautis
2806 933 3224 1002 deprehenditur
3270 937 3613 1008 intellectus,
3663 959 3824 1014 quem

2236 1015 2414 1072 divina
2442 1019 2700 1090 sapientia
2727 1023 2971 1079 humana:
3001 1036 3202 1082 naturai
3231 1028 3438 1084 indidit.
3465 1030 3649 1100 Neque
3676 1034 3822 1088 cnim

2236 1109 2324 1178 qui
2369 1124 2464 1179 per
2488 1111 2600 1165 vias
2632 1113 2869 1181 publicas
2898 1127 3142 1183 currunt,
3177 1121 3245 1174 ita
3273 1120 3586 1178 diverticula
3623 1126 3826 1189 sciunt,

2237 1210 2294 1254 ut
2323 1202 2357 1255 ii
2386 1204 2474 1271 qui
2506 1204 2556 1257 in
2583 1204 2734 1274 aquis
2755 1214 2959 1262 certum
2988 1209 3089 1264 iter
3117 1210 3335 1268 faciunt.
3389 1213 3612 1284 Propter
3641 1217 3741 1272 hoc
3767 1226 3829 1274 et

2235 1290 2505 1362 Scriptura
2537 1295 2923 1366 obstupescens
2968 1299 3294 1356 eminentem
3338 1305 3653 1373 sapientiam
3700 1305 3825 1374 Dei,

2236 1383 2366 1438 dicit
2398 1403 2412 1438 :
2447 1387 2544 1453 Qui
2567 1387 2703 1442 dedit
2728 1391 2781 1442 in
2811 1391 2942 1450 mari
2984 1392 3116 1446 viam
3137 1434 3153 1458 ,
3199 1403 3248 1448 et
3282 1394 3337 1446 in
3377 1410 3511 1464 aqua
3548 1398 3828 1450 uehementi

2236 1479 2466 1532 semitam
2491 1478 2645 1549 (Sep.
2675 1481 2761 1535 14.
2794 1479 2871 1553 '5).
2919 1482 3051 1549 Quae
3077 1482 3308 1539 humana
3336 1485 3473 1540 ratio
3503 1495 3678 1555 potest
3704 1488 3825 1542 haec

2237 1571 2598 1637 pernoscere?
2652 1571 2909 1627 Eamdem
2957 1576 3218 1631 rationem
3270 1578 3505 1633 inveniet
3558 1579 3828 1648 quispiam

2237 1660 2394 1715 etiam
2441 1661 2491 1714 in
2520 1661 2654 1716 cibis
2678 1677 2812 1731 quos
2848 1666 3128 1721 sumimus.
3161 1666 3290 1721 Nam
3313 1669 3538 1738 singulis
3564 1670 3828 1740 tempori-‘-

2236 1752 2335 1804 bus
2359 1760 2413 1806 et
2439 1755 2561 1807 anni
2610 1756 2850 1823 partibus
2878 1759 3024 1812 varia
3050 1767 3104 1814 et
3130 1759 3342 1816 diversa
3384 1763 3538 1817 nobis
3564 1763 3826 1818 alimenta

2238 1841 2497 1897 Dominus
2553 1844 2774 1914 largitur
2817 1865 2831 1901 :
2881 1857 3022 1903 terra
3073 1852 3216 1905 enim
3265 1852 3414 1922 quasi
3465 1853 3665 1922 Optima
3717 1870 3830 1909 nuo

2236 1933 2340 1986 trix
2366 1934 2506 1989 dona
2528 1951 2624 1992 sua
2655 1937 2808 1993 nobis
2835 1939 3073 2010 profert,
3104 1952 3371 2013 praicepto
3398 1943 3667 2000 Creatoris
3707 1960 3833 2001 ser-

2239 2025 2410 2080 viens.

2305 2115 2356 2169 2.
2389 2116 2586 2172 Verum
2615 2134 2683 2174 ne
2719 2119 2977 2190 prolixius
3007 2136 3307 2177 sermonem
3333 2124 3619 2178 extendam
3639 2165 3654 2186 .
3696 2126 3834 2182 lico-

2235 2205 2310 2261 bit
2334 2209 2483 2264 vobis
2521 2224 2619 2279 pro
2646 2220 2821 2266 vestra
2851 2213 3131 2283 prudentia
3164 2230 3447 2271 recensere
3476 2217 3578 2271 alia
3616 2218 3828 2275 omnia.

2237 2297 2316 2350 Da
2341 2299 2482 2352 enim
2508 2342 2522 2364 ,
2569 2302 2774 2370 inquit,
2817 2305 3035 2374 sapienti
3063 2307 3412 2373 occasionem,
3456 2317 3502 2360 et
3544 2309 3832 2378 sapientior

2234 2389 2551 2460 erit,(Prov.
2582 2393 2634 2448 9.
2665 2394 2745 2463 9).
2800 2393 2984 2464 Neque
3033 2396 3085 2449 in
3129 2397 3325 2450 nostris
3372 2396 3646 2452 dumtaxat
3686 2399 3831 2457 ciliis

2236 2480 2335 2535 hoc
2365 2481 2544 2538 videre
2570 2492 2652 2536 est
2673 2522 2690 2551 ,
2737 2497 2833 2538 seu
2861 2493 2915 2538 et
2955 2487 3006 2539 in
3039 2485 3102 2540 iis
3127 2502 3247 2556 qua:
3274 2487 3548 2542 brutorum
3577 2496 3720 2544 sunt.
3757 2489 3831 2545 Et

2233 2572 2494 2640 poteritis,
2520 2574 2563 2626 si
2589 2572 2766 2640 vultis,
2799 2577 2959 2630 etiam
2988 2577 3038 2630 in
3068 2577 3246 2631 multis
3273 2578 3392 2633 aliis
3423 2579 3694 2649 inquirere
3717 2621 3733 2646 ,
3767 2587 3828 2636 et

2231 2663 2507 2720 addiscere
2543 2666 2732 2736 Optimi
2777 2669 3001 2724 artificis
3028 2669 3122 2725 Dei
3153 2669 3473 2726 ineffabilem
3503 2673 3828 2742 sapientiam

2232 2768 2286 2811 et
2311 2758 2633 2813 eminentem
2665 2758 2959 2816 bonitatem
2980 2802 2994 2826 ,
3023 2762 3294 2832 quomodo
3315 2773 3574 2818 creatura:
3595 2764 3828 2833 singulm

2236 2849 2442 2904 ratione
2466 2851 2692 2919 quadam
2723 2852 2954 2906 conditae
2971 2851 3080 2908 sint
3113 2853 3152 2905 ⁸.
3181 2852 3436 2908 Similiter
3453 2854 3607 2925 igitur
3630 2860 3688 2908 et
3717 2854 3826 2910 hu-

2226 2939 2313 3007 jus
2342 2954 2506 2993 sacrae
2537 2940 2970 3012 Quadrngesimm
3000 2951 3241 3013 tempore
3269 2947 3614 3002 constitutum
3662 2949 3827 3006 nobis

2229 3029 2580 3086 inveniemus.
2609 3029 2742 3086 Nam
2771 3033 3216 3101 quemadmodum
3248 3036 3300 3090 in
3324 3038 3424 3093 viis
3448 3039 3671 3108 publicis
3692 3052 3826 3097 sunt

2230 3122 2488 3178 stationes
2533 3131 2587 3177 et
2623 3123 2974 3191 diverticula,
3025 3126 3077 3180 in
3116 3127 3309 3197 quibus
3356 3127 3482 3184 fessi
3511 3130 3826 3189 viatoresct

2231 3213 2496 3281 respirant
2531 3223 2586 3268 et
2624 3215 2925 3284 quiescunt,
2978 3225 3038 3270 ut
3083 3227 3266 3286 postea
3312 3220 3413 3274 iter
3465 3236 3616 3276 suum
3647 3225 3826 3278 emitit-

2230 3302 2376 3355 ciant
2404 3320 2416 3356 :
2443 3312 2498 3357 et
2527 3304 2665 3359 sicut
2691 3305 2743 3359 iu
2778 3306 2913 3360 mari
2943 3306 3118 3363 littora
3145 3320 3271 3363 sunt
3290 3350 3304 3375 ,
3333 3319 3388 3365 et
3415 3323 3598 3381 portus
3617 3355 3631 3378 ,
3660 3322 3720 3368 ut
3749 3315 3830 3372 ibi

2231 3401 2406 3446 nauus
2445 3401 2722 3463 postquam
2759 3395 2957 3452 multos
2989 3395 3184 3452 ﬂuctus
3211 3402 3571 3469 trajecerant,
3604 3411 3660 3457 et
3690 3419 3826 3459 vcn-

2232 3489 2406 3536 t.:rum
2436 3483 2652 3552 impetui
2681 3486 3011 3554 restiterunt,
3043 3489 3302 3558 tantisper
3327 3493 3619 3561 quiescant,
3656 3504 3712 3549 et
3740 3496 3826 3552 sic

2231 3572 2421 3627 iterum
2452 3574 2704 3645 navigare
2735 3575 2991 3645 incipiant
3017 3594 3031 3633 :
3060 3579 3131 3634 ita
3156 3591 3212 3635 et
3231 3597 3372 3637 nunc
3400 3585 3465 3638 iis
3484 3587 3570 3654 qui
3599 3587 3648 3641 in
3675 3586 3826 3654 Qua-

2229 3664 2527 3734 dragesima
2554 3666 2741 3736 jejuuii
2763 3683 2978 3724 cursum
3011 3685 3296 3742 suscepere
3320 3716 3336 3738 ,
3377 3678 3525 3744 quasi
3555 3680 3824 3738 stationes

2229 3763 2283 3808 et
2303 3753 2597 3810 diversoria
2621 3798 2635 3820 ,
2663 3765 2718 3812 et
2744 3758 2922 3813 littora
2955 3770 3006 3815 et
3031 3772 3233 3831 portus,
3264 3767 3429 3820 hosce
3455 3767 3590 3822 duos
3615 3768 3825 3826 hebdo-

2230 3845 2399 3899 madas
2424 3845 2536 3901 dies
2557 3847 2636 3918 (ιι)
2668 3848 3190 3922 Dominnsquietcm
3235 3853 3454 3925 largitus
3498 3868 3612 3926 est,
3659 3870 3718 3915 ut
3765 3873 3823 3918 et

2229 3936 2441 4004 corpori
2463 3936 2842 4007 aliquantulum
2880 3942 3069 4010 jejunii
3101 3945 3334 4000 laborem
3363 3950 3695 4005 remittentes
3717 3995 3732 4019 ,
3764 3964 3824 4009 et

2229 4025 2459 4081 animam
2491 4041 2816 4098 recreantes,
2857 4028 3059 4088 exactis
3089 4036 3297 4090 duobus
3345 4038 3450 4090 illis
3489 4040 3714 4104 diebus,
3763 4045 3820 4100 in

2230 4115 2454 4184 pulchre
2496 4131 2672 4189 empto
2707 4121 2898 4176 itinere
2941 4124 3188 4178 alacriter
3233 4136 3454 4196 pergant
3484 4131 3516 4183 ii
3545 4132 3634 4200 qui
3681 4133 3821 4191 illud

2228 4220 2595 4279 susceperunt.
2643 4213 2754 4281 Age
2783 4213 2942 4283 igitur
2967 4256 2982 4280 ,
3010 4216 3130 4284 quia
3156 4218 3310 4271 home
3349 4220 3678 4277 remissionis
3699 4225 3822 4283 dies

2225 4310 2346 4368 est,
2386 4302 2784 4359 obsecrabimus
2812 4316 3042 4361 vestram
3070 4311 3367 4377 caritatem,
3396 4324 3453 4367 ut
3479 4330 3666 4386 magna
3688 4319 3818 4374 dili-

2223 4393 2398 4462 gentia
2425 4394 2627 4448 lucrum
2652 4410 2715 4449 ex
2739 4396 2945 4466 jejunio
2967 4399 3248 4454 collectum
3273 4403 3582 4460 custodiatis
3608 4421 3622 4455 :
3647 4416 3702 4461 et
3721 4423 3815 4464 re-

2223 4493 2436 4553 sumpto
2463 4500 2744 4554 parumper
2784 4488 2974 4557 spiritu
2997 4529 3012 4556 ,
3059 4504 3180 4544 mox
3227 4490 3419 4546 iterum
3453 4495 3627 4562 priora
3656 4499 3815 4557 novis

2224 4578 2569 4632 incrementis
2615 4579 2933 4646 cumulctis,
2975 4591 3030 4637 et
3055 4582 3134 4636 sic
3173 4584 3423 4652 paulatim
3453 4586 3521 4640 ad
3551 4589 3814 4657 majorem

2225 4668 2634 4738 negotiationem
2679 4673 2956 4738 instructi,
3005 4675 3056 4728 in
3089 4675 3420 4731 Dominicum
3452 4679 3590 4733 diem
3619 4696 3822 4737 occur-

2224 4761 2373 4826 ratis,
2403 4770 2456 4815 et
2484 4763 2812 4830 spiritualem
2842 4775 3071 4819 vestram
3094 4767 3265 4820 navim
3295 4768 3343 4820 in
3374 4780 3581 4837 portum
3607 4784 3814 4830 sancta:

2225 4853 2522 4907 festivitatis
2559 4855 2767 4922 plenam
2809 4857 3102 4912 adducatis.
3156 4857 3285 4912 Nam
3314 4859 3450 4913 sicut
3479 4862 3657 4914 omnia
3685 4881 3812 4928 qum

2221 4957 2252 4996 a
2295 4942 2520 4997 Domino
2561 4956 2685 4998 sunt
2729 4946 2902 5012 facta,
2945 4949 3079 5002 sicut
3107 4958 3160 5004 et
3199 4965 3448 5004 sermone
3479 4951 3810 5010 declaratum

2223 5042 2304 5087 est
2327 5043 2380 5088 et
2407 5049 2492 5088 res
2520 5035 2647 5103 ipsa:
2673 5045 2951 5101 testantur,
2975 5039 3178 5091 ra.ione
3207 5050 3260 5092 et
3288 5041 3542 5108 sapientia
3575 5044 3809 5114 quadam

2222 5122 2357 5179 facta
2388 5135 2532 5192 sunt,
2563 5141 2718 5180 usum
2746 5130 3106 5184 necessarium
3133 5131 3435 5188 exhibentia
3469 5153 3480 5186 :
3519 5136 3585 5188 ita
3609 5148 3663 5190 et
3685 5155 3812 5208 qua:

2220 5229 2249 5268 a
2277 5217 2428 5272 nobis
2456 5218 2625 5283 fiunt,
2669 5234 2736 5273 ne
2772 5219 2972 5289 absque
2995 5235 3153 5300 causa
3184 5230 3238 5276 et
3264 5221 3457 5279 frustra
3492 5225 3615 5282 fiant
3645 5245 3804 5299 opor-

2286 5349 2302 5417 '_
2337 5348 2548 5417 ςτοὶςλὶιι.3
2570 5363 2662 5400 mw
2681 5351 2821 5417 verbo
2843 5359 2886 5402 et
2900 5351 3059 5417 jussu.
3086 5367 3188 5412 pro.
3214 5355 3395 5405 ratione
3413 5360 3644 5417 qundam.

2284 5409 2356 5480 (rt)
2399 5429 2419 5455 α
2442 5413 2695 5483 sabbatum
2717 5409 2914 5483 scilicet
2940 5409 3168 5477 diemque
3212 5409 3516 5483 Dozninicfmt,
3542 5423 3698 5483 inquit
3722 5430 3806 5472 Sa-

2220 5470 2386 5528 vilius;
2414 5475 2646 5522 Dominica
2679 5476 2905 5536 je'unarc
2930 5470 3184 5538 numquam
3222 5470 3528 5582 permissum:
3557 5470 3805 5533 tn'otien-

2225 5532 2301 5581 lali
2324 5546 2443 5580 vero
2468 5533 2672 5582 Ecclesia
2695 5491 2806 5582 oiim
2847 5544 2939 5582 tam
2977 5543 3111 5582 metas
3140 5540 3228 5582 διώ
3264 5549 3342 5582 ato
3379 5541 3600 5582 ipinnarn
3657 5559 3803 5582 ηιυιη

2225 5532 2301 5606 tali
2324 5532 2806 5606 vero-Ecclesia'olim
2847 5544 2939 5584 tam
2977 5532 3111 5606 neias
3140 5532 3342 5606 sabbato
3373 5541 3618 5606 jejuuare,
3657 5532 3804 5606 quam

2221 5594 2297 5661 die
2321 5595 2577 5669 Dominica.
2626 5600 2852 5669 tgnatiﬂus.
2888 5611 2979 5646 seu
3001 5601 3219 5669 quisquis
3257 5609 3334 5669 est
3352 5594 3440 5669 qui
3474 5603 3584 5654 illas
3608 5594 3804 5659 scripsit

2220 5654 2598 5735 epistolas,nqq;§
2623 5654 2730 5735 ejus
2769 5658 2988 5735 feruntur
3013 5654 3202 5735 {nomine
3231 5677 3242 5709 :
3282 5662 3334 5735 si
3353 5654 3473 5735 quis.
3499 5654 3803 5735 bonumeam

2220 5716 2357 5785 diem
2371 5725 2452 5784 aut
2468 5716 2743 5785 sabbatum,
2759 5731 2849 5768 uno
2864 5729 3064 5782 excepto
3076 5721 3329 5785 jejunart't,
3352 5716 3392 5776 is
3414 5727 3594 5778 Christi
3618 5716 3807 5782 ccsisor

2219 5784 2306 5837 est,
2329 5779 2470 5839 Epist.
2498 5778 2528 5827 8
2550 5779 2610 5828 ad
2632 5778 2994 5844 Pbilippenses'.'
3010 5798 3030 5828 ι
