4058 6302
143 388 207 446 93
1282 386 1348 445 IN
1385 386 1536 446 CAP.
1577 386 1620 445 Ι.
1658 384 1724 444 Gl

1830 384 1902 445 :s.
1943 388 2171 451 ηοωι.
2215 395 2307 453 XI.

141 512 229 569 tot,
267 502 362 559 sed
391 503 448 560 in
475 503 768 561 utilitatem
793 512 848 560 et
871 503 1076 560 lucrum
1105 512 1304 560 nostrae
1329 502 1536 562 salutis.
1585 499 1720 560 Nam

140 593 180 649 si
205 593 236 648 ii
265 594 355 663 qui
387 594 744 650 smcularibus
769 595 997 665 negotiis
1021 591 1186 651 dediti
1211 603 1371 658 sunt,
1409 591 1600 650 adduci
1629 606 1725 650 ne-

138 692 326 754 queant
345 725 364 743 .
407 695 467 744 ut
504 699 620 740 rem
651 684 880 754 aliquam
905 683 1184 755 incipiant,
1213 683 1318 739 nisi
1347 682 1497 755 prius
1521 679 1724 754 aliquid

141 778 260 832 lucri
288 778 541 832 suholeat
567 793 581 830 :
609 775 780 830 multo
809 775 976 851 magis
1014 776 1217 846 justum
1256 783 1372 840 est,
1403 783 1465 830 ut
1493 788 1593 830 nos
1623 773 1726 829 hoc

140 869 426 934 faciamus,
470 881 647 938 neque
690 867 762 922 ita
807 867 1120 937 simpliciter
1141 865 1468 937 jejuniorum
1513 864 1721 922 hebdo-

137 957 293 1013 made:
322 966 646 1029 praetereant
674 997 689 1022 ,
730 957 824 1023 sed
851 966 1154 1012 scrutemur
1178 969 1331 1014 suam
1358 956 1556 1027 quique
1593 969 1725 1012 cun-

135 1046 406 1102 scientiam
433 1087 448 1110 ,
495 1054 550 1101 et
578 1047 838 1100 rationem
869 1045 1266 1110 examinemus,
1294 1045 1725 1112 consideremus-

135 1151 228 1206 que
246 1177 263 1201 ,
287 1135 550 1206 quidnam
577 1136 629 1190 in
661 1135 761 1191 hac
785 1135 1120 1192 hchdomada
1161 1135 1329 1206 probe
1353 1144 1531 1190 actum
1552 1175 1568 1201 ,
1593 1134 1720 1207 quid

135 1226 182 1281 in
206 1227 332 1293 alia,
360 1238 414 1282 et
437 1228 595 1296 quale
609 1236 954 1296 augmentum
981 1228 1349 1296 acceperimus
1375 1226 1427 1281 in
1451 1227 1717 1297 sequenti,

135 1333 254 1386 quas
292 1319 352 1373 in
393 1318 548 1373 nobis
585 1317 899 1374 affectiones
937 1314 1289 1378 correximus.
1340 1317 1452 1372 Nisi
1479 1317 1621 1373 enim
1650 1317 1720 1370 ita

135 1408 283 1460 vitam
347 1416 584 1461 nostram
641 1406 1070 1474 instituerimus,
1126 1422 1482 1480 magnamque
1525 1407 1722 1461 anima:

135 1508 326 1553 nostra:
359 1511 544 1552 curam
574 1499 920 1568 gesserimus,
967 1498 1099 1552 nihil
1128 1497 1283 1553 nobis
1307 1497 1425 1552 usui
1453 1497 1556 1552 erit
1580 1496 1723 1568 jeju-

133 1589 292 1654 nium,
325 1589 411 1642 vel
441 1587 613 1644 inedia
639 1604 796 1660 quam
823 1589 1137 1653 toleramus,
1171 1588 1466 1660 prmsertim
1496 1587 1540 1644 si
1570 1604 1720 1644 com-

135 1680 260 1750 perti
316 1679 578 1736 fuerimus
629 1674 910 1736 inferiores
962 1681 1027 1736 iis
1078 1683 1170 1753 qui
1222 1691 1428 1736 tantum
1485 1680 1719 1736 studium

134 1770 444 1840 colligendis
472 1770 665 1839 Opibus
703 1770 1019 1841 impendunt
1059 1789 1072 1826 :
1114 1766 1317 1826 nullum
1356 1773 1499 1828 enim
1528 1771 1720 1827 horum

134 1859 389 1927 invenies,
419 1860 510 1932 qui
534 1876 642 1916 non
669 1876 876 1917 summa
893 1862 1162 1932 vigilantia
1187 1863 1414 1930 laboret,
1444 1879 1552 1935 quo
1575 1865 1720 1934 prio-

134 1951 270 2006 ribus
284 1951 525 2020 quotidie
548 1950 747 2021 aliquid
770 1952 1003 2022 adjiciat,
1023 1953 1178 2024 ctqui
1196 1970 1448 2024 umquam
1465 1954 1720 2020 satietur:

133 2042 216 2096 sed
252 2051 458 2113 quanto
495 2041 804 2098 facultatum
851 2045 1022 2116 major
1046 2054 1132 2102 est
1160 2047 1435 2117 accessio,
1479 2056 1632 2103 tanto
1667 2057 1722 2108 et

133 2145 307 2186 curam
341 2141 398 2186 et
441 2131 678 2209 studium
709 2148 863 2188 suum
903 2136 1133 2203 amplius
1176 2136 1425 2192 intendit.
1482 2136 1635 2205 Quod
1676 2139 1721 2194 si

133 2220 212 2275 ubi
240 2220 480 2276 studium
506 2232 588 2277 est
615 2222 802 2278 inutile
821 2263 837 2292 ,
869 2234 924 2279 et
949 2223 1149 2280 divitiae
1178 2240 1750 2298 nonnumquam‘mas.

131 2325 282 2380 gnam
313 2311 505 2366 salutis
529 2313 723 2367 anima:
758 2313 1018 2383 iacturam
1059 2314 1321 2389 afferunt,
1369 2292 1516 2382 tanta
1543 2292 1811 2379 ῑὲὤέηὲδγ·

131 2403 395 2474 vigilantia
427 2418 516 2458 res
558 2413 818 2474 aguntur,
873 2405 1142 2474 quomodo
1190 2421 1295 2461 non
1343 2409 1512 2462 multo
1553 2410 1721 2479 magis

132 2494 262 2549 istud
308 2505 396 2551 est
445 2496 783 2563 faciendum,
831 2497 919 2552 ubi
964 2497 1253 2576 diligentia:
1291 2500 1455 2555 multa
1484 2501 1722 2556 succedit

130 2586 322 2641 utilitas
351 2629 367 2652 ,
396 2586 785 2658 incﬂ'ahilisque
809 2603 1018 2644 merces
1042 2604 1105 2644 ac
1130 2589 1334 2645 lucrum
1364 2592 1721 2647 immensum?

129 2675 252 2732 Nam
279 2676 395 2733 illic
434 2679 649 2748 quidem
675 2689 872 2751 praeter
902 2679 1016 2737 hmo
1041 2682 1221 2740 omnia
1249 2680 1408 2737 fluxa:
1432 2682 1718 2738 admodum

129 2777 178 2822 et
202 2766 427 2822 incerta:
451 2766 689 2834 divitiae,
739 2768 1003 2824 instabilis
1038 2769 1382 2838 pecuniarum
1412 2773 1718 2842 possessio:

128 2871 228 2911 non
255 2857 434 2912 solum
465 2857 628 2927 quod,
659 2858 972 2914 imminente
999 2867 1191 2925 morte,
1225 2861 1353 2931 ipsa:
1381 2852 1469 2917 hic
1499 2877 1722 2919 manen-

131 2959 225 3014 tes,
251 2948 460 3003 nullam
483 2949 561 3004 eis
581 2950 670 3020 qui
691 2950 808 3004 illas
823 2951 1090 3021 collegere
1110 2951 1390 3014 utilitatem
1410 2953 1717 3010 conferant:

127 3037 215 3091 sed
243 3039 406 3093 etiam
435 3037 577 3108 quod
607 3040 948 3094 manentibus
979 3041 1064 3093 hic
1087 3042 1325 3110 pecuniis
1348 3083 1364 3108 ,
1397 3058 1589 3114 magna
1629 3059 1716 3100 se-

129 3129 348 3183 veritate
399 3137 661 3199 cogentur
701 3127 767 3184 de
815 3131 944 3199 ipsis
988 3130 1113 3186 alibi
1158 3132 1426 3187 rationem
1469 3133 1714 3191 reddere.

129 3214 278 3287 Smpe
318 3233 533 3290 quoque
572 3219 766 3275 accidit
815 3228 873 3274 ut
917 3229 1044 3275 ante
1086 3229 1313 3278 mortem
1357 3232 1477 3293 post
1523 3226 1721 3280 multos

131 3307 332 3363 labores
357 3349 374 3375 ,
432 3318 488 3363 et
514 3308 770 3380 sudores,
815 3321 975 3380 atque
996 3326 1284 3378 aerumnas,
1313 3314 1464 3382 quasi
1491 3314 1722 3383 procella

130 3398 353 3468 quadam
397 3399 675 3470 ingruente
717 3400 1053 3470 negotiorum
1097 3401 1454 3473 difficultate,
1497 3415 1721 3478 repente

130 3491 214 3559 qui
261 3490 522 3562 plurimas
560 3492 879 3562 possidebat
932 3492 1179 3562 divitias,
1236 3496 1318 3551 vel
1365 3499 1720 3567 pauperrimis

131 3583 289 3639 factus
335 3585 409 3638 sit
457 3585 758 3654 pauperior.
809 3584 997 3652 Qualia
1041 3585 1259 3656 singulis
1303 3586 1492 3643 diebus
1540 3589 1722 3647 videre

129 3676 402 3746 contingit.
460 3677 619 3742 Atqui
667 3677 718 3731 in
761 3677 1020 3746 spirituali
1053 3679 1575 3749 negotiationenihil
1617 3682 1721 3738 tale

131 3765 522 3824 formidandum
551 3784 800 3839 umquam
832 3786 847 3824 :
875 3769 1084 3825 stabilis
1120 3771 1261 3825 enim
1305 3772 1391 3826 illa
1418 3782 1473 3828 et
1500 3773 1719 3829 immota

131 3869 338 3925 manet,
385 3868 441 3915 et
469 3860 556 3915 ubi
584 3875 648 3915 ea
675 3861 901 3916 multum
946 3876 1206 3931 egemus,
1251 3862 1320 3916 ibi
1369 3862 1438 3918 ab
1484 3863 1572 3919 illa
1606 3865 1720 3935 ipsa

131 3949 349 4005 multum
381 3949 761 4023 consolationis
786 3951 1094 4022 accipimus.

194 4039 246 4093 ὅ.
282 4039 438 4095 Nihil
472 4040 674 4110 prodest
707 4042 968 4111 jejunium
989 4081 1002 4106 ,
1037 4058 1193 4110 neque
1229 4045 1405 4100 concio
1443 4046 1553 4101 sine
1580 4047 1722 4103 bouis

130 4132 379 4203 operibus.
411 4162 483 4173 —
512 4133 673 4208 Igitur
700 4132 826 4208 dum
870 4142 1084 4204 tempus
1127 4133 1420 4204 habemus,
1466 4137 1717 4204 obsecro,

133 4224 208 4278 vel
231 4224 430 4279 saltem
455 4222 508 4279 id
536 4223 693 4278 studii
723 4223 1093 4294 impendamus
1119 4225 1482 4296 spiritualibus
1527 4231 1721 4285 merci-

132 4315 223 4372 bus
248 4315 670 4387 conquirendis,
713 4317 855 4387 quod
885 4316 973 4372 alii
1017 4319 1069 4372 in
1119 4318 1386 4388 perituras
1412 4320 1718 4388 collocant;

133 4423 298 4479 neque
322 4407 397 4462 ab
442 4406 544 4463 hac
588 4407 941 4465 sollicitudine
983 4422 1290 4476 cessemus,
1331 4411 1376 4465 si
1418 4420 1565 4470 recte
1593 4413 1722 4484 quid

133 4506 301 4552 actum
347 4496 548 4561 fuerit,
583 4497 666 4552 vel
713 4497 756 4551 si
798 4498 1027 4567 aliquam
1057 4497 1400 4555 affectionum
1427 4503 1582 4558 nobis
1606 4519 1724 4558 mo-

135 4587 387 4643 lestarum
421 4603 608 4658 magna
637 4589 902 4659 vigilantia
941 4590 1402 4661 proﬂigaverimus
1426 4633 1440 4658 ,
1487 4603 1545 4648 ut
1589 4608 1723 4650 con-

135 4681 365 4736 scientiae
398 4679 538 4735 bono
569 4681 812 4736 instructi
850 4677 1156 4738 testimonio
1180 4725 1195 4749 ,
1228 4684 1537 4755 multiplicis
1576 4686 1727 4742 volu-

138 4775 285 4843 ptatis
313 4775 548 4830 fructum
578 4775 954 4845 percipiamus.
1006 4776 1189 4847 Neque
1218 4778 1361 4832 enim
1401 4779 1503 4833 hoc
1548 4778 1722 4834 solum

136 4867 390 4935 quzeritur
409 4905 424 4930 ,
451 4877 508 4929 ut
535 4866 638 4921 huc
663 4868 898 4936 quotidie
919 4867 1327 4935 conveniamus,
1357 4880 1410 4925 et
1437 4871 1504 4926 de
1534 4871 1723 4927 iisdem

137 4962 387 5014 continuo
437 4957 750 5024 audiamus,
795 4968 850 5013 et
893 4975 990 5028 per
1035 4969 1199 5015 totam
1246 4962 1722 5032 Quadragesimam

131 5049 453 5119 jejunemus.
503 5049 944 5121 Quandoquidem
975 5053 1020 5108 si
1049 5052 1181 5107 nihil
1206 5069 1268 5107 ex
1301 5053 1566 5125 frequenti
1593 5045 1748 5112 con:

139 5149 290 5194 ventu
344 5147 404 5194 et
457 5129 854 5206 admonitione,
912 5150 1072 5213 atque
1123 5156 1192 5198 ex
1237 5143 1427 5214 jejunii
1486 5154 1727 5215 tempore

140 5231 323 5285 anim
351 5239 553 5286 nostra:
576 5231 765 5286 lucrati
799 5231 1075 5300 fuerimus,
1115 5242 1241 5290 tunc
1265 5251 1372 5290 non
1395 5236 1566 5292 solum
1595 5238 1726 5294 nihil

142 5320 377 5375 utilitatis
403 5319 629 5376 aﬂ'erent
653 5320 789 5386 haec,
819 5321 913 5376 sed
943 5332 998 5377 et
1023 5324 1243 5394 majoris
1266 5325 1728 5383 condemnationis

142 5410 344 5465 occasio
369 5418 568 5478 erunt,
595 5411 639 5466 si
664 5411 879 5482 quidem
911 5422 1053 5468 tanta
1075 5415 1244 5469 curati
1268 5414 1537 5487 diligentia
1566 5415 1726 5475 iidem

142 5514 546 5571 pet-maneamus
566 5541 587 5569 ,
616 5513 670 5558 et
697 5503 743 5558 si
773 5518 947 5573 neque
976 5503 1265 5561 iracundus
1293 5506 1385 5561 fiat
1409 5508 1554 5564 mitis
1577 5549 1592 5576 ,
1625 5524 1727 5566 ne-

145 5603 241 5660 que
266 5589 694 5661 indignabundus
721 5592 774 5647 in
792 5595 1251 5650 mansuetudinem
1269 5609 1328 5652 se
1344 5606 1537 5664 vertat,
1555 5615 1730 5669 neque

150 5678 350 5736 invidus
374 5681 428 5736 in
457 5681 884 5738 benevolentiam
916 5698 975 5740 se
1001 5684 1305 5754 transferat,
1338 5703 1512 5759 neque
1537 5683 1729 5748 insano

151 5770 438 5830 divitiarum
480 5788 668 5832 amore
713 5787 994 5848 correptus
1038 5775 1262 5836 desistat
1308 5779 1377 5836 ab
1420 5779 1647 5847 aﬂ'ectu,
1675 5793 1731 5840 et

3359 397 3434 458 Ν

1837 503 2195 582 eleemosynis
2216 512 2594 584 dispertiendis
2609 523 2664 572 et
2688 515 2896 574 alendis
2916 515 3236 587 pauperibus
3251 526 3430 584 vacet.

1833 612 2006 670 neque
2029 600 2394 672 intemperans
2422 614 2605 662 castus
2630 605 2840 674 evadat,
2866 623 3040 678 neque
3062 622 3213 661 vana:
3238 609 3430 678 gloriae

1830 689 2101 752 studiosus
2125 691 2270 748 illam
2311 702 2693 762 contemnere,
2739 707 2796 752 et
2822 711 3002 753 veram
3028 697 3253 769 gloriam
3279 702 3427 756 desi-

1829 778 2020 837 derare
2046 782 2238 851 discat,
2266 801 2441 860 neque
2465 789 2705 845 caritatis
2734 787 2786 845 in
2809 790 3110 861 proximum
3131 792 3428 864 negligens,

1823 872 2065 942 seipsum
2091 875 2331 931 excitans
2355 878 2448 933 det
2475 893 2727 948 operam,
2760 891 2819 935 ut
2849 895 2955 936 non
2991 882 3166 938 solum
3202 898 3308 939 non
3340 883 3427 940 in-

1831 958 1994 1016 fer.or
2011 963 2082 1016 sit
2107 963 2402 1033 publicanis
2432 967 2599 1038 (Nam
2623 970 2670 1024 si
2699 971 2911 1042 diligitis
2931 988 3016 1027 eos
3036 1013 3051 1042 ,
3075 974 3165 1043 qui
3189 990 3276 1030 vos
3301 975 3426 1030 dili-

1827 1060 1951 1122 gunt
1974 1091 1988 1114 ,
2019 1053 2225 1122 inquit,
2257 1057 2381 1122 quid
2405 1061 2627 1129 antplius
2648 1062 2816 1130 facitis
2839 1059 2864 1114 .’
2909 1079 3077 1118 nonne
3099 1074 3145 1118 et
3168 1066 3428 1135 publicani

1829 1140 1922 1194 hoc
1951 1143 2146 1212 faciunt
2171 1142 2381 1217 [Matt/t.
2403 1148 2455 1203 5.
2479 1148 2571 1220 46]
2593 1149 2616 1202 ?
2639 1151 2656 1217 )
2676 1190 2691 1216 ,
2721 1150 2816 1206 sed
2842 1161 2896 1206 et
2920 1162 2979 1206 ut
3004 1153 3243 1208 animum
3269 1144 3425 1218 suum

1829 1229 1899 1284 ita
1945 1235 2224 1302 instituat,
2271 1247 2326 1290 ut
2357 1245 2410 1298 et
2458 1239 2705 1297 inimicos
2755 1241 3066 1299 humaniter
3110 1246 3336 1316 aspiciat
3371 1255 3430 1315 et

1828 1336 2073 1393 magnam
2098 1326 2226 1394 ipsis
2253 1329 2530 1384 caritatem
2559 1331 2831 1388 exhibeat.
2879 1334 3035 1400 Quod
3063 1337 3108 1390 si
3128 1337 3426 1398 affectioni-

1828 1414 1926 1472 hus
1957 1416 2092 1482 istis,
2122 1427 2178 1474 et
2201 1419 2324 1474 aliis
2344 1436 2463 1492 qure
2489 1423 2542 1477 in
2571 1425 2725 1480 nobis
2755 1437 3085 1496 nascuntur,
3117 1431 3426 1500 superiores

1829 1520 1936 1561 non
1966 1507 2244 1576 fuerimus,
2273 1510 2400 1567 licet
2423 1514 2663 1584 quotidie
2693 1515 2781 1570 hic
2803 1519 3206 1587 conveniamus,
3239 1532 3293 1577 et
3320 1522 3428 1580 fre-

1828 1599 2115 1667 quentibus
2143 1603 2493 1661 eoncionibus
2521 1617 2682 1677 atque
2709 1609 2953 1665 doctrina
2996 1620 3142 1666 tanta
3179 1613 3428 1670 institua-

1829 1706 1949 1745 tnur
1971 1733 1983 1755 ,
2034 1702 2346 1765 tantumque
2369 1711 2399 1751 a
2421 1696 2627 1766 jejunio
2669 1700 3080 1757 adminiculum.
3101 1702 3422 1777 habeamus,

1827 1783 1999 1850 qualis
2037 1784 2143 1838 erit
2168 1785 2326 1841 nobis
2351 1788 2543 1842 venia?
2591 1789 2766 1864 qualis
2809 1789 3092 1848 defensio?
3140 1794 3236 1849 Die
3278 1795 3424 1862 enim

1829 1873 2000 1940 mihi,
2046 1876 2271 1933 obsecro
2294 1917 2310 1945 ,
2344 1879 2389 1932 si
2435 1894 2657 1948 puerum
2689 1891 2835 1936 tuum
2862 1883 3098 1957 quotidie
3124 1885 3338 1942 videres
3362 1886 3418 1943 in

1827 1963 2011 2020 ludum
2039 1967 2140 2034 ire,
2171 1975 2226 2022 et
2247 1970 2417 2040 multo
2437 1969 2623 2040 elapso
2644 1979 2885 2042 tempore
2908 1973 3040 2029 nihil
3066 1976 3196 2030 lucri
3224 1978 3420 2047 facere,

1827 2056 2163 2127 patienterne
2189 2059 2403 2117 ferres?
2450 2076 2630 2118 nonne
2655 2072 2708 2118 et
2729 2079 2953 2133 puerum
2986 2066 3304 2124 verberares
3322 2109 3337 2134 ,
3365 2081 3425 2126 et

1826 2149 2140 2218 magistrum
2170 2153 2465 2222 argueres?
2493 2163 2548 2209 et
2568 2156 2612 2210 si
2627 2154 2825 2212 deinde
2849 2157 3088 2214 disceres
3105 2160 3420 2231 magistrum

1825 2255 1989 2295 omne
2013 2241 2154 2310 quod
2180 2242 2343 2299 officii
2369 2245 2451 2300 sui
2481 2255 2596 2301 erat
2624 2247 2815 2305 fecisse
2836 2290 2851 2317 ,
2883 2261 2939 2306 et
2976 2251 3133 2320 plane
3177 2253 3422 2309 intermi-

1826 2333 1962 2388 sisse
1981 2331 2132 2402 nihil,
2151 2335 2300 2405 pueri
2321 2345 2497 2392 autem
2518 2338 2779 2407 ignaviam
2792 2355 3006 2397 causam
3021 2357 3146 2401 esse
3158 2345 3418 2402 omnium:

1827 2438 2006 2478 nonne
2034 2423 2455 2495 indignationem
2483 2444 2698 2484 omnem
2730 2429 2786 2485 in
2823 2445 3046 2500 puerum
3077 2435 3420 2508 transferres,

1829 2530 1934 2570 non
1976 2516 2086 2586 jam
2134 2532 2392 2574 accusans
2436 2522 2796 2592 magistrum?
2843 2523 3076 2595 ldipsum
3104 2535 3159 2582 et
3188 2527 3275 2591 hic
3296 2529 3422 2600 jure
3495 2582 3498 2584 ν

1827 2606 2127 2675 faciendum
2159 2618 2260 2664 est.
2309 2609 2420 2666 Nos
2453 2612 2597 2668 enim
2617 2654 2634 2680 ,
2659 2614 2782 2684 quia
2810 2630 2907 2683 per
2930 2617 3157 2687 gratiam
3183 2618 3423 2680 divinam

1827 2697 1892 2752 ad
1929 2698 2031 2754 hoc
2073 2699 2324 2756 destinati
2352 2714 2572 2770 sumus,
2613 2706 2764 2774 quasi
2814 2708 3123 2777 spirituales
3152 2713 3168 2743 ι
3200 2712 3338 2767 filios
3369 2714 3424 2768 in

1829 2789 1990 2845 hasce
2017 2790 2231 2853 scholas
2258 2806 2354 2847 vos
2375 2793 2613 2862 quotidie
2643 2808 2917 2864 vocantes,
2950 2800 3242 2857 salutarem
3265 2802 3421 2860 vobis

1825 2879 2123 2939 doctrinam
2177 2873 2522 2953 proponimus
2566 2903 2580 2940 :
2626 2901 2801 2956 neque
2841 2903 2902 2942 ea
2955 2906 3077 2960 qua:
3121 2909 3188 2948 ex
3234 2904 3421 2955 nostra

1827 2981 2009 3027 mente
2038 2969 2456 3043 excogitavimus
2478 3015 2496 3042 ,
2541 2976 2636 3032 sed
2665 2993 2728 3033 ea
2756 2994 2875 3048 qua:
2903 2996 2934 3035 a
2961 2981 3191 3039 Domino
3219 2999 3316 3055 per
3336 2986 3425 3041 .di-

1828 3063 1980 3119 vinas
2000 3063 2305 3133 Scripturas
2336 3066 2490 3120 nobis
2525 3067 2719 3123 donata
2747 3080 2901 3136 sunt,
2949 3073 3001 3128 iu
3031 3075 3265 3133 medium
3291 3078 3424 3134 affe-

1826 3154 1994 3208 rimus
2032 3153 2228 3226 illaque
2254 3156 2406 3212 vobis
2438 3156 2748 3228 frequenter
2775 3161 3126 3218 inculcamus.
3181 3166 3237 3222 Si
3267 3182 3420 3237 ergo,

1825 3260 1947 3299 cum
1993 3259 2092 3301 nos
2133 3261 2347 3302 omnem
2392 3249 2743 3306 adhibeamus
2778 3254 3107 3323 vigilantiam
3149 3245 3421 3330 omneque

1826 3335 2088 3402 studium,
2120 3345 2176 3392 et
2203 3353 2299 3394 vos
2328 3340 2566 3408 quotidie
2606 3341 2659 3396 in
2691 3342 2832 3397 viam
2871 3345 3112 3402 veritatis
3137 3346 3418 3421 ducamus,

1827 3420 1922 3483 vos
1949 3429 1998 3482 in
2023 3428 2212 3485 iisdem
2239 3434 2594 3501 perseveretis
2624 3435 2778 3491 malis
2802 3456 2816 3490 :
2847 3437 3078 3508 cogitate
3106 3450 3338 3511 quantus
3366 3420 3424 3499 et

1826 3525 2008 3573 noster
2027 3521 2096 3574 sit
2116 3519 2322 3578 futurus
2337 3523 2510 3591 dolor,
2533 3534 2588 3580 et
2611 3537 2806 3597 quanta
2824 3538 2996 3584 vestra
3018 3531 3421 3603 condemnatio,

1826 3623 1896 3664 ne
1940 3609 2066 3679 quid
2104 3609 2276 3666 dicam
2317 3615 2581 3670 acerbius.
2629 3617 2884 3683 Quamvis
2909 3621 3052 3676 enim
3082 3637 3182 3678 nos
3209 3623 3421 3692 crimini

1827 3713 1933 3753 non
1963 3699 2130 3754 simus
2151 3702 2388 3768 obnoxii,
2419 3713 2476 3758 ut
2501 3705 2590 3774 qui
2617 3707 2748 3761 nihil
2771 3712 3262 3779 praetermittamus,
3281 3715 3424 3786 quod

1827 3788 1892 3842 ad
1922 3799 2154 3844 vestram
2185 3793 2449 3863 pertineat
2474 3794 2918 3864 :edificationem;
2969 3810 3147 3857 tamen
3176 3805 3300 3875 quia
3330 3821 3423 3862 ve-

1827 3888 1953 3935 stra:
1981 3881 2165 3949 salutis
2191 3896 2376 3937 curam
2419 3885 2653 3954 gerimus
2677 3927 2693 3954 ,
2743 3887 2864 3943 ideo
2904 3904 3011 3944 non
3051 3907 3336 3962 possumus
3369 3895 3424 3951 il

1828 3989 1935 4041 non
1965 3974 2198 4044 graviter
2235 3973 2398 4031 ferre.
2449 3977 2581 4044 Quia
2630 3987 2685 4034 et
2720 3979 2912 4034 doctor
2934 3996 3056 4036 cum
3086 3984 3233 4040 videt
3260 3984 3427 4051 disci-

1829 4064 2010 4135 pulum
2036 4065 2240 4129 nullum
2265 4081 2329 4122 ex
2357 4082 2485 4122 cura
2523 4084 2618 4124 sua
2658 4069 2886 4127 fructum
2919 4072 3096 4130 facere
3117 4117 3133 4140 ,
3164 4091 3272 4132 non
3304 4079 3425 4134 vul-

1828 4159 2025 4243 gariter
2049 4158 2193 4214 dolet
2225 4168 2279 4215 et
2307 4162 2506 4232 gemit,
2552 4162 2743 4218 videns
2771 4179 2832 4220 se
2859 4180 3075 4222 omnem
3105 4169 3346 4227 laborem
3373 4180 3429 4243 et

1829 4240 2046 4323 operam
2079 4251 2324 4320 perdere.

1899 4343 1956 4401 4.
1997 4343 2122 4399 Haec
2145 4359 2290 4412 nunc
2308 4346 2431 4403 dico
2447 4349 2490 4414 ’,
2520 4363 2626 4404 non
2649 4357 2709 4403 ut
2730 4350 3008 4406 caritatem
3031 4360 3263 4417 vestram
3291 4370 3430 4415 mm-

1830 4450 1953 4499 rore
1981 4436 2234 4503 afficiam,
2262 4439 2356 4494 sed
2405 4449 2462 4494 ut
2489 4442 2717 4511 excitem
2763 4453 2817 4497 et
2849 4443 3108 4499 instruant
3129 4487 3145 4511 ,
3187 4463 3295 4518 quo
3324 4465 3430 4506 non

1830 4526 2026 4584 frustra
2052 4528 2269 4601 jejuniis
2296 4546 2488 4600 corpus
2514 4520 2809 4608 eastigetis,
2841 4551 3016 4606 neque
3051 4546 3254 4606 temere
3295 4550 3351 4597 et
3377 4541 3434 4595 in

1831 4634 2026 4673 vanum
2075 4620 2188 4675 dies
2234 4620 2667 4692 Quadragesimze
2715 4611 2931 4697 sancta!
2966 4628 3292 4699 transigatis.
3363 4630 3436 4699 Et

1832 4708 1956 4778 quid
1986 4708 2106 4763 dico
2149 4708 2266 4764 dies
2304 4711 2742 4784 Quadragesimas
2781 4726 3020 4785 sancte,
3057 4734 3178 4773 cum
3213 4735 3436 4790 prorsus

1834 4799 2032 4853 nullam
2081 4817 2181 4856 nos
2202 4801 2342 4856 diem
2395 4818 2650 4873 umquam
2699 4807 3003 4878 transigere
3050 4819 3335 4882 oporteat,
3387 4813 3436 4870 si

1834 4891 2085 4961 possibile
2112 4900 2213 4957 est,
2243 4907 2340 4964 per
2372 4901 2540 4948 totum
2575 4895 2701 4958 vitae
2724 4899 3051 4954 curriculum
3073 4942 3090 4968 ,
3115 4901 3167 4956 in
3196 4917 3300 4973 qua
3327 4919 3436 4960 non

1834 4983 2039 5037 lucrum
2073 4983 2292 5053 aliquod
2332 4986 2610 5057 spirituale
2659 4989 2711 5044 in
2756 4990 2913 5046 nobis
2951 5006 3310 5063 reponamus,
3351 4993 3438 5050 vel

1833 5089 1929 5143 per
1956 5089 2166 5144 preces.
2197 5076 2281 5130 vel
2311 5092 2408 5146 per
2430 5080 2823 5135 confessionem
2847 5123 2862 5147 ,
2903 5083 2985 5137 vel
3019 5098 3112 5152 per
3132 5085 3438 5163 e‘leemosy—

1833 5180 1962 5233 nas,
1995 5166 2078 5221 vel
2109 5181 2205 5236 per
2230 5167 2405 5238 aliqua
2431 5170 2535 5224 alia
2573 5171 2870 5241 spiritualia
2897 5174 3038 5230 bona
3068 5179 3272 5248 opera?
3301 5178 3439 5234 Nam

1835 5255 1879 5310 si
1902 5255 2100 5310 Paulus
2130 5266 2307 5313 tantus
2336 5267 2391 5313 et
2417 5261 2559 5326 talis,
2582 5262 2672 5332 qui
2695 5278 2887 5319 arcana
2921 5265 3010 5320 illa
3032 5266 3193 5322 verba
3213 5268 3438 5339 audivit,

1834 5361 1954 5416 quze
1984 5361 2154 5417 usque
2182 5349 2234 5402 in
2265 5348 2582 5410 hodiernum
2621 5353 2763 5410 diem
2808 5357 2985 5413 nullus
3024 5360 3290 5430 cognovit,
3319 5359 3438 5417 cla-

1836 5435 2017 5492 mabat
2042 5438 2227 5494 dicens
2255 5457 2268 5492 :
2305 5441 2544 5508 Quotidie
2562 5446 2775 5514 morior,
2808 5465 2900 5518 per
2927 5459 3144 5504 vestram
3168 5449 3439 5521 gloriatio-

1836 5541 1948 5580 nem
1969 5527 2044 5598 (lt
2075 5527 2194 5583 Cor.
2219 5530 2302 5587 15.
2332 5531 2460 5603 5i):
2504 5531 2706 5590 docens
2735 5551 2855 5604 nos,
2888 5528 2949 5595 se
2975 5539 3052 5594 sic
3079 5539 3319 5610 seipsum
3344 5555 3442 5611 pro

1837 5616 2033 5686 pietate
2062 5619 2310 5688 periculis
2339 5623 2673 5695 exposuisse,
2701 5637 2760 5681 ut
2779 5629 3018 5698 quotidie
3037 5629 3199 5700 morti
3226 5627 3438 5693 vicinus

1904 5732 1921 5798 ξ
1952 5739 2050 5798 δεῖ
2077 5739 2205 5792 ltss.,
2233 5733 2450 5793 dilectos.
2478 5749 2583 5798 pro,
2607 5737 2900 5798 spirituum.

1901 5795 1922 5827 ³
1943 5797 2071 5859 Reg.
2098 5811 2241 5862 unus,
2269 5800 2442 5851 Porro
2455 5795 2558 5850 Iiwc
2578 5795 2708 5849 dico.
