4058 6302
630 378 705 436 95
1369 368 1427 428 S.
1466 353 2254 427 JOANNIS'CIIBYSOSTOII
2292 355 2610 416 ARCIIIEP.
2651 357 3189 419 CONSTANTINOP.
3822 358 3892 417 ω

627 495 810 545 esset:
838 495 894 542 et
923 482 1063 555 quod
1103 490 1291 538 natura
1321 494 1431 536 non
1457 478 1558 536 fert
1584 478 1698 547 (uni
1735 476 1878 533 enim
1917 470 2075 529 morti
2102 469 2206 524 ob~

630 579 773 636 noxii
800 592 988 634 sumus
1013 576 1247 642 omnes).
1279 573 1378 627 hoc
1414 571 1530 641 ipse
1559 567 1815 640 pertinaci
1845 581 1944 621 suo
1968 563 2209 619 instituto

630 669 842 741 agebat,
873 667 1081 724 tametsi
1111 665 1370 734 benignus
1392 662 1535 717 Deus
1559 660 1708 715 illum
1736 657 1971 730 quotidie
1995 655 2048 710 in
2076 654 2208 709 alio-

631 776 750 817 rum
808 759 1037 816 salutem
1081 763 1468 813 conservaret:
1503 751 1730 824 proinde
1773 750 1818 805 si
1864 748 1955 803 ille
1997 747 2087 817 qui
2131 753 2209 800 tot

627 851 898 922 praeclaris
936 849 1186 922 operibus
1213 848 1459 903 excelsus
1494 855 1609 902 erat
1633 883 1649 908 ,
1697 853 1750 898 et
1796 839 1946 910 quasi
1988 836 2208 908 angelus

626 941 793 1013 super
835 951 1027 997 terram
1070 939 1398 1010 apparebat,
1446 934 1682 1007 quotidie
1720 931 1968 988 studebat
2011 927 2208 998 aliquid

629 1035 764 1091 lucri
791 1033 983 1098 facere,
1009 1040 1060 1088 et
1089 1045 1185 1100 pro
1206 1029 1426 1086 veritate
1451 1035 1593 1083 stare
1630 1024 1683 1083 in
1712 1023 1829 1078 acie
1855 1029 2041 1077 contra
2069 1019 2210 1089 peri-

630 1129 750 1183 cula
771 1166 787 1193 ,
830 1106 1236 1195 spiritualesqne
1271 1119 1371 1176 sibi
1410 1117 1660 1188 colligere
1687 1127 1927 1179 merces,
1957 1127 2021 1166 ac
2047 1125 2209 1165 num-

628 1231 790 1288 quam
812 1216 1032 1288 gradum
1059 1215 1250 1272 sistere
1279 1226 1294 1267 :
1325 1210 1536 1283 qualem
1561 1207 1876 1264 habebimus
1895 1219 1993 1260 nos
2021 1202 2208 1258 defen-

631 1306 961 1381 sionem,qui
977 1321 1080 1361 non
1107 1305 1277 1360 solum
1304 1301 1458 1357 bonis
1487 1299 1738 1370 Operibus
1764 1295 2014 1352 omnibus
2039 1291 2208 1349 desti-

530 1386 539 1398 ’
631 1398 727 1453 ιιιιί
753 1411 971 1462 sumus,
1003 1395 1096 1450 sed
1123 1403 1180 1450 et
1224 1401 1303 1450 tot
1340 1391 1494 1447 malis
1530 1389 1734 1461 gravati
1777 1400 2004 1458 quorum
2046 1395 2209 1438 unum

631 1491 910 1548 dumtaxat
932 1489 984 1545 in
1028 1489 1198 1559 ipsum
1230 1483 1541 1558 perditionis
1586 1479 1902 1552 profundum
1929 1476 2211 1533 detrudere

632 1597 733 1640 nos
759 1582 968 1653 possit,
1012 1580 1607 1650 nuhumque'prteterea
1637 1571 1867 1628 studium
1909 1569 2064 1625 nobis
2104 1577 2208 1634 cst,

633 1686 692 1732 ut
713 1678 796 1732 vel
820 1675 1009 1732 saltem
1031 1675 1145 1729 hazc
1170 1668 1554 1728 emendemus?
1577 1671 1698 1722 eum
1725 1673 1902 1719 autem
1931 1662 2070 1718 idem
2097 1662 2211 1730 ipse

551 1817 554 1820 .
633 1781 779 1837 saepe
803 1765 1099 1836 reperiatur
1127 1776 1233 1818 non
1261 1759 1352 1815 uni
1392 1757 1612 1828 flagitio,
1657 1753 1749 1810 sed
1771 1753 2021 1825 pluribus
2039 1751 2211 1805 obuo-

633 1860 775 1925 xins,‘
796 1871 924 1913 eum
952 1869 1145 1926 nempe
1167 1863 1221 1910 et
1240 1850 1525 1908 iracundus
1551 1850 1619 1903 sit
1652 1857 1705 1904 et
1728 1847 2113 1916 intemperans,
2158 1850 2214 1897 et

630 1957 845 2015 avarus,
866 1955 921 2003 et
949 1944 1178 2009 invidus,
1205 1952 1260 2000 et
1280 1942 1426 1997 ferox
1447 1979 1465 2008 ,
1494 1948 1549 1996 et
1571 1953 1745 2008 neque
1775 1937 1889 1990 tunc
1920 1933 2212 2003 corrigere,

634 2053 808 2108 neque
829 2037 1038 2093 virtutis
1064 2049 1225 2105 opera
1250 2033 1513 2103 attingere
1536 2029 1682 2095 velit,
1709 2027 1883 2098 qualis
1912 2033 2095 2096 postea
2112 2023 2214 2078 erit

633 2145 759 2202 spes
783 2127 1008 2184 salutis?
1051 2127 1176 2183 Haec
1201 2125 1356 2192 dico,
1387 2132 1442 2179 et
1486 2121 1665 2177 dicere
1695 2134 1802 2174 non
1843 2117 2104 2180 desinam,
2156 2122 2216 2170 ut

634 2222 908 2277 auditores
933 2233 1091 2276 suum
1135 2216 1330 2288 quique
1352 2213 1645 2270 remedium
1673 2209 1937 2280 accipiant
1965 2223 2030 2262 ex
2058 2206 2214 2260 dictis

633 2311 872 2375 nostris,
933 2317 990 2364 et
1041 2305 1333 2371 studeant,
1389 2309 1450 2359 ut
1495 2301 1676 2357 statim
1731 2300 1800 2354 ab
1846 2295 2212 2354 adiectionibus

632 2409 870 2456 mentem
912 2395 1244 2454 turbantibus
1301 2395 1592 2450 liberentur
1615 2431 1631 2457 ,
1679 2389 2216 2459 eonvalescentesque

632 2492 887 2548 virtutum
916 2485 1351 2560 studiis-posthac
1377 2499 1437 2541 se
1458 2480 1883 2539 accommodent.
1907 2478 2119 2534 Etenim
2151 2477 2214 2530 iis

633 2583 726 2655 qui
764 2581 1030 2653 corporali
1070 2577 1259 2634 morbo
1299 2576 1582 2641 laborant,
1635 2572 1874 2643 quamvis
1915 2568 2214 2624 sexcenties

635 2673 874 2732 medicus
907 2670 1140 2729 remedia
1166 2674 1430 2740 apponat,
1473 2665 1518 2720 si
1557 2676 1700 2734 :rger
1729 2669 1906 2716 autem
1933 2657 2213 2713 medicinas

632 2764 997 2835 operationem
1024 2776 1129 2816 non
1155 2759 1418 2820 admittat,
1449 2763 1506 2811 et
1529 2767 1672 2822 stupe
1700 2762 2044 2814 succensens,
2070 2755 2215 2817 pust-

635 2868 796 2929 quam
845 2851 1086 2910 tnedicus
1135 2847 1447 2920 imposuerit
1497 2844 1840 2916 pharmacum
1868 2881 1885 2908 ,
1936 2837 2216 2908 impatiens

636 2948 840 3006 doloris
868 2944 999 3002 illud
1027 2942 1265 3014 rejiciat,
1316 2939 1459 2995 nulla
1503 2935 1630 2993 inde
1674 2935 1902 2990 utilitate
1945 2938 2210 2998 suscepta,

642 3053 800 3096 nemo
849 3035 1083 3107 prudens
1125 3033 1389 3088 medicum
1437 3027 1712 3099 arguerit,
1757 3022 1898 3096 quod
1928 3037 2033 3076 non
2061 3034 2217 3075 suum

638 3130 808 3202 egerit
831 3127 1064 3186 officium
1093 3141 1110 3180 :
1139 3124 1328 3182 eodem
1359 3121 1519 3177 modo
1542 3118 1703 3175 et‘bic
1725 3131 1823 3171 nos
1851 3114 2184 3170 medicamen
2201 3144 2217 3154 -

640 3233 753 3279 tum
803 3235 868 3277 ex
920 3217 1179 3291 spirituali
1228 3215 1467 3270 doctrina
1511 3209 1806 3266 confectum
1853 3205 2214 3276 imponimus;

639 3322 876 3368 vestrum
905 3318 1081 3365 autem
1105 3306 1326 3375 posthac
1353 3299 1676 3358 fuerit‘fcrre
1700 3296 1932 3362 dolores,
1957 3304 2012 3349 et
2036 3308 2217 3348 curam

638 3417 761 3459 eum
787 3402 1011 3458 utilitate
1037 3398 1336 3462 admittere,
1363 3402 1473 3450 uta
1500 3390 1685 3446 morbo
1705 3387 1935 3453 liberati,
1951 3386 2016 3442 ad
2037 3400 2218 3440 verant

641 3490 1014 3564 regrediamini
1058 3487 1361 3544 sanitatem.
1410 3483 1504 3538 Sic
1543 3483 1687 3538 enim
1733 3488 1789 3534 et
1836 3478 1936 3548 ipsi
1977 3491 2219 3563 magnam

639 3578 940 3656 percipielis
969 3580 1270 3642 utilitatem,
1300 3585 1352 3630 et
1381 3589 1476 3629 nos
1498 3587 1604 3628 non
1633 3569 1839 3626 modica
1870 3569 1994 3624 hinc
2018 3565 2222 3623 conso-

644 3674 840 3729 latione
859 3671 1169 3733 aﬁiciemur,
1199 3668 1241 3721 si
1269 3663 1558 3721 viderimus
1584 3675 1697 3726 eos,
1729 3660 1817 3730 qui
1841 3659 1986 3729 prius
2013 3658 2222 3714 labora-

642 3766 792 3829 bant,
822 3772 929 3816 tam
957 3761 1277 3816 cito‘bonam
1305 3753 1659 3810 valetudinem
1688 3764 2053 3820 recuperasse.

714 3853 867 3908 Ratio
889 3852 1114 3906 humana
1145 3856 1302 3919 potest
1329 3844 1498 3901 omnia
1542 3843 1663 3897 uitia
1706 3841 1971 3908 edomare;
2003 3837 2224 3893 Paulum

641 3945 906 4016 pradicet.
929 3972 1000 3983 -—
1014 3940 1386 4010 Unusquisque
1408 3949 1534 4006 ergo
1571 3941 1809 3993 vestrum
1826 3972 1842 3997 ,
1875 3930 2099 3985 obsecro
2119 3972 2132 3994 ,
2177 3930 2223 3984 si

644 4051 752 4091 non
780 4043 955 4099 antea,
977 4031 1162 4085 saltem
1192 4042 1333 4084 nunc
1357 4039 1576 4098 operam
1599 4023 1690 4079 det
1713 4063 1729 4088 ,
1767 4030 1828 4076 ut
1870 4020 2054 4076 vitium
2082 4018 2225 4089 quod

643 4127 744 4183 sibi
787 4124 954 4196 magis
993 4135 1150 4192 quam
1197 4129 1389 4174 αιτιοι-ει
1430 4115 1679 4171 infestum
1727 4113 1889 4168 sentit
1938 4126 2004 4167 ex
2047 4110 2224 4165 anima

645 4224 881 4280 exsecet,
925 4223 980 4270 et
1016 4214 1100 4284 pia
1143 4209 1459 4280 cogitatione
1501 4205 1650 4277 quasi
1694 4202 1954 4275 spirituali
1995 4201 2226 4273 quodam

645 4309 821 4378 gladio
846 4315 1024 4370 utens,
1053 4303 1283 4372 seipsum
1303 4300 1374 4355 ab
1397 4312 1463 4355 eo
1482 4297 1692 4353 liberet.
1725 4295 1880 4351 Dedit
1900 4295 2042 4351 enim
2071 4294 2227 4350 nobis

647 4400 788 4456 Deus
817 4397 1073 4452 rationem
1123 4408 1242 4464 qua:
1289 4388 1513 4446 sufﬁciat
1557 4395 1613 4443 et
1649 4388 1854 4458 possit,
1905 4386 1950 4441 si
2001 4386 2228 4440 velimus

647 4504 831 4561 parum
860 4487 1150 4556 respicere,
1169 4483 1348 4540 omnia
1371 4496 1488 4550 quae
1524 4480 1575 4534 in
1597 4478 1750 4534 nobis
1778 4485 2069 4532 nascuntur
2098 4476 2222 4530 vitia

645 4580 884 4637 domare.
935 4572 1406 4645 Propter-tamtum
1445 4580 1745 4625 sanctorum
1789 4569 2024 4623 omnium
2064 4565 2225 4620 vitam

641 4681 701 4726 et
742 4669 985 4724 instituta
1022 4667 1075 4721 in
1109 4664 1303 4719 divinis
1327 4661 1614 4733 Seripturis
1652 4659 1911 4728 descripta
1935 4699 1952 4724 ,
1996 4658 2226 4729 Spiritus

649 4759 817 4816 sancti
860 4761 1026 4829 gratia
1060 4757 1302 4826 reliquit,
1347 4763 1404 4809 ut
1445 4753 1715 4808 discentes
1754 4765 1884 4815 eos,
1931 4751 2052 4806 licet
2081 4749 2226 4820 ejus-

649 4851 773 4905 dem
818 4850 1012 4904 iuerint
1050 4858 1251 4902 naturae
1279 4887 1295 4910 ,
1337 4847 1581 4899 virtutem
1624 4852 1813 4896 tamen
1865 4843 2225 4897 omnimodam

652 4943 991 5007 exhibuisse,
1038 4954 1107 4994 ne
1153 4939 1317 4993 simus
1363 4949 1470 4990 nos
1512 4933 1685 5005 ignavi
1725 4942 1782 4990 et
1826 4932 2038 4989 desides
2081 4934 2132 4988 in
2165 4935 2228 4989 iis

657 5032 989 5089 exercendis.

723 5125 776 5179 5.
817 5126 1008 5179 Annon
1047 5128 1250 5176 natura:
1294 5127 1490 5172 nostra:
1521 5115 1617 5171 fuit
1657 5125 1712 5171 et
1756 5116 1940 5171 beatus
1977 5114 2229 5169 Paulus?

655 5216 841 5285 l‘lagro
861 5217 1002 5270 enim
1027 5228 1210 5267 amore
1240 5211 1393 5280 hujus
1423 5209 1553 5274 viri,
1597 5215 1653 5264 et
1677 5217 1952 5277 propterea
1975 5208 2229 5263 continuo

656 5317 898 5362 versatur
925 5307 1036 5376 ipse
1081 5306 1132 5357 in
1177 5317 1269 5356 ore
1312 5315 1462 5367 meo,
1504 5308 1560 5355 et
1598 5297 1749 5370 quasi
1790 5298 1839 5352 in
1884 5299 2226 5368 archetypum

654 5395 869 5464 aliquod
896 5394 1190 5464 exemplar,
1216 5393 1286 5447 ita
1312 5401 1367 5448 et
1392 5391 1444 5445 in
1477 5391 1616 5445 illius
1643 5389 1873 5445 animam
1913 5390 2226 5458 reSpiciens,

652 5490 973 5558 obstupesco
999 5488 1049 5542 in
1079 5487 1305 5540 hocviro
1320 5486 1507 5544 mirum
1536 5483 1815 5538 affectuum
1844 5490 2226 5551 contemptum,

657 5577 981 5635 fortitudinis
1003 5576 1394 5641 excellentiam,
1421 5574 1617 5628 amoris
1644 5574 1695 5627 in
1727 5574 1891 5627 Deum
1922 5570 2182 5626 fervorem
2211 5590 2226 5627 ε

659 5652 714 5725 et
752 5683 961 5724 mecum
1005 5677 1229 5742 reputo,
1275 5681 1435 5719 unttm
1474 5665 1741 5720 hominem
1783 5679 1972 5718 omnes
2009 5663 2230 5720 virtutes

654 5761 836 5818 studio
861 5772 960 5815 suo
987 5759 1040 5814 in
1061 5772 1122 5814 se
1149 5758 1424 5830 collegisse
1459 5763 1514 5812 et
1537 5755 1874 5825 exhibuisse;
1920 5769 2123 5826 nosque
2163 5771 2229 5814 ne

2320 470 2597 527 minimum
2627 471 2840 544 quidem
2868 471 3066 528 bonum
3094 487 3230 544 opus
3267 479 3521 543 prastare
3566 472 3721 530 velle.
3767 473 3895 544 Quis

2314 561 2474 641 igitur
2498 579 2597 618 nos
2618 562 2808 634 eripiet
2850 579 2883 618 a
2927 563 3188 634 supplicio
3232 563 3568 620 inevitabili?
3611 564 3746 620 Nam
3772 582 3894 621 cuin

2313 653 2557 722 ejusdem
2601 654 2690 710 ille
2733 653 3013 711 nobiscum
3059 654 3220 711 fuerit
3242 668 3468 725 natura,
3496 655 3760 712 etiisdem
3803 657 3904 710 ob-

2316 743 2508 799 noxius
2532 743 2919 811 an‘cctionibus,
2962 754 3124 816 atque
3149 745 3204 800 in
3234 754 3708 817 tanta‘tempornm
3753 745 3901 801 dim-

2314 836 2531 902 eultate,
2559 837 2827 908 quotidie,
2854 845 2914 893 ut
2941 837 3014 892 ita
3043 835 3221 893 dicam
3241 880 3259 905 ,
3291 847 3520 910 tractus,
3549 839 3814 894 laceratus
3848 849 3906 894 et

2314 927 2526 996 publice
2569 937 2808 998 raptatus
2830 927 2899 984 ab
2926 928 2992 984 iis
3029 928 3576 1000 quiprtedicationem
3620 945 3907 1001 oppugna-

2314 1016 2442 1072 bant
2463 1057 2480 1080 ,
2510 1017 2601 1087 qui
2642 1025 2699 1072 et
2733 1031 2879 1089 sape
2905 1018 3077 1089 ipsum
3116 1029 3365 1075 enectum
3389 1019 3807 1085 existimarunt,
3843 1033 3909 1075 es

2312 1106 2464 1175 quasi
2492 1106 2810 1162 destinatam
2833 1108 3014 1163 animo
3034 1107 3241 1165 eadem
3269 1117 3695 1180 perpetrassent,
3719 1110 3905 1178 ipsum

2315 1196 2647 1264 reliquerunt
2683 1213 2699 1250 :
2739 1197 3075 1254 inveniturne
3113 1199 3306 1270 aliquis
3340 1209 3617 1266 nostrum,
3643 1199 3903 1264 desidias,

2315 1287 2665 1358 segnitielque
2691 1285 3017 1355 deditorum,
3061 1289 3154 1358 qui
3191 1298 3390 1346 tantam
3416 1292 3667 1346 virtutum
3694 1291 3909 1361 magni-

2317 1381 2552 1436 tudinem
2597 1396 2708 1451 prte
2750 1394 2810 1437 se
2854 1380 3027 1438 ferat?
3074 1381 3272 1438 Verum
3319 1391 3520 1452 quanta
3565 1381 3755 1438 beatus
3813 1385 3911 1439 ille

2315 1473 2567 1544 praeclara
2609 1488 2772 1544 opera
2814 1473 3019 1541 fecerit,
3051 1480 3105 1529 et
3141 1472 3502 1529 fortitudinem
3521 1514 3538 1540 ,
3591 1489 3751 1544 quam
3807 1489 3910 1544 pro

2315 1563 2588 1634 religionis
2634 1563 3013 1634 praedicatione
3057 1563 3296 1634 quotidie
3342 1563 3678 1631 exhibuerit,
3722 1579 3832 1619 non
3876 1581 3909 1620 a

2316 1663 2496 1709 nostra
2526 1654 2724 1724 lingua,
2769 1654 2864 1711 sed
2904 1653 2975 1710 ab
3023 1655 3141 1725 ipso
3182 1665 3394 1726 oportet
3437 1655 3625 1712 audire
3665 1657 3907 1712 dicente.

2315 1742 2541 1812 Quando
2563 1744 2707 1799 enim
2734 1743 2788 1799 in
2813 1758 2934 1800 eam
2957 1744 3173 1801 devenit
3197 1746 3589 1812 necessitatem,
3611 1755 3674 1803 ut
3685 1756 3912 1817 propter

2317 1832 2884 1903 pseudoapostolorum
2931 1832 3198 1889 fallaciam
3236 1849 3326 1890 res
3351 1848 3480 1890 snas
3505 1851 3761 1893 enarrare
3808 1851 3914 1892 co—

2316 1935 2534 1993 geretur
2561 1939 2575 1977 :
2608 1934 2714 1978 tam
2735 1938 2897 1994 grave
2922 1924 3065 1979 enim
3091 1923 3232 1980 istud
3253 1933 3307 1980 et
3331 1924 3617 1981 molestum
3644 1926 3744 1996 ipsi
3764 1934 3910 1989 erat.

2319 2023 2376 2068 ut
2405 2015 2788 2083 relnctaretur,
2829 2023 2887 2071 et
2926 2029 3215 2086 numquam
3254 2016 3309 2070 in
3335 2017 3569 2080 medium
3609 2031 3673 2074 ea
3709 2017 3914 2074 all'em

2320 2103 2498 2170 vellet,
2527 2105 2636 2160 imo
2661 2105 2895 2174 seipsum
2920 2105 3144 2162 auderet
3170 2121 3366 2162 vocare
3393 2106 3764 2178 blasphemnm
3789 2146 3809 2175 ,
3857 2118 3916 2164 et

2317 2203 2754 2265 persequutorem
2779 2214 2796 2252 :
2822 2197 3073 2267 quoniam
3096 2205 3274 2253 autem
3302 2199 3758 2267 pernecessarium
3783 2214 3916 2255 use

2320 2282 2548 2352 videret,
2580 2293 2638 2340 ut
2667 2283 3021 2354 impostorum
3051 2301 3145 2341 ora
3171 2287 3513 2354 Obstrueret,
3543 2298 3599 2344 et
3630 2287 3917 2358 discipulis

2320 2390 2534 2445 parvam
2575 2375 2728 2432 daret
2767 2377 3186 2432 consolationem
3233 2395 3248 2432 :
3301 2378 3380 2434 sic
3423 2377 3536 2434 fere
3577 2379 3743 2449 copit
3789 2388 3918 2449 post

2319 2468 2484 2523 multa
2513 2468 2614 2524 alia
2635 2468 2814 2525 dicere
2838 2485 2851 2522 :
2875 2467 2943 2524 In
2966 2485 3066 2538 quo
3089 2469 3202 2540 quis
3231 2469 3384 2523 audet
3401 2511 3417 2536 ,
3435 2486 3537 2540 φα·
3563 2471 3918 2539 insipientiast

2319 2558 2516 2629 loquor,
2548 2559 2712 2612 and»
2731 2568 2782 2613 et
2811 2574 2904 2629 ego
2935 2559 3012 2629 (Ξ.
3040 2557 3160 2614 Cor.
3189 2559 3274 2614 li.
3301 2557 3416 2631 21).
3447 2560 3740 2616 Considera
3768 2562 3917 2626 aiant

2317 2648 2585 2713 animam,
2631 2663 2739 2703 non
2777 2649 2950 2704 solum
2979 2648 3292 2716 audaciam,
3324 2651 3418 2706 sed
3457 2660 3510 2707 et
3549 2651 3918 2720 insipientiam

2319 2755 2433 2794 rem
2460 2754 2577 2794 eam
2603 2748 2794 2796 vocat:
2823 2739 3023 2797 docens
3063 2755 3162 2797 nos
3190 2756 3260 2798 ne
3284 2757 3534 2814 umquam
3562 2743 3694 2798 citra
3723 2758 3921 2801 neces-

2321 2828 2534 2884 sitatem
2559 2871 2576 2894 ,
2621 2839 2678 2886 et
2717 2829 2866 2886 nullo
2909 2839 3153 2902 urgente,
3177 2846 3296 2902 qua:
3321 2845 3351 2886 a
3375 2832 3530 2887 nobis
3566 2830 3702 2887 facta
3740 2845 3876 2888 sunt
3900 2873 3917 2896 ,

2319 2931 2670 2990 ostentemus,
2699 2925 2744 2977 si
2766 2923 2986 2993 quidem
3003 2923 3163 2994 aliqui
3184 2939 3250 2979 ex
3274 2924 3428 2979 nobis
3453 2925 3798 2979 inveniantur
3823 2925 3921 2995 qui

2321 3014 2518 3087 bonum
2545 3013 2762 3084 aliquod
2774 3025 2898 3069 sunt
2921 3013 3234 3085 operati..1n
3251 3031 3350 3084 quo
3373 3015 3719 3085 quis,'inquit,
3736 3016 3917 3081 undet,

2321 3122 2412 3176 per
2434 3105 3002 3176 insipientiamloqwr,
3030 3107 3194 3161 αιιάεο
3208 3116 3256 3161 e.‘
3271 3123 3361 3178 ego
3375 3123 3396 3162 .'
3419 3105 3520 3162 huc
3535 3115 3638 3174 est,
3657 3107 3920 3178 quoniam

2323 3212 2424 3267 ego
2450 3199 2671 3251 multam
2697 3197 2852 3251 video
2879 3197 3273 3264 necessitatem,
3297 3196 3496 3252 audere
3515 3197 3656 3259 volo,
3688 3210 3745 3253 et
3787 3198 3925 3253 insi-

2325 3287 2536 3355 pientite
2566 3301 2700 3356 opus
2729 3286 3003 3342 exhibere.
3040 3285 3242 3341 Hebrci
3264 3297 3402 3353 sunt,
3445 3297 3492 3343 et
3511 3304 3634 3358 ego;
3661 3286 3925 3343 Israelita

2321 3387 2460 3440 sunt,
2491 3385 2537 3431 et
2562 3392 2688 3448 ego;
2717 3393 2885 3432 semen
2910 3377 3128 3432 Abi-alue
3150 3386 3301 3444 sunt,
3348 3387 3397 3432 et
3439 3394 3531 3449 ego
3576 3377 3685 3449 (Ib.
3715 3395 3764 3433 ο.
3797 3378 3921 3448 Si).

2327 3466 2400 3520 De
2432 3467 2550 3528 hoc,
2584 3468 2795 3535 inquit,
2846 3466 3076 3522 sublime
3119 3467 3332 3536 sapiunt
3369 3475 3424 3520 et
3465 3467 3802 3538 gloriantur;
3855 3483 3924 3524 ne

2328 3564 2512 3624 putent
2540 3571 2601 3610 ea
2630 3557 2783 3611 nobis
2807 3556 3032 3633 deesse;
3056 3558 3216 3612 etiam
3263 3572 3361 3612 nos
3399 3557 3710 3613 eormndem
3750 3559 3925 3628 parti-

2324 3647 2471 3714 cipes
2495 3661 2702 3700 sumus.
2749 3646 2952 3702 Deinde
2991 3647 3216 3716 suhjecit
3249 3665 3262 3701 :
3295 3645 3520 3701 linism‘
3548 3647 3737 3704 Christi
3776 3660 3922 3718 sunt,

2326 3749 2380 3791 ut
2404 3739 2570 3792 minus
2597 3739 2798 3806 sapiens
2824 3738 2958 3805 dico,
2993 3739 3108 3808 plus
3132 3755 3223 3809 ego
3266 3738 3374 3809 (Ib.
3404 3755 3450 3792 tl.
3480 3737 3597 3810 23).

2398 3829 2452 3885 6.
2497 3830 2626 3885 Vide
2654 3830 2758 3898 hic,
2786 3829 3006 3895 dilecte,
3047 3830 3215 3886 beatae
3243 3830 3396 3901 hujus
3419 3831 3612 3885 anima:
3636 3831 3924 3892 virtutem.

2327 3922 2458 3977 Nam
2489 3932 2765 3993 postquam
2796 3938 2906 3980 rem
2945 3938 2975 3978 a
3021 3938 3080 3979 se
3128 3924 3338 3988 factam,
3385 3923 3660 3978 audaciam
3694 3933 3751 3980 et
3782 3925 3922 3981 insi-

2331 4013 2581 4082 pientiam
2608 4013 2831 4080 vocavit,
2861 4017 3105 4085 quamvis
3140 4013 3192 4068 in
3225 4022 3368 4068 tanta
3406 4022 3550 4069 esset
3591 4015 3925 4071 necessitate

2329 4105 2648 4159 constitutus
2669 4147 2683 4169 ,
2715 4120 2888 4174 neque
2927 4105 3006 4160 sic
3038 4113 3213 4159 tamen
3258 4104 3414 4158 dictis
3454 4113 3740 4159 contentus
3769 4105 3874 4161 fuit
3905 4122 3920 4160 :

2330 4195 2425 4250 sed
2453 4211 2571 4250 cum
2603 4196 3068 4252 demonstraturus
3091 4205 3235 4251 esset
3263 4210 3321 4251 se
3351 4196 3471 4251 illos
3497 4211 3690 4267 magno
3712 4213 3923 4268 praece-

2329 4289 2459 4346 dere
2487 4289 2789 4355 intervallo,
2817 4296 2872 4344 ut
2902 4303 2969 4343 ne
2989 4288 3106 4358 quis
3136 4303 3255 4342 eum
3289 4297 3437 4358 putet
3463 4304 3559 4358 per
3595 4290 3925 4346 ostentatio-

2331 4395 2451 4435 nem
2484 4379 2596 4435 limc
2621 4380 2816 4442 dicere,
2846 4379 3037 4434 iterum
3071 4379 3425 4448 insipientiam
3454 4389 3608 4434 vocat
3631 4379 3835 4450 quoda
3864 4396 3925 4436 se

2331 4473 2620 4536 dicebatur,
2650 4471 2798 4542 quasi
2838 4470 3038 4526 diceret
3083 4487 3098 4525 :
3143 4469 3259 4525 Non
3287 4484 3405 4523 sum
3437 4469 3648 4525 nescius
3677 4486 3766 4525 me
3795 4487 3913 4526 rem

2333 4563 2507 4618 facere
2531 4577 2650 4632 qua:
2679 4562 2875 4617 multos
2899 4560 3154 4626 ollendat,
3174 4569 3230 4615 et
3245 4576 3362 4630 quae
3387 4574 3560 4630 neque
3587 4575 3672 4614 me
3693 4561 3921 4616 deceat:

2332 4653 2426 4708 sed
2458 4669 2542 4709 me
2583 4651 2857 4722 compellit
2901 4666 3092 4722 magna
3125 4651 3446 4715 necessitas;
3496 4649 3616 4705 ideo
3660 4651 3927 4721 ignoscite

2333 4744 2462 4798 mihi
2493 4745 2809 4813 insipientia
2839 4743 2995 4799 verba
3037 4743 3296 4814 loquenti.
3340 4742 3507 4811 l-lujus
3542 4743 3627 4797 vel
3673 4745 3922 4800 umbram

2333 4837 2600 4893 imitemur
2624 4851 2740 4903 nos,
2770 4838 2856 4906 qui
2890 4837 3050 4890 tantis
3082 4837 3373 4904 premimur
3399 4834 3648 4904 peccatis,
3695 4847 3751 4890 et
3777 4852 3924 4906 srpe

2333 4930 2376 4983 si
2421 4944 2640 4998 parvum
2681 4927 2930 4997 quiddam
2974 4937 3122 4982 recte
3160 4925 3412 4989 facimus,
3460 4941 3633 4995 neque
3659 4926 3838 4995 ipsum
3873 4933 3924 4981 tu

2335 5020 2695 5092 promptuario
2720 5019 2913 5073 mentis
2959 5027 3156 5072 nostra:
3196 5017 3491 5085 repositum
3535 5032 3752 5071 manere
3785 5020 3925 5087 pati-

2334 5129 2476 5175 mur,
2504 5111 2597 5166 sed
2625 5120 2680 5165 ut
2703 5111 2980 5180 gloriolam
3020 5109 3251 5178 aliquam
3296 5107 3367 5163 ab
3417 5107 3723 5162 hominibus
3745 5125 3924 5164 vene-

2335 5219 2473 5268 mur,
2506 5203 2867 5273 divulgamus,
2914 5209 2970 5257 et
2997 5201 3065 5255 ob
3109 5200 3534 5269 intempestivam
3566 5201 3926 5270 nugaeitatem

2335 5294 2511 5349 divina
2537 5293 2887 5349 retributione
2926 5293 3280 5361 nosmetipsos
3308 5291 3634 5346 fraudamus.
3683 5291 3756 5344 At
3793 5291 3928 5344 nihil

2338 5383 2444 5438 tale
2471 5384 2624 5439 beato
2646 5384 2809 5438 Paulo
2836 5381 3129 5437 accidebat.
3163 5381 3287 5438 Sed
3327 5381 3495 5451 quid?
3526 5380 3752 5435 Ministn'
3781 5379 3928 5435 Clari-

2336 5476 2400 5529 sti
2424 5484 2560 5541 sunt,
2590 5483 2642 5527 ut
2667 5474 2832 5526 minus
2861 5473 3059 5542 sapiens
3074 5473 3210 5539 dico,
3244 5474 3357 5542 plus
3382 5487 3513 5541 ego;
3554 5471 3678 5527 dein
3710 5471 3930 5527 adducit

2337 5568 2390 5621 in
2437 5567 2669 5622 medium
2716 5580 2779 5620 ea
2831 5580 2950 5634 qua:
2983 5563 3415 5633 pscudoapostoli
3444 5578 3549 5618 non
3576 5563 3927 5618 exhibebant.

2339 5657 2619 5724 Quomodo
2652 5657 2795 5712 enim
2823 5653 3192 5709 exhibuisseut
3229 5653 3317 5721 qui
3345 5651 3622 5707 veritatem
3654 5666 3930 5721 Oppugna-

2340 5755 2504 5822 bant,
2547 5758 2601 5808 et
2627 5748 2759 5806 nihil
2781 5761 2887 5803 non
2917 5745 3140 5817 agebant
3166 5755 3222 5800 ut
3249 5743 3606 5816 prmdicationi
3655 5742 3933 5812 religionis
