4058 6302
210 316 277 378 97

216 430 565 497 obsisterent,
616 442 684 484 ac
731 433 958 483 utentes--
985 421 1375 494 simpliciorum
1404 416 1820 476 subverterent?

219 521 382 593 Igitur
407 529 468 576 ut
493 519 654 586 dixit,
684 517 812 573 Plus
841 533 952 589 ego,
981 522 1260 574 enumerat
1282 521 1465 584 postea
1490 508 1821 566 fertitudiuis

224 629 331 668 suae
363 613 622 682 praclara
652 625 840 680 opera,
869 617 924 663 et
943 607 1117 676 inquit
1142 620 1156 656 :
1185 603 1260 658 In
1278 602 1536 659 laboribus
1566 600 1820 672 plurimis,

224 704 274 758 in
305 702 474 775 plagis
500 716 662 770 supra
699 699 905 753 modum
927 738 944 762 ,
992 697 1047 750 in
1073 694 1318 748 mortibus
1340 692 1644 762 frequenter.
1687 687 1824 756 Quid

222 793 397 850 dicis?
424 789 766 861 Stupendum
793 797 847 844 et
866 785 1179 843 admirabile
1208 793 1292 839 est
1315 782 1456 854 quod
1482 797 1511 836 a
1535 791 1587 836 te
1612 780 1820 836 dicitur.

228 885 394 940 Estne
424 881 569 938 enim
599 880 875 952 possibile,
909 886 967 932 ut
993 876 1284 947 quissaepe
1310 871 1603 928 moriatur?
1627 871 1824 934 Etiam,

226 972 447 1044 inquit,
497 969 742 1042 quamvis
783 983 892 1024 non
934 966 1124 1022 mortis
1166 963 1498 1034 experientia
1526 1002 1541 1028 ,
1589 970 1824 1014 attamen

227 1061 496 1120 moriendi
538 1060 853 1131 preposito:
884 1057 1084 1113 docens
1113 1069 1233 1122 nos,
1261 1053 1488 1110 subinde
1513 1065 1573 1106 se
1596 1050 1667 1106 ob
1691 1064 1855 1118 pne-1

232 1155 560 1211 dicationem
589 1149 779 1207 mortis
807 1149 1041 1221 pericula
1066 1147 1298 1212 adiisse,
1318 1144 1414 1200 sed
1455 1143 1548 1199 Dei
1573 1141 1740 1212 gratia
1773 1140 1826 1194 in

233 1245 431 1302 mediis
459 1243 710 1315 periculis
741 1241 999 1296 athletam
1043 1245 1314 1294 servatum
1339 1274 1355 1302 ,
1398 1247 1506 1305 quo
1550 1231 1827 1301 discipulis

231 1335 403 1406 magis
430 1332 731 1404 prodesset.
773 1329 842 1386 In
877 1329 1120 1384 mortibus
1139 1366 1156 1394 ,
1197 1324 1391 1396 inquit,
1439 1324 1765 1393 frequenter:
1794 1338 1827 1374 a

229 1426 438 1482 Iuleis
462 1424 727 1496 quinquies
747 1421 1086 1492 quadraginta
1107 1419 1285 1488 plagas
1307 1432 1412 1470 una
1438 1415 1604 1469 minus
1628 1412 1824 1481 accepi,

232 1527 306 1571 ter
330 1517 490 1587 virgis
526 1530 687 1569 casus
711 1529 846 1577 sum,
871 1509 1029 1565 semel
1068 1507 1358 1578 lapidatus,
1400 1513 1475 1559 ter
1500 1502 1830 1573 naufragium

235 1611 351 1681 feri,
367 1617 636 1663 noctemac
663 1607 798 1660 diem
818 1603 1148 1676 intprofundo
1170 1601 1285 1672 egi;
1311 1601 1365 1654 in
1381 1599 1643 1654 itineribus
1669 1613 1824 1665 stupe,

237 1697 480 1771 periculis
523 1697 788 1768 (luminum
815 1734 832 1761 ,
879 1692 1114 1763 periculis
1163 1692 1416 1744 latronum
1440 1730 1455 1756 ,
1504 1687 1741 1758 periculis
1769 1701 1832 1739 ea:

237 1805 441 1860 genere,
471 1785 710 1858 periculis
740 1799 807 1839 es:
831 1782 1081 1854 gentibus,
1111 1779 1348 1850 periculis
1384 1795 1448 1833 ea:
1477 1778 1624 1847 falsis
1657 1777 1834 1848 fratri-

239 1882 331 1935 bus
354 1920 370 1944 ,
417 1877 656 1948 periculis
687 1876 744 1930 in
784 1872 1064 1928 civitatibus
1092 1911 1110 1938 ,
1160 1870 1400 1941 periculis
1435 1869 1490 1924 in
1523 1868 1831 1933 solitudine,

241 1971 484 2041 periculis
507 1969 562 2023 in
589 1968 722 2022 mari
749 1966 825 2040 (2.
855 1965 975 2021 Cor.
1016 1965 1104 2020 ll.
1134 1960 1372 2032 Ωδμ-26).
1415 1960 1492 2016 Ne
1521 1959 1834 2029 simpliciter

241 2071 628 2134 praetereamus
679 2057 798 2114 luce
847 2057 988 2112 dicta
1015 2095 1036 2121 ,
1088 2053 1270 2110 dilecti
1324 2071 1338 2106 :
1391 2066 1513 2106 nam
1561 2050 1836 2121 quodlibet

241 2152 434 2208 borum
483 2165 578 2220 per
624 2164 684 2204 se
733 2147 906 2202 solum
950 2145 1176 2215 pelagus
1218 2140 1438 2213 aliquod
1485 2140 1834 2196 tentatiouum

243 2243 403 2299 nobis
423 2240 682 2297 ostendit.
709 2238 830 2295 Non
855 2237 999 2294 enim
1019 2233 1335 2306 simpliciter
1356 2234 1457 2289 iter
1475 2248 1640 2287 unum
1664 2230 1834 2288 dixit:

242 2335 364 2403 sed,
394 2333 461 2387 In
486 2332 749 2387 itineribus
794 2345 929 2401 saepe
978 2345 997 2384 :
1044 2342 1215 2398 neque
1255 2342 1419 2382 unum
1448 2325 1741 2396 periculum
1784 2325 1838 2378 in

243 2423 444 2489 ﬂuviis,
476 2422 574 2478 sed
615 2421 780 2476 multa
809 2431 864 2476 et
886 2420 1060 2484 varia;
1087 2428 1142 2475 et
1178 2418 1357 2473 omnia
1399 2417 1599 2487 ingenti
1627 2414 1842 2471 fortitu-

241 2517 370 2571 dine
413 2514 556 2570 tulit.
605 2514 673 2568 Et
703 2520 824 2585 post
846 2511 962 2571 lucc
988 2511 1168 2568 omnia
1205 2511 1397 2566 iterum
1424 2509 1595 2580 inquit
1625 2523 1638 2561 :
1672 2506 1740 2563 In
1764 2509 1843 2562 la-

245 2608 364 2661 bore
383 2616 431 2661 et
457 2621 710 2674 mnino,
735 2606 790 2660 in
814 2605 998 2676 uigiliis
1013 2619 1168 2675 sepe,
1193 2603 1247 2657 in
1268 2603 1406 2674 [ante
1427 2615 1474 2657 et
1503 2603 1608 2670 siti,
1631 2602 1684 2657 in
1701 2603 1844 2673 jeju-

245 2700 343 2754 niis
368 2715 526 2767 sepe,
545 2699 599 2752 in
627 2699 816 2769 [rigore
834 2707 882 2751 et
907 2696 1155 2765 nuditate,
1178 2704 1362 2766 prater
1386 2695 1480 2751 illa
1498 2710 1613 2766 quat
1639 2695 1837 2751 extrin-

246 2801 388 2842 secus
416 2797 534 2843 sunt
569 2786 681 2856 (Ib.
710 2803 759 2841 υ.
784 2787 875 2842 27.
902 2787 1019 2858 28).

317 2880 373 2933 7.
411 2877 570 2933 Pauli
592 2893 834 2933 arumnis
860 2878 1033 2932 varice.
1062 2906 1136 2917 —
1159 2875 1293 2932 Vide
1335 2877 1526 2932 iterum
1565 2875 1708 2930 aliud
1745 2891 1842 2946 pe-

247 2971 401 3041 lagus
430 2971 783 3026 tentationum
816 2969 972 3024 nobis
999 2969 1213 3037 aperiri.
1247 2967 1318 3023 Ut
1341 2968 1482 3023 enim
1510 2966 1665 3034 dixit,
1695 2966 1846 3021 Prae-

251 3059 444 3114 teran
481 3075 595 3129 quae
630 3060 939 3114 extrinsecus
973 3067 1115 3125 sunt,
1152 3057 1442 3112 insinuavit
1485 3058 1845 3128 praetermissa

252 3155 401 3223 plura
431 3166 574 3214 esse.
606 3165 766 3221 quam
807 3165 927 3220 quas
952 3151 1092 3206 dicta
1119 3158 1263 3203 sunt.
1297 3149 1482 3218 Neque
1508 3150 1592 3203 his
1625 3158 1849 3204 conten-

251 3255 336 3298 tus
367 3241 488 3309 fuit,
514 3256 700 3297 verum
727 3257 825 3296 nos
854 3240 1010 3297 docet
1041 3256 1317 3310 pressurus
1341 3249 1395 3295 et
1417 3239 1850 3311 conspirationes

249 3349 382 3405 quas
408 3333 684 3397 sustinuit,
718 3333 797 3386 sic
819 3331 1004 3387 dicens
1037 3348 1049 3384 :
1081 3331 1334 3385 lustantia
1382 3347 1493 3386 mea
1529 3332 1846 3402 quotidiana,

252 3422 543 3477 sollicitudo
562 3424 786 3477 omnium
814 3421 1182 3477 Ecclesiarum.
1206 3421 1345 3477 Ecce
1369 3419 1472 3476 hoc
1494 3421 1695 3476 bonum
1715 3436 1851 3491 opus

255 3515 337 3568 vel
356 3514 575 3569 unicum
592 3513 865 3568 sufﬁciens
879 3522 984 3578 est,
999 3524 1055 3567 ut
1070 3528 1313 3569 summus
1330 3513 1430 3584 ipsi
1447 3513 1698 3568 virtutum
1714 3528 1851 3583 apex

255 3604 563 3678 tribuatur;
608 3602 938 3670 Sollicitudo,
985 3603 1178 3673 inquit,
1220 3605 1446 3657 omnium
1480 3601 1851 3672 Ecclesiarum,

255 3709 360 3748 non
383 3694 564 3758 unius,
588 3693 671 3748 vel
695 3691 945 3759 duarum,
975 3695 1058 3749 vel
1083 3695 1267 3759 trium,
1322 3693 1417 3749 sed
1452 3693 1691 3749 omnium
1733 3709 1853 3764 qua:

256 3787 310 3840 in
363 3795 478 3839 toto
522 3784 676 3839 orbe.
721 3783 859 3839 Nam
898 3795 1151 3854 quantam
1192 3792 1389 3838 terram
1424 3784 1504 3838 sol
1547 3783 1708 3840 radiis
1742 3784 1854 3839 suis

260 3877 514 3942 illustrat,
545 3883 750 3930 tantam
779 3889 962 3930 curam
991 3885 1045 3930 et
1073 3875 1488 3931 sollicitudinem
1510 3874 1694 3930 habuit
1716 3877 1853 3932 Pau-

257 3965 360 4020 lus.
391 3965 583 4020 Vidisti
608 3966 941 4021 latitudinem
973 3966 1180 4021 animi?
1210 3966 1389 4021 vidisti
1413 3967 1610 4022 mentis
1651 3968 1855 4037 magni-

256 4057 545 4112 tudinem?
574 4055 692 4111 Jam
736 4057 875 4126 quod
912 4056 1288 4126 subsequitur,
1321 4058 1499 4111 omnia
1539 4058 1853 4128 superiora,

256 4161 317 4204 ut
341 4149 413 4204 ita
453 4149 656 4214 dicam,
689 4150 944 4219 contegit.
1001 4148 1130 4215 Quis
1153 4149 1296 4204 enim
1325 4150 1642 4216 inﬁrmatur,
1662 4152 1854 4221 inquit,

250 4253 420 4311 uego
446 4257 558 4295 non
593 4241 871 4310 inﬁrmor?
924 4242 1036 4310 quis
1081 4241 1485 4307 scandalizatur,
1528 4251 1575 4296 et
1619 4259 1710 4312 ego
1752 4260 1854 4297 non

251 4349 379 4385 uror
403 4330 422 4403 (
447 4332 505 4385 2.
531 4331 652 4386 Cor.
683 4332 769 4387 ll.
794 4331 866 4387 29
911 4331 983 4402 )‘l
1014 4332 1193 4402 Papae,
1219 4343 1454 4402 quantus
1471 4333 1569 4387 viri
1595 4333 1754 4403 hujus
1799 4335 1858 4389 in

254 4423 401 4477 ﬁlios
430 4438 591 4476 amor
611 4433 665 4477 et
695 4422 1024 4493 indulgentia
1058 4425 1072 4478 ι
1103 4430 1298 4494 quanta
1339 4426 1651 4495 vigilantia!
1680 4442 1852 4497 quan-

252 4523 458 4568 tacura
494 4516 509 4566 l
542 4511 673 4579 Qum
710 4520 880 4567 mater
904 4513 981 4568 sic
1024 4513 1292 4568 cruciatur
1317 4514 1455 4568 intra
1487 4516 1694 4570 viscera
1741 4515 1857 4571 lilio

254 4603 416 4659 febre
438 4603 740 4669 laborante,
785 4611 843 4658 et
887 4604 939 4657 in
975 4603 1116 4658 lecto
1158 4604 1534 4672 decumbente,
1569 4615 1627 4660 ut
1667 4606 1857 4662 beatus

251 4695 350 4751 ille
395 4709 497 4765 pro
532 4697 722 4764 quovis
769 4696 999 4762 inlirmo,
1046 4711 1386 4766 quocumque
1417 4697 1503 4752 ille
1525 4699 1644 4752 loco
1687 4708 1859 4766 esset,

252 4786 655 4850 istlirtnabatur,
688 4795 744 4841 et
772 4802 868 4856 pro
911 4787 1283 4843 scandalizatis
1320 4789 1613 4844 urebatur?
1660 4790 1852 4845 Consi-

250 4876 387 4932 dera
412 4875 574 4939 enim,
601 4891 806 4945 quaeso,
827 4878 1111 4932 verborum
1136 4879 1388 4932 latentem
1415 4881 1520 4933 vim
1555 4889 1609 4934 et
1632 4882 1854 4949 empha-

249 4968 360 5022 sin.
395 4965 514 5021 Non
541 4965 702 5032 dixit,
731 4965 862 5033 Quis
886 4967 1294 5032 scandalizatur,
1323 4977 1378 5021 et
1402 4983 1501 5038 ego
1529 4983 1632 5024 nou
1657 4969 1856 5026 doleo?

249 5059 375 5124 scd,
423 5057 577 5120 Uror,
637 5057 842 5125 inquit,
890 5057 1158 5112 intensum
1201 5057 1355 5112 nobis
1398 5058 1643 5115 dolorem
1676 5060 1855 5116 decla-

245 5165 405 5213 rans,
431 5149 586 5218 quasi
602 5148 1003 5203 demonstraret
1021 5164 1079 5204 se
1105 5149 1427 5205 intrinsecus
1458 5152 1669 5208 incendi
1697 5163 1752 5208 et
1772 5161 1854 5208 uri

250 5256 352 5311 pro
380 5241 448 5294 iis
466 5239 556 5309 qui
583 5239 1008 5294 olfeudebantur.
1036 5240 1164 5296 Scio
1189 5256 1275 5295 me
1312 5243 1364 5296 in
1397 5258 1641 5313 magnam
1693 5248 1856 5314 proli-

255 5333 486 5387 xitatem
539 5331 850 5386 extendisse
903 5332 1222 5400 doctrinam,
1267 5335 1510 5404 quamvis
1565 5345 1852 5392 statueram

259 5421 425 5476 hodie
451 5421 670 5476 brevior
698 5435 841 5487 esse,
882 5432 940 5475 ut
966 5422 1235 5490 paululum
1266 5439 1295 5477 a
1318 5424 1503 5494 jejunii
1526 5426 1708 5481 labore
1729 5443 1854 5497 pos-

251 5511 373 5565 sitis
401 5510 671 5579 respirare
695 5528 710 5565 :
737 5510 828 5566 sed
847 5512 1028 5566 nescio
1048 5513 1337 5580 quomodo,
1361 5525 1415 5568 ut
1446 5515 1497 5579 in
1529 5515 1739 5572 divitias
1755 5523 1855 5572 bo.

250 5616 446 5659 uerum
491 5615 718 5674 operum
775 5600 930 5673 hujus
975 5602 1161 5659 sancti.
1191 5602 1373 5673 incidi,
1431 5605 1663 5677 linguam
1716 5609 1848 5666 mihi

1350 305 1418 363 IN
1453 303 1607 362 CAP.
1636 301 1700 360 Il.
1727 301 1974 362 GENES.
2015 301 2244 360 llOMlL.
2286 303 2404 362 Xll.

3438 307 3526 365 98»

1918 420 2068 491 quasi
2097 421 2266 491 rapidi
2294 420 2530 476 numinis
2561 419 2641 475 vis
2665 417 2860 490 rapuit.
2893 418 3183 488 Propterea
3213 419 3300 477 hic
3345 420 3517 478 linem

1918 511 2128 569 dicendi
2169 510 2390 576 faciens,
2412 524 2510 564 oro
2545 497 2825 564 caritatem
2865 519 3120 576 vestram,
3167 519 3224 565 ut
3264 512 3521 570 continue

1919 604 2069 658 illum
2102 604 2155 658 in
2194 610 2376 658 mente
2423 602 2830 666 circumferatis,
2875 611 2931 658 et
2975 587 3202 673 subinde
3249 607 3517 676 cogitetis,

1918 710 2042 751 eum
2098 694 2341 765 ejusdem
2391 695 2671 750 nobiscum
2707 704 2913 750 naturae
2947 704 3275 762 consortem,
3325 696 3520 754 iisdem

1918 785 2290 842 all'ectionibus
2332 785 2645 853 obnoxium,
2686 786 2957 856 opificium
2998 785 3106 842 vile
3166 801 3230 841 ac
3276 797 3520 843 contem-

1919 891 2067 950 ptum
2096 889 2434 935 exercentem
2467 879 2682 948 pellium
2702 888 2965 943 sutorem,
2995 886 3049 933 et
3072 878 3122 931 in
3153 877 3384 934 officinis
3408 879 3518 934 fre-

1917 981 2192 1040 quentem,
2225 972 2347 1040 quia
2369 971 2538 1025 voluit
2563 979 2616 1024 et
2658 969 2898 1026 decrevit
2939 971 3195 1025 virtutum
3236 970 3414 1026 studio
3459 984 3522 1028 se

1918 1062 2242 1132 mancipare,
2265 1070 2318 1116 et
2356 1061 2603 1116 idoneum
2647 1075 2706 1115 se
2751 1061 3078 1116 constituere
3123 1060 3522 1130 receptaculum

1918 1151 2146 1221 Spiritus
2186 1152 2379 1217 sancti,
2435 1151 2632 1223 largius
2669 1168 2882 1223 quoque
2923 1166 3153 1230 superna
3203 1152 3524 1209 liberalitate

1917 1246 2146 1315 potitum
2171 1260 2311 1301 esse.
2351 1245 2418 1300 Et
2448 1260 2550 1301 nos
2590 1246 2738 1313 item,
2781 1246 2825 1300 si
2864 1245 3195 1300 voluerimus
3230 1235 3374 1315 quod
3418 1260 3518 1300 no-

1917 1347 2086 1392 strum
2135 1348 2218 1392 est
2261 1337 2458 1405 facere,
2503 1338 2637 1393 nihil
2681 1337 2986 1408 prohibebit
3025 1339 3216 1393 eadem
3245 1351 3344 1391 nos
3379 1337 3518 1393 bona

1919 1427 2196 1497 consequi.
2237 1427 2496 1482 Liberalis
2525 1428 2667 1483 enim
2696 1436 2778 1483 est
2809 1426 3086 1490 Dominus,
3128 1435 3184 1482 et
3234 1426 3353 1480 Vult
3401 1443 3514 1482 om-

1918 1536 2006 1574 nes
2035 1520 2260 1573 homines
2298 1520 2462 1573 salvos
2501 1519 2632 1587 ﬁeri,
2664 1528 2815 1589 atque
2856 1518 2924 1571 ad
2951 1519 3258 1589 agnitionem
3300 1519 3522 1573 veritatis

1919 1613 2188 1682 venire“.
2223 1611 2357 1666 Tim.
2382 1613 2434 1667 2.
2469 1613 2795 1683 4).'Dignos
2825 1611 2984 1682 igitur
3029 1626 3128 1666 nos
3172 1612 3317 1682 ipsos
3363 1611 3518 1665 exhi-

1921 1707 2167 1772 beamus,
2199 1720 2261 1760 ac
2289 1703 2511 1759 ferventi
2535 1705 2808 1759 alacritate
2834 1704 3083 1760 virtutem
3114 1703 3198 1758 vel
3221 1718 3346 1759 sero
3394 1713 3517 1758 tan-

1922 1795 2043 1851 dem
2073 1796 2560 1867 apprebendamus,
2585 1803 2640 1850 et
2666 1794 2975 1849 affectiones
3001 1803 3214 1849 nostras
3241 1794 3519 1864 corrigen-

1924 1897 2026 1955 tes,
2050 1889 2272 1944 idoneos
2299 1904 2396 1943 nos
2427 1887 2712 1943 reddamus
2736 1885 2802 1940 ad
2831 1886 3088 1957 Spiritum
3138 1894 3382 1941 sanctum
3427 1901 3513 1940 r3-

1923 1979 2228 2050 cipiendum
2259 1998 2273 2035 :
2305 1980 2446 2051 quod
2469 1986 2526 2034 ut
2565 1993 2888 2044 mereamur,
2935 1977 3197 2032 concedat
3239 1978 3410 2049 gratia
3462 1984 3533 2032 δι’

1925 2073 2223 2142 benignitas
2266 2070 2475 2127 Domini
2519 2071 2685 2124 nostri
2714 2068 2839 2124 Jesu
2865 2068 3085 2135 Christi,
3107 2069 3322 2139 quicum
3381 2068 3545 2124 Patri.

1926 2161 2108 2229 simul,
2138 2170 2192 2217 et
2215 2161 2416 2232 Spiritu
2463 2168 2650 2215 sancto
2672 2157 2952 2232 sitgloria,
2977 2157 3263 2227 imperium
3314 2165 3374 2212 et
3417 2156 3522 2212 bo-

1927 2268 2051 2322 nor,
2079 2267 2220 2308 nunc
2248 2265 2303 2309 ct
2319 2265 2558 2323 semper,
2583 2252 2712 2308 etin
2739 2249 2934 2306 saecula
2960 2248 3301 2306 smculorum.
3323 2249 3526 2303 Amen.

2498 2405 2781 2464 HOMILIA
2834 2403 2950 2460 XII.

1931 2522 2091 2579 Deiis
2110 2535 2229 2593 quas
2251 2529 2553 2591 sequuntur
2582 2518 2912 2574 creationem
2939 2532 2953 2570 :
2987 2509 3091 2570 Hic
3120 2523 3192 2570 est
3217 2515 3345 2569 liber
3371 2528 3532 2584 gene-

2002 2613 2213 2667 rationis
2237 2613 2350 2666 cteli
2377 2620 2425 2665 et
2465 2620 2614 2664 terra:
2641 2625 2675 2674 ,'
2704 2607 2910 2680 quando
2930 2606 3066 2677 facta
3117 2615 3234 2660 sunt
3261 2621 3282 2660 :
3309 2621 3411 2676 quo
3439 2604 3538 2660 die

2005 2705 2120 2774 fecit
2150 2703 2286 2759 Deus
2313 2703 2492 2758 uelum
2513 2711 2559 2756 et
2587 2709 2779 2755 terram
2812 2697 2963 2770 (Gen.
2995 2698 3053 2754 2.
3085 2694 3164 2770 ι).

2007 2836 2061 2890 l.
2091 2835 2205 2905 Age
2250 2832 2572 2903 promissum
2617 2837 2860 2886 nostrum
2891 2825 3053 2884 hodie
3079 2826 3396 2904 impleamus
3420 2868 3435 2893 ,
3478 2834 3537 2882 et

1935 2935 2244 2982 consuetam
2263 2923 2562 2978 doctrinam
2581 2927 2892 2985 tractantes,
2911 2917 3138 2974 dicenda
3164 2931 3306 2972 nunc
3327 2917 3393 2972 iis
3414 2932 3537 2987 quas

1936 3031 2098 3088 supra
2126 3015 2267 3070 dicta
2296 3023 2423 3069 sunt
2443 3020 2820 3069 contexamus.
2857 3010 3021 3066 Scitis
3040 3010 3208 3078 enim,
3239 3024 3340 3065 nos
3367 3010 3540 3066 semel

1937 3115 2101 3178 atque
2130 3106 2322 3161 iterum
2351 3104 2454 3159 hoc
2471 3103 2644 3159 facere
2670 3101 2994 3168 decrevisse,
3014 3111 3068 3156 et
3089 3101 3160 3156 ad
3198 3101 3301 3156 hoc
3325 3109 3541 3171 paratos

1937 3198 2129 3265 fuisse,
2155 3197 2250 3253 sed
2285 3211 2467 3252 curam
2497 3195 2740 3260 fratrum,
2773 3209 2931 3264 quam
2954 3194 3209 3265 gerimus,
3248 3194 3301 3248 in
3324 3194 3540 3250 illorum

1938 3287 2357 3343 admonitionem
2391 3286 2624 3355 linguam
2658 3292 2896 3340 nostram
2927 3283 3034 3338 alio
3059 3284 3322 3354 rapuisse.
3351 3283 3538 3351 Quan-

1939 3378 2226 3448 doquidem
2274 3374 2548 3431 interdum
2607 3373 2833 3428 inllrmis
2870 3372 3155 3440 fratribus,
3187 3373 3381 3444 quibus
3410 3389 3542 3431 con-

1941 3477 2150 3524 suetum
2168 3474 2284 3522 erat
2303 3475 2644 3536 sequestrare
2663 3479 2720 3519 se
2741 3463 2807 3518 ab
2834 3463 2938 3519 hoc
2965 3463 3226 3533 spirituali
3248 3473 3542 3532 conventu,

1943 3572 2000 3619 et
2022 3561 2276 3617 mutilare
2322 3559 2477 3614 nobis
2503 3566 2702 3613 sanctae
2735 3556 2754 3589 ι
2781 3555 3081 3611 festivitatis
3105 3557 3322 3627 gaudia,
3361 3556 3537 3612 suasi-

1942 3666 2063 3708 mus
2087 3649 2419 3707 consulendo
2458 3656 2514 3703 et
2541 3647 2884 3705 exhortando
2904 3687 2921 3714 ,
2954 3660 3022 3701 ne
3049 3647 3253 3708 diutius
3303 3648 3372 3702 ab
3408 3647 3538 3703 ovili

1944 3745 2142 3802 Christi
2167 3744 2364 3810 absint,
2392 3749 2448 3798 et
2472 3749 2623 3796 extra
2647 3740 2852 3796 caulam
2877 3741 3013 3796 hanc
3032 3738 3362 3810 spiritualem
3379 3739 3543 3796 abera

1944 3847 2066 3892 rent
2098 3851 2112 3889 :
2141 3834 2358 3890 nomine
2385 3831 2601 3903 quidem
2637 3839 2691 3886 et
2729 3830 3096 3900 appellatione
3137 3829 3291 3886 nobis
3332 3828 3541 3899 juncti,

1945 3944 2139 3984 revera
2160 3937 2337 3984 autent
2362 3928 2578 3985 Judaaos
2594 3936 2881 3994 sectantes,
2900 3927 2991 3997 qni
3012 3925 3429 3982 adbucumbrae
3451 3939 3542 3980 as-

1945 4020 2142 4087 sident,
2170 4019 2513 4089 lueeruteque
2549 4018 2748 4074 addicti
2792 4025 2938 4084 sunt,
2971 4024 3254 4088 postquam
3278 4016 3544 4087 soljusti-

1950 4112 2036 4166 tia:
2066 4109 2238 4165 illuxit
2263 4126 2277 4175 ;
2309 4109 2576 4165 interdum
2606 4109 2766 4164 etiam
2789 4107 3025 4162 nondum
3058 4107 3293 4164 initiatos
3315 4107 3416 4182 (α),
3448 4108 3559 4176 qui"

1948 4201 2002 4256 in
2043 4210 2187 4258 centu
2231 4200 2491 4266 aderant,
2522 4200 2720 4255 hortati
2760 4213 2947 4253 sumus
2972 4240 2986 4266 ,
3028 4207 3088 4253 ut
3110 4197 3178 4252 ad
3207 4197 3544 4266 spiritualem

1949 4293 2286 4347 vocationem
2353 4297 2669 4355 accurrant,
2719 4301 3056 4357 excussoque
3107 4287 3256 4342 omni
3318 4286 3546 4358 ignavias

1947 4400 2159 4451 somno,
2190 4384 2417 4440 ferventi
2445 4385 2734 4450 desiderio,
2757 4393 2814 4438 et
2843 4383 3044 4452 ingenti
3084 4382 3360 4438 alacritate
3387 4396 3548 4454 para-

1948 4485 2033 4531 tos
2075 4491 2134 4531 se
2173 4476 2243 4530 ad
2275 4474 2612 4546 suscipienda
2657 4474 2809 4545 regis
2855 4488 3084 4528 munera
3135 4481 3394 4544 przestent
3416 4510 3435 4540 ,
3488 4482 3546 4530 et

1947 4574 2236 4636 preperent
2260 4565 2328 4620 ad
2349 4579 2471 4621 eum
2491 4565 2583 4636 qui
2604 4563 2973 4620 remissionem
2995 4563 3162 4618 donat
3176 4571 3546 4633 peccatorum,

1947 4667 2002 4712 et
2022 4657 2316 4713 liberaliter
2342 4658 2619 4713 innumera
2648 4657 2787 4712 bona
2829 4655 3156 4726 suppeditat.
3190 4657 3374 4726 Itaque
3397 4665 3547 4727 post-

1947 4763 2105 4818 quam
2136 4762 2324 4802 eorum
2353 4749 2443 4818 qui
2470 4747 2611 4802 circa
2639 4747 2859 4802 Pascha:
2880 4746 3074 4802 festum
3103 4747 3386 4812 errabant,
3424 4747 3544 4818 qui-

1947 4854 2050 4908 que
2072 4853 2166 4907 per
2187 4840 2325 4893 hanc
2350 4838 2578 4902 minimi,
2608 4847 2665 4892 ut
2696 4839 2984 4908 putabant,
3016 4837 3275 4894 momenti
3297 4839 3547 4894 observa-

1949 4929 2172 4993 tionem,
2201 4943 2451 4999 magnum
2473 4928 2574 4985 sibi
2599 4928 2856 4984 damnum
2887 4928 3212 4996 inferebant,
3243 4945 3544 4999 coagmen-

1951 5025 2057 5072 tem
2102 5032 2287 5072 curam
2330 5019 2594 5088 gessimus
2641 5019 2742 5090 (ὁ),
2790 5017 2988 5074 idoneo
3031 5019 3277 5075 adhibito
3338 5017 3548 5074 vulneri

1947 5108 2364 5176 medicamento,
2393 5118 2448 5164 et
2500 5125 2607 5166 non
2648 5109 2869 5165 initiatis
2893 5125 2956 5165 ea
3009 5112 3079 5166 de
3125 5125 3185 5164 rc
3223 5109 3552 5179 probecom-

1949 5198 2202 5266 monitis,
2257 5208 2426 5254 restat
2464 5208 2521 5255 ut
2561 5201 2813 5256 omnibus
2866 5199 3019 5255 vobis
3066 5199 3228 5256 hodie
3267 5198 3550 5269 spirituale

2013 5375 2028 5438 ξ
2067 5381 2184 5434 Reg.
2210 5387 2354 5438 unus,
2380 5373 2666 5437 spiritualis,
2691 5389 2796 5438 pro,
2821 5381 3020 5426 stricta.

2010 5435 2084 5500 (η)
2121 5438 2203 5484 Hic
2240 5435 2449 5499 loquitur
2480 5438 2546 5486 de
2585 5435 2949 5487 catechumenis
2985 5435 3339 5500 quostlnitiare
3372 5444 3425 5488 et
3470 5439 3550 5489 ba-

1949 5498 2129 5565 ptiaare
2155 5497 2374 5565 exeunte
2392 5499 2783 5565 Quadragesima,
2811 5511 2916 5550 mos
2937 5497 3061 5549 erit.
3086 5497 3214 5548 Vide
3258 5500 3551 5553 cateebesos

1948 5566 1984 5608 t.
2011 5559 2060 5614 2,
2087 5564 2190 5606 ett.
2219 5558 2277 5607 l5
2299 5560 2363 5607 de
2386 5558 2767 5610 catechuinenis.

2012 5619 2086 5682 (ὸ)
2118 5619 2484 5683 chrysostomus
2503 5623 2628 5673 circa
2649 5621 2780 5672 diem
2802 5621 2993 5684 paschae
3015 5621 3326 5674 contionante
3351 5626 3480 5673 erat.
