4058 6302
554 352 626 412 ω
1296 341 1354 402 8.
1395 336 1671 400 JOANNIS
1703 329 2122 397 CHRYSCBTO!

2226 326 2532 388 RRCHIEP.
2571 328 3105 390 CONS'I'ANTINOP.

554 471 771 534 paretur
798 456 1125 517 convivium.
1152 454 1285 512 Nam
1323 448 1775 525 quemadmodum
1819 448 1867 504 si
1913 446 2134 502 fratrum

557 562 864 609 nostrorum
904 549 1147 622 neglecta
1183 560 1312 603 cura
1335 585 1351 612 ,
1399 541 1864 616 prater-missaque
1922 535 2133 593 illorum

555 643 944 709 adonltione.
972 647 1163 700 eam
1197 636 1358 694 seriei
1387 635 1678 697 haerentes,
1709 641 1956 702 ipsosque
1980 624 2134 683 inlir-

550 733 766 788 ‘niantes
793 722 1320 800 eontenipsissemus,
1367 723 1490 796 jure
1539 721 1800 794 quispiam
1830 729 1928 775 nos
1953 729 2137 787 repre-

556 822 851 887 hendisset.
875 826 1062 891 utpote
1081 825 1440 889 opportunum
1462 822 1672 883 tempus
1713 815 2135 880 pratercurrem

558 925 679 970 tes:
707 913 778 969 ita
803 925 964 974 nunc,
992 909 1116 980 quia
1137 906 1271 962 nihil
1299 904 1715 977 praetenuissum
1742 905 1847 965 est,
1878 904 2134 967 quantum

557 1014 754 1061 riostrtc
772 1001 912 1058 vires
931 1001 1130 1064 sinunt.
1153 998 1250 1055 sed
1270 997 1492 1056 verbum
1503 994 1756 1052 doctrinm
1772 989 2132 1055 adhibuimus,

559 1095 835 1163 pecuniam
875 1089 1332 1148 dinumeravimus
1354 1083 1378 1156 ,’
1423 1087 1732 1155 seminaque
1769 1083 1824 1137 in
1852 1091 1993 1136 terra
2033 1079 2135 1134 hac

554 1182 818 1253 spirituali
873 1181 1137 1252 jecimus,
1164 1185 1578 1236 consentaneum
1605 1183 1707 1240 est,
1749 1180 1807 1229 ut
1843 1171 2033 1226 iterum
2077 1169 2131 1222 in

555 1273 786 1329 medium
808 1271 1118 1338 ali‘erantur,
1144 1285 1264 1341 qua:
1288 1285 1359 1327 es
1385 1270 1540 1325 beato
1559 1265 1704 1322 lose
1730 1274 1855 1322 sunt
1876 1264 2011 1320 lecta
2029 1301 2046 1328 ,
2076 1271 2133 1317 ut

554 1366 728 1421 fructu
781 1363 906 1419 inde
941 1362 1170 1419 collecto
1191 1403 1207 1429 ,
1231 1361 1446 1417 domum
1477 1357 1652 1414 redire
1678 1356 1853 1412 liceat.
1877 1353 2130 1422 Quaenam

558 1457 716 1525 igitur
759 1453 876 1509 haec
912 1453 1041 1519 sint,
1096 1451 1392 1508 audiamus.
1422 1449 1477 1504 4.
1517 1446 1622 1508 Hic
1666 1455 1738 1501 est
1767 1447 1908 1510 liber,
1937 1443 2128 1514 inquit,

555 1544 892 1614 generationis
913 1543 1024 1599 cati
1041 1551 1088 1598 et
1112 1551 1258 1597 terra
1277 1539 1481 1611 quando
1505 1542 1642 1610 facta
1657 1545 1774 1593 sunt
1795 1552 1815 1591 :
1833 1550 1931 1606 quo
1955 1533 2039 1589 die
2057 1533 2132 1602 [e-

556 1635 624 1688 rit
649 1632 786 1688 Deus
810 1633 989 1688 cctam
1016 1640 1062 1687 et
1086 1640 1293 1695 terram,
1319 1629 1374 1685 5.
1403 1637 1451 1682 et
1479 1643 1626 1683 omne
1651 1623 1923 1696 virgultum
1965 1621 2080 1694 agri
2109 1662 2126 1690 ,

553 1733 822 1792 antequam
841 1722 1057 1776 oriretur
1075 1735 1226 1790 super
1242 1730 1449 1786 terram,
1470 1731 1762 1785 omnemque
1777 1715 1982 1769 herbam
1995 1711 2125 1784 agri,

553 1816 852 1882 priusquam
874 1812 1110 1866 oriretur.
1139 1808 1261 1865 Non
1287 1809 1421 1863 enim
1449 1809 1645 1877 pluerat
1675 1804 1814 1860 Deus
1850 1819 2004 1874 super
2029 1811 2130 1858 ter-

553 1921 689 1969 ram,
716 1913 763 1958 et
787 1904 936 1957 homo
973 1918 1073 1956 non
1101 1910 1208 1956 erat
1231 1901 1320 1969 qui
1351 1899 1534 1954 coleret
1563 1907 1766 1952 terram.
1793 1896 1846 1951 ϐ.
1871 1894 2012 1950 Fons
2034 1909 2129 1949 au-

549 2005 645 2047 tem
671 1992 967 2048 ascendebat
998 1993 1062 2047 de
1090 2000 1241 2057 terra,
1269 2000 1318 2044 et
1365 1988 1608 2061 irrigabat
1631 1990 1914 2043 uniuersus
1941 1987 2124 2059 faciens

549 2093 695 2138 terra:
729 2081 877 2152 (Gen.
903 2081 983 2152 Ξ).
1008 2080 1294 2137 Considera
1327 2080 1455 2134 mihi
1503 2092 1710 2143 rursus,
1735 2077 1982 2140 obsecro,
2025 2075 2122 2130 sd-

549 2172 805 2229 mirabilis
833 2171 988 2242 hujus
1020 2169 1286 2242 prophetas
1308 2169 1644 2239 sapientiam,
1670 2167 1779 2222 imo
1797 2166 1966 2223 sancti
1998 2164 2123 2235 Spi-

547 2267 680 2320 ritus
727 2262 1044 2319 doctrinam.
1101 2261 1232 2317 Nam
1269 2269 1545 2331 postquam
1596 2258 1753 2314 nobis
1797 2273 1892 2328 per
1941 2267 2125 2328 partes

546 2357 815 2409 enarravit
841 2362 1111 2408 creaturas
1139 2367 1348 2416 omnes.
1381 2359 1436 2412 et
1464 2366 1560 2406 sex
1601 2348 1805 2406 dierum
1832 2355 2124 2420 pertracta-

548 2449 625 2502 vit
660 2462 844 2516 opera,
869 2457 947 2502 "et
984 2446 1354 2501 formationem
1395 2443 1662 2509 hominis,
1708 2450 2129 2513 potestatemque

548 2538 834 2594 visibilium
857 2538 1094 2593 omnium
1121 2538 1196 2592 illi
1219 2550 1556 2601 concessam,
1584 2549 1725 2589 nunc
1759 2534 1948 2588 iterum
1975 2546 2126 2587 suin-

549 2629 735 2683 matim
782 2627 961 2682 omnia
987 2635 1256 2697 repetens,
1284 2625 1456 2695 inquit
1483 2641 1497 2679 :
1527 2623 1628 2679 Hic
1666 2633 1739 2679 est
1765 2624 1890 2678 liber
1913 2637 2126 2694 genera-

547 2720 699 2774 tionis
723 2718 832 2773 acii
857 2728 904 2774 et
929 2728 1091 2782 terra,
1115 2718 1316 2789 quando
1343 2722 1477 2787 facta
1500 2725 1635 2770 sunt.
1665 2715 1857 2785 Opem
1897 2714 2121 2783 pretium

546 2811 636 2866 hic
661 2810 816 2866 luerit
844 2809 1128 2879 inquirere,
1155 2822 1320 2878 quare
1349 2806 1622 2876 Scriptura
1648 2805 1839 2860 librum
1867 2804 2009 2860 hunc
2024 2817 2122 2857 vo.

548 2901 750 2958 caverit
769 2901 883 2954 caeli
911 2907 968 2954 et
995 2907 1170 2962 terrai,
1200 2898 1441 2967 quamvis
1465 2896 1629 2950 multa
1654 2895 1753 2950 alia
1784 2895 1835 2949 in
1863 2909 1923 2949 se
1945 2893 2122 2949 conti-

543 3001 701 3060 neat,
726 3000 781 3047 ct
799 2992 989 3046 doceat
1012 3004 1110 3044 nos
1131 2989 1230 3043 alia
1257 2987 1506 3059 plurima,
1549 3001 1745 3055 nempe
1771 2984 1838 3039 de
1853 2985 2118 3054 iustorum

543 3082 827 3138 virtutibus
862 3089 1113 3146 tractans,
1141 3079 1209 3134 de
1237 3077 1560 3146 benignitate
1589 3076 1702 3138 Dei.
1731 3074 1906 3143 deque
1946 3073 2123 3128 indui-

541 3173 741 3244 gontla,
769 3185 925 3240 quam
945 3184 1072 3238 erga
1093 3167 1319 3238 primum
1332 3174 1567 3221 creatum
1593 3164 1861 3219 hominem
1881 3171 1936 3219 et
1962 3177 2121 3218 omne

547 3265 833 3318 humanum
858 3276 1026 3332 genus
1054 3260 1300 3316 exhibuit
1345 3269 1439 3314 :et
1463 3258 1531 3312 de
1577 3257 1694 3312 aliis
1735 3256 1946 3322 multis,
2001 3273 2120 3327 qua:

547 3353 702 3422 hujus
731 3351 988 3422 temporis
1015 3365 1120 3407 non
1162 3349 1322 3405 fuerit
1349 3348 1640 3404 declarare.
1672 3347 1749 3404 Ne
1779 3347 2006 3413 mireris,
2033 3347 2118 3403 di-

542 3447 712 3501 lecte:
736 3459 849 3500 mos
877 3445 1020 3500 enim
1049 3444 1134 3498 hic
1156 3452 1238 3497 est
1260 3457 1427 3496 sacra:
1453 3442 1761 3510 Scriptum,
1789 3450 1971 3496 utnon
1997 3440 2117 3495 ubi-

539 3552 646 3606 que
691 3538 868 3592 omnia
916 3535 1268 3606 particulatim
1321 3544 1566 3597 enarret;
1598 3533 1692 3588 sed
1718 3548 1838 3587 cum
1887 3548 1972 3600 ea,
1998 3548 2116 3603 qua:

529 3627 768 3696 plurima
789 3625 1234 3695 complectuntur,
1254 3624 1436 3678 dicere
1460 3623 1702 3692 coeperit,
1733 3623 2115 3678 consideranda

551 3716 816 3785 relinquat
842 3715 1113 3783 sequentia
1163 3715 1247 3780 iis,
1292 3715 1381 3783 qui
1408 3714 1660 3768 studiosis
1705 3714 1921 3768 auribus
1961 3714 2114 3768 exci-

548 3807 697 3875 piunt
721 3819 783 3860 ea
822 3820 939 3873 qua:
967 3805 1229 3860 dicuntur.
1256 3805 1318 3859 Et
1349 3813 1405 3858 ut
1429 3803 1604 3857 discas
1626 3819 1739 3857 rem
1767 3803 1838 3858 ita
1879 3818 1998 3859 esse
2021 3843 2037 3870 ,
2064 3803 2117 3859 id

543 3902 716 3964 palam
738 3895 927 3950 iaciam
954 3912 1016 3951 ex
1047 3896 1130 3951 his
1160 3912 1278 3966 quae
1306 3911 1444 3952 nunc
1475 3904 1600 3950 sunt
1627 3896 1781 3950 lecta.
1811 3895 1946 3951 Ecce
1972 3897 2117 3952 enim

545 3989 592 4038 iu
626 3986 1012 4056 superioribus,
1046 3995 1324 4056 postquam
1373 4001 1469 4040 nos
1491 3985 1666 4040 divina
1688 3984 1958 4055 Scriptura
2004 3986 2115 4040 for-

542 4080 831 4130 mationem
862 4077 1097 4130 omnium
1125 4078 1423 4130 minutatim
1449 4076 1649 4141 docuit,
1683 4091 1827 4129 nunc
1866 4091 1970 4130 non
1999 4089 2116 4128 om-

543 4168 690 4220 nium
722 4167 982 4232 meminit,
1013 4164 1107 4220 sed
1139 4167 1338 4235 inquit:
1371 4166 1464 4218 Hic
1513 4178 1583 4220 est
1621 4167 1742 4219 liber
1785 4165 2115 4237 generationis

541 4258 652 4312 ττι-ιε
671 4267 718 4310 et
749 4265 896 4310 terra:
914 4295 929 4323 ,
974 4255 1175 4325 quando
1200 4257 1335 4326 facta
1377 4267 1493 4311 sunt
1524 4272 1542 4310 :
1567 4273 1664 4326 quo
1693 4257 1775 4310 die
1821 4257 1939 4327 fecit
1980 4256 2116 4311 Deus

544 4347 719 4400 ach-rm
746 4357 790 4399 et
815 4357 1020 4411 terram,
1046 4357 1099 4400 ct
1124 4356 1333 4402 caztcra.

617 4439 672 4489 2.
707 4436 890 4491 Vidcn‘
917 4436 1186 4506 quomodo
1213 4446 1383 4492 totum
1414 4451 1716 4492 sermonem
1753 4437 1818 4492 ad
1845 4437 2034 4494 caelum
2061 4447 2114 4493 et

546 4535 742 4582 terram
774 4527 1059 4593 convertit,
1083 4542 1147 4581 ex
1175 4527 1278 4581 illis
1302 4529 1403 4582 alia
1434 4529 1610 4582 omnia
1637 4529 1790 4583 nobis
1817 4529 2112 4584 contuenda

549 4618 896 4689 relinquens?
925 4616 1056 4673 Cum
1087 4633 1214 4687 ergo
1242 4618 1370 4673 dicit
1391 4619 1577 4673 czclum
1606 4629 1660 4675 et
1688 4629 1902 4687 terram,
1926 4635 2115 4676 onmes

549 4717 819 4764 creaturas
846 4709 1008 4763 simul
1032 4708 1454 4777 comprehcndit,
1483 4718 1587 4763 tam
1609 4725 1701 4764 eas
1721 4726 1838 4778 qua:
1865 4712 1916 4764 in
1942 4711 2074 4765 caelo
2098 4751 2113 4776 ,

464 4825 471 4830 -
544 4814 705 4868 quam
730 4813 846 4868 qua:
874 4799 925 4851 in
959 4810 1118 4853 terra.
1171 4798 1320 4854 Sicut
1345 4799 1498 4869 igitur
1525 4798 1576 4853 in
1607 4801 1940 4855 enarratione
1964 4815 2113 4856 crea-

547 4899 783 4942 turarum
808 4903 911 4942 non
936 4889 1113 4943 oninia
1133 4889 1384 4958 deinceps
1403 4889 1552 4956 dicit,
1575 4889 1670 4944 sed
1707 4890 1936 4945 maxime
1954 4906 2117 4960 gene-

545 4982 676 5041 ralia
707 4988 907 5034 tantum
961 4992 1371 5046 commemorat,
1420 4996 1518 5037 nec
1557 4983 1824 5051 sigillatim
1855 4999 2070 5038 enarrat
2103 5006 2115 5038 :

548 5069 616 5126 ita
640 5081 694 5127 et
712 5071 906 5125 libram
935 5079 1124 5137 totum,
1149 5072 1247 5126 etsi
1276 5073 1439 5126 multa
1466 5073 1564 5126 alia
1584 5073 1876 5137 contineat,
1920 5072 2114 5126 librum

545 5163 899 5231 generationis
939 5162 1053 5217 caeli
1079 5172 1129 5217 et
1160 5172 1317 5218 terrm
1333 5163 1631 5233 appellavit,
1660 5167 1810 5220 nobis
1837 5180 1898 5221 cx
1929 5164 2116 5220 horum

547 5257 1048 5309 commemorat’one
1090 5255 1231 5325 quod
1283 5257 1539 5325 reliquum
1584 5265 1663 5311 est
1706 5257 2115 5325 computandum

557 5347 884 5414 relinquens,
914 5359 1134 5400 necesse
1162 5359 1280 5400 esse
1317 5347 1490 5400 omnia
1523 5348 1575 5400 in
1605 5347 1705 5401 hoc
1735 5345 1867 5400 libro
1896 5347 2117 5400 visibilia

553 5436 833 5500 contineri,
865 5446 970 5488 tam
1009 5449 1070 5488 ea
1097 5449 1214 5503 qum
1253 5435 1306 5487 in
1336 5437 1488 5500 eicio,
1515 5450 1671 5504 quam
1702 5451 1819 5503 qrru
1866 5439 1915 5489 in
1957 5445 2116 5489 terra.

554 5529 668 5590 Qun
712 5525 811 5587 die,
837 5526 1018 5595 inquit,
1043 5525 1160 5596 fecit
1183 5525 1319 5578 Deus
1347 5534 1523 5579 cretum
1544 5538 1588 5579 et
1621 5536 1838 5590 terram,
1887 5536 1932 5578 et
1977 5542 2123 5582 omne

551 5615 815 5683 virgultum
846 5616 973 5684 agri,
1002 5624 1262 5683 antequam
1295 5616 1432 5683 ﬁeret
1458 5633 1605 5686 super
1633 5626 1833 5680 lenam,
1863 5630 1905 5668 et
1927 5636 2122 5672 omnem

555 5705 752 5760 (aeream
795 5706 938 5776 agri,
971 5700 1234 5776 antequain
1285 5707 1518 5762 oriretur.
1571 5706 1689 5762 Non
1753 5710 1882 5762 enim
1928 5710 2120 5778 pluerat

3724 332 3831 391 res

2249 437 2389 498 Deus
2415 458 2568 514 super
2591 452 2796 511 terram,
2825 460 2981 513 neque
3003 446 3154 500 homo
3176 451 3287 500 erat
3327 445 3418 516 qui
3450 446 3639 502 celaret
3658 447 3826 505 illam.

2240 532 2484 606 Sedfous
2509 534 2806 590 metuebat
2827 551 2857 590 e
2880 544 3036 604 terra,
3061 546 3109 592 et
3135 536 3383 608 irrigant
3419 539 3706 592 uniuersam
3733 541 3821 607 {e-

2239 622 2366 679 ciem
2393 634 2563 680 terra.
2583 623 2814 681 Grandis
2857 625 3140 682 thesaurus
3168 626 3223 682 in
3253 626 3493 699 pauculis
3512 626 3692 684 verbis
3717 629 3828 684 illis

2237 715 2547 772 reconditus
2570 725 2654 773 est
2674 732 2690 771 :
2713 715 2856 773 unde
2871 731 3062 788 magna
3087 717 3388 789 prudentis,
3406 733 3528 790 qua:
3549 717 3825 787 ἐκπίω,

2234 805 2456 877 juventa
2499 821 2600 863 nos
2653 807 2937 879 Deigrasia
2964 849 2984 876 ,
3013 810 3261 881 congruit
3304 811 3592 882 explicare,
3618 826 3827 883 vosque

2235 896 2598 968 spiritualium
2616 899 2800 956 barum
2820 899 3129 958 divitiarum
3157 913 3438 960 consortes
3463 903 3661 962 facere.
3697 904 3825 977 Spi-

2235 988 2371 1044 ritus
2393 988 2538 1046 enim
2562 998 2778 1048 unctus
2797 989 3094 1048 futurorum
3119 992 3396 1064 prascius,
3426 1003 3485 1049 ut
3513 994 3644 1050 nulli
3669 1004 3823 1066 post-

2237 1075 2339 1133 hac
2389 1078 2714 1136 contendere
2731 1118 2748 1146 ,
2795 1090 2851 1136 et
2891 1081 3271 1139 ecclesiasticis
3328 1082 3668 1154 dogmatibus
3688 1124 3705 1151 ,
3751 1099 3819 1141 ex

2237 1166 2469 1238 propriis
2508 1169 2802 1226 ratiociniis
2821 1211 2838 1236 ,
2859 1169 3084 1227 adversa
3112 1170 3308 1228 divinis
3332 1171 3620 1244 Scripturis
3644 1173 3821 1228 immi-

2234 1272 2386 1314 scere
2399 1258 2576 1326 licrat,
2597 1259 2759 1316 etiam
2779 1274 2922 1317 nunc
2941 1259 3140 1328 denuo,
3158 1271 3440 1334 postquam
3449 1273 3819 1320 creaturarum

2233 1347 2479 1404 ordinem
2516 1349 2700 1406 docuit
2720 1391 2737 1418 ,
2786 1359 2844 1407 et
2891 1351 3019 1422 quid
3051 1352 3316 1423 primum,
3365 1353 3494 1426 quid
3520 1355 3819 1411 scutulam

2236 1439 2548 1508 productum
2569 1440 2656 1507 sit,
2688 1449 2740 1497 et
2769 1442 2912 1513 quod
2941 1443 3146 1498 sentina
3166 1457 3266 1499 sua
3287 1443 3446 1500 tellus
3468 1443 3633 1502 verbo
3661 1459 3823 1499 man-

2231 1529 2464 1601 datoque
2495 1532 2705 1589 Domini
2746 1533 3056 1590 ministrans
3103 1533 3354 1604 ediderit,
3396 1549 3461 1592 ac
3486 1535 3818 1608 producendi

2233 1623 2340 1677 vim
2367 1623 2655 1694 acceperit,
2683 1639 2806 1680 cum
2835 1641 3011 1696 neque
3035 1625 3166 1682 solis
3186 1627 3567 1698 cooperatione
3583 1637 3770 1699 egeret
3798 1668 3817 1693 .

2231 1715 2324 1785 qui
2351 1715 2587 1772 nondum
2613 1725 2730 1773 erat
2749 1757 2766 1782 ,
2799 1733 2976 1790 neque
3001 1717 3298 1789 pluviarum
3346 1718 3682 1786 humiditate,
3713 1735 3819 1776 ne—

2230 1821 2337 1878 que
2359 1807 2592 1863 hominis
2613 1810 2820 1864 cultura
2844 1824 2860 1876 ;
2888 1824 3012 1864 nam
3040 1817 3096 1865 et
3119 1809 3214 1867 ille
3237 1809 3472 1866 nondum
3500 1811 3552 1867 in
3579 1811 3819 1868 medium

2231 1897 2540 1968 prodierat:
2567 1897 2687 1955 ideo
2711 1899 2902 1955 iterum
2926 1901 3120 1971 repetit
3144 1902 3498 1970 particulatim
3525 1903 3726 1969 omnia,
3756 1913 3820 1958 nt

2232 1987 2509 2044 indomitae
2551 1989 2889 2060 impudenter
2921 1990 3296 2047 biaterantium
3347 1991 3545 2064 linguai
3591 2008 3821 2063 compca

2229 2088 2469 2136 scantur.
2489 2079 2625 2150 Quid
2655 2081 2797 2136 enim
2823 2080 2941 2136 ait?
2973 2079 3071 2136 Die
3092 2097 3192 2154 quo
3215 2083 3334 2154 fecit
3381 2081 3518 2137 Deus
3542 2085 3724 2139 caelum
3764 2094 3817 2138 et

2193 2175 2198 2188 '
2231 2181 2435 2239 terrain,
2462 2181 2510 2225 et
2538 2187 2685 2227 omne
2709 2173 2979 2242 virgultum
3004 2173 3138 2244 agri,
3171 2173 3465 2244 priusquam
3503 2175 3642 2242 ﬁeret
3660 2191 3818 2244 super

2228 2271 2413 2315 terram
2426 2302 2443 2329 ,
2487 2277 2780 2333 omnenique
2806 2261 3013 2317 herbam
3039 2261 3189 2332 agri,
3237 2263 3529 2334 priusquam
3570 2263 3808 2318 oriretur.

2231 2348 2351 2406 Non
2375 2349 2511 2404 enim
2554 2350 2755 2420 pluerat
2782 2349 2919 2405 Deus
2943 2367 3095 2421 super
3121 2361 3310 2406 terram
3326 2393 3345 2418 ,
3397 2368 3490 2406 nec
3511 2362 3617 2406 erat
3660 2354 3816 2407 homo

2233 2441 2317 2509 qui
2345 2442 2527 2496 celeret
2550 2441 2716 2497 illam.
2744 2441 2886 2496 Fons
2913 2451 3083 2496 autent
3105 2442 3403 2499 ascendebat
3447 2444 3513 2499 de
3551 2455 3709 2510 terra,
3761 2457 3819 2499 et

2227 2531 2424 2602 rigabat
2465 2532 2749 2589 universam
2773 2535 2955 2604 faciem
2991 2543 3155 2589 terra.
3185 2534 3299 2590 [loc
3327 2535 3439 2591 vult
3465 2536 3666 2604 dicere,
3690 2551 3814 2592 ser-

2227 2639 2386 2681 mone
2405 2635 2460 2680 et
2479 2636 2749 2696 praecepto
2797 2625 2958 2692 illius,
2982 2640 3103 2697 quae
3129 2626 3276 2697 prius
3320 2641 3426 2682 non
3453 2637 3605 2682 erant
3623 2669 3639 2694 ,
3681 2643 3815 2698 pro-

2225 2715 2383 2770 ducta
2411 2715 2599 2783 fuisse,
2623 2724 2679 2772 et
2721 2732 2839 2787 quae
2866 2733 2972 2772 non
3015 2717 3363 2784 exsistebant,
3393 2717 3567 2774 subito
3587 2733 3810 2788 compa-

2228 2806 2416 2861 ruisse.
2451 2805 2626 2861 ﬂcrba
2675 2816 2774 2873 est,
2807 2822 2927 2876 quae
2952 2821 3016 2861 ex
3043 2817 3184 2862 terra
3213 2807 3454 2876 provenit
3481 2825 3494 2860 :
3520 2807 3606 2862 hic
3631 2818 3813 2863 autem

2227 2895 2444 2952 herbam
2469 2896 2673 2965 dicens,
2700 2896 2901 2952 semina
2933 2899 3110 2952 omnis
3133 2897 3277 2953 dicit.
3307 2896 3376 2952 Et
3397 2897 3467 2954 de
3493 2899 3686 2970 pluviis
3712 2900 3814 2954 do-

2222 3003 2352 3046 cens
2385 3003 2482 3044 nos
2516 2988 2706 3044 iterum
2745 2988 2923 3043 divina
2951 2988 3221 3059 Scriptura
3257 2989 3478 3044 subdit:
3510 2989 3635 3044 Non
3671 2995 3811 3044 enim

2223 3085 2419 3152 pluerat
2448 3079 2584 3136 Deus
2621 3097 2776 3151 super
2812 3091 2997 3136 terram
3023 3097 3043 3136 :
3073 3081 3175 3137 hoc
3201 3090 3304 3148 est,
3335 3080 3570 3137 nondum
3616 3083 3811 3152 pluviae

2221 3174 2451 3243 desuper
2475 3171 2771 3237 cadebant;
2796 3171 3093 3242 deindeque
3118 3173 3381 3236 ostendit,
3424 3187 3597 3245 neque
3628 3174 3806 3228 inomi-

2223 3267 2304 3321 nis
2345 3264 2654 3336 operatione
2695 3264 2947 3320 habuisse
2970 3279 3149 3335 opus:
3181 3263 3302 3320 Non
3339 3265 3504 3333 enim,
3549 3265 3656 3330 ait,
3696 3276 3812 3320 erat

2221 3360 2370 3413 homo
2393 3357 2478 3428 qui
2502 3367 2795 3429 operaretur
2837 3368 3021 3411 terram
3050 3374 3068 3412 :
3092 3357 3242 3428 quasi
3266 3358 3504 3414 clamans
3527 3367 3582 3414 et
3617 3359 3808 3415 dicens

2222 3448 2448 3520 posteris
2479 3448 2763 3504 omnibus:
2809 3447 3002 3503 Audite
3031 3447 3166 3514 hanc,
3207 3457 3263 3503 et
3286 3447 3504 3513 discite,
3534 3448 3808 3518 quomodo

2218 3543 2286 3596 ab
2311 3541 2460 3597 initio
2485 3555 2672 3597 omnes
2697 3551 2848 3595 terra:
2894 3548 3181 3609 proventus
3205 3539 3312 3594 sint
3355 3540 3616 3609 producti,
3654 3547 3709 3594 et
3738 3555 3809 3595 ne

2220 3645 2413 3688 terram
2443 3633 2728 3690 colentium
2755 3631 3040 3702 diligentia:
3063 3629 3242 3686 omnia
3267 3631 3499 3695 tribuite,
3523 3646 3695 3701 neque
3723 3631 3808 3685 eis

2220 3727 2317 3781 hos
2351 3726 2466 3797 ejus
2495 3734 2677 3795 partus
2717 3725 3005 3780 adscribito
3031 3741 3044 3777 :
3076 3722 3172 3778 sed
3199 3723 3365 3778 verbo
3403 3732 3458 3778 et
3495 3733 3805 3794 prascepto,

2218 3821 2357 3890 quod
2387 3834 2415 3873 a
2444 3817 2728 3874 Conditore
2753 3833 2850 3873 suo
2877 3817 2946 3872 ad
2974 3832 3093 3872 eam
3123 3817 3383 3886 prolatum
3413 3825 3515 3870 est.
3555 3817 3679 3870 Hmc
3702 3830 3806 3870 au-

2222 3922 2324 3966 tem
2364 3912 2541 3966 omnia
2580 3912 2730 3977 ﬁunt,
2762 3919 2821 3966 ut
2843 3910 3112 3965 discamus
3139 3917 3344 3964 terram
3363 3909 3430 3964 ad
3469 3907 3676 3964 edenda
3713 3923 3806 3964 se-

2219 4005 2361 4058 mina
2408 4017 2502 4058 sua
2551 4003 2772 4058 aliorum
2821 4004 3206 4060 elementorum
3267 4002 3644 4072 coeperatione
3692 4017 3805 4056 non

2218 4089 2407 4164 egure,
2439 4094 2533 4148 sed
2562 4095 2857 4149 Conditoris
2885 4095 3136 4150 mandato
3173 4100 3477 4149 contentam
3518 4093 3704 4149 fuisse.
3735 4092 3808 4146 Et

2219 4185 2358 4255 quod
2403 4187 2697 4240 mirandum
2728 4187 3157 4256 stupendumque
3185 4198 3287 4251 est,
3318 4187 3362 4240 is
3404 4186 3490 4257 qui
3521 4202 3659 4240 mine
3690 4195 3801 4240 ter-

2219 4291 2332 4329 ram
2363 4276 2524 4330 verbo
2550 4275 2614 4330 ad
2639 4285 2714 4330 tot
2739 4276 2940 4330 semina
2969 4275 3302 4346 producenda
3326 4276 3595 4342 excitavit,
3626 4286 3679 4330 et
3705 4291 3808 4345 po-

2217 4373 2436 4423 tentiam
2477 4383 2627 4424 suam
2673 4367 2915 4423 humanae
2938 4368 3159 4423 rationis
3203 4381 3414 4438 captum
3460 4377 3804 4437 superantem

2217 4462 2470 4526 exhibuit,
2507 4461 2642 4515 hanc
2670 4460 2836 4530 ipsam
2867 4469 2971 4515 tam
2997 4474 3211 4530 gravem
3238 4469 3290 4515 et
3316 4471 3515 4516 tantum
3542 4459 3804 4514 mundum

2218 4568 2376 4619 supra
2401 4553 2617 4606 dorsum
2645 4568 2798 4607 suum
2847 4553 3104 4607 ferentem
3135 4567 3294 4622 super
3329 4568 3494 4622 aquas
3534 4552 3804 4618 fundavit,

2219 4645 2354 4698 sicut
2396 4655 2448 4698 et
2487 4643 2742 4712 prepheta
2781 4645 2910 4699 dicit
2944 4663 2956 4696 :
2993 4644 3094 4711 Qui
3145 4643 3374 4715 fundauit
3419 4652 3604 4698 terram
3648 4661 3803 4713 super

2219 4752 2374 4801 aquas
2404 4733 2574 4806 (Psai.
2605 4735 2724 4790 155.
2748 4734 2823 4802 6).
2855 4735 2984 4799 Quae
3020 4735 3249 4788 humana
3278 4734 3411 4788 ratio
3433 4733 3499 4788 ad
3529 4734 3645 4788 htcc
3675 4751 3804 4802 per-

2222 4827 2424 4895 tingere
2463 4826 2665 4893 possit?
2687 4824 2818 4878 Nam
2849 4839 2966 4879 cum
2998 4823 3244 4880 homines
3279 4824 3471 4878 domus
3497 4823 3762 4879 aediﬁcant
3784 4869 3802 4890 ,

2219 4925 2274 4969 et
2294 4913 2631 4970 filiidamenta
2648 4915 2828 4983 jacere
2855 4915 3059 4980 volunt,
3084 4916 3234 4984 prius
3262 4913 3502 4980 fodiunt;
3533 4923 3586 4970 et
3612 4915 3700 4970 ubi
3733 4915 3803 4972 ad

2222 5004 2478 5070 profunda
2505 5005 2861 5074 pervenerint,
2889 5005 2932 5058 si
2957 5005 3040 5059 vel
3069 5021 3288 5074 parvum
3331 5005 3608 5062 humorem
3647 5009 3805 5063 vide-

2223 5095 2350 5158 rint,
2379 5096 2509 5149 nihil
2545 5108 2649 5148 non
2674 5103 2832 5160 agunt
2865 5104 2922 5148 ut
2958 5104 3122 5150 totum
3169 5095 3342 5166 ipsum
3366 5097 3703 5165 exhauriant,
3749 5110 3806 5154 ot

2222 5184 2299 5236 sic
2346 5184 2681 5239 fundamenta
2730 5186 2904 5238 leuent
2946 5204 2958 5238 :
3011 5195 3288 5257 prepterea
3332 5189 3570 5242 omnium
3614 5189 3804 5258 Opifcx

2223 5275 2397 5328 omnia
2425 5289 2577 5328 secus
2621 5288 2776 5343 quam
2808 5274 3048 5330 homines
3090 5277 3235 5342 facit,
3280 5285 3342 5331 ut
3376 5293 3441 5332 ex
3484 5278 3582 5332 hoc
3627 5278 3808 5336 discas

2226 5365 2543 5420 inell‘ahiicm
2572 5365 2686 5433 ejus
2714 5368 3026 5434 potentiam,
3057 5377 3130 5434 et,
3163 5369 3375 5437 quando
3400 5369 3511 5439 ipse
3539 5371 3772 5426 voluerit
3790 5414 3804 5435 ,

2225 5458 2486 5509 elementa
2515 5457 2625 5509 hare
2657 5459 2809 5525 plane
2837 5461 3179 5521 contrarium,
3211 5475 3368 5528 quam
3425 5461 3623 5528 solent,
3671 5463 3798 5518 eﬂ'e-

2226 5558 2366 5598 ctnm
2395 5561 2457 5597 ex
2486 5542 2783 5600 Conditoris
2807 5555 3072 5616 praecepto
3097 5550 3394 5604 ostendere.

2301 5635 2567 5689 [immania
2600 5635 2704 5690 Deo
2733 5641 2936 5690 omnino
2975 5639 3172 5691 subdita
3210 5650 3361 5703 sunt;
3391 5656 3560 5696 servos
3588 5639 3685 5694 Dei
3725 5658 3806 5694 re-

2232 5741 2484 5786 reimtur.
2505 5761 2569 5772 ς-
2593 5731 2644 5786 5.
2680 5733 2741 5786 Et
2769 5742 2823 5788 ut
2851 5732 2900 5788 id
2929 5732 3069 5804 quod
3101 5733 3310 5805 dicitur,
3342 5734 3621 5792 dilucidius
3655 5736 3811 5792 vobis
