4058 6302
272 353 362 413 lOI

271 471 373 534 fiat,
396 466 508 539 jam
529 463 600 520 de
618 462 722 517 hoc
743 464 1060 529 argumento
1078 451 1276 523 aliquid
1301 451 1647 514 disseramus,
1669 456 1856 518 postea

264 559 328 614 ad
354 556 496 613 aliud
545 550 841 609 transituri.
876 548 987 603 lloc
1010 545 1151 601 enim
1178 552 1364 598 contra
1402 556 1658 610 aquarum
1707 550 1863 596 natu-

268 665 379 705 ram
406 655 511 714 est,
544 645 689 701 ferre
715 653 913 709 corpus
955 648 1062 693 tam
1105 650 1265 706 grave
1301 652 1315 689 :
1347 642 1401 689 et
1441 634 1630 689 iterum
1675 642 1862 688 contra

268 751 510 798 naturam
541 747 718 801 teme,
752 733 935 789 sedem
984 745 1134 784 suam
1179 729 1231 782 in
1263 727 1354 782 tali
1377 725 1726 781 fundamento
1766 727 1862 780 ha-

268 834 414 889 bere.
448 832 519 886 Et
544 827 671 900 quid
703 824 956 882 miraris?
981 823 1038 878 In
1066 835 1404 891 quacumque
1437 835 1618 874 rerum
1661 828 1867 874 creata-

268 937 384 978 ruci
424 918 656 975 scrutari
684 915 951 979 volueris,
999 912 1244 966 invenies
1289 912 1606 966 immensam
1652 909 1868 978 Opificis

270 1011 588 1086 potentiam,
639 1021 869 1076 eumque
910 1018 1007 1060 sua
1051 1003 1327 1058 voluntate
1364 1002 1663 1072 gubernare
1691 1001 1868 1054 omnia

269 1102 665 1171 deprehendes.
691 1099 884 1154 Videre
902 1097 1044 1152 enim
1076 1095 1176 1150 hoc
1207 1095 1334 1149 licet
1359 1093 1410 1147 in
1441 1094 1585 1163 igne,
1605 1093 1691 1147 cui
1713 1091 1874 1146 absu-

271 1195 451 1250 mendi
481 1203 665 1248 natura
686 1199 805 1244 est:
833 1189 1011 1243 omnia
1033 1187 1175 1241 enim
1193 1185 1347 1239 facile
1368 1185 1571 1251 domat,
1594 1183 1872 1238 materiam

270 1283 564 1348 lignorum,
601 1280 856 1350 lapidum,
886 1290 1192 1347 corporum,
1227 1283 1282 1328 et
1312 1274 1435 1329 ferri
1467 1292 1481 1327 :
1510 1285 1565 1328 at
1594 1284 1872 1343 postquam

279 1372 562 1441 imperavit
606 1369 884 1434 Dominus,
930 1380 1153 1434 corpora
1199 1375 1378 1419 tenera
1419 1371 1476 1418 et
1509 1364 1874 1434 corruptibilis

277 1450 386 1519 non
419 1461 612 1530 tetigit,
649 1459 744 1514 sed
775 1459 973 1514 illesos
1001 1468 1197 1527 pueros
1222 1456 1454 1509 servavit
1496 1455 1547 1509 in
1576 1454 1754 1509 medio
1781 1469 1876 1508 ca-

277 1554 428 1610 mino
457 1551 624 1621 (Dan.
656 1550 735 1621 ὃ).
771 1549 835 1605 Et
861 1565 929 1604 ne
958 1549 1168 1603 mireris
1193 1550 1236 1602 si
1269 1563 1492 1618 corpora
1526 1547 1738 1601 illorum
1772 1563 1877 1601 non

278 1645 477 1715 tetigit,
505 1643 604 1700 sed
633 1641 941 1698 irrationale
969 1641 1296 1696 elementum
1339 1649 1481 1693 tanta
1514 1638 1882 1694 moderatione

281 1735 643 1803 obseqnutum
684 1739 786 1796 est,
817 1739 1072 1801 quantum
1117 1729 1294 1784 nullus
1331 1740 1491 1800 queat
1531 1728 1702 1785 effari.
1750 1728 1882 1782 Nam

282 1840 354 1880 ne
383 1823 593 1893 capillis
637 1821 854 1892 quidem
888 1821 1098 1876 illorum
1137 1821 1384 1884 nocebat,
1431 1815 1531 1873 sed
1570 1819 1887 1873 circumibat

287 1913 430 1979 illos,
464 1921 520 1968 et
561 1913 700 1967 intra
744 1926 804 1967 se
839 1911 1180 1966 continebat:
1208 1911 1344 1980 ignis
1383 1920 1560 1963 autem
1590 1910 1886 1964 substantia

287 2014 562 2074 tamquam
593 2003 957 2058 obedientiam
987 2001 1266 2065 exhibens,
1299 2011 1353 2055 et
1385 2001 1592 2056 Domini
1638 2001 1888 2055 mandato

286 2095 555 2156 serviens,
611 2094 808 2148 illaesos
855 2102 910 2149 et
957 2093 1184 2146 intactos
1243 2090 1488 2147 servabat
1550 2090 1891 2147 admirabiles

288 2185 411 2240 illos
439 2199 657 2255 pueros,
688 2184 778 2254 qui
805 2184 955 2252 quasi
986 2183 1036 2237 in
1068 2191 1220 2251 prato
1248 2191 1304 2238 et
1331 2182 1486 2236 horto
1514 2181 1849 2237 ambulantes
1872 2223 1887 2248 ,

290 2287 438 2332 tanta
487 2277 773 2331 securitate
815 2277 869 2330 in
913 2275 1124 2329 camino
1162 2272 1526 2329 versabantur.
1561 2272 1630 2327 Et
1669 2288 1736 2327 ne
1773 2274 1894 2344 quis

292 2374 509 2436 putaret
540 2365 800 2420 visibilem
832 2364 982 2419 illum
1013 2364 1186 2434 ignem
1218 2363 1530 2432 operatione
1554 2362 1740 2417 carere
1765 2404 1780 2430 ,
1808 2362 1894 2416 id-

290 2457 440 2511 circo
468 2455 731 2525 benignus
771 2454 1030 2508 Dominus
1056 2453 1194 2506 illius
1215 2453 1506 2507 efficaciam
1533 2461 1640 2507 non
1667 2451 1894 2521 impedi-
1940 2467 1956 2484 ο

292 2548 369 2602 vit
395 2564 412 2601 :
443 2545 541 2602 sed
570 2546 676 2600 vim
701 2546 844 2600 illam
875 2543 1066 2600 urendi
1097 2543 1314 2597 ill-.esam
1347 2545 1597 2608 servavit,
1628 2552 1682 2598 et
1711 2557 1896 2598 servos

293 2651 425 2692 suos
453 2635 545 2690 illa
587 2638 894 2703 superiores
917 2634 1062 2698 fecit,
1089 2642 1146 2687 ut
1175 2633 1320 2687 nullo
1345 2632 1506 2687 modo
1551 2632 1895 2688 laederentur.

295 2726 566 2782 Geterum
595 2737 654 2780 ut
681 2726 883 2782 scirent
905 2726 994 2794 qui
1023 2740 1216 2794 pueros
1246 2724 1560 2794 injecerant,
1589 2731 1785 2793 quanta
1807 2739 1896 2777 es-

296 2828 379 2874 set
403 2819 651 2873 omnium
679 2817 771 2872 Dei
818 2818 1074 2887 potentia,
1105 2817 1158 2870 in
1185 2816 1305 2870 illos
1349 2816 1486 2886 ignis
1512 2831 1662 2871 suam
1705 2830 1898 2885 opera-

298 2909 499 2964 tionem
543 2907 818 2972 exercuit,
849 2909 919 2962 ita
955 2915 1013 2960 ut
1036 2906 1124 2961 ille
1153 2907 1267 2974 ipse
1312 2906 1448 2976 ignis
1481 2919 1576 2960 eos
1619 2907 1760 2959 intus
1799 2904 1903 2958 cir-

297 2998 682 3064 cummuniret,
711 3011 807 3051 eos
834 3005 1012 3051 autem
1032 2996 1122 3065 qui
1151 2995 1282 3049 foris
1308 3003 1463 3050 erant
1486 3003 1670 3050 ureret
1691 3003 1746 3050 et
1774 3008 1906 3050 eon-

300 3097 564 3145 sumeret.
619 3087 810 3142 Vidisti
848 3103 957 3156 quo
1001 3093 1156 3155 pacto
1200 3085 1460 3139 Dominus
1506 3084 1721 3154 quando
1767 3086 1901 3150 vult,

300 3181 570 3236 elementa
595 3179 773 3235 omnia
805 3178 857 3232 in
883 3178 1209 3232 contrariam
1232 3187 1399 3233 mutet
1425 3178 1713 3232 essentiam
1735 3178 1759 3231 2
1779 3178 1906 3249 Opi-

304 3270 390 3327 fcx
421 3272 571 3326 enim
595 3280 680 3325 est
703 3279 757 3325 et
787 3270 1064 3334 Dominus,
1088 3279 1141 3324 et
1170 3283 1266 3338 pro
1296 3283 1390 3323 sua
1417 3268 1697 3325 voluntate
1727 3270 1904 3323 omnia

303 3361 604 3430 dispensat.
632 3359 805 3414 Vultis
831 3368 886 3415 et
923 3360 974 3414 in
1004 3360 1158 3430 aquis
1185 3359 1412 3429 idipsum
1442 3360 1626 3415 videre
1669 3359 1908 3415 factum?

308 3452 440 3507 Nam
463 3453 604 3506 sicut
629 3451 764 3522 ignis
791 3450 879 3505 hic
907 3451 971 3504 iis
1000 3452 1087 3521 qui
1110 3451 1252 3506 intus
1277 3461 1430 3506 erant
1471 3451 1605 3505 nihil
1645 3451 1905 3517 nocebat,

306 3543 400 3599 sed
424 3542 532 3597 illis
557 3543 831 3612 parcebat,
859 3542 1055 3596 oblitus
1078 3557 1191 3596 suae
1219 3542 1581 3611 Operationis;
1611 3543 1663 3597 in
1690 3558 1785 3598 eos
1811 3559 1908 3598 au-

310 3646 416 3691 tem
444 3636 538 3705 qui
570 3634 700 3688 furis
724 3644 878 3689 erant
905 3633 1160 3689 saeviebat
1201 3647 1353 3688 more
1380 3647 1515 3688 suo:
1545 3634 1625 3689 sic
1662 3643 1717 3689 et
1744 3649 1911 3704 aquas

309 3725 614 3781 videbimus
642 3724 776 3779 alios
800 3723 1016 3793 quidem
1052 3724 1420 3793 submergere,
1447 3723 1569 3777 aliis
1597 3731 1774 3779 autem
1817 3740 1911 3778 ce-

294 3809 460 3881 dere,
485 3817 556 3869 ita
578 3825 639 3870 ut
663 3815 863 3884 absque
882 3814 1077 3870 damno
1106 3821 1398 3869 transeant.
1427 3814 1803 3870 Recordamiui
1826 3817 1914 3870 hic

312 3907 613 3963 Pharaonis
640 3916 696 3961 et
722 3905 1116 3978 Egyptiorum,
1142 3917 1302 3977 atque
1331 3908 1509 3977 pepuli
1539 3907 1910 3975 Hebraeorum,

311 3997 588 4070 quomodo
613 3997 668 4051 hi
686 3997 754 4051 ad
777 3997 1083 4051 mandatum
1110 3997 1340 4063 Domini,
1369 4013 1560 4066 magno
1581 3997 1730 4053 Mose
1754 3997 1912 4065 duce,

313 4104 412 4159 per
462 4103 616 4144 mare
672 4087 911 4142 Rubrum
959 4072 1114 4158 quasi
1171 4102 1267 4156 per
1325 4087 1530 4142 aridam
1591 4089 1918 4144 transierunt

315 4179 516 4248 (Exod.
563 4176 650 4250 14)
676 4178 939 4249 :Egyptii
983 4188 1184 4244 autem,
1217 4179 1304 4247 qui
1336 4177 1580 4233 eamdem
1629 4179 1767 4234 viam
1796 4195 1916 4235 cum

317 4269 601 4324 Pharaone
627 4269 705 4323 ire
743 4269 1011 4335 volebant,
1044 4269 1195 4339 aquis
1239 4267 1414 4323 obruti
1459 4269 1724 4324 submersi
1772 4278 1918 4325 sunt.

318 4360 391 4416 Ita
421 4360 599 4414 solent
628 4360 895 4415 elementa
933 4359 1165 4414 revereri
1193 4373 1377 4414 servos
1420 4360 1654 4427 Domini,
1683 4371 1736 4415 et
1763 4375 1794 4414 a
1823 4376 1922 4416 suo

317 4465 377 4505 se
399 4450 684 4506 continere
711 4449 932 4518 impetu.
961 4450 1252 4504 Audiamus
1279 4464 1398 4516 nos,
1428 4459 1691 4521 quotquot
1717 4451 1923 4508 feroces

317 4551 373 4598 et
402 4542 666 4604 iracundi,
693 4551 748 4597 et
771 4542 889 4598 aliis
913 4541 1280 4598 affectionibus
1305 4543 1377 4597 ob
1398 4553 1634 4598 nostram
1657 4544 1920 4614 ignaviam

323 4634 562 4704 impliciti
593 4644 831 4687 nostram
857 4633 1084 4689 salutem
1114 4634 1541 4702 pessumdamus,
1574 4644 1630 4692 et
1655 4637 1924 4693 imitemur

323 4735 526 4779 tantam
572 4725 766 4779 horum
796 4726 1182 4781 elementorum
1228 4729 1436 4782 ratione
1471 4731 1767 4785 carentium
1799 4733 1927 4787 obe-

320 4815 603 4878 dientiam,
657 4830 755 4869 nos
796 4818 886 4885 qui
924 4818 1133 4871 ratione
1180 4819 1414 4888 insigniti
1445 4835 1649 4875 smnus.
1699 4822 1830 4876 Nam
1882 4825 1926 4879 si

325 4905 482 4975 ignis,
513 4904 605 4973 qui
629 4905 700 4958 ita
727 4903 884 4970 edas,
927 4904 1000 4960 ita
1030 4904 1352 4970 vehemens,
1382 4909 1698 4978 corporibus
1743 4926 1929 4967 corru-

326 4994 600 5064 ptibilibus
627 5003 682 5049 et
728 5004 832 5047 tam
863 4996 1063 5050 teneris
1089 4996 1347 5065 pepercit,
1390 5014 1548 5067 quam
1575 5013 1815 5056 meretur
1840 5019 1934 5057 ve-

327 5087 466 5141 niam
499 5085 684 5150 homo,
711 5099 865 5140 suum
890 5087 1162 5142 refrenare
1189 5087 1420 5143 furorem
1470 5101 1688 5160 propter
1714 5094 1936 5147 manda.

329 5187 438 5232 tum
471 5177 707 5243 Domini,
740 5186 796 5232 et
816 5177 948 5232 iram
977 5193 1102 5248 erga
1145 5180 1447 5249 proximum
1491 5197 1523 5238 e
1572 5193 1789 5253 pectore
1832 5201 1931 5241 suo

327 5268 610 5323 eliminare
652 5268 878 5323 uolens?
905 5269 974 5324 Et
998 5270 1138 5338 quod
1175 5270 1347 5339 majus
1392 5281 1515 5339 est,
1559 5275 1698 5344 ignis
1728 5284 1929 5331 tantam

333 5357 516 5412 urendi
545 5344 651 5410 vim
680 5356 911 5421 habens,
943 5373 1094 5412 suam
1125 5361 1490 5428 operationem
1523 5378 1630 5417 non
1657 5365 1928 5433 ostendit;

333 5450 492 5503 homo
517 5456 720 5509 autem,
754 5459 1091 5505 mansuetum
1138 5453 1356 5516 animal,
1390 5456 1652 5512 rationale
1695 5467 1750 5512 et
1776 5459 1931 5514 beni-

333 5540 801 5608 gnum,contraria
824 5555 938 5595 sua:
965 5550 1168 5596 natura:
1185 5541 1327 5610 facit,
1352 5546 1736 5618 etnegligentia
1756 5565 1934 5606 mores

333 5644 462 5684 suos
505 5631 558 5683 in
605 5630 806 5684 ferinos
853 5633 1034 5685 vertit.
1088 5630 1290 5688 Idcirco
1320 5643 1374 5689 et
1417 5634 1592 5690 divina
1637 5637 1931 5708 Scriptura,

335 5727 552 5792 propter
564 5720 874 5778 affectiones
894 5722 1012 5778 illas
1030 5723 1462 5793 interturbantcs,
1488 5726 1928 5787 irrationabilium

1381 336 1447 394 IN
1484 329 1727 394 CAPJI.
1769 326 2018 388 αδδεδ.
2058 323 2288 383 IIOMIL.
2331 320 2450 379 XII.

3459 325 3570 383 ωε

1966 447 2021 492 rt
2047 436 2538 492 ferarum‘nomiua
2570 434 2636 490 iis
2677 434 2767 504 qui
2794 433 3000 491 ratione
3027 435 3259 508 insigniti
3304 448 3429 494 sunt
3459 444 3558 493 im-

1968 528 2156 601 ponit;
2198 529 2462 583 interdum
2493 543 2654 583 canes
2677 528 2748 583 ob
2788 529 3170 599 impudentiam
3212 541 3266 587 et
3306 533 3563 603 impetum

1967 633 2143 678 vorm.
2174 623 2396 677 dicens:
2425 620 2589 676 Canes
2613 623 2759 685 muti,
2794 639 2895 676 non
2935 623 3157 678 ualentes
3199 623 3389 679 latrare
3412 625 3567 698 (lsoi.

1970 713 2214 782 56.10);
2255 711 2520 767 interdum
2575 716 2643 768 ob
2688 711 2962 768 iibidinem
3010 729 3216 785 equos:
3274 712 3415 769 Nam
3458 717 3570 786 equi

1971 803 2219 857 emissarii
2243 802 2367 872 [acti
2387 810 2523 867 sunt,
2552 802 2893 873 unusquisque
2917 804 2986 856 ad
3007 820 3221 858 uxorem
3247 807 3467 875 proximi
3492 806 3572 861 sui

1970 892 2228 946 [tinniebat
2276 892 2412 962 (Jer.
2445 892 2497 945 5.
2539 892 2630 962 8);
2666 893 2931 948 interdum
2959 909 3087 950 vero
3115 898 3317 964 asinos,
3349 899 3419 953 ob
3463 909 3576 954 stu.

1975 982 2249 1050 piditatcm
2295 992 2348 1036 et
2378 983 2665 1039 ruditatem
2692 1001 2705 1036 :
2734 984 3071 1053 Comparatus
3093 999 3165 1042 est
3194 989 3338 1043 enim
3360 1030 3376 1054 ,
3407 990 3576 1062 inquit

1957 1073 2268 1142 Scriptura,
2303 1076 2552 1145 jumentis
2591 1077 2960 1148 insipientibus,
2993 1088 3040 1133 et
3080 1081 3262 1136 similis
3300 1085 3468 1154 factus
3507 1092 3579 1141 est

1976 1163 2080 1217 illis
2107 1163 2280 1233 (Psal.
2312 1166 2403 1220 48.
2440 1167 2529 1237 13)
2550 1182 2570 1232 ;
2593 1167 2882 1237 aliquando
2908 1171 3069 1224 etiam
3095 1172 3280 1227 leones
3308 1175 3583 1239 et-pardos

1979 1266 2153 1321 vocat,
2186 1256 2256 1311 ob
2280 1260 2624 1326 rapacitatem
2649 1269 2704 1315 et
2732 1262 3077 1331 aviditatem;
3120 1267 3408 1336 aliquando
3456 1269 3583 1325 item

1981 1347 2211 1415 aspides,
2242 1348 2312 1402 ob
2333 1348 2783 1407 fraudulentiam:
2817 1352 3092 1421 Venenum,
3119 1358 3308 1427 inquit,
3347 1362 3587 1430 aspidttm

1982 1438 2072 1490 sub
2099 1436 2243 1492 labiis
2267 1454 2441 1493 eorum
2463 1440 2635 1510 (Psal.
2666 1438 2788 1498 l59.
2818 1445 2872 1515 4)
2896 1462 2910 1509 ;
2935 1460 3337 1519 nonnumquam
3364 1465 3588 1520 serpen-

1989 1538 2068 1582 tes
2087 1540 2142 1584 et
2161 1529 2395 1599 viperas,
2419 1531 2491 1585 ob
2519 1533 2692 1587 latens
2713 1550 2976 1590 venenum
2998 1547 3054 1592 et
3077 1539 3354 1606 malitiam,
3379 1542 3518 1597 sicut
3537 1552 3593 1599 et

1988 1619 2176 1673 beatus
2201 1618 2434 1676 Joannes
2450 1622 2734 1691 clamabat,
2762 1626 2947 1682 dicens
2971 1645 2985 1681 :
3013 1629 3305 1698 Serpentes,
3329 1636 3592 1705 progenies

1989 1709 2295 1777 viperarum,
2329 1711 2442 1778 quis
2469 1711 2608 1767 vobis
2637 1711 2997 1770 demonstravit
3023 1723 3197 1790 fugere
3219 1738 3252 1774 a
3277 1734 3487 1778 uentura
3516 1728 3596 1780 ira

1992 1799 2205 1871 (Matth.
2236 1803 2290 1857 3.
2320 1803 2414 1873 7)?
2435 1804 2654 1873 insuper
2673 1818 2726 1860 et
2747 1807 2849 1861 alia
2871 1809 3241 1867 affectionibus
3264 1817 3597 1879 responden-

1995 1893 2066 1946 tia
2095 1893 2311 1948 nomina
2334 1895 2580 1964 imponit,
2607 1899 2761 1953 utsic
2783 1900 2866 1955 vel
2890 1901 3101 1956 tandem
3124 1905 3330 1960 confusi
3349 1908 3415 1962 ad
3443 1924 3598 1967 suam

1993 1982 2281 2052 aliquando
2324 1986 2548 2040 redeant
2580 1989 2933 2057 nobilitatem,
2962 2004 3018 2047 et
3047 2007 3146 2049 suo
3170 1998 3353 2066 generi
3396 1998 3602 2057 conia:-

1999 2073 2280 2139 derentur,
2327 2074 2807 2150 aff‘ectiouibusque
2846 2084 2960 2138 suis
2999 2083 3208 2141 divinas
3237 2088 3382 2160 leges
3411 2093 3604 2150 orat-fe-

1998 2175 2137 2230 rant,
2166 2165 2360 2235 quibus
2383 2181 2503 2222 sese
2531 2168 2896 2239 dclinqueudo
2928 2176 3308 2242 permiserunt.

2070 2256 2124 2309 4.
2166 2255 2272 2311 Sed
2316 2259 2500 2331 nescio
2535 2262 2806 2328 quomodo
2830 2278 2861 2317 a
2889 2267 3155 2322 sermonis
3198 2269 3402 2338 impetu
3441 2273 3607 2330 abre-

2001 2355 2123 2416 ptus
2160 2347 2230 2402 ad
2260 2347 2378 2404 htcc
2406 2350 2632 2420 ἀίει-εεξί
2662 2353 2850 2408 simus.
2881 2356 2994 2425 Age
3009 2374 3158 2428 nunc
3195 2361 3261 2416 ad
3307 2363 3606 2422 institutum

2002 2438 2320 2505 redeamus;
2353 2450 2404 2495 et
2433 2441 2709 2498 videamus
2733 2445 2986 2515 quidnam
3010 2451 3172 2504 etiam
3202 2452 3345 2508 aliud
3377 2470 3475 2510 nos
3503 2458 3605 2513 do-

2002 2543 2130 2586 cere
2175 2530 2301 2584 velit
2331 2532 2517 2586 beatus
2544 2533 2633 2590 ille
2663 2537 2944 2604 preplieta.
2974 2536 3108 2595 Nam
3140 2553 3194 2597 ut
3225 2545 3379 2613 dixit,
3405 2547 3509 2603 Hic
3536 2560 3611 2605 est

2005 2622 2130 2674 liber
2164 2623 2502 2692 generationis
2529 2625 2641 2678 (teli
2669 2635 2718 2679 et
2748 2637 2917 2694 terrm,
2947 2644 3262 2701 progressus
3293 2637 3453 2706 ultra,
3482 2655 3610 2694 nar-

2005 2719 2088 2764 rat
2132 2712 2325 2765 iterum
2353 2713 2661 2783 diligcntius
2703 2715 2937 2773 hominis
2967 2720 3365 2780 formationem.
3391 2726 3462 2790 Et
3489 2732 3611 2801 quia

2006 2804 2252 2872 superius
2276 2804 2509 2859 breviter
2532 2805 2741 2862 dixerat
2769 2826 2784 2863 :
2810 2807 2878 2863 Et
2914 2814 3031 2880 fecit
3078 2813 3216 2870 Deus
3245 2818 3518 2887 hominem,
3545 2823 3615 2877 ad

2007 2896 2279 2964 imaginem
2309 2895 2403 2950 Dei
2432 2901 2553 2968 fecit
2594 2899 2774 2965 illum,
2816 2915 2958 2958 nunc
3003 2904 3172 2962 dicit:
3201 2909 3254 2962 7.
3281 2909 3346 2964 Et
3376 2911 3616 2980 formavit

2015 2984 2147 3039 Deus
2174 2986 2426 3041 hominem
2447 3028 2462 3052 ,
2489 2987 2748 3058 pulverem
2773 2992 2838 3045 de
2866 3002 3001 3047 terra
3021 3037 3036 3062 ,
3069 3005 3117 3050 et
3157 2998 3427 3070 inspiravit
3454 3004 3507 3057 in
3535 3007 3618 3076 fu-

2011 3076 2135 3128 ciem
2167 3079 2277 3139 eius
2315 3079 2632 3144 spiraculum
2676 3083 2824 3156 uitw,
2856 3094 2902 3136 et
2933 3085 3100 3153 {actus
3132 3100 3205 3143 est
3235 3092 3385 3146 homo
3415 3094 3468 3147 in
3501 3096 3619 3148 aui-

2013 3184 2148 3221 mam
2180 3169 2444 3223 uiuentem.
2476 3171 2722 3241 Magnum
2749 3183 2832 3228 est
2857 3177 2998 3245 quod
3031 3178 3117 3234 hic
3146 3180 3295 3246 dicit,
3319 3193 3375 3238 et
3398 3195 3622 3256 stupore

2015 3258 2229 3328 plenum
2260 3258 2655 3332 humanamque
2695 3266 3078 3322 transcendens
3103 3281 3338 3327 mentem
3369 3291 3382 3328 :
3415 3274 3483 3330 Et
3509 3282 3621 3347 for-

2012 3351 2168 3443 mavit
2189 3391 2206 3416 ,
2233 3351 2438 3420 inquit,
2462 3350 2606 3407 Deus
2638 3354 2924 3422 frontium,
2957 3360 3213 3428 pulverem
3253 3367 3523 3435 accipiens
3545 3371 3626 3443 (a)

2016 3442 2079 3496 de
2108 3451 2264 3497 terra.
2299 3443 2451 3498 Sicut
2479 3444 2547 3500 de
2581 3447 2832 3503 omnibus
2857 3452 3120 3507 creaturis
3146 3455 3443 3512 visibilibus
3468 3453 3621 3517 ilice-

2017 3534 2139 3590 bam
2189 3536 2560 3616 universorum
2607 3538 2864 3608 Opilicem
2905 3546 3086 3598 omnia
3129 3557 3324 3614 praztcr
3372 3549 3625 3608 humana:

2018 3637 2223 3682 natnrze
2267 3643 2472 3683 morem
2519 3645 2715 3701 agere,
2749 3641 2805 3687 ut
2858 3649 2955 3703 per
2986 3636 3090 3692 hoc
3125 3637 3410 3697 ineffabilis
3456 3644 3625 3714 ipsius

2020 3728 2350 3774 monstretur
2371 3720 2584 3775 virtus:
2618 3723 2688 3777 ita
2731 3735 2784 3779 et
2827 3743 2876 3780 in
2919 3727 3151 3784 hominis
3181 3731 3500 3792 formatione
3537 3737 3624 3792 in-

2021 3808 2298 3864 veniemus
2347 3822 2489 3866 anne
2534 3811 2756 3871 factum.
2789 3815 2922 3871 Vide
2960 3819 3102 3874 enim
3149 3825 3418 3892 quomodo
3463 3842 3628 3898 super

2021 3913 2191 3969 aquas
2221 3909 2416 3955 terram
2463 3903 2736 3970 fundavit,
2766 3905 2818 3960 id
2846 3908 2987 3975 quod
3015 3912 3149 3964 citra
3191 3913 3350 3970 [idem
3393 3917 3626 3976 humana

2025 3991 2162 4046 ratio
2188 4006 2293 4046 non
2313 3995 2457 4063 capit
2484 4013 2499 4049 :
2526 4005 2579 4050 et
2609 3998 2881 4066 quomodo
2908 4001 3352 4075 quandocumque
3379 4009 3628 4080 voluerit,

2025 4082 2164 4137 sicut
2190 4084 2543 4150 ostendimus,
2568 4096 2624 4140 ut
2649 4100 2838 4142 omnes
2862 4089 3176 4147 substantiae
3199 4101 3465 4152 contraria
3490 4101 3633 4170 ipsa-

2027 4188 2145 4227 rum
2178 4183 2380 4229 nuturte
2416 4186 2580 4245 agant
2613 4177 2794 4232 efficit.
2826 4180 2996 4234 Simili
3041 4184 3199 4240 modo
3238 4188 3370 4242 etin
3400 4190 3635 4250 hominis

2029 4264 2350 4322 formatione
2393 4283 2536 4322 nunc
2578 4270 2733 4325 nobis
2771 4272 2896 4340 quid
2929 4273 3126 4330 factum
3161 4278 3232 4332 sit
3265 4279 3444 4337 divina
3489 4283 3633 4340 Scri-

2029 4367 2184 4426 ptura
2213 4359 2468 4414 declarat.
2500 4360 2765 4416 Formauit
2794 4363 2955 4431 Deus,
2989 4366 3178 4437 inquit,
3209 4373 3484 4437 hominem,
3519 4378 3636 4445 pul-

2030 4465 2192 4502 verem
2241 4451 2510 4519 accipiens
2552 4454 2616 4505 de
2654 4463 2809 4506 terra.
2837 4456 2975 4523 Quid
3014 4457 3192 4512 dicis?
3221 4461 3529 4531 Acceptone
3570 4469 3638 4524 de

2033 4549 2173 4595 terra
2216 4542 2436 4610 pulvere
2481 4543 2727 4598 formavit
2766 4544 3078 4601 hominem?
3109 4550 3279 4605 Etiam
3301 4594 3316 4619 ,
3349 4553 3554 4625 inquit,
3590 4572 3642 4614 et

2033 4646 2138 4684 non
2167 4632 2518 4702 simpliciter;
2550 4650 2649 4690 nec
2678 4637 2970 4704 quamlibet
3008 4639 3226 4697 fortuito
3267 4651 3466 4700 terram
3490 4649 3640 4717 dicit,

2032 4725 2128 4780 sed
2156 4723 2425 4780 Pulvere»:
2450 4743 2468 4780 :
2489 4727 2638 4796 qttasi
2669 4729 2712 4783 si
2735 4730 2852 4798 quis
2883 4731 3045 4797 dicat,
3077 4736 3449 4794 tenuissimum
3480 4750 3536 4795 et
3562 4743 3641 4796 vi-

2035 4815 2295 4869 lissimum
2319 4817 2459 4887 quod
2482 4828 2567 4872 est
2593 4819 2644 4872 in
2669 4827 2830 4874 terra.
2858 4821 3103 4892 Magnum
3130 4827 3221 4880 tibi
3243 4837 3298 4882 et
3325 4831 3642 4890 admirabile

2035 4908 2245 4963 videtur
2263 4910 2406 4980 quod
2432 4911 2630 4965 dictum
2653 4922 2737 4967 est
2758 4931 2770 4966 :
2795 4929 2983 4970 verum
3005 4917 3049 4971 si
3068 4921 3273 4988 cogites
3297 4923 3417 4992 quis
3441 4926 3643 4994 opifex,

2039 5000 2348 5068 neutiquam
2379 5001 2536 5056 fidem
2566 5001 2766 5061 habere
2794 5005 2934 5061 facto
2960 5011 3258 5080 recusabis,
3283 5015 3377 5070 sed
3407 5019 3644 5073 mirabe-

2036 5090 2112 5144 ris
2138 5099 2191 5144 et
2215 5091 2463 5146 adorabis
2488 5092 2794 5150 Conditoris
2836 5101 3151 5166 potentiam.
3179 5103 3334 5168 Quod
3354 5107 3398 5160 si
3419 5106 3533 5162 hazc
3557 5125 3646 5163 se-

2036 5181 2267 5236 cundum
2308 5184 2688 5254 cogitationum
2727 5196 2933 5242 tuarum
2969 5191 3388 5249 imbecillitatem
3430 5200 3642 5254 cmetiri

2036 5272 2293 5340 volueris,
2327 5282 2382 5327 et
2428 5275 2693 5331 curiosius
2735 5280 3060 5349 explorare,
3109 5298 3204 5352 par
3238 5294 3321 5340 est
3363 5295 3416 5340 ut
3448 5287 3541 5342 tibi
3590 5290 3645 5345 in

2039 5375 2274 5418 mentem
2319 5365 2533 5431 veniat,
2566 5381 2633 5421 ex
2683 5375 2823 5422 terra
2872 5384 3066 5440 corpus
3095 5375 3456 5448 (humanum)
3486 5397 3644 5435 nunt-

2037 5468 2198 5524 quam
2245 5453 2359 5509 ﬁeri
2382 5497 2396 5522 ,
2426 5456 2518 5510 sed
2550 5458 2633 5511 vel
2665 5459 2885 5516 laterem
2908 5503 2924 5525 ,
2953 5464 3037 5518 vel
3069 5474 3257 5519 testam
3280 5507 3296 5529 ,
3319 5479 3374 5522 et
3400 5485 3504 5523 non
3539 5472 3646 5528 tale

2040 5560 2256 5616 corpus.
2293 5546 2478 5603 Viden‘
2505 5565 2625 5618 nos,
2664 5553 2765 5607 nisi
2795 5556 3089 5624 potentiam
3111 5557 3415 5616 Conditoris
3437 5570 3642 5619 attenta

2109 5742 2186 5808 (α)
2212 5750 2277 5794 Ita
2303 5745 2438 5809 Regii
2463 5753 2567 5798 Mss.
2597 5754 2649 5798 et
2670 5747 2825 5810 Colb..
2843 5756 2990 5812 atque
3006 5754 3077 5805 sic
3100 5753 3280 5817 legitur
3304 5752 3352 5804 in
3370 5751 3554 5807 Bibliis.
