4058 6302
474 351 583 411 103

461 476 643 526 metite
659 464 1003 524 considerare
1014 457 1359 520 voluerimus,
1370 461 1426 508 et
1439 460 1651 506 nostras
1671 449 1904 505 rationes
1926 454 2038 500 tam

459 557 759 618 nubecilles
803 555 1173 625 reprimamus.
1215 561 1321 603 non
1366 557 1526 615 posse
1562 541 1823 598 dictorum
1848 550 2041 610 capere

461 645 887 707 sublimitatem?
909 644 1051 701 hiant
1079 656 1197 712 qua:
1238 638 1515 702 dicuntur,
1553 633 1673 689 tldei
1708 629 1877 686 oculis
1903 628 2042 684 indi-

461 749 617 812 gent,
641 749 871 806 suntque
895 735 970 791 ob
990 741 1224 789 nostram
1258 727 1619 812 inﬁmitatem
1649 720 1813 812 multa
1842 719 2039 812 ve_rbo-_

463 808 603 889 5....
630 824 1067 897 «temperatione
1103 818 1387 889 descripta.
1419 810 1853 884 Quandoquidem
1901 808 2038 864 istud

464 924 636 992 ipsum
656 916 797 991 quod
828 915 996 985 inquit
1025 930 1041 967 :
1073 910 1330 966 ποτηωὼ
1355 906 1493 961 Deus
1520 905 1793 968 bonum,
1814 912 1861 957 et
1888 901 2043 970 inspi—

460 1013 613 1077 ravit,
642 1008 917 1077 indignum
943 1004 1052 1060 Deo
1083 1000 1241 1057 fuerit
1264 1017 1281 1055 :
1306 997 1400 1052 sed
1433 1004 1651 1067 propter
1680 1008 1778 1048 nos
1796 1034 1811 1057 ,
1830 999 1896 1047 et
1920 1006 2042 1061 pro-

463 1110 581 1171 pter
608 1098 969 1154 inﬁrmitatem
999 1103 1229 1149 nostram
1258 1087 1374 1144 hac
1409 1087 1488 1143 sic
1524 1094 1703 1141 narrat
1732 1083 2037 1151 Scriptura,

460 1189 530 1246 ad
556 1199 791 1246 nostram
820 1186 1215 1245 se‘tciiuitatem
1240 1180 1548 1243 demittens,
1572 1186 1638 1234 uti
1656 1185 1797 1233 tanta
1816 1175 2047 1231 familiar

462 1282 622 1335 ritate
644 1278 863 1349 dignati,
893 1275 961 1331 ad
984 1274 1252 1345 fastigium
1276 1270 1405 1327 illud
1439 1268 1727 1325 ascendere
1752 1268 2039 1339 possimus.

467 1371 531 1426 Et
554 1370 807 1443 formarit,
830 1364 1179 1437 inquit,Deas
1203 1364 1473 1427 hominem,
1502 1359 1755 1433 perluerent
1774 1358 2045 1427 accipiens

460 1460 526 1515 de
546 1470 701 1513 terra.
721 1459 856 1515 llinc
877 1457 923 1511 si
946 1470 1137 1525 sapere
1157 1455 1418 1516 volumus,
1449 1466 1553 1506 non
1579 1464 1739 1521 parva
1771 1448 1924 1503 nobis
1944 1448 2044 1502 bu-

463 1551 703 1605 militatis
745 1550 917 1603 oritur
953 1546 1214 1605 doctrina.
1260 1544 1392 1599 Nam
1433 1558 1555 1599 cum
1593 1542 2040 1612 cogitaverimus,

463 1642 607 1697 unde
629 1638 1017 1695 constitutionis
1044 1652 1156 1692 suae
1183 1636 1390 1691 initium
1433 1643 1617 1688 neutra
1645 1640 1824 1687 nostra
1853 1644 2041 1686 susce-

466 1732 630 1803 perit,
653 1730 860 1787 etiamsi
906 1728 1206 1783 sexcenties
1241 1724 1527 1796 supercilia
1575 1723 1924 1794 surrigamus,
1953 1737 2041 1777 re-

464 1822 766 1893 primituur,
789 1819 1150 1884 hnmiliamur,
1167 1826 1223 1874 et
1241 1818 1549 1873 substantia:
1571 1826 1766 1872 nostra:
1781 1815 2043 1870 rationem

463 1913 855 1985 perpendentes
876 1954 891 1977 ,
916 1909 1230 1965 modestiam
1257 1908 1529 1964 discimus.
1560 1907 1684 1964 Ideo
1708 1907 1851 1963 enim
1880 1907 2040 1973 Deus,

461 2005 550 2061 cui
580 2013 722 2059 tanta
750 2002 941 2057 salutis
983 2011 1178 2056 nostra:
1202 2013 1351 2066 cura,
1382 1998 1450 2053 ad
1492 1998 1658 2054 nostri
1688 1996 2042 2052 eruditionem

466 2093 740 2165 propheta:
777 2093 1005 2162 linguam
1036 2094 1114 2146 sic
1158 2090 1373 2145 direxit.
1401 2088 1608 2157 Quippe
1633 2104 1753 2142 cum
1797 2088 2044 2157 superius

461 2187 684 2242 dixisset
706 2184 885 2240 divina
917 2184 1212 2252 Scriptura,
1240 2178 1309 2235 Et
1337 2181 1453 2251 fecit
1482 2180 1620 2235 Deus
1658 2180 1909 2234 hominem
1928 2220 1941 2244 ,
1964 2195 2047 2232 se-

459 2278 684 2332 cundum
709 2276 976 2346 intaginem
1000 2271 1096 2328 Dei
1127 2272 1243 2343 fecit
1263 2287 1397 2334 eum,
1427 2270 1573 2326 dedit
1600 2270 1675 2324 illi
1700 2270 1937 2325 omnium
1966 2270 2045 2323 vi-

460 2366 695 2422 sibilium
725 2374 1066 2434 potestatem,
1086 2374 1143 2417 ut
1170 2378 1237 2417 ne
1256 2377 1321 2416 ex
1348 2370 1457 2417 suae
1481 2360 1874 2415 constitutionis
1902 2360 2046 2429 igno-

1195 338 1257 398 S.
1292 332 1568 397 JO‘ANNIS
1592 320 2065 390 ειιιιῖδοθτοιιι
2102 317 2421 380 ARCliiEP.
2458 318 2993 380 CONSTANTINOP.

3629 323 3738 380 104

2153 435 2418 510 imperare
2439 437 2687 506 debebat,
2707 454 2739 494 e
2764 438 2900 494 solio
2917 436 3268 497 deturbatam.
3289 439 3467 495 carnis
3486 437 3731 509 volupta-

2148 530 2290 585 tibus
2322 544 2511 603 parere
2534 545 2807 600 eliganins,
2841 530 3144 600 ignorantes
3183 531 3349 600 ipsum
3373 532 3729 596 nobilitatem,

2148 627 2205 675 et
2229 629 2479 691 quantam
2507 636 2617 691 pra
2646 620 2744 676 ista
2772 621 3115 677 eminentiam
3145 623 3331 677 sortita
3360 622 3449 677 sit.
3480 622 3613 677 Nam
3640 638 3732 677 eo-

2144 711 2251 781 gita
2273 750 2293 779 ,
2315 713 2575 776 obsecro,
2601 709 2939 768 formationis
2968 712 3214 769 ordinem
3244 729 3259 767 :
3288 723 3357 769 et
3377 714 3619 783 expende
3650 722 3731 766 te-

2146 801 2444 873 cum,'quis
2469 811 2610 859 esset
2641 802 2731 858 ille
2752 813 3035 874 antequam
3066 804 3417 873 inspiraretur
3443 818 3473 857 a
3505 804 3728 858 Dauniae

2143 892 2470 962 spiraculum
2494 894 2646 960 vitae,
2673 904 2729 951 et
2759 895 2909 951 ﬂeret
2950 895 3003 950 in
3032 895 3262 950 animam
3293 895 3579 951 viventem.
3613 895 3729 950 ina-

2146 983 2305 1041 nimis
2333 1000 2526 1056 nempe
2568 985 2772 1057 imago,
2809 988 3125 1059 operatione
3162 1002 3381 1054 carens,
3407 999 3464 1045 et
3483 988 3563 1041 ad
3597 986 3727 1044 nihil

2146 1074 2326 1141 utilis;
2355 1075 2424 1129 ita
2470 1083 2528 1131 ut
2567 1084 2733 1131 totum
2772 1077 2901 1133 illud
2941 1079 3089 1150 quod.
3128 1080 3181 1134 in
3222 1088 3425 1133 tantum
3470 1078 3728 1133 honorem

2146 1164 2318 1236 ipsum
2351 1166 2611 1235 provexit,
2634 1166 2767 1222 nihil
2789 1167 3220 1240 aliud-sit,qnam
3246 1169 3572 1239 spiraculum
3600 1169 3730 1225 illud

2146 1272 2177 1311 a
2209 1259 2318 1313 Dco
2346 1258 2682 1329 iitspiratnm.
2709 1259 2976 1316 Ceterum
3004 1270 3060 1317 ut
3087 1261 3190 1317 hoc
3212 1277 3319 1315 non
3356 1261 3528 1315 solum
3558 1276 3624 1315 ex
3668 1260 3733 1314 iis

2145 1364 2263 1417 quae
2292 1358 2418 1404 tunc
2446 1350 2581 1405 facta
2610 1359 2753 1418 sunt,
2782 1352 2877 1409 sed
2902 1362 2957 1408 et
2987 1367 3054 1409 ex
3084 1352 3149 1409 iis
3172 1368 3291 1424 qua:
3331 1367 3473 1407 nunc
3495 1353 3734 1422 quotidie

2146 1440 2461 1510 contingunt
2483 1441 2686 1509 videas,
2713 1444 2886 1514 cngita
2914 1452 3089 1501 tecum
3108 1444 3376 1514 quomodo
3402 1455 3521 1515 post
3538 1446 3734 1498 animas

2146 1532 2584 1603 emigrationem,
2616 1549 2812 1604 corpus
2837 1534 2941 1590 hoc
2992 1545 3098 1589 tam
3128 1536 3348 1591 insuave
3390 1544 3447 1592 et
3489 1536 3734 1611 injucuiso

2146 1622 2272 1677 dmn
2299 1633 2522 1695 apparet
2548 1643 2562 1680 :
2591 1626 2791 1695 etquid
2818 1626 2957 1705 diuo,
2998 1626 3215 1682 insuave
3242 1636 3299 1683 et
3347 1626 3738 1698 injucundqu

2146 1728 2306 1781 quam
2332 1713 2678 1783 horrendum,
2700 1733 2859 1789 quam
2887 1719 3153 1791 fetidum,
3182 1733 3234 1779 et
3262 1725 3600 1783 deformitate
3623 1729 3737 1798 ple-

2148 1821 2298 1873 num,
2321 1807 2462 1875 quod
2482 1817 2637 1864 antea
2665 1825 2787 1865 cum
2811 1813 2882 1868 ab
2905 1813 3083 1870 anima
3103 1826 3397 1887 regeretur,
3413 1819 3734 1889 jucundum,

2144 1906 2377 1966 gratum,
2404 1898 2794 1972 admodumque
2824 1902 3117 1961 formosum
3142 1915 3262 1962 erat
3280 1948 3295 1971 ,
3326 1911 3486 1963 multa
3518 1911 3734 1980 plenum

2149 1988 2429 2056 prudentia
2453 2030 2472 2056 ,
2503 2000 2557 2046 et
2584 1991 2653 2046 ad
2682 1992 2817 2048 bona
2844 2010 3229 2067 operamagna
3245 1999 3562 2056 dexteritate
3593 2018 3735 2070 prae-

2147 2078 2335 2134 ditum.
2383 2080 2511 2139 iis-c
2554 2084 2735 2153 utique
2762 2088 2938 2141 omnia
2982 2089 3314 2159 cogitantes,
3348 2107 3413 2147 ac
3452 2094 3735 2150 nobiscum

2146 2179 2456 2238 reputantes
2502 2184 2697 2242 quanta
2745 2176 2817 2230 sit
2860 2178 3053 2235 anima:
3101 2191 3301 2236 nostrae
3341 2183 3612 2251 nobilitas,
3667 2201 3738 2241 ne

2146 2260 2272 2329 quid
2314 2277 2376 2317 ea
2424 2263 2697 2332 indignum
2725 2280 3043 2335 eperemur,
3076 2285 3143 2325 ne
3168 2273 3574 2343 coinquinemus
3613 2293 3736 2331 eam

2147 2352 2349 2408 illicitis
2376 2355 2646 2423 operibus,
2674 2372 2742 2412 ne
2770 2358 2871 2413 sub
2906 2360 3085 2415 carnis
3111 2364 3421 2420 servitutem
3449 2382 3566 2420 eam
3603 2370 3739 2422 sub-

460 2456 630 2513 rantia
652 2456 789 2511 altos
807 2455 1023 2525 spiritus
1043 2444 1820 2521 assumeret,prmscriptosque
1846 2450 2043 2504 limites
2068 2461 2091 2486 ⁸
2142 2442 2391 2512 jugemus
2412 2486 2429 2510 ,
2461 2462 2528 2501 ne
2553 2455 2663 2501 tam
2689 2449 2923 2505 nobilem
2943 2492 2960 2518 ,
2996 2462 3245 2524 tantaque
3270 2456 3525 2526 dignitate
3546 2460 3734 2514 subii:-

470 2548 716 2612 |ransiret
747 2564 760 2601 :
787 2546 1059 2616 superiora
1087 2554 1333 2614 repetens
1357 2542 1627 2613 Scriptura
1656 2542 1815 2597 docet
1839 2538 2044 2597 forma-

467 2644 622 2697 tiouis
660 2642 776 2710 ejus
814 2640 1092 2709 originem,
1123 2649 1180 2692 et
1227 2637 1368 2691 unde
1410 2650 1472 2691 ac
1520 2636 1791 2705 quomodo
1840 2635 2043 2704 primus

464 2736 624 2788 homo
647 2732 933 2801 productus
958 2731 1045 2785 sit.
1072 2728 1202 2785 Nam
1225 2728 1269 2783 si
1297 2737 1415 2797 post
1441 2727 1579 2782 hanc
1600 2727 1917 2791 doctrinam.
1939 2742 2045 2798 qua

461 2823 674 2892 agnovit
697 2837 756 2876 se
781 2838 812 2876 e
833 2829 969 2875 terra
990 2819 1187 2874 habere
1212 2818 1491 2887 originem,
1517 2832 1582 2873 ex
1612 2833 1715 2887 qua
1741 2819 1966 2882 semina,
1990 2824 2047 2872 et

460 2922 652 2967 uetera
676 2911 953 2978 animalia,
985 2910 1227 2979 quamvis
1265 2908 1546 2975 formatio,
1574 2907 1869 2977 animmque
1912 2907 2043 2963 sub-

462 3005 656 3059 stantia
686 3001 1035 3073 incorporalis
1064 3002 1231 3056 multo
1254 3001 1598 3055 cxcelleutior
1627 3015 1720 3069 per
1742 3000 2044 3070 benignita-

466 3108 571 3151 tum
606 3096 697 3150 Dei
740 3107 991 3149 concessa
1033 3092 1104 3148 sit
1131 3109 1145 3146 :
1176 3107 1272 3163 per
1299 3093 1435 3146 hanc
1466 3090 1609 3145 enim
1656 3089 1862 3160 accepit
1902 3089 2044 3159 quod

465 3185 741 3242 rationalis
768 3186 853 3247 sit,
884 3193 939 3239 et
958 3184 1205 3238 omnibus
1230 3183 1350 3236 aliis
1388 3183 1651 3251 imperet:
1681 3181 1761 3245 si,
1792 3180 2004 3250 inquam
2024 3221 2042 3248 ,

464 3278 589 3334 licet
620 3276 735 3331 iure
748 3275 958 3339 doctus,
981 3274 1245 3342 serpentis
1267 3272 1578 3340 deceptione
1604 3286 1787 3342 parem
1813 3272 2043 3341 aliquam

462 3384 583 3421 cum
619 3367 730 3421 Deo
757 3363 1112 3433 mqualitatem
1156 3362 1471 3430 imaginatus
1496 3370 1580 3415 est
1621 3364 1668 3415 is
1690 3362 1781 3431 qui
1807 3360 1875 3415 de
1904 3368 2041 3415 terra

463 3464 758 3514 tenuatus:
786 3458 831 3511 si
859 3455 1022 3525 priori
1051 3454 1353 3508 narratione
1389 3463 1669 3508 contentus
1693 3453 1880 3508 luisset
1920 3454 2046 3509 bea-

464 3561 548 3605 tus
576 3550 661 3603 hic
690 3546 967 3616 propheta,
997 3553 1051 3599 et
1078 3545 1178 3598 nisi
1210 3542 1449 3612 repetitis
1485 3544 1732 3597 omnibus
1768 3544 2047 3613 diligenter

465 3657 563 3696 nos
589 3640 879 3703 docuisset,
908 3639 960 3691 in
983 3652 1141 3705 quam
1172 3651 1277 3689 non
1305 3635 1676 3707 incidissenms
1698 3636 1958 3691 insaniam
1984 3636 2009 3689 τ

536 3732 589 3786 5.
633 3729 815 3800 Itaque
841 3727 1124 3794 plurimum
1166 3725 1232 3780 ad
1273 3726 1625 3780 erudiendum
1663 3741 1761 3782 nos
1796 3727 2041 3782 conducit

463 3823 603 3877 stirc
631 3818 772 3873 unde
809 3816 1097 3873 substantia
1126 3825 1304 3869 nostra
1334 3814 1559 3882 primmn
1596 3817 1852 3885 originem
1893 3831 2032 3871 acce-

470 3912 624 3980 perit.
652 3908 717 3962 Et
738 3906 998 3978 formavit,
1022 3905 1206 3973 inquit,
1233 3902 1371 3957 Deus
1396 3903 1669 3968 hominem,
1694 3904 1942 3972 pulverem
1966 3919 2048 3959 ac-

464 4002 668 4069 cipiens
695 3999 758 4053 de
787 4008 921 4051 tem
942 4037 958 4060 ,
984 4003 1031 4049 et
1069 3994 1337 4063 insit/ﬂavit
1364 3993 1416 4046 in
1451 3994 1630 4064 faciem
1664 3996 1776 4062 ejus
1814 3994 2048 4063 spiracu-

469 4095 574 4145 lum
596 4094 724 4143 vitm.
748 4088 1007 4156 Quoniam
1030 4085 1331 4139 hominibus
1354 4083 1689 4150 loquebatur,
1708 4085 1865 4138 aliter
1889 4100 2045 4153 quam

471 4193 622 4235 more
668 4187 851 4232 nostro
894 4175 1079 4227 audire
1125 4189 1230 4228 non
1257 4174 1593 4237 valentibus,
1626 4173 1723 4227 hac
1762 4174 2047 4228 verborum

469 4272 808 4341 simplicitate
829 4276 883 4322 et
909 4248 1260 4321 eraSsitudine
1282 4279 1408 4317 usus
1436 4274 1516 4318 est
1539 4279 1554 4327 ;
1583 4273 1637 4318 et
1653 4273 1710 4318 ut
1736 4263 1927 4324 doceat
1951 4280 2050 4319 nos

470 4378 577 4432 quo
608 4371 762 4431 pacto
789 4358 1071 4411 formatum
1100 4355 1247 4408 illum
1275 4355 1341 4407 de
1377 4364 1516 4408 terra
1542 4394 1556 4417 ,
1603 4354 1898 4424 benignitas
1946 4356 2050 4410 Do-

473 4454 599 4509 mitii
632 4450 945 4506 rationalem
975 4445 1167 4500 anima:
1209 4443 1493 4499 essentiam
1546 4443 1744 4498 habere
1784 4446 2046 4513 voluerit,

472 4565 562 4618 per
589 4561 750 4617 quam
776 4541 970 4597 animal
998 4539 1099 4593 hoc
1119 4538 1420 4592 absolutum
1457 4547 1514 4591 et
1543 4538 1829 4606 perlectum
1876 4540 2046 4595 tierct.

478 4644 539 4695 L‘t
580 4638 841 4708 inspiravit
863 4676 875 4698 ,
908 4634 1111 4703 inquit,
1156 4633 1206 4683 in
1234 4631 1413 4700 {aciem
1441 4632 1550 4697 eius
1575 4631 1883 4699 spiraculum
1915 4634 2046 4686 vitm.

482 4731 703 4785 \‘italem
732 4730 806 4781 ait
847 4722 1098 4794 operandi
1126 4721 1419 4777 efﬁcaciam
1449 4720 1497 4775 ei
1518 4759 1533 4786 ,
1556 4723 1644 4789 qui
1672 4720 1737 4775 de
1767 4731 1905 4777 terra
1947 4724 2053 4779 for-

477 4830 649 4878 matus
675 4829 777 4883 est,
809 4812 1127 4884 spiraculum
1154 4812 1331 4865 datum
1353 4825 1493 4875 esse,
1522 4820 1576 4865 et
1602 4812 1714 4865 haec
1741 4811 1834 4865 fuit
1854 4818 2054 4869 consti-

480 4915 611 4970 tutio
657 4908 965 4966 substantiae
1003 4905 1215 4960 animze.
1248 4902 1400 4959 Unde
1446 4904 1626 4957 subdit
1654 4919 1667 4955 :
1703 4904 1766 4956 Et
1795 4910 1958 4974 [ιιειηε
1985 4918 2053 4958 est

479 5005 627 5057 homo
654 5003 706 5053 iu
733 5001 952 5052 animum
975 4996 1233 5049 viventem.
1266 4994 1357 5049 ille
1385 4993 1658 5057 formatus,
1692 4994 1876 5063 inquit,
1906 5006 1959 5050 et
1987 4997 2052 5050 de

442 5074 445 5077 i
478 5095 693 5163 pulvere
738 5097 1034 5157 Susceptus,
1075 5086 1359 5153 inspiratus
1398 5086 1663 5149 Spit-acuto
1693 5087 1831 5153 vitm,
1868 5088 2053 5140 Fartus

478 5199 546 5240 est
578 5188 629 5238 in
657 5186 875 5236 animum
901 5177 1303 5241 uivwzte:n.Quid
1326 5184 1428 5239 est,
1451 5176 1516 5229 In
1539 5176 1758 5229 animum
1782 5178 2055 5231 viventem?

482 5280 591 5332 lloc
636 5287 749 5337 εει,
779 5274 1064 5327 efﬁcaciter
1110 5279 1413 5337 sperantem
1445 5310 1456 5329 ,
1490 5267 1769 5321 habentem
1815 5272 2053 5338 corporis

486 5368 719 5423 membra
750 5365 912 5433 ipsius
943 5360 1337 5429 operationibus
1363 5362 1639 5413 servientis
1674 5360 1937 5425 ipsiusque
1958 5376 2052 5413 vo-

484 5458 668 5516 luntati
706 5452 1140 5524 obtempetantia.
1173 5449 1433 5503 Cancrum
1464 5450 1642 5503 nescio
1670 5452 1933 5516 quomodo
1961 5466 2057 5505 nos

483 5565 603 5605 eum
632 5546 1043 5603 subverterimus
1078 5542 1342 5605 ordinem,
1367 5550 1420 5593 et
1446 5550 1587 5593 tanta
1617 5538 1775 5593 fuerit
1809 5542 2055 5609 nequitia:

486 5642 761 5706 arcessio,
809 5647 865 5692 ut
912 5648 1075 5703 ipsam
1111 5648 1363 5701 cogamus
1400 5634 1573 5685 carnis
1622 5633 2057 5699 concupiscentiis

488 5734 735 5802 tiltisequi,
755 5743 804 5788 ct
832 5745 968 5794 eam,
997 5742 1107 5797 apt-.c
1149 5735 1327 5795 utpote
1352 5724 1560 5779 domina
1600 5711 1718 5778 aliis
1749 5739 1974 5793 prwcssc
1998 5736 2050 5780 ct

2146 2551 2325 2603 mem,
2357 2538 2437 2593 sic
2471 2538 2760 2594 crudeliter
2789 2549 2845 2595 et
2889 2542 3380 2602 immisericorditer
3419 2558 3734 2606 tractemus.

2146 2624 2279 2680 Nam
2325 2636 2541 2697 propter
2569 2628 2714 2685 illius
2740 2630 3094 2688 substantiam
3135 2650 3232 2689 nos
3273 2636 3363 2706 qui
3391 2652 3615 2707 corpore
3654 2641 3740 2694 in-

2146 2716 2312 2771 voluti
2337 2734 2543 2784 sumus,
2574 2721 2617 2775 si
2647 2721 2905 2790 velimus,
2935 2738 3215 2791 possumus
3240 2741 3360 2782 cum
3405 2729 3740 2800 incorporeis

2148 2808 2451 2877 virtutibus,
2477 2811 2761 2882 adiuvante
2789 2830 2885 2869 nos
2912 2815 3089 2871 divina
3118 2818 3307 2889 gratia,
3338 2830 3567 2887 certare,
3596 2834 3649 2878 ct
3680 2825 3736 2878 in

2149 2907 2289 2954 terra
2317 2902 2675 2970 ambulantes,
2705 2908 2855 2974 quasi
2904 2909 2957 2962 in
2988 2911 3123 2963 cmlo
3155 2912 3356 2976 vivere,
3381 2923 3437 2968 et
3467 2915 3597 2970 nihil
3627 2919 3737 2970 mi-

2147 3007 2251 3047 nus
2292 3008 2451 3063 quam
2491 2994 2594 3051 illas
2634 2996 2866 3065 habere;
2909 2999 3019 3054 imo
3057 3001 3191 3057 forte
3229 3004 3424 3074 aliquid
3453 3008 3681 3076 amplius
3716 3026 3735 3064 :

2147 3084 2415 3152 quomodo
2440 3095 2638 3150 autem,
2659 3103 2758 3157 ego
2783 3088 2977 3143 dicam.
2997 3090 3221 3156 Quando
3239 3096 3383 3148 enim
3408 3097 3527 3166 quis
3548 3099 3741 3155 invest-

2148 3182 2235 3230 tus
2276 3176 2431 3232 fuerit
2468 3180 2799 3248 corruptibili
2843 3181 2944 3236 hoc
2985 3198 3210 3253 corpore
3234 3188 3626 3257 circumdatus,
3661 3192 3737 3247 ita

2148 3264 2308 3318 vitam
2336 3282 2499 3337 agens
2528 3279 2583 3322 ut
2618 3284 2865 3338 supernae
2913 3271 3014 3325 illae
3042 3274 3295 3339 virtutes,
3325 3279 3593 3346 quomodo
3624 3298 3741 3338 non

2148 3358 2548 3426 propensiorem
2577 3360 2669 3415 Dei
2691 3364 2913 3430 gratiam
2940 3366 3209 3429 sortietur,
3231 3367 3353 3436 quia
3373 3371 3612 3438 corporis
3640 3388 3741 3427 ne.

2147 3450 2483 3505 cessitatibus
2518 3451 2780 3509 obnoxius
2805 3495 2821 3523 ,
2854 3456 3209 3528 incorruptam
3249 3460 3441 3517 animae
3482 3464 3737 3520 nobilita-

2149 3546 2256 3593 tum
2290 3540 2304 3571 ί
2335 3542 2607 3596 servavit?

2232 3628 2402 3684 Virtus
2448 3632 2733 3698 possibilia;
2777 3653 3043 3705 possumus
3078 3638 3330 3694 Joannem
3369 3641 3653 3711 Baptistam
3686 3655 3740 3700 et

2149 3718 2373 3773 Paulum
2392 3722 2877 3795 imitari.-——Ecquis
2896 3743 3168 3798 umquam,
3183 3730 3349 3797 dices,
3375 3734 3569 3803 poterit
3589 3736 3739 3789 inve-

2150 3810 2253 3863 niri
2280 3812 2436 3865 talis?
2474 3812 2659 3869 Merito
2684 3816 3028 3885 impossibilis
3058 3821 3208 3875 nobis
3244 3821 3359 3876 hinc
3387 3837 3472 3877 res
3501 3830 3734 3885 Videtur.

2150 3914 2373 3978 quorum
2403 3903 2565 3957 virtus
2589 3906 2875 3961 admodum
2899 3909 3107 3979 exigua.
3135 3911 3200 3964 At
3228 3911 3273 3965 si
3303 3912 3379 3966 vis
3398 3913 3604 3969 discere
3625 3931 3739 3969 non

2150 4004 2269 4045 case
2297 3991 2396 4045 hoc
2424 3992 2746 4061 impossibile
2767 4038 2781 4062 ,
2811 3998 2982 4068 cogita
3003 4040 3019 4066 ,
3046 4015 3143 4054 oro
3161 4041 3176 4062 ,
3205 4016 3391 4056 omnes
3408 4002 3582 4071 justus
3600 4044 3614 4066 ,
3641 4006 3737 4074 qui

2153 4080 2375 4136 Domino
2405 4083 2471 4137 ab
2511 4084 2659 4139 initio
2697 4100 2864 4156 usque
2893 4088 2959 4141 ad
3006 4102 3241 4155 praesens
3280 4098 3485 4160 tempus
3523 4093 3737 4162 placue-

2153 4180 2275 4225 runt
2303 4188 2547 4241 magnum
2570 4175 2741 4237 illum,
2770 4186 2825 4229 et
2849 4176 3145 4233 infecundi:
3174 4180 3360 4246 lilium,
3383 4191 3438 4235 et
3464 4184 3627 4237 eremi
3661 4185 3737 4237 ci-

2153 4277 2269 4336 vem
2296 4263 2553 4318 Joannem
2586 4267 2629 4331 ',
2660 4265 2881 4320 Paulum
2910 4283 3122 4337 quoque
3149 4270 3456 4338 magistrum
3487 4272 3651 4337 orbis,
3682 4283 3741 4327 et

2153 4368 2363 4408 omnem
2393 4367 2693 4411 sanctorum
2729 4373 3033 4425 numerum,
3063 4362 3151 4429 qui
3181 4361 3424 4416 eamdem
3451 4379 3607 4431 quam
3637 4379 3739 4418 nos

2155 4453 2393 4508 naturam
2425 4445 2677 4511 habuere,
2706 4446 2891 4501 iisdem
2923 4450 3161 4517 corporis
3192 4451 3596 4506 necessitatibus
3632 4453 3735 4504 oh-

2154 4537 2318 4601 noxii,
2341 4544 2393 4590 et
2422 4552 2488 4590 ne
2505 4540 2640 4591 ultra
2664 4540 2989 4606 impossibile
3016 4555 3135 4593 esse
3160 4556 3291 4608 opus
3317 4542 3610 4605 existimes,
3643 4560 3739 4598 nes

2155 4641 2256 4695 que
2294 4629 2505 4697 segnior
2546 4631 2621 4682 sis
2657 4629 2723 4682 ad
2765 4630 3032 4693 virtutem,
3063 4630 3129 4683 ad
3155 4646 3311 4699 quam
3354 4631 3501 4684 facile
3534 4635 3741 4702 ample»

2154 4718 2398 4772 ctendam
2424 4728 2591 4772 tantas
2610 4735 2636 4773 a
2664 4721 2887 4775 Domino
2908 4731 3097 4775 nactus
3116 4737 3175 4776 es
3200 4724 3525 4776 occasiones.
3546 4725 3743 4779 Sciens

2154 4810 2295 4861 enim
2328 4808 2583 4879 benignus
2612 4811 2864 4864 Dominus
2903 4821 3098 4865 nostra:
3128 4812 3365 4864 VOItInlal.
3388 4828 3413 4865 s
3457 4814 3741 4867 inﬁrmita-

2157 4908 2283 4963 tem,
2317 4908 2369 4952 et
2397 4900 2464 4951 ad
2498 4899 2776 4954 labentium
2807 4902 3211 4968 proclivitatem,
3233 4916 3419 4971 magna
3443 4903 3593 4955 nobis
3622 4920 3743 4956 me-

2148 4990 2415 5044 dicamina
2448 4993 2497 5044 in
2528 5007 2798 5045 sacrarum
2826 4993 3217 5063 Scripturarum
3252 4993 3475 5047 lectione
3502 4995 3742 5062 reliquit,

2160 5094 2214 5133 ut
2242 5098 2302 5134 ea
2328 5083 2551 5137 subinde
2571 5085 2876 5138 vulneribus
2904 5086 3099 5139 nostris
3126 5086 3476 5152 impunctites,
3501 5096 3552 5139 et
3575 5087 3745 5141 vitam

2160 5175 2368 5229 illorum
2409 5176 2685 5229 beatorum
2715 5177 2944 5231 virorum
2978 5187 3100 5231 ante
3131 5179 3315 5229 oculos
3341 5188 3703 5245 propellentes
3728 5223 3746 5243 ,

2160 5266 2227 5319 ad
2248 5266 2599 5321 annotandum
2624 5281 2992 5336 provocemur,
3016 5276 3069 5321 ct
3090 5269 3337 5320 virtutem
3370 5282 3475 5320 non
3505 5268 3744 5336 negliga-

2163 5468 2187 5516 ἄ
2274 5405 2353 5453 Sic
2396 5406 2546 5505 ﬁat-ii.
2591 5411 2641 5454 et
2683 5403 2883 5455 Coislin.
2922 5405 3092 5455 Morel.
3130 5412 3179 5455 et
3215 5406 3321 5467 alii,
3351 5412 3599 5474 energt'um
3631 5416 3744 5473 (τήν

2189 5484 2434 5516 νεβγειαν,.

2222 5486 2234 5493 “
2324 5484 2434 5513 ιανι.

2189 5484 2346 5575 kaq;-
2371 5512 2521 5575 δζμνῆι.
2547 5535 2599 5574 et
2620 5529 2717 5595 duo
2748 5529 2858 5575 Mss.
2884 5527 2999 5595 Alii,
3028 5527 3201 5595 Etiam,
3230 5533 3627 5595 μτομιοηηηιιιη.
3662 5537 3743 5583 ln-

2160 5595 2357 5649 terpres
2384 5595 2647 5648 utrumque
2680 5594 2892 5647 legerat,
2917 5592 2981 5637 ita
3015 5600 3069 5638 ut
3112 5592 3325 5637 Joannes
3358 5593 3435 5639 hic
3476 5605 3743 5645 \‘tlt‘itrt'lt.r

2162 5652 2349 5699 Helias.
2408 5653 2489 5697 Sic
2535 5654 2679 5697 etiam
2728 5659 2827 5697 tres
2881 5651 3026 5711 Mss,
3074 5650 3264 5701 Hciium
3306 5650 3443 5702 iitum
3494 5657 3743 5708 Jomuwm

2166 5712 2359 5774 (Ἠλίαν
2380 5712 2554 5760 ἐκεῖνον
2587 5712 2843 5773 Ἰωάννην).
3565 5716 3569 5721 ’
