4058 6302
214 373 322 433 105

217 505 344 547 mus
372 489 389 524 ‘
413 530 430 558 ,
469 489 567 546 sed
597 490 868 564 fugiamus
898 493 1288 562 peocatum,et
1306 490 1492 545 mia
1523 488 1781 544 iaciamus
1801 526 1820 556 ,

221 595 299 638 ne
324 581 570 650 indignos
599 597 704 636 nos
732 581 1089 636 inen‘abilibus
1114 580 1219 634 illis
1243 580 1400 634 bonis
1429 578 1779 636 exhibeamus
1807 595 1822 630 :

218 671 370 742 quod
397 672 551 726 nobis
572 672 827 726 omnibus
853 670 1196 736 concedatur,
1223 669 1392 739 gratia
1406 678 1472 724 et
1500 668 1826 740 benignitate

225 763 442 818 Domini
471 762 598 818 Jesu
627 760 850 827 Christi,
874 776 996 817 cum
1016 776 1123 832 quo
1147 761 1286 818 Patri
1315 769 1370 816 et
1391 751 1612 831 Spiritui
1639 768 1827 815 sancto

219 852 293 906 sit
333 851 521 920 gloria,
550 849 858 921 imperium,
889 860 945 906 et
970 849 1143 913 honor
1167 849 1219 904 in
1247 848 1442 912 simula
1470 848 1824 905 saeculorum.

219 945 424 1000 Amen.

794 1056 1093 1118 HOﬂlLlA
1120 1056 1280 1117 ΧΙΠ»

224 1169 295 1226 Et
346 1170 591 1240 plantavit
631 1168 881 1224 Dominus
931 1168 1067 1258 Deus
1109 1170 1406 1241 paradisum
1444 1171 1503 1224 in
1548 1168 1713 1225 Edent
1758 1172 1827 1226 ad

296 1267 581 1329 orientem,
623 1272 671 1316 et
715 1264 884 1333 posuit
930 1262 1036 1317 illic
1089 1264 1340 1318 hausissent
1384 1279 1534 1335 quem
1586 1265 1827 1336 formavit

298 1355 458 1425 (Cen.
485 1354 541 1409 ε.
566 1353 646 1425 8).

296 1491 322 1543 1
338 1529 352 1542 .
399 1491 595 1547 Videas
618 1503 852 1548 vestrum
879 1492 1200 1561 inexplebile
1225 1491 1568 1556 dedderinm,
1594 1498 1658 1546 et
1681 1488 1825 1545 mul-

219 1588 336 1634 tatn
359 1582 686 1646 aviditatem,
711 1594 1050 1653 mentemque
1071 1592 1353 1647 attentam,
1375 1597 1477 1637 nec
1498 1596 1601 1636 non
1628 1592 1824 1634 omnes

219 1669 287 1723 ad
316 1672 649 1740 spiritualent
677 1673 816 1728 hanc
851 1673 1146 1728 doctrinam
1185 1673 1535 1736 advolantes;
1577 1669 1824 1744 quamvis

222 1762 386 1817 valde
414 1763 514 1817 sint
541 1779 678 1818 mea:
703 1765 898 1834 inopiae
927 1764 1056 1818 mihi
1085 1765 1367 1829 conscius;
1400 1765 1709 1833 frequenter
1739 1771 1821 1817 ta-

219 1867 349 1906 men
377 1862 431 1907 et
451 1855 689 1923 quotidie
720 1854 933 1922 inopem
952 1862 1006 1908 et
1033 1863 1246 1908 tenuem
1293 1854 1430 1908 hanc
1460 1868 1700 1907 mensam
1728 1867 1819 1906 vo-

221 1943 307 1996 bis
331 1957 634 2012 proponere
658 1944 867 2008 studeo,
893 1943 1168 1998 conlidens
1194 1958 1287 1997 vos
1309 1942 1578 1998 desiderio
1603 1941 1824 2012 flagran-

220 2040 326 2097 tes,
357 2033 543 2101 majori
569 2033 846 2088 alacritate
875 2049 994 2103 qu:e
1015 2034 1271 2088 dicuntur
1293 2043 1636 2103 suseepturos
1664 2047 1784 2088 esse
1801 2073 1818 2100 ,

217 2123 652 2193 quandoquidem
680 2133 736 2179 et
765 2125 816 2179 itt
846 2125 1189 2179 scusibilibus
1215 2125 1406 2180 eduliis
1436 2124 1616 2178 videre
1647 2132 1823 2193 potest

216 2217 396 2286 quivis
445 2217 545 2271 hoc
584 2219 912 2288 contingere.
939 2217 1175 2287 Urgente
1207 2233 1434 2287 namque
1478 2217 1819 2270 convivarum

217 2308 461 2376 appetitu
486 2349 500 2372 ,
531 2309 740 2362 etiamsi
777 2309 1090 2378 paupercula
1137 2322 1319 2361 mensa
1364 2308 1467 2371 sit,
1493 2317 1552 2361 et
1588 2307 1744 2374 inops
1777 2307 1821 2360 is

216 2401 308 2469 qui
339 2400 585 2454 convivio
627 2400 823 2469 excipit
845 2439 861 2466 ,
897 2414 1085 2469 magna
1108 2407 1443 2456 tamencum
1491 2400 1761 2468 voluptate
1787 2397 1821 2452 ii

215 2491 464 2558 apposita
494 2489 817 2555 absumunt;
849 2499 1033 2544 contra
1062 2490 1104 2544 si
1147 2490 1321 2544 minor
1343 2489 1669 2558 epulantium
1703 2488 1821 2544 fue-

217 2582 287 2635 rit
316 2581 607 2649 appctitus,
638 2581 844 2635 etiamsi
891 2590 1260 2650 sumptuosum
1290 2580 1450 2636 luetit
1487 2581 1701 2649 epulum
1725 2622 1742 2647 ,
1767 2589 1824 2634 et

218 2674 366 2726 varia
389 2675 713 2741 copiosaque
724 2671 925 2738 edulia,
950 2673 1150 2726 nullum
1171 2673 1293 2728 inde
1311 2672 1675 2739 commodum,
1696 2687 1818 2726 cum

216 2780 384 2821 nemo
410 2767 482 2819 sit
500 2766 590 2834 qui
617 2765 874 2833 appositis
904 2764 977 2818 uti
1005 2775 1182 2834 queat.
1221 2765 1316 2818 llic
1342 2772 1538 2826 autem,
1560 2765 1680 2833 quia
1702 2779 1823 2834 gra-

217 2859 289 2911 tia
320 2858 412 2911 Dei
439 2856 644 2910 alacres
671 2864 728 2910 et
757 2856 983 2910 famelici
1012 2856 1077 2909 ad
1105 2856 1436 2924 spiritualcm
1466 2870 1706 2909 mensam
1733 2870 1821 2909 ac-

216 2949 434 3013 ceditis,
464 2958 516 3003 et
543 2948 639 3017 ipsi
666 2962 860 3014 magno
883 2945 1152 3000 desiderio
1173 2946 1420 3009 dicimus,
1445 2947 1697 3009 scientes,
1724 2961 1821 3000 nos

213 3038 415 3092 sobriis
457 3038 676 3091 auribus
703 3037 910 3089 divinas
949 3037 1107 3089 hasce
1147 3036 1483 3089 narrationes
1522 3050 1817 3106 apponere.

212 3129 487 3195 Quoniam
516 3137 571 3181 et
599 3125 831 3196 agricola
854 3166 869 3190 ,
900 3127 988 3195 qui
1020 3127 1268 3195 pinguem
1297 3134 1352 3178 et
1389 3125 1614 3179 fertilem
1633 3141 1820 3195 agrum

215 3217 446 3280 invenit,
479 3227 756 3286 postquam
785 3217 962 3269 omnia
988 3231 1108 3285 quae
1133 3216 1213 3269 sui
1239 3214 1398 3269 ol‘tieii
1428 3211 1820 3286 erant‘przesti-

214 3312 316 3377 tit,
360 3326 427 3364 ac
471 3319 666 3364 terram
699 3309 956 3372 suleavit,
1006 3317 1242 3362 aratrum
1297 3307 1492 3373 duxit,
1535 3310 1823 3378 spinasqtte

210 3401 440 3465 eduxit,
489 3409 613 3454 tunc
641 3399 860 3470 largiter
897 3399 1164 3463 seminat,
1194 3397 1438 3468 bonaque
1480 3414 1576 3467 spe
1616 3398 1822 3469 fultus,

210 3490 460 3560 quotidie
500 3504 720 3559 germen
764 3496 1042 3559 exspectat
1079 3488 1339 3553 seminis,
1369 3489 1511 3558 quod
1539 3498 1695 3544 terrae
1739 3489 1817 3544 l‘e-

211 3583 478 3638 cunditati
517 3581 818 3647 commisit,
849 3581 915 3635 ad
949 3591 1105 3635 terrae
1134 3580 1463 3637 feracitatem
1505 3582 1785 3638 attendens
1805 3625 1819 3647 ,

211 3676 286 3730 ad
313 3675 485 3730 multo
513 3674 768 3743 majorem
792 3674 937 3744 jacto
966 3674 1171 3729 semine
1193 3690 1420 3730 messem
1451 3676 1822 3746 excipiendam

214 3763 745 3836 paratus-Similiter
774 3773 827 3819 et
869 3780 968 3819 nos
993 3805 1007 3828 ,
1047 3780 1169 3820 cum
1207 3766 1448 3821 videmus
1491 3767 1818 3823 alacritatem

212 3867 459 3912 vestram
486 3855 722 3925 quotidie
754 3854 1056 3910 increscere
1077 3897 1090 3919 ,
1120 3855 1446 3910 desiderium
1477 3857 1677 3928 vige”,
1707 3868 1821 3913 stu-

211 3947 367 4001 dium
398 3947 725 3999 incremcnta
748 3960 978 4019 sumere,
1008 3945 1200 4000 bonam
1224 3961 1373 4015 spem
1401 3946 1681 4010 habemus,
1708 3966 1822 4003 ma-

207 4037 436 4107 jnrique
479 4035 655 4090 studio
697 4043 750 4089 et
788 4035 1098 4102 alacritate,
1136 4047 1390 4106 quantum
1443 4039 1582 4093 vires
1625 4051 1824 4096 nostra:

213 4135 537 4196 suppetunt,
573 4127 624 4179 in
652 4125 1059 4180 :cdilicationem
1088 4137 1278 4181 vestrae
1307 4129 1545 4184 caritatis
1567 4171 1581 4193 ,
1616 4130 1667 4184 itt
1705 4133 1823 4200 glo-

215 4221 360 4276 riam
394 4219 519 4283 Dei,
551 4220 604 4272 in
634 4216 893 4272 Ecclesia:
931 4217 1021 4271 Dei
1053 4217 1218 4272 decus
1245 4219 1442 4288 aliquid
1477 4221 1616 4276 ferre
1654 4222 1824 4276 anlte-

213 4313 420 4368 lamus.
449 4310 560 4378 Age
600 4309 793 4378 igitur,
830 4309 877 4363 si
914 4307 1082 4376 placet
1109 4349 1124 4375 ,
1150 4311 1390 4378 repetitis
1421 4311 1483 4366 iis
1513 4328 1630 4381 quae
1655 4329 1826 4382 nuper

209 4403 365 4456 dicta
396 4394 541 4467 sunt,
571 4409 963 4469 consequenter
987 4399 1055 4454 de
1083 4400 1338 4456 hodierna
1365 4402 1596 4458 lectione
1623 4413 1825 4460 tracte-

214 4507 366 4548 mus.
401 4490 539 4559 Quid
565 4499 744 4544 autem
777 4491 846 4544 sit
873 4491 1015 4560 quod
1046 4507 1215 4560 nuper
1247 4494 1593 4559 tractabatur,
1627 4512 1828 4564 quous-

209 4601 328 4657 que
381 4596 687 4638 sermonem
715 4581 1149 4642 extenderimus,
1187 4594 1241 4637 et
1275 4584 1363 4637 ubi
1403 4585 1562 4640 linem
1611 4586 1826 4645 dicendi

213 4675 547 4737 fecerimus,
592 4673 951 4726 necessarium
981 4682 1064 4727 est
1101 4672 1301 4728 dicere.
1330 4673 1396 4727 Et
1429 4679 1659 4745 formavit
1689 4677 1827 4733 Dens

214 4766 503 4825 hominem,
535 4764 791 4833 pulverem
815 4763 1082 4832 accipiens
1111 4763 1175 4816 de
1204 4773 1356 4817 terra.
1385 4765 1448 4818 Et
1479 4766 1744 4836 inspiravit
1773 4772 1825 4824 in

212 4859 413 4928 facient
441 4856 551 4924 ejus
578 4855 887 4922 spiraculum
909 4855 1042 4921 vine,
1074 4857 1337 4926 factusque
1363 4866 1434 4910 est
1464 4860 1614 4912 homo
1641 4861 1691 4914 in
1714 4864 1828 4916 ani-

215 4966 384 5002 mant
406 4948 650 5000 uiuentem
682 4944 834 5016 (Gen.
861 4945 916 4999 2.
950 4947 1027 5018 7).
1063 4946 1215 5014 Quod
1248 4959 1372 5002 tunc
1397 4951 1662 5019 dicebam,
1694 4955 1744 5008 id
1773 4965 1826 5010 et

215 5055 370 5097 nunc
401 5039 600 5104 dicam,
630 5047 686 5093 et
710 5038 939 5093 subinde
966 5054 1268 5094 memorare
1297 5056 1415 5094 non
1435 5044 1680 5110 cessabo,
1710 5063 1827 5099 ma-

213 5140 391 5204 gnam
446 5140 501 5185 et
549 5129 866 5184 itteﬂ'abilcm
920 5145 1043 5184 esse
1093 5131 1470 5201 benignitatem
1525 5139 1828 5192 communis

216 5223 472 5280 omnium
497 5221 705 5276 Domini
727 5237 850 5292 erga
871 5236 1041 5291 genus
1061 5232 1322 5277 nostrum.
1339 5224 1827 5299 Siquidemmagna

217 5314 678 5383 attemperatione
706 5312 774 5366 ob
801 5313 1028 5367 salutem
1056 5324 1292 5367 nostram
1325 5330 1453 5370 usus
1478 5327 1580 5382 est,
1610 5335 1830 5390 magno-

217 5421 338 5478 que
363 5404 563 5460 animal
604 5404 737 5472 hoc,
761 5404 1034 5460 hominem
1056 5404 1197 5471 dico,
1237 5405 1440 5464 honore
1470 5426 1830 5482 prosequuttts

218 5508 358 5562 est;
391 5511 600 5553 necnon
639 5495 817 5550 verbis
843 5505 898 5551 et
921 5496 1082 5551 rebus
1106 5495 1429 5566 declaravit,
1466 5517 1525 5556 se
1569 5519 1826 5573 majorem

221 5592 352 5658 ejus
371 5628 387 5652 ,
416 5602 576 5658 quam
601 5586 887 5642 visibilium
909 5587 1149 5642 omnium
1174 5604 1355 5644 curam
1388 5591 1659 5650 habuisse.
1687 5595 1828 5653 Nihil

272 5800 285 5809 _
300 5745 317 5772 ι
353 5738 516 5809 reid,
531 5750 840 5810 provocamur
854 5741 919 5792 ad
939 5740 1293 5810 cumulationem
1311 5746 1488 5809 agendi
1513 5746 1712 5803 rationis
1731 5760 1831 5806 Deo

218 5799 402 5867 digna
453 5799 686 5853 t'irtutcm
708 5801 856 5866 igitur
878 5815 971 5853 non
984 5802 1297 5868 negligamus.

1325 373 1398 431 IN
1434 373 1586 432 CAP.
1602 371 1669 432 ll.
1694 370 1944 432 GENS.
1986 369 2220 430 HOMIL.
2253 371 2390 432 Illi.

3433 389 3537 449 106

1940 485 2087 542 enim
2107 485 2358 556 prohibet
2383 486 2544 546 etiam
2572 487 2733 548 hodie
2754 490 2946 550 eadem
2971 495 3254 567 explorate
3278 503 3422 571 apud
3445 520 3536 561 ca-

1933 575 2146 631 ritatem
2181 586 2437 634 vestram.
2465 578 2597 634 Nam
2639 581 2779 636 sicut
2820 594 3060 641 aromata
3083 628 3100 656 ,
3129 599 3331 660 quanto
3365 597 3539 666 magis

1934 668 2114 739 digitis
2141 679 2460 736 atteruntur,
2493 681 2643 728 tanto
2665 675 2921 746 majorem
2950 687 3144 738 natura
3166 697 3261 738 sua
3288 684 3534 758 fragm"-

1935 761 2062 816 tiam
2105 762 2335 818 reddunt
2364 781 2378 818 :
2407 765 2479 820 ita
2519 774 2573 820 et
2620 767 2670 820 in
2701 765 2994 840 Scripturis
3023 776 3273 831 usuvenit
3291 816 3306 842 ,
3335 791 3538 848 quanto

1933 855 2052 924 quis
2077 855 2202 912 illas
2232 857 2463 927 amplius
2494 866 2723 916 tractare
2761 863 3049 936 studuerit,
3083 876 3232 930 tanto
3257 873 3429 944 magis
3454 876 3538 930 vi-

1931 945 2062 1000 dere
2098 949 2294 1016 poterit
2332 947 2584 1006 latentem
2613 951 2668 1006 iu
2715 952 2844 1024 ipsis
2871 954 3180 1014 thesaurum
3204 1003 3224 1028 ,
3247 972 3412 1036 atque
3437 966 3565 1028 iut-~

1933 1049 2152 1091 mensos
2178 1038 2461 1108 percipere
2483 1039 2793 1098 divitiarum
2821 1044 3047 1102 fructm.
3076 1049 3145 1104 Et
3169 1051 3430 1122 formavit,
3455 1057 3541 1112 in-

1933 1124 2082 1194 quit,
2123 1125 2264 1181 Deus
2304 1128 2595 1200 hominem,
2645 1134 2904 1202 pulverem
2951 1138 3221 1210 accipiens
3262 1145 3328 1200 de
3375 1156 3533 1203 terra.

1935 1217 2314 1280 Animadverte
2334 1261 2353 1287 ,
2383 1220 2643 1292 obsecro,
2670 1216 2869 1294 quanta
2894 1229 3125 1287 varietas
3166 1249 3232 1297 ex
3276 1235 3392 1306 ipso
3415 1253 3540 1301 ver-

1932 1308 2124 1365 borum
2149 1314 2432 1382 proonnio.
2465 1315 2523 1376 In
2550 1318 2801 1376 omnibus
2828 1322 2972 1375 enim
2999 1323 3119 1386 aliis
3140 1330 3403 1384 creaturis
3431 1331 3535 1387 do-

1931 1403 2042 1458 cuit
2070 1418 2168 1459 nos
2193 1405 2379 1466 beatus
2406 1407 2582 1467 Moses
2611 1411 2828 1467 modum
2859 1416 3167 1482 creationis,
3202 1418 3285 1475 his
3309 1422 3488 1484 verbis
3516 1441 3531 1480 :

1933 1492 2076 1549 Dixit
2103 1495 2265 1563 Deus,
2297 1496 2418 1554 Fiat
2440 1500 2551 1569 lux,
2580 1512 2627 1554 et
2652 1506 2791 1572 facta
2838 1516 2912 1559 est
2941 1505 3063 1573 luat;
3086 1507 3208 1564 Fiat
3236 1513 3532 1580 ﬁrmamen-

1927 1595 2075 1652 tum;
2119 1587 2463 1661 Congregctur
2504 1609 2680 1662 aqua;
2707 1593 2865 1652 Fiant
2911 1598 3228 1669 luminaria;
3278 1604 3533 1672 Germinct

1930 1687 2065 1733 terra
2091 1679 2297 1736 herbam
2325 1682 2448 1752 faeni
2469 1699 2491 1746 ,'
2515 1681 2816 1740 Producant
2841 1703 2990 1756 aqua:
3014 1692 3218 1756 reptilia
3242 1696 3533 1753 animarum

1930 1770 2217 1836 uiuentium,
2246 1780 2322 1834 et,
2347 1771 2610 1827 Producat
2636 1784 2770 1830 terra
2799 1779 3024 1835 animam
3053 1781 3319 1845 viventem.
3341 1785 3532 1844 Vidisti

1929 1861 2197 1931 quomodo
2237 1863 2402 1919 verbo
2448 1867 2627 1920 omnia
2672 1868 2898 1924 formata
2929 1872 3075 1927 sint?
3111 1873 3215 1930 Sed
3257 1878 3534 1936 videamus

1927 1959 2112 2040 postea
2141 1952 2266 2029 quid
2304 1952 2357 2007 in
2397 1956 2671 2029 creatione
2709 1957 2942 2015 hominis
2983 1961 3151 2020 dicat.
3182 1962 3251 2018 Et
3294 1971 3534 2040 [emacuit

1933 2037 2067 2094 Deus
2093 2042 2368 2096 hominem.
2405 2043 2536 2099 \‘ide
2563 2047 2835 2116 quomodo
2876 2050 3163 2108 verborum
3205 2037 3534 2127 adtempera-

1929 2131 2094 2198 tione,
2123 2133 2276 2202 queis
2301 2133 2370 2188 ob
2398 2144 2635 2190 nostram
2682 2137 3048 2197 inﬁrmitatem
3081 2160 3209 2200 usus
3234 2158 3337 2213 est,
3371 2150 3532 2210 simul

1925 2230 1982 2277 et
2004 2221 2219 2277 modum
2248 2226 2544 2284 creationis
2572 2227 2783 2294 doceat,
2813 2241 2869 2286 et
2894 2232 3285 2303 diversitatem,
3315 2255 3440 2310 qua,
3477 2252 3534 2298 ut

1930 2313 2165 2376 humano
2199 2330 2348 2371 more
2379 2317 2602 2388 loquar,
2635 2321 2793 2376 veluti
2835 2323 2925 2377 Dei
2957 2326 3204 2382 manibus
3241 2329 3529 2390 formatum

1928 2402 2102 2472 ipsum
2132 2405 2330 2460 indicat
2351 2448 2365 2472 ,
2394 2408 2536 2467 sicut
2559 2418 2614 2464 et
2655 2411 2793 2466 alius
2824 2414 3085 2484 propheta
3131 2417 3260 2475 dicit
3295 2439 3307 2473 :
3344 2422 3533 2478 Manus

1929 2503 2030 2548 ture
2047 2496 2272 2564 fecerunt
2300 2515 2399 2564 me,
2425 2509 2472 2554 et
2492 2501 2868 2571 plasmaverunt
2900 2524 2978 2561 me
3001 2507 3146 2579 (Job.
3173 2512 3258 2566 10.
3285 2514 3368 2585 8).
3399 2515 3533 2578 Nam

1926 2585 1974 2639 si
2003 2586 2318 2657 simpliciter
2347 2590 2682 2661 imperasset,
2713 2611 2914 2666 quaeso,
2946 2609 3002 2653 ut
3027 2616 3095 2655 ex
3126 2610 3269 2657 terra
3299 2607 3535 2663 oriretur

1931 2675 2114 2744 homo,
2138 2693 2318 2734 annon
2348 2681 2398 2736 id
2429 2685 2572 2753 quod
2597 2685 2806 2755 jussum
2830 2697 2945 2744 erat
2967 2690 3282 2760 productum
3309 2695 3534 2754 luisset?

1927 2766 2034 2822 Sed
2067 2779 2122 2823 ut
2150 2786 2243 2840 per
2278 2774 2566 2830 creationis
2610 2778 2827 2832 modum
2859 2779 3160 2837 doctrinam
3211 2786 3368 2841 nobis
3407 2804 3536 2857 per-

1928 2869 2140 2930 petuam
2189 2863 2461 2933 traderet,
2510 2878 2567 2922 ut
2606 2885 2673 2924 ne
2717 2872 2920 2941 majora
2969 2891 3127 2943 quam
3173 2893 3293 2947 qua:
3341 2892 3533 2942 natura

1929 2964 2107 3007 nostra
2159 2952 2327 3011 ferret
2372 2960 2730 3029 sentiremus,
2760 2965 2880 3018 ideo
2940 2966 3021 3020 sie
3071 2979 3319 3025 accurate
3349 2975 3532 3030 omnia

1927 3056 2180 3112 enarrat,
2215 3056 2267 3104 et
2300 3050 2376 3104 ait
2405 3068 2418 3104 :
2453 3049 2718 3108 For-mari:
2765 3055 2903 3111 Deus
2951 3058 3204 3115 hominem
3226 3103 3242 3128 ,
3277 3066 3534 3134 pulverem

1927 3137 2195 3204 accipiens
2223 3140 2239 3170 ⁸
2269 3141 2330 3193 de
2352 3150 2504 3196 terra.

1997 3227 2054 3280 2.
2081 3227 2215 3285 Vide
2244 3241 2297 3286 et
2325 3233 2377 3286 in
2403 3233 2502 3290 hac
2530 3251 2590 3290 re
2639 3234 2921 3294 honorem.
2971 3241 3087 3298 Non
3138 3247 3282 3303 cnim
3333 3257 3531 3309 terram

1928 3322 2458 3415 quantlibetaccipit,
2488 3327 2581 3383 Sed
2619 3330 2916 3400 pulverem,
2947 3338 3319 3395 tenuissimum
3351 3354 3529 3415 teme,

1929 3420 1986 3463 ut
2023 3412 2094 3465 ita
2147 3413 2266 3482 quis
2289 3415 2506 3483 dixerit,
2533 3430 2588 3474 et
2611 3421 2751 3475 hunc
2777 3423 2949 3492 iputn
2995 3427 3266 3495 pulverem
3296 3432 3363 3486 de
3392 3412 3534 3489 terra

1929 3512 2198 3571 prmcepto
2224 3519 2323 3558 suo
2369 3507 2418 3560 in
2456 3512 2700 3580 corporis
2728 3524 2970 3568 naturam
3006 3520 3295 3575 transtulit.
3327 3523 3532 3590 Quem-

1929 3592 2215 3648 admodum
2267 3597 2407 3651 enim
2454 3600 2622 3668 ipsam
2667 3613 2824 3657 terrae
2853 3605 3206 3664 substantiam
3251 3628 3356 3666 nott
3386 3616 3531 3669 exsi-

1928 3692 2158 3739 stentcm
2192 3687 2462 3755 produxit,
2510 3691 2580 3744 ita
2630 3707 2791 3758 nunc,
2847 3709 2969 3749 cum
3020 3699 3207 3766 voluit,
3256 3703 3530 3771 pulverem

1928 3773 1996 3830 de
2023 3785 2164 3830 terra
2191 3777 2241 3831 itt
2269 3793 2466 3848 corpus
2487 3785 2769 3838 convertit.
2802 3786 2898 3842 llic
2933 3790 3239 3847 exclamare
3277 3795 3430 3864 juvat
3479 3799 3531 3853 id

1929 3868 2070 3936 quod
2101 3883 2131 3922 a
2163 3869 2322 3928 beato
2356 3872 2555 3927 Davide
2580 3875 2779 3930 dictum
2825 3887 2952 3932 est:
2989 3879 3116 3944 Quis
3163 3884 3396 3954 loquetur
3435 3905 3531 3956 po-

1931 3961 2110 4013 tentias
2163 3959 2413 4028 Domini,
2482 3965 2686 4019 auditas
2744 3968 2896 4038 faciet
2963 3986 3134 4026 omnes
3192 3975 3369 4030 laudes
3423 3980 3535 4049 ejus

1933 4049 2116 4119 (1³ιαί.
2147 4052 2269 4107 105.
2297 4052 2413 4123 2)?
2458 4056 2601 4126 quod
2631 4073 2695 4111 ex
2756 4059 2974 4127 pulvere
3018 4063 3125 4118 tale
3169 4067 3365 4122 animal
3410 4087 3534 4140 pro-

1929 4141 2159 4208 duxerit,
2185 4154 2240 4200 et
2267 4147 2316 4202 itt
2345 4158 2547 4202 tantum
2579 4149 2838 4206 honorem
2868 4140 3128 4223 erexerit,
3162 4161 3535 4229 totquebene—

1931 4234 2050 4290 licia
2077 4237 2128 4291 itt
2151 4253 2272 4292 eum
2299 4241 2480 4295 statim
2506 4242 2575 4305 ab
2603 4242 2756 4298 initio
2781 4247 3085 4310 contulerit,
3110 4266 3259 4306 suam
3286 4255 3533 4326 benigni-

1934 4335 2094 4380 tatem
2130 4343 2225 4398 per
2249 4332 2427 4385 omnia
2478 4334 2792 4389 ostendens.
2825 4335 2893 4389 Et
2933 4339 3217 4408 inspiravit,
3255 4344 3444 4415 inqttit,
3479 4350 3533 4403 in

1932 4419 2113 4488 faciem
2139 4423 2248 4490 ejus
2277 4424 2590 4491 spiraculum
2611 4425 2744 4495 vitta,
2771 4438 2817 4481 ct
2845 4429 3015 4497 factus
3043 4443 3114 4483 est
3141 4433 3291 4487 homo
3322 4437 3374 4490 in
3421 4440 3534 4493 ani-

1931 4525 2065 4562 mam
2105 4521 2343 4566 viventem

2003 4602 2190 4657 Contra
2242 4621 2327 4658 eos
2363 4605 2449 4676 qui
2497 4607 2730 4662 dicebant
2759 4612 2983 4666 animam
3011 4632 3073 4668 ex
3111 4619 3395 4674 substantia
3441 4621 3536 4677 Dei

1932 4709 2056 4747 esse.
2091 4693 2227 4748 Deus
2256 4697 2494 4765 simplex,
2523 4700 2914 4770 incompositus,
2947 4715 2992 4758 et
3030 4708 3201 4778 ﬁgura
3250 4727 3533 4766 carens.—

1934 4787 2030 4840 llic
2077 4788 2289 4857 quidam
2343 4791 2482 4845 male
2514 4791 2710 4856 feriati,
2768 4798 2996 4865 propriis
3027 4800 3156 4854 mod
3199 4804 3533 4872 ratiociniis,

1933 4879 2171 4948 nihilque
2223 4880 2332 4934 Deo
2382 4881 2598 4951 dignum
2655 4887 2970 4955 cogitantes,
3023 4906 3200 4961 neque
3243 4897 3533 4951 verborum

1932 4975 2431 5040 attemperationem
2483 4991 2667 5030 secum
2723 4988 3055 5047 reputantes,
3106 4985 3283 5041 dicere
3315 4989 3533 5054 audent,

1931 5064 2162 5118 animant
2191 5081 2252 5118 ex
2286 5066 2376 5121 Dei
2406 5069 2699 5124 substantia
2727 5087 2866 5127 esse.
2895 5075 2940 5128 Ο
2969 5076 3260 5134 insaniam!
3293 5097 3325 5136 ο
3346 5099 3534 5138 anten-

1933 5156 2095 5210 tiatn!
2127 5166 2256 5226 quot
2296 5160 2550 5228 perniciei
2596 5164 2710 5217 vias
2735 5164 2982 5221 diabolus
3011 5172 3215 5238 paravit
3242 5175 3536 5231 cultoribus

1932 5247 2078 5300 suis!
2127 5247 2177 5300 Id
2212 5258 2269 5300 ut
2311 5251 2507 5316 discas,
2537 5254 2809 5323 perpende
2834 5272 2994 5325 quam
3026 5259 3256 5316 diversis
3286 5265 3534 5324 incedant

1933 5338 2051 5391 viis.
2074 5338 2204 5392 Nam
2232 5341 2321 5394 alii
2348 5357 2411 5396 ex
2437 5341 2540 5397 hoc
2569 5346 2733 5400 vet-bo
2761 5362 2947 5403 ansam
2974 5353 3322 5422 arripientes,
3360 5357 3534 5430 Inspi-

1933 5434 2083 5497 ravit,
2137 5434 2323 5488 dicunt
2365 5437 2574 5490 animas
2624 5452 2691 5492 ex
2742 5440 3034 5496 subsmntia
3089 5445 3179 5500 Dei
3229 5463 3385 5514 esse;
3443 5452 3534 5509 alii

1934 5537 2144 5576 rursum
2174 5524 2375 5591 dicunt,
2406 5527 2455 5579 in
2478 5527 2857 5583 vilissimorum
2880 5531 3155 5587 brutorum
3179 5537 3531 5596 substantiam

1936 5614 2078 5682 ipsas
2102 5615 2326 5669 transire
2352 5633 2364 5668 :
2389 5631 2492 5687 qua
2517 5620 2750 5674 amentia
2772 5621 2898 5690 quid
2925 5622 3163 5681 deterius
3183 5641 3302 5683 esse
3325 5643 3490 5699 passu
3508 5634 3533 5686 ἒ

2003 5816 2018 5846 ⁸
2055 5821 2106 5866 tn
2122 5821 2237 5878 ueg.
2262 5829 2360 5868 uno
2385 5825 2436 5870 et
2457 5817 2586 5869 Colb.
2609 5832 2704 5869 uno
2723 5819 2868 5872 deest
2891 5836 3001 5884 vox,
3028 5821 3291 5888 accipiens,
