4058 6302
560 401 662 462 107

556 522 690 588 Quia
717 515 858 571 enim
904 505 1250 565 obtenebrata
1291 509 1374 558 est
1419 499 1554 555 ratio
1596 509 1804 556 eorum.
1856 500 1913 548 et
1947 501 2132 588 verum

557 579 846 675 Scriptum
894 614 1109 659 sensum
1151 598 1416 669 ignorant,
1446 591 1595 662 quasi
1639 586 1893 643 esezecati
1942 579 2138 675 mentis

557 671 728 766 oculis
748 695 801 750 in
827 694 1037 749 diversa
1071 689 1309 744 feruntur
1331 680 1650 755 praecipitia.
1675 677 1801 734 dum
1850 674 1940 766 alii
1991 671 2135 730 illam

557 803 717 860 supra
741 787 1048 857 dignitatem
1072 778 1318 841 efferunt,
1351 773 1443 830 alii
1467 780 1646 838 autem
1671 769 1804 860 infra
1828 765 2137 860 dignitatem

559 855 880 952 deprimunt.
902 875 1033 932 Nam
1057 873 1103 928 si
1133 885 1199 927 eo
1218 866 1360 940 quod
1395 865 1667 935 Scriptura
1704 859 1866 926 dicat,
1907 855 2140 926 Itsspim-
2171 918 2175 920 _

562 976 708 1030 oitin
735 972 912 1040 facient
952 967 1083 1038 ejus,
1111 978 1174 1019 os
1220 962 1331 1018 Deo
1381 959 1636 1029 afﬁngere
1675 953 1862 1018 velint,
1916 961 2141 1040 necesse

559 1068 664 1122 erit
688 1038 848 1118 etiam
875 1071 1066 1114 manus
1084 1054 1184 1126 ipsi
1214 1052 1451 1108 tribuere
1477 1068 1493 1102 :
1520 1041 1948 1116 quandoquidem
1983 1038 2137 1104 dixit,

561 1152 824 1211 Fsrmuit
860 1150 1129 1205 boarium.
1156 1143 1263 1200 Sed
1315 1156 1383 1196 ne
1426 1139 1635 1193 illorum
1685 1130 2039 1202 nugacitatcm
2086 1143 2139 1182 tu

526 1303 528 1305 ,
562 1243 796 1302 medium
817 1240 1166 1315 proferentes,
1196 1246 1448 1304 cogamur
1472 1228 1527 1284 et
1553 1226 1653 1299 ipsi
1691 1224 1938 1281 indecora
1969 1219 2137 1315 loqui,

560 1350 660 1407 age
707 1313 944 1406 ipsorum
984 1328 1259 1385 stultitiam
1313 1333 1369 1380 et
1418 1320 1765 1391 multiplicem
1816 1313 2139 1372 dementiam

431 1421 447 1431 ’
562 1406 879 1491 devitemus,
909 1437 974 1479 ac
999 1420 1198 1476 divinae
1217 1417 1525 1486 Scriptura,
1560 1425 1680 1483 qua
1709 1408 1940 1478 seipsam
1977 1406 2144 1460 inter-

563 1501 824 1590 pretatur,
848 1527 1066 1584 scopum
1092 1509 1495 1579 subsequamur,
1526 1497 1814 1559 dummodo
1840 1507 2017 1590 tamen
2046 1509 2143 1550 nos

563 1588 850 1664 uerborum
888 1602 1144 1660 crassitiei
1183 1615 1290 1656 non
1330 1595 1699 1658 attendamus,
1725 1590 1820 1647 sed
1850 1588 2146 1660 cogitemus

565 1697 926 1754 inﬁmitatem
978 1702 1210 1748 nostram
1262 1685 1566 1757 hujusmodi
1621 1681 1880 1739 crassitiel
1927 1691 2142 1733 causam

564 1801 703 1844 esse.
734 1784 914 1854 Neque
941 1782 1083 1837 enim
1111 1781 1327 1850 possent
1347 1789 1506 1831 aures
1548 1774 1792 1829 humanm
1827 1786 1892 1827 ea
1917 1785 2037 1841 qua
2058 1768 2143 1824 di-

563 1859 756 1934 cuntur
776 1875 1042 1945 excipere,
1067 1872 1167 1944 nisi
1194 1878 1340 1925 tanto
1366 1866 1669 1924 fruerentur
1704 1873 2144 1936 temperamento.

558 1966 867 2038 Cogitantes
891 1965 1070 2033 itaque
1093 1969 1150 2018 et
1170 1969 1406 2015 nostram
1448 1956 1825 2020 infirmitatem,
1856 1963 1908 2009 et
1941 1951 2056 2007 hinc
2079 1949 2148 2006 de

566 2057 679 2114 Deo
709 2057 851 2112 dicta
879 2054 1063 2112 fuisse.
1093 2051 1172 2106 sic
1190 2063 1253 2106 ea
1279 2047 1648 2118 suscipiamus,
1680 2053 1736 2100 ut
1762 2059 1858 2115 par
1883 2051 1964 2099 est
1992 2055 2054 2097 ea
2079 2041 2149 2096 de

568 2149 682 2202 Deo
705 2147 967 2215 accipere,
999 2157 1098 2198 nec
1123 2143 1174 2214 in
1203 2151 1488 2208 corporum
1519 2138 1763 2202 formant,
1787 2135 1869 2190 vel
1894 2135 1947 2192 in
1975 2147 2146 2188 mem-

567 2240 782 2294 brorum
825 2233 1285 2304 compositionem,
1347 2229 1514 2284 Deum
1560 2229 1730 2297 ipsum
1775 2224 2142 2286 deducamus;

543 2328 661 2384 sed
690 2327 865 2383 omnia
894 2324 963 2381 de
993 2324 1121 2388 Deo,
1151 2332 1210 2376 ut
1228 2320 1497 2382 convenit,
1526 2317 1898 2389 imaginemur.
1938 2314 2147 2370 Numen

566 2420 710 2474 enim
739 2416 961 2486 simplex
995 2412 1506 2483 incompositumque
1526 2421 1630 2476 est,
1668 2423 1732 2463 ac
1760 2407 1926 2477 ﬁgura
1955 2412 2101 2460 caret
2129 2418 2146 2461 :

568 2525 692 2565 nam
737 2509 780 2564 si
831 2523 902 2564 es
958 2506 1112 2561 nobis
1161 2502 1505 2559 similitudine
1551 2500 1726 2561 ducta,
1771 2497 1996 2552 velimus
2039 2494 2149 2548 Deo

570 2598 929 2656 membrorum
983 2596 1422 2666 compositionem
1471 2591 1738 2668 tribuere,
1786 2586 2148 2658 imprudentes

568 2692 624 2746 in
651 2690 921 2761 gentilium
952 2687 1274 2756 impietatem
1303 2683 1541 2738 lahimur.
1570 2681 1702 2736 Cum
1724 2681 1900 2748 itaque
1919 2675 2150 2731 audieris

568 2782 895 2852 Scriptorum
938 2778 1225 2842 dicentem,
1259 2773 1519 2828 Formaait
1558 2771 1692 2826 Deus
1734 2769 2014 2830 hominem,
2042 2764 2149 2819 vir-

570 2881 735 2929 tatem
760 2869 1000 2927 eamdem
1030 2867 1223 2938 cogita,
1272 2879 1430 2935 quam
1469 2877 1591 2916 cum
1657 2860 1822 2925 dicit,
1878 2856 2040 2920 Fiat;
2087 2868 2152 2909 ac

572 2979 780 3021 rursum
811 2977 930 3017 cum
956 2959 1209 3023 audieris,
1241 2957 1519 3024 [aspiravit
1544 2955 1596 3008 in
1639 2954 1818 3025 facient
1845 2952 1956 3022 ejus
1980 2949 2149 3018 spira-

570 3058 738 3111 culum
789 3057 936 3118 sine,
993 3054 1183 3108 iterum
1220 3052 1437 3119 cogita,
1483 3044 1926 3118 quemadmodum
1971 3041 2149 3098 ineor-

575 3161 763 3217 poreas
813 3145 1032 3198 virtutes
1088 3140 1445 3209 produxerat,
1495 3139 1572 3191 sic
1635 3137 1899 3206 placuisse
1935 3133 2043 3199 illi,
2095 3141 2152 3186 ut

571 3223 766 3307 corpus
795 3235 898 3290 hoc
921 3250 985 3289 ex
1017 3233 1230 3303 pulvere
1257 3229 1453 3285 factum
1475 3231 1705 3282 animam
1735 3226 1956 3281 haberet
1983 3225 2150 3279 ratio-

573 3329 770 3392 nalem,
792 3338 909 3394 qua:
929 3322 1184 3378 membris
1196 3321 1467 3389 corporeis
1488 3327 1667 3388 posset
1690 3318 1784 3371 uti.
1811 3316 1922 3371 Hoc
1949 3315 2145 3385 quippe

570 3429 764 3485 corpus
812 3413 1016 3468 Domini
1044 3411 1196 3482 jussu
1243 3419 1505 3474 creatum,
1539 3409 1688 3478 quasi
1743 3408 2149 3461 instrumentum

566 3507 796 3578 jacebat,
827 3505 1004 3575 aliquo
1034 3511 1280 3558 merente
1305 3502 1572 3571 indigens;
1603 3499 1710 3554 imo
1735 3498 1871 3552 sicut
1892 3498 2007 3569 lyra
2034 3513 2152 3567 qua:

571 3599 750 3665 aliquo
773 3605 910 3667 eget,
933 3595 1023 3665 qui
1047 3605 1161 3648 arte
1188 3593 1509 3661 solertiaqne
1538 3606 1630 3647 sua
1663 3590 1850 3660 possit,
1882 3589 2035 3661 quasi
2059 3605 2154 3658 per

576 3688 798 3752 ﬁstulas,
829 3701 922 3755 per
970 3685 1209 3741 membra
1237 3699 1333 3739 sua
1372 3691 1753 3751 congruentem
1787 3681 2012 3736 Domino
2041 3696 2154 3734 me-

578 3778 771 3835 Indiam
801 3776 1023 3832 referre.
1045 3774 1074 3829 1
1080 3775 1340 3844 inspiravit,
1357 3774 1548 3844 inquit,
1570 3775 1622 3828 in
1643 3771 1822 3844 faciem
1848 3773 1960 3842 ejus
1982 3773 2153 3842 spira-

575 3869 746 3925 culum
775 3869 908 3931 vita,
955 3877 1003 3921 et
1037 3866 1200 3935 factus
1247 3874 1323 3919 est
1367 3864 1514 3918 homo
1541 3864 1595 3917 in
1632 3864 1853 3940 animam
1891 3865 2151 3919 viventem.

573 3959 708 4028 Quid
729 3966 830 4024 est,
856 3956 1134 4026 Impith
1156 3955 1468 4027 spiraculum
1493 3956 1610 4008 vim
1629 3955 1655 4008 ?
1680 3953 1867 4018 ld-est,‘
1881 3953 1983 4010 hoc
2006 3968 2158 4009 crea-

579 4065 687 4108 tum
715 4067 908 4122 corpus
939 4051 1103 4105 voluit
1124 4049 1385 4118 iussitque
1412 4047 1514 4103 vim
1543 4046 1739 4102 habere
1767 4047 2007 4114 vitalem,
2036 4061 2155 4116 quae

575 4143 790 4199 animali
832 4143 964 4198 facta
1000 4150 1082 4198 est
1116 4141 1168 4196 in
1209 4141 1438 4198 animam
1464 4139 1748 4202 viventem,
1786 4138 1899 4194 sive
1924 4151 2154 4206 operan-

577 4245 707 4295 tem,
733 4248 852 4304 qua:
879 4242 1048 4286 artem
1071 4245 1222 4285 suam
1243 4238 1424 4301 posset
1443 4231 1539 4300 per
1566 4226 1924 4284 membrorum
1952 4236 2154 4282 motum

577 4323 848 4380 exhibere.

649 4415 702 4468 5.
742 4413 835 4468 llic
860 4426 987 4467 vero
1006 4410 1134 4465 mihi
1165 4408 1432 4480 perpende
1451 4449 1468 4472 ,
1498 4417 1754 4478 quantum
1781 4406 1992 4462 intersit
2017 4406 2156 4462 inter

583 4504 737 4575 hujus
776 4501 1102 4557 admirabilis
1143 4500 1391 4554 animalis
1431 4498 1747 4562 rationalis,
1789 4507 1843 4552 et
1882 4498 2157 4553 hrutorum

582 4596 950 4651 formationem
990 4593 1294 4648 discrimen.
1326 4591 1399 4646 De
1425 4590 1529 4644 illis
1553 4591 1695 4645 enim
1735 4589 1903 4644 dixit:
1926 4587 2162 4642 Educant

584 4703 727 4755 aqua:
746 4685 946 4754 reptilia
972 4685 1255 4738 animarum
1275 4682 1561 4748 viventium,
1584 4689 1638 4736 et
1667 4681 1824 4735 simul
1847 4679 2162 4749 prodierunt

583 4791 649 4830 es
695 4789 831 4845 aqua
871 4774 1117 4828 animalia
1161 4771 1429 4836 animata;
1476 4781 1532 4826 et
1579 4770 1634 4825 in
1682 4779 1821 4825 terra
1866 4769 2157 4825 similiter:

583 4866 840 4924 Produrat
879 4875 1011 4919 terra
1047 4864 1269 4918 animam
1312 4865 1572 4917 viventem.
1605 4862 1678 4918 De
1724 4862 1938 4918 homine
1980 4877 2158 4918 autem

583 4977 687 5014 ..ειη
715 4960 824 5023 sic;
852 4957 947 5013 sed
977 4958 1121 5026 prius
1149 4955 1215 5010 dc
1245 4956 1461 5025 pulvere
1497 4969 1689 5026 corpus
1735 4955 1991 5011 formatur
2015 4997 2030 5023 ,
2063 4974 2160 5028 po-

581 5062 695 5108 stea
724 5050 896 5103 vitalis
929 5050 1005 5103 illi
1034 5048 1199 5103 virtus
1225 5048 1413 5112 datur,
1443 5064 1563 5118 qua:
1589 5057 1672 5103 est
1693 5050 1883 5103 anima:
1907 5049 2160 5105 substan-

584 5142 674 5196 tia.
718 5139 919 5194 Idcirco
962 5139 1028 5193 de
1066 5138 1233 5193 brutis
1268 5138 1479 5193 diccbat
1517 5137 1767 5209 Moyses:
1799 5139 2023 5209 Sanguis
2054 5142 2162 5208 eius

584 5244 656 5287 ert
684 5235 851 5285 anima
879 5235 986 5303 ejus
1013 5230 1157 5302 (Leo.
1188 5232 1276 5286 ΓΙ.
1319 5233 1430 5301 Η).
1482 5231 1536 5286 In
1573 5231 1789 5286 homine
1815 5242 1992 5287 autem
2033 5234 2161 5286 sul)-

586 5327 776 5381 stantia
822 5335 905 5379 est
957 5325 1267 5394 incorporea
1316 5333 1369 5378 ct
1422 5324 1780 5390 immortalis,
1832 5339 1951 5394 qua:
1995 5324 2162 5379 tnulto

589 5418 864 5471 intervallo
890 5414 1388 5484 'corpusautcccllit
1406 5453 1422 5478 ,
1454 5423 1506 5468 et
1535 5424 1711 5478 tanto,
1738 5425 1938 5483 quanto
1962 5430 2057 5483 par
2080 5424 2164 5470 est

591 5509 958 5573 incorporeum
1002 5504 1214 5575 corpori
1263 5502 1549 5558 anteferre.
1602 5504 1796 5559 Verum
1841 5505 1977 5560 forte
2021 5505 2164 5561 dicet

587 5603 849 5668 ιιιιιςιιίτιηι
885 5615 898 5651 :
932 5599 987 5653 Si
1027 5598 1200 5651 anima
1244 5611 1469 5665 corpore
1495 5596 1735 5666 dignior,
1784 5611 1882 5652 eor
1930 5599 1979 5652 id
2019 5599 2160 5668 quod

591 5690 766 5742 minus
825 5699 905 5743 est
935 5687 1161 5752 primum
1205 5698 1456 5754 creatur,
1485 5688 1700 5757 etquod
1744 5689 1916 5758 majus
1959 5699 2164 5759 postre-

614 5798 737 5836 nnm
765 5782 787 5836 τ
820 5785 1005 5838 Arinen
1038 5782 1182 5840 vides
1206 5824 1221 5851 ,
1251 5783 1463 5849 dilecte,
1507 5779 1731 5852 idipsum
1788 5781 1841 5839 in
1893 5781 2164 5840 creatione

1279 387 1341 447 8.
1376 379 1653 444 JOANNlS
1686 368 2162 436 οιιιιῖεοδτοιίι
2201 367 2500 428 ARCHIEP
2558 354 3096 444 CONSTANTINOP.

2249 483 2487 542 factum?
2529 484 2679 539 Sicut
2704 483 2849 539 enim
2875 481 3090 549 caelum,
3121 474 3300 556 terra,
3325 475 3409 534 sol
3432 518 3450 544 ,
3480 475 3629 538 luna,
3653 483 3709 532 et
3732 475 3837 531 aha

2244 579 2424 634 omnia
2455 587 2632 633 creata
2659 585 2783 632 sunt
2800 615 2816 642 ,
2845 575 3108 644 brutaque
3130 572 3295 627 etiam
3319 567 3570 625 animalia
3591 606 3608 632 ,
3635 574 3691 622 et
3716 574 3842 636 pou

2245 668 2353 724 haec
2404 667 2584 724 omnia
2624 667 2784 721 homo
2808 705 2825 732 ,
2869 665 2955 721 cui
2983 664 3175 717 horum
3223 660 3464 716 omnium
3489 657 3840 729 'pnncipatus

2249 754 2566 820 tribuendus
2593 767 2712 816 erat
2743 776 2758 813 :
2788 757 2858 813 ita
2883 765 2938 812 et
2965 756 3022 810 in
3049 753 3282 810 hominis
3309 751 3630 808 formatione
3659 748 3838 820 primo

2245 866 2444 921 corpus
2467 849 2797 922 pmducitur,
2827 854 3117 918 posteaque
3143 844 3324 928 anim
3346 857 3467 914 qua:
3493 841 3703 913 dignior
3727 847 3842 894 est.

2245 941 2708 1012 Quemadmodum
2764 939 2908 994 enim
2973 936 3128 991 bruta
3186 932 3436 987 animalia
3464 972 3482 999 ,
3541 929 3845 986 ministerio

2247 1033 2477 1089 hominis
2521 1031 2667 1086 utilia
2715 1030 2925 1091 futura,
2955 1035 3080 1082 ante
3116 1023 3396 1082 hominem
3447 1031 3737 1085 creantur,
3781 1029 3845 1074 ut

2246 1133 2490 1195 paratum
2514 1120 2742 1180 haberet
2770 1117 3123 1172 ministerium
3149 1115 3204 1170 is
3217 1114 3310 1196 qui
3340 1112 3446 1168 illis
3469 1125 3666 1166 usurus
3689 1120 3842 1165 erat:

2244 1216 2322 1270 sic
2345 1224 2401 1270 et
2425 1223 2549 1268 ante
2572 1212 2803 1266 animam
2822 1223 3025 1278 corpus
3051 1216 3267 1262 creatur
3284 1245 3302 1271 ,
3350 1213 3408 1260 ut
3436 1214 3717 1274 postquam
3755 1214 3849 1255 se-

2247 1306 2478 1361 cundum
2524 1301 2840 1360 ineffabilem
2869 1299 3005 1369 ejus'
3031 1297 3351 1368 sapientiam
3379 1297 3552 1351 anima
3583 1292 3846 1364 producta

2247 1405 2425 1462 esset,
2469 1403 2654 1466 posset
2694 1407 2818 1448 suas
2854 1391 3198 1462 operationes
3240 1403 3338 1460 per
3370 1387 3616 1457 corporis
3661 1393 3847 1439 motus

2248 1492 2520 1546 exhibere.
2550 1489 2603 1545 8.
2638 1488 2704 1543 Et
2735 1487 3017 1559 plantavit,
3045 1484 3215 1555 inquit
3240 1525 3256 1549 ,
3285 1481 3424 1538 Deus
3466 1481 3762 1552 paradisum
3789 1481 3848 1535 ita

2249 1582 2411 1638 Edent
2426 1582 2488 1653 ab
2517 1583 2725 1645 oriente,
2745 1591 2790 1635 et
2817 1580 2983 1650 posuit
3001 1579 3111 1632 illic
3124 1575 3395 1640 hominem,
3419 1589 3563 1644 quem
3585 1571 3849 1644 fonmil.

2255 1671 2543 1744 Postquam
2606 1673 2866 1737 benignus
2934 1670 3190 1724 Dominus
3245 1653 3628 1738 benignitatem
3690 1678 3850 1720 suam

2250 1766 2518 1831 ostendit,
2547 1773 2600 1820 et
2627 1762 2953 1835 illum,cujus
2991 1773 3151 1816 causa
3179 1758 3361 1815 omnia
3387 1764 3681 1819 creaverat,
3710 1769 3847 1824 pro-

2251 1856 2402 1912 duxit
2427 1856 2479 1909 in
2517 1853 2771 1918 medium,
2796 1851 2974 1906 statim
3004 1850 3189 1921 incipit
3211 1863 3306 1903 sua
3355 1847 3408 1902 in
3453 1846 3602 1901 illum
3634 1844 3848 1907 beneﬁ-

2252 1947 2332 2000 cia
2369 1943 2634 2000 conferre.
2692 1941 2762 1996 Et
2809 1941 3073 2010 plantavit,
3129 1937 3320 2009 inquit,
3371 1935 3506 1991 Deus
3549 1935 3854 2006 paradisum

2250 2037 2306 2091 in
2347 2035 2508 2091 Edent
2533 2035 2597 2088 ab
2635 2033 2842 2088 oriente.
2874 2031 2974 2086 llic
3024 2029 3154 2085 mihi
3178 2071 3194 2098 ,
3249 2028 3444 2084 dilecte
3466 2069 3483 2094 ,
3517 2025 3802 2082 considera
3825 2064 3846 2090 ,

2251 2127 2392 2198 quod
2421 2126 2520 2181 nisi
2555 2140 2617 2180 ea
2646 2126 2806 2180 verba
2833 2135 2890 2180 ut
2919 2123 2988 2179 de
3036 2121 3273 2192 Deo"par
3293 2110 3416 2198 est,
3469 2117 3800 2188 accipiamus
3831 2156 3849 2180 .

2250 2195 2471 2272 necesse
2516 2215 2587 2270 sit
2637 2223 2693 2270 ut
2743 2215 2796 2270 in
2842 2214 3196 2286 pracipitium
3249 2195 3488 2266 ruamus.
3535 2210 3666 2266 Nam
3711 2207 3852 2278 quid

2251 2310 2482 2365 dixerint
2519 2307 2587 2362 de
2625 2307 2769 2363 dicto
2801 2306 3104 2377 hujusmodi
3137 2305 3242 2370 illi,
3276 2304 3366 2373 qui
3394 2303 3572 2359 milia
3619 2300 3689 2355 de
3731 2300 3855 2356 Deo

2252 2402 2392 2459 dicta
2442 2403 2674 2457 humano
2703 2401 2945 2471 accipere
2996 2412 3146 2453 more
3187 2386 3428 2452 audent?
3481 2393 3548 2449 Et
3595 2394 3856 2465 plurimis

2254 2495 2390 2549 Deus
2411 2536 2426 2558 ,
2456 2495 2627 2565 inquit
2650 2535 2665 2559 ,
2698 2493 3016 2565 paradisum.
3048 2489 3186 2558 Quid
3207 2529 3224 2554 ,
3256 2486 3481 2556 quaso?
3507 2501 3636 2542 num
3654 2486 3856 2557 ligone

2251 2599 2387 2654 opus
2427 2585 2609 2638 habuit
2647 2593 2701 2638 et
2738 2582 3056 2653 agricultura
3085 2581 3300 2650 aliaque
3325 2593 3453 2633 cura
3480 2618 3496 2642 ,
3528 2587 3587 2632 ut
3623 2577 3855 2648 paradi-

2252 2693 2369 2732 sum
2398 2675 2735 2731 exornare”
2781 2673 2951 2729 Absit.
2986 2672 3182 2727 lterum
3210 2669 3359 2724 enim
3392 2669 3552 2724 etiam
3591 2668 3695 2724 hoc
3720 2669 3854 2725 loco

2254 2768 2412 2830 illud,
2444 2766 2706 2821 Plantaoit
2731 2807 2746 2831 ,
2775 2766 2855 2820 sic
2897 2761 3340 2832 intelligendum,
3385 2760 3590 2816 scilicet
3626 2760 3803 2830 ipsum
3829 2799 3850 2825 ,

2256 2858 2578 2926 imperasse,
2606 2865 2664 2910 ut
2689 2852 2966 2926 paradisus
2994 2853 3048 2907 in
3079 2860 3221 2906 terra
3245 2851 3439 2917 ﬁeret,
3469 2860 3528 2904 ut
3553 2848 3857 2919 productus

2255 2945 2414 2999 homo
2437 2946 2491 2999 in
2515 2959 2582 3000 eo
2605 2953 2932 3000 versaretur.
2956 2940 3110 3008 Quod
3131 2948 3309 2994 autem
3335 2947 3554 3009 propter
3570 2938 3849 2992 hominem

2255 3036 2554 3106 paradisum
2598 3033 2972 3100 adornat-erit,
3000 3031 3124 3087 andi
3168 3032 3501 3101 Scripturam
3532 3028 3801 3085 dicentem
3833 3046 3851 3086 :

2255 3126 2321 3180 Et
2371 3125 2618 3196 plantavit
2647 3123 2787 3179 Deus
2829 3123 3126 3194 paradisum
3164 3123 3219 3176 in
3259 3119 3423 3176 Edent
3451 3120 3514 3175 ab
3542 3119 3771 3189 oriente,
3798 3130 3854 3176 et

2257 3219 2419 3290 posuit
2460 3219 2566 3272 illic
2593 3217 2843 3271 hominem
2862 3257 2878 3282 ,
2924 3231 3071 3286 quem
3101 3216 3355 3286 formavit.

2327 3309 2514 3364 Contra
2543 3323 2627 3363 eos
2647 3307 2734 3377 qui
2758 3306 2986 3360 dicebant
3013 3305 3324 3360 Paradisum
3349 3321 3450 3360 non
3473 3321 3579 3360 esse
3596 3303 3651 3360 in
3675 3313 3816 3358 terra
3831 3342 3849 3357 .

2255 3400 2466 3456 —-ddco
2494 3401 2658 3453 etiam
2689 3399 2788 3453 loci
2817 3411 3010 3452 nomen
3034 3395 3190 3452 aﬁ‘crt
3213 3396 3423 3467 Moyses
3451 3397 3505 3450 in
3527 3392 3851 3465 Scripturis,

2258 3501 2315 3546 ut
2349 3508 2416 3547 ne
2455 3493 2639 3547 liceret
2677 3487 2874 3544 frustra
2903 3488 3088 3558 nugari
3119 3487 3421 3542 volentibus
3460 3485 3855 3557 simpliciora»

2256 3585 2475 3638 nuribus
2524 3582 2835 3652 imponere,
2889 3579 3213 3649 dicereque,
3265 3593 3374 3632 non
3422 3591 3542 3632 esse
3595 3578 3650 3632 in
3707 3589 3855 3633 terra

2257 3674 2602 3743 paradisum,
2659 3670 2756 3727 sed
2813 3671 2866 3724 in
2919 3671 3095 3735 ctelo,
3167 3678 3222 3724 et
3282 3670 3490 3726 fabulas
3543 3667 3853 3737 lntjusmodi

2257 3768 2546 3821 somniare.
2577 3765 2712 3820 Nam
2762 3763 2806 3817 si
2850 3777 2973 3817 cum
3018 3761 3201 3817 divina
3249 3761 3528 3832 Scriptura
3579 3769 3723 3816 tanta
3755 3775 3858 3817 usa

2259 3855 2330 3909 sit
2377 3855 2664 3910 verborum
2717 3853 3100 3917 accuratione,
3152 3866 3261 3907 non
3309 3851 3622 3907 dubitarunt
3669 3859 3855 3906 tamen

2259 3944 2474 4012 quidam
2494 3943 2560 3998 de
2580 3943 2820 3998 facundia
2844 3958 2940 3997 sua
2961 3983 2978 4011 ,
3007 3957 3215 3998 necnon
3243 3942 3312 3998 de
3343 3941 3677 4013 philosOpbia
3713 3958 3857 3998 cso-

2262 4037 2365 4090 tica
2408 4036 2572 4090 altum
2614 4036 2913 4105 sapientes,
2966 4035 3186 4103 adversa
3226 4033 3517 4104 Scripturis
3560 4033 3740 4105 loqui,
3794 4043 3860 4091 et

2260 4129 2439 4184 dicere
2467 4127 2768 4198 paradisum
2810 4129 2862 4182 in
2905 4136 3050 4182 terra
3090 4143 3196 4181 non
3225 4141 3385 4193 esse,
3428 4126 3699 4196 multaque
3745 4125 3854 4183 alia

2259 4233 2456 4293 pneter
2479 4237 2542 4275 ea
2571 4235 2692 4290 quae
2717 4219 2856 4276 dicta
2887 4229 3010 4273 sunt
3037 4218 3374 4288 adoptantes,
3401 4226 3587 4273 contra
3610 4216 3858 4286 Scriptu-

2260 4332 2374 4372 ram
2417 4317 2656 4382 sentire;
2703 4325 2757 4370 et
2799 4314 3083 4369 adversam
3134 4323 3316 4367 tenere
3359 4311 3533 4376 viam,
3586 4321 3745 4382 atque
3789 4326 3855 4368 ea

2262 4425 2378 4478 qua:
2410 4408 2475 4463 de
2503 4418 2643 4463 terra
2671 4409 2808 4463 dicta
2837 4415 2988 4472 sunt,
3029 4405 3098 4461 de
3130 4405 3280 4461 caelis
3309 4404 3450 4460 dicta
3489 4414 3714 4476 putare;
3749 4404 3854 4461 nisi

2264 4499 2452 4554 humili
2501 4499 2586 4552 illa
2629 4507 2684 4554 et
2731 4507 3080 4567 attemperata
3131 4497 3416 4552 verborum
3470 4497 3676 4551 ratione
3722 4511 3858 4552 usus

2266 4594 2471 4661 Moyses
2499 4600 2660 4655 esset,
2682 4574 2880 4660 Spiritu
2919 4600 3104 4644 sancto
3141 4585 3376 4656 linguam
3417 4586 3534 4657 ejus
3558 4596 3854 4655 movente,

2266 4699 2372 4754 quo
2417 4700 2523 4738 non
2563 4683 2798 4738 develuti
2831 4688 3052 4746 essent,
3095 4680 3339 4750 quamvis
3377 4678 3649 4748 Scriptura
3698 4692 3856 4734 saera

2265 4789 2384 4830 cum
2415 4789 2513 4830 nos
2552 4776 2654 4831 tale
2692 4773 2962 4843 quidpiam
2992 4771 3185 4827 docere
3229 4771 3371 4836 vult,
3403 4771 3635 4839 seipsam
3686 4773 3859 4826 tuter-

2269 4880 2543 4939 pretetur,
2589 4876 2644 4923 et
2681 4867 2978 4921 auditorem
3010 4879 3192 4920 errare
3223 4878 3330 4918 non
3357 4861 3536 4919 sinat?
3578 4860 3686 4916 Sed
3716 4876 3858 4931 quo-

2269 4966 2409 5016 niam
2437 4959 2587 5014 multi
2619 4973 2725 5012 non
2759 4965 2813 5011 ut
2839 4955 3106 5026 quidpiam
3137 4954 3272 5009 lucri
3301 4969 3367 5008 ex
3393 4952 3589 5008 dtvinis
3611 4951 3861 5020 Scriptu-

2268 5052 2343 5108 ris
2389 5052 2681 5118 demetunt,
2712 5048 2805 5104 sed
2846 5047 3133 5116 voluptatis
3166 5046 3356 5115 gratia,
3385 5059 3542 5100 aures
3569 5043 3726 5100 dictis
3752 5043 3859 5098 add

2270 5142 2487 5196 hihent:
2519 5142 2639 5196 ideo
2678 5155 2785 5194 non
2826 5138 2891 5192 iis
2929 5137 3020 5208 qui
3063 5142 3321 5205 prosunt,
3363 5134 3458 5190 sed
3485 5133 3551 5190 iis
3577 5134 3664 5204 qui
3686 5133 3860 5203 magis

2268 5233 2536 5287 oblectant
2564 5229 2867 5284 attendunt.
2899 5226 3258 5296 Quamobrem
3297 5224 3524 5278 obsecro
3546 5264 3561 5290 ,
3593 5232 3651 5278 ut
3676 5225 3861 5278 omni-

2271 5325 2369 5379 bus
2417 5324 2520 5378 iilis
2561 5337 2720 5377 aures
2762 5320 3096 5384 obturantes,
3127 5331 3295 5371 sacrm
3327 5315 3619 5385 Scriptura:
3660 5317 3860 5373 canoni

2269 5418 2644 5484 obsequamur.
2674 5415 2748 5468 Ac
2773 5427 2894 5467 eum
2919 5409 3175 5475 audieris,
3199 5409 3412 5475 dilecte,
3438 5409 3580 5464 Deus
3600 5409 3862 5479 plantavit

2272 5506 2574 5577 paradisum
2600 5505 2654 5558 in
2681 5502 2890 5558 oriente
2919 5517 2932 5565 ;
2967 5499 3095 5554 illud
3122 5541 3136 5566 ,
3171 5498 3430 5553 Plantavit
3453 5541 3469 5566 ,
3502 5507 3560 5553 ut
3587 5500 3696 5555 Deo
3725 5516 3862 5555 eon-

2271 5596 2417 5650 venit
2459 5591 2724 5660 intellige,
2758 5605 2952 5660 nempe
2981 5589 3121 5661 quod
3165 5591 3515 5659 prmeepcrit;
3542 5591 3686 5661 quod
3731 5606 3865 5649 vero

2270 5681 2509 5762 sequitur
2534 5687 2716 5754 crede,
2745 5688 2995 5742 nimirum
3043 5686 3344 5757 paradisum
3387 5686 3582 5741 factum
3608 5700 3730 5741 esse
3753 5725 3769 5743 .
3806 5694 3866 5740 et

2275 5785 2328 5841 in
2359 5785 2452 5840 illo
2493 5783 2642 5851 loco,
2688 5779 2777 5837 ubi
2823 5779 3097 5853 Scriptura
3145 5795 3301 5837 sacra
3349 5777 3688 5852 signiﬁcavit.
3743 5774 3864 5837 Ml
