4058 6302
187 384 284 442 109

197 497 418 556 credere
445 495 595 554 enim
647 497 713 552 iis
755 511 870 567 qum
900 495 952 549 in
979 493 1156 550 divina
1191 491 1468 562 Scriptura
1511 491 1788 546 feruntur.

207 591 301 645 sed
330 589 436 644 alia
475 605 541 642 ex
570 588 792 658 propria
821 593 996 640 mente
1037 584 1286 638 inducere
1306 623 1320 646 ,
1370 595 1621 650 magnum
1665 588 1794 649 puto

201 677 500 751 periculum
540 692 732 733 creare
761 675 882 729 talia
909 673 1250 729 audentibus.
1279 671 1350 726 Et
1377 671 1576 742 posuit,
1603 670 1792 739 inquit.

199 773 270 827 ibi
318 773 594 836 horninem,
642 785 790 839 quem
828 768 1087 837 formavit»

269 865 326 920 ai.
350 863 519 929 Vide,
543 847 799 932 quantum
841 859 1101 915 honorem
1136 858 1316 914 statim
1357 857 1409 911 in
1438 870 1563 912 eum
1601 864 1789 910 contu-

200 954 350 1012 lerit.
384 956 521 1009 Cum
552 969 675 1008 eum
707 961 857 1008 extra
891 952 1194 1022 paradisum
1224 957 1495 1014 creasset,
1527 947 1705 1002 statim
1735 945 1798 1001 il-

201 1046 315 1102 lum
341 1059 411 1100 eo
435 1041 754 1106 introduxit;
787 1051 847 1096 ut
875 1057 940 1097 ex
965 1041 1128 1096 rebus
1157 1040 1287 1110 ipsis
1316 1039 1369 1094 in
1399 1038 1646 1094 beneﬁcii
1672 1053 1801 1094 sen-

202 1151 322 1190 sum
369 1137 546 1204 ipsum
589 1132 916 1200 adduceret,
956 1140 1016 1187 ut
1055 1133 1217 1188 sciret
1258 1139 1489 1202 quantus
1523 1129 1596 1182 illi
1630 1128 1804 1182 honor

206 1233 358 1280 esset
393 1238 707 1291 concessus,
751 1225 805 1278 in
838 1222 1141 1294 paradisum
1186 1221 1333 1276 illum
1366 1219 1691 1284 introduxit,
1738 1217 1805 1271 Et

205 1318 379 1388 posuit
395 1316 507 1370 illic
523 1317 794 1382 hominem,
820 1331 966 1384 quem
990 1315 1246 1386 formavit.
1270 1311 1404 1369 illud
1428 1313 1578 1377 item,
1599 1311 1803 1375 Posuit,

205 1411 288 1465 sic
325 1410 690 1479 intelligamus
739 1423 804 1463 ac
837 1407 882 1463 si
922 1408 1144 1474 diceret,
1191 1404 1445 1477 praecepit
1485 1412 1541 1459 ut
1570 1403 1677 1458 illic
1716 1402 1810 1456 ha-

205 1500 432 1566 bitaret,
466 1508 606 1553 utet
631 1508 878 1569 aspectus
912 1508 967 1554 et
992 1498 1249 1553 habitatio
1293 1511 1542 1566 magnum
1586 1493 1686 1563 ipsi
1713 1508 1808 1562 pa-

209 1598 361 1646 reret
406 1589 737 1658 voluptatem
757 1630 773 1656 ,
803 1599 856 1645 et
886 1603 1008 1643 eum
1035 1587 1100 1642 ad
1139 1587 1337 1656 gratias
1369 1584 1677 1640 referendas
1715 1597 1811 1636 ex»

206 1680 408 1734 citaret
432 1679 756 1749 cogitantem
786 1687 1041 1748 quantum
1069 1675 1314 1733 beneficii
1345 1675 1657 1743 accepisset,
1683 1687 1804 1727 cum

210 1767 454 1822 nondum
485 1768 758 1838 quidpiam
799 1768 1134 1837 praestitisset
1164 1767 1308 1822 boni.
1341 1765 1418 1820 Ne
1459 1766 1619 1835 igitur
1655 1756 1710 1818 te
1751 1763 1804 1817 in

211 1869 497 1927 stuporem
543 1858 745 1928 injiciat
784 1871 886 1912 vox
934 1857 1052 1923 illa,
1106 1855 1288 1910 Posuit
1321 1870 1340 1909 :
1389 1869 1506 1909 mos
1549 1854 1693 1909 enim
1736 1859 1819 1908 est

211 1951 512 2021 Scriptura:
536 1967 705 2008 sacrae
729 1960 946 2022 propter
974 1966 1073 2007 nos
1100 1960 1155 2007 et
1173 1950 1239 2004 ad
1267 1950 1552 2005 utilitatem
1575 1957 1816 2002 nostram

216 2044 478 2099 immanis
505 2045 579 2099 uti
607 2045 812 2100 verbis.
841 2043 994 2112 Quod
1023 2053 1082 2098 ut
1106 2043 1316 2098 ediscas
1337 2083 1352 2108 ,
1385 2039 1658 2112 perpende
1686 2054 1820 2110 quo-

217 2134 387 2187 modo
431 2134 610 2202 prius,
641 2147 766 2188 cum
795 2133 864 2189 de
901 2133 1178 2188 stellarum
1223 2134 1496 2186 creatione
1537 2139 1820 2200 ageretur,

217 2221 414 2276 eadem
454 2236 551 2275 usa
583 2222 653 2276 sit
691 2237 825 2279 voce
851 2216 1077 2277 dicens:
1108 2221 1174 2276 Et
1202 2220 1370 2290 posuit
1403 2219 1522 2273 illas
1561 2220 1616 2272 in
1645 2219 1822 2286 firma-

221 2320 397 2365 mento
439 2311 574 2375 cali,
612 2325 720 2365 non
757 2319 816 2365 ut
839 2326 932 2366 eas
972 2310 1107 2366 ctelo
1150 2311 1341 2364 inilxas
1384 2318 1631 2378 putemus
1678 2306 1825 2380 (nam

221 2415 418 2456 eorum
459 2401 687 2471 singulze
727 2402 1002 2472 proprium
1050 2416 1266 2457 cursum
1309 2401 1618 2465 coniiciunt,
1650 2402 1826 2456 locum

226 2503 295 2544 ex
330 2490 456 2544 loco
483 2492 800 2559 mutantes),
827 2492 922 2548 sed
963 2501 1021 2547 ut
1047 2492 1258 2558 doceat,
1301 2506 1362 2547 se
1389 2491 1496 2546 illis
1533 2492 1665 2546 utin
1696 2493 1829 2546 excto

227 2588 418 2635 essent
459 2581 818 2650 pnecepisse,
867 2590 925 2637 ut
967 2582 1241 2637 hominem
1284 2583 1446 2651 jussit
1486 2582 1538 2635 in
1584 2581 1831 2650 paradiso

226 2670 452 2742 degere.
486 2672 541 2727 9.
568 2670 636 2725 Et
681 2673 954 2742 produxit,
985 2674 1175 2744 inquit,
1217 2672 1360 2727 Deus
1403 2673 1467 2726 de
1507 2681 1642 2726 terra
1683 2689 1832 2726 autne

230 2763 431 2832 lignum
455 2761 731 2832 pulchrum
751 2763 822 2816 ad
849 2763 1144 2830 uidendum,
1172 2774 1220 2817 et
1241 2763 1428 2816 bonum
1453 2763 1521 2815 ad
1544 2763 1794 2816 edendum
1810 2804 1826 2828 ,

235 2864 284 2908 et
314 2854 518 2925 lignum
542 2855 656 2909 vita:
677 2855 732 2909 in
755 2856 922 2909 medio
942 2856 1170 2926 paradisi
1197 2863 1245 2910 et
1272 2856 1467 2925 lignum
1487 2855 1555 2908 ad
1573 2856 1835 2909 sciendum

237 2942 434 2996 bonum
457 2952 508 2997 et
537 2944 748 2997 malum.
777 2945 918 3000 Ecce
938 2945 1098 2998 aliam
1121 2943 1363 3000 beneﬁcii
1390 2944 1624 3014 speciem
1653 2945 1705 2998 in
1739 2943 1837 2998 ho-

239 3048 434 3088 norem
464 3035 633 3089 creati
675 3036 926 3091 hominis.
966 3035 1101 3104 Quia
1130 3036 1273 3092 enim
1313 3037 1462 3091 illum
1504 3038 1558 3091 in
1586 3036 1836 3106 paradiso

241 3126 455 3181 versari
481 3126 730 3192 volebat,
759 3129 1016 3197 praecepit
1049 3143 1117 3182 ex
1153 3136 1294 3183 terra
1335 3129 1556 3182 arbores
1598 3128 1837 3182 diversas

237 3217 395 3282 oriri,
425 3233 548 3286 qua:
593 3217 751 3272 simul
791 3226 846 3273 et
886 3227 1108 3288 aspectu
1141 3216 1392 3282 iucundae
1437 3225 1652 3282 essent,
1682 3227 1736 3271 et
1769 3217 1837 3270 ad

237 3308 424 3362 cibum
453 3318 613 3374 aptae.
647 3307 811 3363 Omne
843 3309 1059 3380 lignum,
1091 3310 1280 3380 inquit,
1313 3310 1582 3380 pulchrum
1610 3319 1837 3378 aspectu,

240 3395 295 3450 id
319 3402 429 3460 est,
463 3395 527 3448 ad
556 3399 952 3466 spectaculum;
979 3397 1050 3451 Et
1079 3399 1265 3452 bonum
1294 3399 1362 3452 ad
1388 3414 1564 3463 esum;
1589 3397 1840 3452 videlicet

243 3485 413 3556 ligna,
443 3501 563 3555 qua:
593 3491 766 3542 visum
795 3488 1067 3544 oblectare
1092 3495 1346 3558 possent,
1374 3498 1427 3543 et
1457 3504 1552 3545 esu
1592 3504 1838 3559 magnam

242 3577 497 3647 prtebere
525 3579 883 3647 voluptatem;
907 3594 1132 3649 quicque
1159 3587 1340 3649 utpote
1361 3579 1524 3633 multa
1551 3589 1607 3633 et
1625 3579 1840 3648 copiosa

243 3666 479 3722 multum
534 3665 598 3720 iis
644 3681 810 3722 usuro
859 3677 1109 3737 parerent
1157 3669 1501 3738 voluptatem.
1554 3667 1726 3723 Omne
1773 3668 1841 3722 li—

239 3770 436 3826 gnum,
467 3756 655 3826 inquit,
687 3756 1062 3828 quodcumque
1083 3759 1304 3825 dixeris,
1327 3753 1455 3813 eriri
1481 3758 1710 3813 curavit.
1745 3758 1841 3812 Vi-

241 3846 671 3901 distin'miscria
712 3861 937 3902 vacuam
971 3847 1393 3904 habitationem?
1430 3848 1664 3904 vidistin‘
1683 3850 1842 3903 vitam

243 3933 604 3990 mirabilem?
633 3934 789 3991 Sicut
809 3937 1031 4008 angelus
1063 3937 1277 4008 quidam
1295 3979 1310 4006 ,
1341 3940 1657 3995 versabatur
1683 3939 1845 3994 homo

241 4026 301 4080 in
326 4035 495 4092 terra,
517 4041 747 4096 corpore
767 4028 983 4097 quidem
1005 4029 1254 4094 amictus,
1271 4029 1366 4085 sed
1384 4042 1534 4084 extra
1556 4045 1844 4102 corporeas

241 4115 608 4170 necessitates
636 4117 961 4173 constitutus
981 4159 996 4186 ,
1028 4128 1084 4174 et
1116 4120 1567 4189 quemadmodum
1612 4135 1844 4191 purpura

239 4214 303 4260 et
332 4205 644 4262 diademate
667 4217 909 4275 ornatus,
932 4224 1304 4280 purpureaque
1331 4212 1547 4266 indutus
1573 4221 1742 4278 veste,
1770 4214 1848 4268 sic

240 4310 371 4348 cum
405 4295 654 4351 libertate
679 4299 991 4354 versabatur
1033 4301 1086 4354 in
1122 4301 1355 4371 paradisi
1401 4301 1650 4368 sedibus,
1682 4303 1846 4358 multa

239 4385 497 4456 gaudens
538 4403 716 4441 rerum
774 4390 948 4459 copia.
999 4390 1068 4444 Et
1102 4393 1330 4462 lignum,
1378 4393 1582 4462 inquit,
1633 4396 1748 4449 vita
1795 4396 1848 4450 in

239 4479 419 4530 medio
442 4479 691 4546 paradisi,
724 4490 769 4533 et
787 4482 980 4552 lignum
996 4483 1063 4536 ad
1077 4484 1335 4537 sciendum
1355 4485 1540 4539 bonum
1565 4496 1611 4541 el
1634 4488 1844 4541 malum.

241 4567 548 4637 Postquam
576 4584 672 4624 nos
698 4571 913 4637 docuit,
949 4582 1146 4629 terram
1174 4590 1334 4631 omne
1364 4577 1566 4646 lignum
1602 4579 1849 4635 emisisse

238 4659 552 4713 secundum
600 4659 811 4718 Domini
855 4676 1217 4735 praeceptum,
1256 4666 1549 4735 jucundum
1605 4669 1757 4734 visu,
1793 4678 1849 4725 et
1928 4695 1933 4700 ~

242 4749 460 4804 Iunium
508 4764 626 4815 esu,
657 4760 782 4806 tunc
822 4754 938 4808 ait:
972 4753 1038 4807 Et
1063 4756 1258 4825 lignum
1303 4757 1416 4809 vita
1452 4757 1505 4809 in
1545 4757 1710 4811 medio
1753 4775 1851 4826 pa-

240 4841 416 4894 radisi
439 4881 455 4905 ,
479 4851 528 4895 et
553 4842 746 4911 lignum
779 4845 845 4896 ad
871 4845 1130 4898 sciendum
1168 4847 1351 4900 bonum
1380 4857 1426 4901 et
1461 4849 1672 4902 malum.
1716 4848 1849 4904 Cum

242 4937 540 5002 pmeseiret
581 4937 724 4989 cnim
752 4937 1012 5008 benignus
1057 4939 1314 4994 Dominus
1333 4981 1348 5008 ,
1373 4949 1560 5010 utpote
1586 4941 1808 4997 Creator
1831 4983 1847 5012 ,

241 5035 647 5081 nocumentum
692 5043 756 5080 ex
810 5029 1055 5083 libertate
1099 5039 1156 5083 et
1199 5031 1484 5085 securitate
1524 5035 1850 5101 procedente

243 5127 507 5186 tempore
543 5116 828 5179 oriturum,
875 5118 1126 5187 produxit
1169 5120 1366 5188 lignum
1406 5121 1528 5174 vita:
1579 5122 1633 5174 in
1673 5123 1851 5177 medio

243 5206 520 5277 paradisi,
554 5221 759 5260 necnon
795 5207 992 5277 lignum
1038 5209 1240 5262 sciendi
1289 5210 1490 5263 bonuni‘
1532 5217 1587 5264 et
1626 5212 1846 5276 malum,

242 5301 380 5368 quia
410 5312 518 5351 non
547 5297 714 5351 multo
742 5307 862 5368 post
887 5299 955 5352 ab
979 5314 1046 5354 eo
1071 5299 1339 5354 abstinere
1364 5301 1607 5368 jussurus
1628 5311 1762 5368 erat,
1795 5315 1853 5357 ut

243 5393 401 5444 scire
453 5399 636 5458 posset
678 5405 738 5445 se
782 5405 846 5445 ex
884 5393 1050 5462 gratia
1096 5401 1150 5447 et
1177 5392 1542 5462 benignitate’
1579 5395 1684 5448 illis
1723 5394 1853 5450 frui-

257 5490 451 5536 turum
482 5494 624 5544 esse,
655 5495 718 5535 ac
762 5497 822 5536 se
858 5481 1136 5536 Dominum
1165 5493 1218 5536 et
1244 5483 1554 5539 Creatorem
1594 5499 1714 5540 esse
1741 5496 1850 5539 tum

261 5573 416 5626 iltius
461 5571 795 5638 substantiae,
828 5581 937 5627 tum
973 5575 1211 5628 omnium
1247 5575 1553 5630 visibilium.
1596 5576 1719 5630 ideo
1742 5576 1851 5645 jam

325 5749 344 5780 ⁸
386 5754 512 5796 Tres
525 5752 653 5810 διες..
668 5747 1042 5812 magniﬁcentia,
1064 5763 1168 5809 pro,
1193 5749 1494 5809 beniqnitale.

1303 378 1368 436 IN
1406 376 1642 436 CAPJi.
1685 372 1926 433 GENES.
1969 372 2198 431 HOMIL.
2241 370 2378 430 χιιι.

3390 376 3493 429 Hii

1899 488 2025 559 ligni
2055 491 2380 544 uacationem
2429 488 2595 557 fecit,
2631 499 2696 544 ac
2739 484 3013 544 ﬂuminum
3048 491 3259 544 nomina
3298 489 3494 544 deinde

1902 584 2056 638 nobis
2082 583 2358 650 declarat,
2391 582 2711 652 illorutnque
2739 593 2796 636 ut
2822 583 3017 636 dixerit
3044 583 3305 652 quispiam
3336 597 3493 650 sepa-

1902 668 2204 742 rationcm,
2246 692 2309 732 ac
2348 677 2618 747 quomodo
2661 691 2727 731 ex
2773 675 2863 730 illo
2883 676 2974 746 qui
3024 675 3329 746 paradisum
3376 675 3496 728 irri-

1903 770 2082 840 gahat,
2128 771 2214 825 alii
2263 770 2317 824 in
2346 781 2575 840 quatuor
2615 771 2786 838 capita
2827 770 3006 833 divisi,
3046 769 3264 823 climata
3306 767 3495 821 distin-

1905 870 2151 932 guerent.
2176 862 2373 916 Verum
2401 863 2537 916 forte
2563 862 2596 915 ii
2619 861 2706 931 qui
2732 877 2797 915 ex
2822 861 3033 931 propria
3061 852 3494 927 sapientialoqui

1907 959 2126 1020 mlunt,
2175 952 2395 1009 ﬂumina
2444 952 2534 1006 illa
2587 967 2692 1006 non
2744 951 3049 1005 concedunt
3087 962 3205 1004 esse
3245 947 3496 1013 nutriua,

1909 1061 2081 1117 neque
2109 1060 2275 1117 aquas
2299 1044 2534 1100 fatentur
2554 1060 2675 1099 esse
2696 1058 2860 1112 aquas
2879 1083 2896 1109 ,
2926 1042 3020 1097 sed
3049 1040 3191 1095 aliud
3223 1040 3498 1117 imaginnri

1910 1142 2136 1197 suadent
2177 1141 2243 1196 iis
2270 1141 2360 1210 qui
2402 1139 2503 1193 sibi
2542 1151 2700 1192 aures
2740 1133 3145 1190 accommodare
3189 1133 3394 1186 volunt.
3435 1134 3505 1185 At

1912 1247 2045 1296 nos,
2076 1232 2321 1294 obsecro,
2367 1227 2671 1298 huiusmodi
2717 1226 2965 1281 homines
3005 1240 3073 1278 ne
3110 1223 3382 1288 feramus,
3407 1220 3503 1276 scd

1914 1325 2255 1379 obstruamus
2303 1321 2518 1376 illorum
2557 1317 2714 1374 dictis
2760 1331 2939 1383 aures,
2987 1315 3269 1369 credamus
3308 1313 3502 1367 divinae

1914 1415 2230 1484 Scriptum,
2261 1421 2422 1482 atque
2443 1426 2504 1465 ea
2547 1424 2668 1479 qua!
2707 1408 2759 1462 in
2787 1408 2877 1461 illa
2924 1405 3175 1461 dicuntur
3213 1411 3503 1469 sectantes,

1917 1523 2100 1562 sanam
2140 1504 2440 1560 doctrinam
2484 1504 2537 1556 in
2581 1501 2776 1554 animis
2823 1497 3022 1554 nostris
3061 1511 3326 1565 reponere
3365 1505 3509 1549 sata-

1917 1613 2123 1668 gamus,
2153 1597 2476 1666 insuperque
2502 1593 2664 1647 vitam
2687 1592 2969 1661 diligenter
2987 1588 3346 1652 inStituamus,
3378 1595 3431 1639 ut
3457 1592 3510 1640 ct

1919 1690 2033 1758 ipsa
2077 1688 2186 1742 vita
2230 1688 2301 1741 sit
2342 1684 2602 1739 doctrina:
2648 1681 2829 1746 testis,
2854 1690 2908 1735 et
2951 1679 3200 1749 dogmata
3246 1676 3360 1746 ipsa
3386 1675 3510 1729 vitae

1922 1781 2082 1834 ﬁdem
2115 1778 2326 1833 faciant.
2357 1777 2488 1832 Nam
2530 1780 2574 1831 si
2620 1775 2867 1845 dogmata
2895 1772 3113 1842 quidem
3151 1780 3295 1824 recta
3327 1777 3511 1823 tenea-

1923 1887 2060 1936 mus,
2092 1871 2362 1939 vitamque
2384 1878 2562 1923 tamen
2593 1865 2942 1936 negligamus,
2971 1861 3102 1916 nihil
3127 1861 3176 1915 id
3205 1861 3359 1914 nobis
3389 1874 3512 1928 pro-

1925 1965 2099 2028 derit;
2127 1962 2433 2033 pariterque
2464 1959 2509 2013 si
2540 1958 2662 2012 vita:
2686 1971 2869 2012 curam
2897 1955 3208 2016 habeamus,
3240 1960 3512 2007 rectorum

1928 2065 2108 2112 autem
2131 2055 2437 2128 dogmatum
2476 2052 2696 2107 minimc
2716 2090 2733 2118 ,
2764 2047 2897 2103 nihil
2927 2047 2992 2101 ad
3022 2045 3249 2101 salutem
3275 2052 3512 2097 nostram

1929 2149 2056 2202 utile
2083 2129 2277 2201 lucrari
2309 2143 2621 2215 poterimus.
2659 2142 2760 2196 Par
2787 2147 2868 2195 est
2911 2138 3077 2202 enim,
3115 2136 3160 2190 si
3191 2134 3517 2190 voluerimus

1929 2251 1984 2295 et
2012 2255 2041 2293 a
2084 2239 2323 2310 gehenna
2353 2235 2562 2292 liberari
2586 2277 2598 2300 ,
2627 2243 2679 2288 et
2706 2244 2926 2304 regnum
2972 2229 3260 2298 consequi,
3292 2236 3520 2297 utroque

1931 2330 2132 2397 ornari,
2174 2339 2227 2384 et
2257 2328 2405 2383 sanis
2442 2323 2800 2394 dogmatibus,
2831 2331 2883 2375 et
2915 2321 3037 2374 vitae
3074 2332 3222 2372 cura.
3255 2317 3384 2384 Quae
3412 2315 3520 2370 uti-

1933 2423 2075 2488 litas,
2099 2435 2303 2489 quasso,
2331 2419 2538 2473 arboris
2562 2414 2812 2486 przealta‘,
2838 2423 2891 2467 et
2918 2411 3062 2466 loliis
3089 2411 3381 2473 vernantis,
3404 2422 3522 2478 quas

1934 2511 2194 2566 fructibus
2222 2524 2389 2564 vacua
2432 2507 2539 2562 sit?
2571 2506 2659 2562 Sic
2686 2514 2738 2560 et
2779 2502 3084 2557 Christiano
3126 2499 3257 2554 nihil
3301 2506 3524 2568 prosunt

1936 2614 2080 2657 recta
2133 2603 2419 2671 dogmata,
2476 2600 2522 2655 si
2569 2599 2694 2652 vitae
2753 2596 3050 2650 institutum
3101 2591 3348 2662 negligat.
3399 2589 3527 2644 ideo

1935 2695 2183 2749 Christus
2235 2693 2366 2746 tales
2406 2692 2651 2745 homines
2685 2691 2872 2743 beatos
2911 2686 3162 2742 diccbat:
3212 2683 3400 2738 Beatus
3441 2683 3528 2753 qui

1937 2785 2128 2856 fecerit,
2159 2794 2203 2837 et
2225 2785 2450 2837 docuerit
2478 2782 2694 2854 (Matth.
2724 2781 2777 2836 5.
2809 2779 2923 2852 i9).
2954 2779 3085 2833 Nam
3115 2778 3358 2833 doctrina
3392 2790 3527 2846 ope-

1938 2889 2056 2930 rum
2087 2875 2240 2945 longe
2279 2874 2578 2928 accuratior
2618 2881 2674 2926 et
2717 2870 2821 2925 iide
2849 2869 3060 2939 dignior
3087 2878 3206 2933 est,
3235 2881 3398 2938 quam
3429 2866 3528 2920 do-

1940 2965 2110 3018 ctrina
2142 2965 2426 3017 vcrborum
2455 2982 2467 3014 :
2501 2963 2700 3016 ctenim
2726 2960 2816 3029 qui
2846 2961 2984 3015 bene
3027 2959 3163 3027 agit,
3190 2957 3399 3012 etiamsi
3446 2965 3530 3008 ta-

1941 3065 2083 3118 ceat,
2104 3070 2201 3110 nec
2223 3054 2486 3118 videatur,
2517 3054 2798 3107 instituere
2824 3059 3020 3121 potest,
3046 3048 3180 3104 alios
3204 3048 3410 3104 scilicet
3436 3062 3532 3116 per

1942 3148 2284 3216 adSpectum,
2319 3145 2453 3199 alios
2494 3159 2591 3216 per
2619 3158 2809 3208 aures;
2855 3143 3075 3213 ipseque
3117 3141 3284 3196 multa
3326 3140 3534 3195 Delbe-

1944 3239 2246 3294 nevoleutia
2291 3237 2518 3299 fruetur,
2557 3235 2684 3290 dum
2716 3235 2768 3290 id
2807 3234 2967 3290 efilcit
2995 3244 3052 3288 ut
3100 3247 3206 3289 non
3235 3230 3395 3287 modo
3437 3245 3536 3302 per

1944 3330 2214 3398 seipsum,
2261 3327 2354 3382 sed
2409 3328 2569 3382 etiam
2615 3342 2710 3395 per
2752 3340 2847 3381 eos
2886 3325 2976 3395 qui
3025 3323 3202 3394 ipsum
3241 3323 3538 3392 respiciunt

1947 3420 2205 3474 Dominus
2238 3418 2377 3473 ‘suus
2415 3418 2738 3473 celebretur.
2776 3415 2875 3482 Qui
2931 3413 3237 3484 hujusmodi
3276 3423 3389 3476 est,
3441 3426 3539 3482 per

1947 3520 2230 3567 sescentas
2260 3512 2467 3580 linguas
2492 3520 2547 3564 et
2574 3522 2670 3580 per
2710 3509 2872 3563 multa
2905 3523 3000 3562 ora
3037 3508 3236 3578 gratias
3270 3515 3325 3560 et
3352 3505 3539 3559 laudes

1946 3602 2134 3656 offeret
2159 3603 2528 3657 universorum
2554 3602 2684 3656 Deo.
2708 3600 2891 3670 Neque
2916 3599 3059 3654 enim
3083 3598 3195 3652 noti
3215 3597 3387 3651 solum
3415 3596 3540 3649 vita:

1949 3693 2090 3746 illius
2116 3701 2303 3758 testes,
2332 3701 2386 3747 et
2412 3691 2559 3746 illum
2591 3701 2644 3745 et
2667 3690 2832 3758 ipsius
2863 3689 3147 3743 Dominum
3180 3688 3538 3748 admirantur,

1948 3781 2044 3836 sed
2069 3782 2233 3836 etiam
2261 3796 2364 3836 non
2395 3782 2508 3836 noti
2535 3781 2602 3835 ab
2631 3780 2751 3834 aliis
2778 3779 3070 3844 discentes,
3097 3787 3207 3831 tum
3234 3778 3323 3847 qui
3357 3776 3540 3845 procul

1951 3872 2227 3937 habitant,
2255 3880 2310 3927 et
2336 3872 2497 3941 longo
2535 3870 2818 3926 intervallo
2855 3869 3028 3924 dissiti
3058 3877 3204 3933 sunt,
3247 3881 3352 3922 non
3383 3866 3541 3921 amici

1951 3963 2131 4028 modo,
2159 3963 2253 4019 sed
2289 3963 2448 4017 etiam
2490 3961 2724 4025 inimici,
2758 3960 2968 4015 virtutis
3008 3958 3353 4014 eminentiam
3385 3972 3543 4013 reve-

1952 4055 2229 4108 rebantur.
2260 4053 2429 4107 Tanta
2453 4052 2647 4121 quippe
2668 4060 2751 4106 est
2775 4050 2915 4105 illius
2945 4051 3142 4116 virtus,
3169 4056 3227 4102 ut
3251 4049 3413 4102 etiam
3439 4062 3540 4116 0p-

1951 4147 2297 4216 pugnantium
2343 4160 2404 4199 se
2428 4159 2521 4198 ora
2563 4144 2806 4198 obstruat
2837 4150 2893 4195 ct
2933 4141 3165 4210 linguam
3211 4150 3538 4208 compescat.

1952 4239 2030 4291 Ac
2059 4233 2506 4306 quemadmodum
2545 4233 2748 4288 solares
2785 4233 2964 4287 radios
3002 4232 3198 4286 inilrmi
3234 4231 3404 4286 oculis
3438 4232 3538 4284 oh-

1954 4327 2091 4382 tueri
2123 4343 2228 4380 non
2258 4326 2479 4392 audent,
2507 4326 2584 4379 sic
2610 4339 2710 4380 nec
2740 4325 2990 4378 virtutem
3022 4337 3271 4392 umquam
3303 4321 3539 4390 nequitia

1951 4419 2160 4474 ohtueri
2192 4419 2406 4488 poterit,
2438 4417 2532 4472 sed
2564 4417 2778 4472 recedet
2805 4425 2858 4469 et
2880 4409 3026 4486 terga
3047 4414 3212 4479 dabit,
3242 4415 3543 4482 victamque

1954 4526 2013 4566 se
2044 4511 2309 4565 fatebitur.
2341 4510 2493 4576 Quod
2529 4525 2650 4564 cum
2681 4524 2993 4578 persuasum
3038 4509 3191 4562 nobis
3232 4508 3321 4571 sit,
3358 4507 3540 4562 virtuti

1956 4602 2274 4663 hazrcamus,
2307 4609 2466 4670 atque
2514 4599 2722 4653 fortiter
2746 4607 2800 4653 ct
2830 4607 2944 4652 tuto
2972 4599 3134 4651 vitam
3169 4597 3541 4658 instituamus,

1955 4701 2009 4745 et
2033 4709 2152 4762 quae
2177 4691 2396 4746 minima
2421 4691 2666 4746 videntur
2695 4700 2935 4760 peccata,
2964 4690 3075 4745 sive
3104 4691 3155 4744 in
3184 4691 3362 4745 verbis
3382 4733 3396 4756 ,
3430 4690 3542 4743 sivo

1956 4782 2006 4836 iu
2037 4781 2319 4851 operibus,
2363 4781 2548 4836 sedulo
2588 4780 2835 4836 vitemus.
2864 4783 2952 4837 Sic
2986 4783 3128 4836 enim
3162 4798 3450 4852 numquam
3490 4783 3542 4835 in

1956 4872 2159 4941 majora
2185 4872 2482 4927 incidemus
2502 4915 2516 4938 ,
2557 4873 2653 4927 sia
2686 4873 2860 4940 parvis
2897 4873 3299 4928 abstineamus:
3329 4889 3393 4927 ac
3423 4889 3544 4942 pro.

1956 4965 2181 5019 cedente
2212 4975 2454 5032 tempore
2474 4964 2789 5033 poterimus,
2820 4980 3050 5034 superna
3094 4964 3303 5019 favente
3336 4966 3543 5034 gratia,

1956 5070 2224 5109 summam
2275 5058 2523 5110 virtutem
2575 5057 2871 5125 attingere,
2927 5056 3256 5110 reconditam
3310 5056 3546 5125 ell‘ugere

1959 5162 2169 5214 poenam
2198 5155 2252 5201 et
2293 5154 2491 5201 acterna
2536 5147 2790 5214 consequi
2837 5146 3040 5208 bona‘,
3090 5148 3256 5215 gratia
3297 5157 3350 5201 et
3396 5147 3546 5199 beni-

1956 5241 2157 5307 gnitate
2197 5239 2406 5292 Domini
2450 5239 2618 5292 nostri
2659 5237 2785 5292 Jesu
2836 5238 3054 5304 Christi,
3087 5253 3210 5291 cum
3265 5253 3369 5307 quo
3400 5237 3540 5291 Patri

1958 5341 2249 5400 sanctoque
2272 5332 2492 5401 Spiritui
2521 5333 2591 5387 sit
2617 5331 2807 5401 gloria,
2839 5331 3144 5400 imperium,
3175 5330 3369 5396 honor,
3400 5345 3544 5386 nunc

1958 5432 2011 5475 et
2040 5437 2272 5492 semper,
2303 5432 2357 5477 et
2384 5422 2437 5476 in
2463 5421 2656 5477 saicula
2683 5421 3022 5476 saeculorum.
3050 5421 3243 5477 Amen.

2012 5621 2026 5649 ι
2066 5626 2168 5667 Post
2192 5619 2278 5670 bas
2297 5635 2463 5692 voces,
2490 5627 2713 5692 consequi
2738 5625 2875 5692 bona,
2917 5625 3105 5676 additur
3141 5629 3189 5676 iu
3213 5627 3400 5686 savilio,
3426 5643 3534 5692 φιω

1947 5691 2030 5798 δεῖ
2050 5683 2458 5792 colligere
2481 5683 2680 5736 eveniat.
2720 5683 2906 5747 Morel},
2933 5701 3042 5751 qua:
3064 5702 3147 5741 nos
3168 5701 3328 5741 armies
3366 5683 3526 5742 emise-
