4058 6302
572 366 660 424 ιιι
1220 357 1276 414 S.
1316 354 1591 413 JO.\NN|S
1627 346 2101 412 CIIRYSOSTOMI
2143 343 2454 402 ARCHIEP.
2484 347 3016 409 CONSTANTINOP.

1134 473 1407 528 "UillLlA
1436 471 1572 527 XIV.

577 601 640 654 Et
666 603 856 672 accepit
884 600 1129 655 Dominus
1162 600 1299 654 Deus
1321 600 1592 664 laetantem,
1625 613 1771 669 quem
1801 593 2032 666 formarit
2053 633 2068 656 ,
2098 601 2144 644 et

645 693 810 761 posuit
838 708 952 745 eum
993 691 1045 745 in
1075 692 1310 761 paradiso
1349 690 1622 757 uoluptatis
1640 730 1656 755 ,
1685 698 1739 743 ut
1767 696 2059 757 operaretur
2097 693 2145 738 et

642 784 913 838 custodiret
941 783 1085 837 illum
1111 783 1264 852 (Gen.
1289 782 1343 836 2.
1379 783 1492 854 15).

646 920 697 972 i.
722 918 937 984 lterum,
963 918 1007 972 si
1029 918 1206 980 vultis,
1230 917 1495 973 hesternae
1514 916 1784 970 concionis
1806 915 1962 969 seriei
1989 913 2150 969 hodie

578 1008 905 1071 insistentes,
955 1007 1077 1060 hinc
1115 1007 1267 1062 vobis
1303 1006 1630 1076 spiritualem
1669 1004 1972 1059 doctrinam
2020 1017 2150 1057 con-

576 1106 758 1151 texere
784 1094 1106 1150 curabimus.
1138 1095 1300 1149 Multa
1325 1095 1465 1149 enim
1495 1095 1549 1148 in
1577 1093 1662 1159 iis,
1689 1108 1809 1163 quae
1843 1091 2003 1146 modo
2027 1101 2150 1145 sunt

580 1186 735 1251 lecta,
775 1186 1047 1240 recondita
1091 1186 1170 1239 vis
1197 1194 1297 1250 cst,
1346 1192 1402 1238 et
1426 1199 1524 1255 par
1564 1194 1647 1239 est
1683 1198 1780 1237 nos
1810 1184 1861 1238 iu
1893 1181 2150 1252 profunda

576 1283 938 1344 penetrantes,
983 1282 1142 1343 atque
1167 1280 1413 1328 accurate
1449 1273 1629 1328 omnia
1669 1273 2031 1341 cxplorautes,
2065 1269 2148 1322 lu-

577 1378 728 1418 crum
761 1364 882 1419 inde
911 1364 1216 1433 decerpere.
1251 1362 1380 1417 Nam
1415 1363 1460 1416 si
1489 1362 1524 1416 ii
1549 1363 1637 1433 qui
1673 1363 1932 1431 pretiosos
1954 1360 2153 1429 lapides

578 1451 631 1507 in
689 1453 822 1506 mari
880 1455 1158 1521 exquirere
1219 1454 1472 1522 cupiunt,
1540 1463 1740 1507 tantum
1805 1454 2040 1507 laborem
2101 1459 2156 1505 et

577 1542 873 1596 molestiam
921 1542 1178 1609 subeunt,
1232 1543 1610 1612 incompositos
1654 1557 1911 1612 aquarum
1965 1540 2156 1595 fluctus

579 1632 865 1699 adeuntes,
908 1643 965 1688 ut
1001 1634 1198 1703 Optatis
1251 1635 1518 1704 potiantur
1565 1650 1579 1687 :
1627 1634 1795 1686 multo
1842 1633 2009 1700 magis
2059 1647 2156 1686 nos

578 1723 814 1777 animum
859 1723 1132 1778 intendere
1176 1738 1272 1794 par
1301 1732 1417 1787 est,
1455 1732 1513 1776 ut
1546 1721 1878 1791 perlustratis
1935 1722 2000 1774 iis
2038 1735 2157 1789 qua:

584 1813 637 1867 in
690 1811 952 1880 profundo
990 1812 1251 1867 dictorum
1280 1812 1464 1878 latent,
1509 1813 1587 1866 sic
1617 1811 1878 1881 pretiosos
1926 1810 2045 1864 illos
2083 1810 2156 1862 la-

581 1903 730 1972 pides
759 1905 1151 1959 nanciscamur.
1180 1904 1284 1960 Sed
1312 1919 1381 1959 ne
1403 1905 1609 1968 timeas,
1635 1903 1849 1968 dilecte,
1878 1918 2000 1958 cum
2029 1916 2156 1972 pro-

583 1990 804 2047 fundum
834 1992 1009 2048 audis.
1030 1992 1147 2048 Non
1177 1994 1319 2047 enim
1346 1993 1434 2048 hic
1462 1993 1691 2061 impetus
1717 2002 1799 2047 est
1819 1992 2156 2047 mstuantium

583 2082 868 2148 undarum,
898 2083 992 2138 sed
1034 2083 1265 2152 Spiritus
1289 2085 1457 2153 gratia
1507 2093 1739 2138 mentem
1777 2091 2013 2137 nostram
2042 2081 2159 2135 illu-

585 2181 783 2236 strans,
835 2186 955 2241 quae
998 2170 1052 2226 id
1100 2181 1338 2241 praestat,
1391 2180 1448 2226 ut
1497 2173 1716 2242 quasita
1771 2172 1974 2226 facilius
2013 2171 2160 2224 inve-

584 2261 830 2325 niantur,
862 2269 916 2315 et
939 2260 1177 2315 laborem
1209 2274 1419 2314 omnem
1451 2261 1620 2314 levem
1651 2259 1834 2314 eflicit.
1863 2259 1985 2314 Illos
2013 2266 2160 2314 certe

587 2348 795 2416 lapillos
823 2350 1088 2402 invenisse
1107 2357 1433 2403 scrutantem
1455 2362 1560 2402 non
1582 2348 1802 2402 multum
1828 2348 1997 2417 juvat,
2016 2361 2159 2416 sazpe

584 2448 765 2494 autem
786 2440 833 2493 ei
864 2441 1045 2495 nocuit
1065 2449 1120 2495 et
1148 2441 1291 2494 mille
1312 2440 1707 2509 naufragiorum
1733 2455 1892 2495 causa
1921 2440 2035 2504 fuit,
2060 2453 2160 2494 nec

585 2537 786 2583 tantam
821 2530 1105 2598 reperienti
1132 2529 1367 2585 laetitiam
1397 2532 1624 2602 peperit,
1653 2539 1904 2601 quantam
1936 2531 2161 2601 repertis

587 2618 693 2674 illis
721 2620 1018 2674 molestiam
1045 2628 1294 2687 expertus
1317 2629 1419 2685 est,
1443 2620 1742 2674 invidorum
1768 2635 1962 2689 nempe
1989 2619 2159 2673 oculis

588 2711 870 2764 adversum
903 2722 964 2764 se
990 2709 1291 2777 mncitatis,
1322 2719 1377 2764 et
1404 2710 1578 2764 avaris
1605 2709 1673 2764 ad
1700 2709 1897 2765 bellum
1935 2709 2034 2765 sibi
2075 2711 2160 2763 in-

587 2799 861 2854 ferendum
891 2799 1129 2857 armatis.
1151 2799 1225 2854 Ita
1253 2817 1359 2856 non
1392 2802 1551 2857 modo
1577 2802 1775 2856 nullam
1807 2804 2081 2857 utilitatem
2107 2804 2160 2857 in

589 2890 751 2946 vitam
780 2891 1033 2946 inducunt
1063 2893 1260 2960 reperti
1287 2894 1360 2947 illi
1389 2893 1617 2962 lapides;
1647 2895 1740 2947 sed
1768 2895 1928 2949 etiam
1966 2893 2162 2947 multo-

585 2994 703 3034 rum
732 2990 851 3035 sunt
885 2996 1043 3035 causa
1082 2983 1365 3036 bellorum.
1395 2984 1643 3037 Avaritia:
1671 2998 1900 3051 namque
1942 2983 2160 3036 materia

587 3079 693 3137 est,
738 3081 791 3127 et
833 3074 1100 3128 caminum
1147 3073 1450 3143 cupiditatis
1494 3073 1804 3138 incendens,
1845 3089 2026 3127 eorum
2074 3072 2163 3141 qui

592 3160 691 3229 ipsi
739 3161 903 3215 dediti
943 3177 1065 3215 sum
1112 3163 1348 3216 animum
1378 3173 1673 3242 oppugnat.
1701 3162 1757 3217 ln
1804 3164 2166 3234 spiritualibus

591 3259 775 3302 contra
807 3249 953 3304 hisce
993 3250 1240 3318 pretiosis
1272 3251 1533 3320 lapidibus
1563 3251 1693 3305 nihil
1722 3250 2025 3321 hujusmotli
2058 3268 2169 3304 mc-

590 3340 870 3406 tucntlum,
897 3340 992 3395 sed
1017 3341 1214 3395 divitia:
1242 3341 1365 3396 hinc
1382 3341 1621 3396 collecta:
1652 3344 1925 3397 immensae
1950 3353 2094 3409 sunt,
2115 3353 2168 3396 et

591 3429 838 3500 voluptas
889 3431 1378 3498 immarcescihilis,
1430 3441 1484 3486 et
1540 3433 1700 3503 longo
1753 3433 2026 3488 intervallo
2079 3448 2169 3487 su-

593 3536 786 3591 perans
807 3537 1021 3576 omnem
1049 3524 1286 3577 ltetitiam
1309 3523 1583 3578 hominum
1611 3541 1675 3579 ex
1707 3526 2022 3595 supradictis
2045 3541 2166 3595 par-

593 3621 724 3663 tam.
755 3611 866 3664 lloc
888 3612 1071 3666 audias
1096 3612 1309 3666 beatum
1343 3612 1592 3668 Davidem
1617 3613 1884 3669 dicentem
1912 3634 1925 3668 :
1953 3615 2167 3668 Deside-

597 3701 781 3754 rabilia
806 3702 1014 3770 eloquia
1045 3711 1132 3755 tua
1158 3718 1309 3771 super
1345 3718 1525 3756 aurum
1565 3713 1612 3756 et
1642 3703 1860 3773 lapidem
1901 3706 2170 3773 pretiosum

596 3795 806 3847 multum
834 3792 1002 3862 (Psal.
1030 3794 1115 3848 18.
1140 3794 1253 3862 Η).
1275 3793 1568 3864 Viden‘quo
1585 3806 1739 3864 pacto
1759 3796 2032 3850 materiam
2058 3811 2174 3848 om-

598 3883 746 3938 nium
789 3884 1221 3951 pretiosissimam
1267 3883 1497 3937 habitam
1528 3885 1579 3936 iu
1616 3885 1845 3938 medium
1883 3885 2170 3948 adducens,

597 3986 705 4026 non
733 3972 892 4026 modo
922 3973 1010 4025 tali
1045 3973 1440 4040 comparatione
1478 3981 1760 4026 contentus
1795 3988 1900 4027 non
1939 3982 2053 4036 est;
2082 3972 2174 4026 sed

598 4061 808 4130 adjecit,
841 4059 1077 4126 Multum,
1110 4077 1215 4130 quo
1260 4062 1421 4116 verbo
1464 4063 1617 4116 nobis
1660 4063 1775 4131 ejus
1815 4063 2173 4131 praestantiam

599 4152 927 4205 declaravit?
955 4152 1122 4220 Super
1146 4169 1348 4216 aurum,
1373 4154 1558 4222 inquit,
1592 4164 1636 4206 et
1658 4155 1877 4223 lapidem
1903 4156 2176 4221 pretiosum

603 4243 817 4293 multum
845 4256 862 4294 :
892 4256 996 4295 non
1026 4242 1162 4311 quod
1192 4251 1333 4294 tanta
1365 4243 1535 4295 solum
1580 4245 1782 4297 ratione
1807 4244 2174 4298 desiderabilia

602 4331 712 4385 sint
751 4330 928 4384 divina
975 4330 1216 4398 eloquia,
1251 4331 1342 4384 sed
1387 4331 1508 4399 quia
1551 4331 1691 4385 solas
1735 4333 1891 4386 hasce
1932 4333 2177 4387 materias

608 4420 746 4488 apud
779 4419 1020 4475 homines
1049 4422 1210 4475 sciret
1235 4422 1288 4472 in
1318 4435 1526 4474 summo
1556 4419 1738 4475 haberi
1781 4423 1971 4490 pretio,
2015 4422 2095 4475 his
2125 4424 2177 4476 in

609 4511 839 4565 medium
870 4510 1108 4565 adductis
1138 4512 1206 4564 ita
1240 4511 1647 4578 prmcellentiam
1689 4512 1973 4574 indicavit,
2004 4521 2056 4566 et
2080 4512 2174 4564 de-

606 4603 857 4657 siderium
881 4604 1213 4672 eloquiorum
1238 4602 1461 4671 Spiritus
1490 4604 1853 4657 vchementius
1881 4619 1998 4658 esse
2025 4604 2176 4657 dixit.

611 4689 678 4744 Et
697 4701 752 4744 ut
770 4691 987 4744 discatis
1014 4691 1154 4746 hunc
1185 4707 1397 4760 semper
1425 4706 1544 4745 esse
1566 4707 1763 4746 morem
1786 4693 2069 4760 Scriptura:
2095 4693 2178 4745 di—

609 4781 745 4834 vina:
763 4781 1117 4852 spiritualibus
1140 4782 1296 4836 rebus
1320 4781 1563 4835 conferre
1583 4796 1699 4835 eam
1721 4797 1838 4849 qua:
1861 4784 1981 4837 inde
2004 4793 2179 4836 manat

620 4869 920 4935 utilitatem,
951 4880 1004 4923 et
1025 4871 1101 4923 sic
1122 4870 1534 4938 prmcellentiam
1563 4870 1863 4937 ostendere,
1897 4872 2072 4926 audite
2097 4887 2181 4925 sc-

609 4961 824 5028 qucntia
852 4977 863 5011 :
887 4958 951 5012 Et
977 4960 1205 5035 dulciora
1231 4977 1380 5029 super
1394 4961 1546 5014 metet
1574 4962 1763 5030 favum.
1798 4962 1861 5015 Et
1881 4962 2181 5032 hicquoquc

614 5063 718 5103 non
747 5050 885 5118 quod
907 5057 1055 5104 tanto
1080 5051 1253 5105 solum
1276 5051 1508 5106 dulciora
1537 5053 1673 5118 sint,
1702 5068 1799 5107 nec
1821 5055 1958 5122 quod
1983 5063 2180 5108 tantam

613 5144 817 5210 possint
839 5157 1027 5210 parere
1069 5142 1389 5212 voluptatem
1413 5185 1427 5206 ,
1460 5143 1552 5198 sed
1581 5147 1701 5214 quia
1749 5145 1880 5199 nihil
1921 5146 2102 5210 habuit
2131 5149 2181 5199 in

615 5235 772 5286 rebus
801 5234 1100 5299 sensilibus,
1130 5234 1268 5302 quod
1313 5234 1554 5288 conferre
1592 5245 1770 5303 posset
1811 5237 2061 5304 voluptati
2105 5238 2182 5290 di-

586 5349 592 5354 ·
619 5326 858 5378 vinnrum
889 5325 1218 5394 eloquiorum
1242 5344 1253 5377 :
1278 5325 1470 5380 idcirco
1501 5325 1584 5378 his
1610 5330 1932 5389 memoratis,
1964 5328 2038 5381 sic
2069 5328 2182 5380 illo-

619 5431 733 5467 rum
765 5416 1101 5469 eminentiam
1132 5415 1440 5481 descripsit,
1466 5431 1528 5469 ac
1558 5417 1853 5469 divinorum
1880 5419 2180 5486 dogmatnm

619 5506 937 5573 voluptatem
983 5506 1233 5572 majorem
1273 5519 1390 5558 esse
1439 5506 1587 5558 dixit.
1631 5508 1831 5559 Eadem
1877 5521 2056 5559 norma
2108 5509 2186 5560 in-

618 5597 797 5647 venies
810 5596 1071 5650 Christum
1087 5595 1138 5647 in
1152 5595 1436 5663 evangeliis
1452 5611 1621 5649 usum.
1637 5595 1767 5648 Nam
1783 5612 1903 5649 cum
1916 5597 2183 5665 discipulis

619 5685 936 5746 ιοιωργτρίιιιι,
971 5687 1301 5753 cupientibus
1337 5687 1816 5754 interpretationem
1855 5684 2059 5740 discere
2096 5703 2183 5755 pa-

3728 351 3830 407 H2

2252 458 2446 514 rabolae
2473 461 2785 516 seminantis
2813 463 3008 515 bonum
3039 475 3223 516 semen
3255 461 3306 515 in
3334 474 3463 532 agro
3486 474 3621 528 suo,
3647 470 3704 515 et
3729 463 3827 516 ini-

2249 548 2370 601 mici
2392 548 2590 602 zizania
2615 550 2754 604 inter
2779 550 3010 604 triticum
3033 548 3304 618 jacientis,
3329 550 3632 603 minutatim
3661 557 3828 603 totam

2249 638 2529 708 explicavit
2555 639 2881 708 parabolam,
2911 639 3094 694 dicens
3119 638 3238 707 quis
3263 636 3424 692 fuerit
3444 637 3489 702 is
3515 638 3605 706 qui
3631 636 3830 692 bonum

2251 743 2432 784 semen
2476 729 2790 793 seminavit,
2819 731 2939 800 quis
2965 745 3122 800 ager,
3163 745 3281 800 qua:
3332 728 3564 795 zizania,
3607 729 3726 798 quis
3768 743 3833 782 ea

2252 820 2613 885 seminaverit,
2643 820 2733 889 qui
2761 835 3050 886 messores,
3071 837 3193 890 qua:
3213 821 3436 876 messis:
3466 831 3523 876 et
3550 830 3834 890 postquam

2253 909 2429 963 omnia
2473 910 2554 964 eis
2595 910 2767 980 palam
2811 910 3042 974 fecisset,
3093 919 3217 966 tunc
3253 911 3330 966 ait
3360 930 3373 965 :
3404 911 3544 965 Justi
3571 910 3837 982 iubebunt

2253 1001 2381 1053 sicut
2409 1001 2488 1055 sol
2513 1002 2567 1055 in
2589 1017 2742 1072 regno
2771 1001 2943 1058 Patris
2969 1019 3141 1057 eorum
3180 1003 3397 1072 (Matth.
3442 1003 3526 1058 15.
3553 1003 3644 1073 43)
3675 1019 3691 1056 :
3724 1017 3835 1057 non

2254 1091 2395 1158 quod
2418 1104 2598 1160 parem
2631 1101 2833 1146 tantum
2863 1091 3120 1161 fulgorem
3152 1092 3382 1147 habituri
3409 1094 3518 1147 sint
3547 1092 3709 1160 justi,
3736 1091 3836 1146 sed

2255 1179 2490 1234 ostendit
2531 1181 2699 1234 multo
2729 1181 2986 1250 majorem
3032 1196 3190 1236 esse:
3225 1191 3428 1236 tantum
3463 1190 3641 1236 autem
3667 1181 3837 1242 dixit.

2255 1268 2397 1335 quod
2444 1268 2614 1336 major
2663 1267 2766 1324 hac
2812 1269 2988 1339 imago
3035 1271 3086 1323 in
3128 1271 3426 1325 visibiiibus
3465 1270 3686 1340 reperiri
3728 1285 3838 1324 non

2259 1369 2458 1426 posset.
2480 1359 2612 1412 Cum
2644 1358 2806 1429 igitur
2827 1359 2953 1430 quid
2987 1360 3163 1414 simile
3188 1361 3458 1424 audimus,
3491 1374 3558 1414 ne
3594 1359 3647 1412 in
3681 1359 3842 1414 dictis

2261 1460 2464 1503 tantum
2493 1451 2745 1506 sistamus
2762 1450 3005 1520 gradum,
3032 1452 3124 1504 sed
3151 1467 3214 1504 ex
3240 1453 3324 1514 iis,
3347 1467 3465 1521 qua:
3494 1453 3595 1505 sub
3623 1465 3843 1505 sensum

2258 1551 2314 1592 et
2352 1540 2452 1594 sub
2501 1549 2777 1610 aspectum
2821 1540 3044 1606 cadunt,
3095 1541 3446 1608 spiritualium
3493 1540 3843 1594 eminentiam

2258 1631 2602 1685 aestimemus.
2631 1631 3070 1701 Quandoquidem
3123 1631 3281 1700 igitur
3334 1632 3420 1685 bic
3471 1629 3846 1685 vehementius

2259 1721 2581 1776 desiderium
2613 1721 2838 1776 inveniri
2880 1731 3056 1790 potest
3094 1721 3293 1791 (divina
3331 1721 3593 1790 siquidem
3633 1729 3760 1774 sum
3789 1727 3846 1773 et

2259 1812 2550 1879 spiritualia
2592 1810 2827 1880 eloquia,
2856 1826 2975 1881 qua:
3023 1824 3267 1879 magnam
3313 1811 3518 1879 possint
3564 1809 3617 1862 in
3661 1809 3847 1862 animo

2262 1914 2446 1969 parere
2485 1899 2814 1969 spiritualem
2855 1899 3141 1970 laetitiam),
3185 1912 3307 1954 cum
3347 1898 3524 1953 studio
3571 1897 3742 1952 multo
3782 1910 3848 1950 ac

2260 1989 2560 2043 vehementi
2583 1987 2849 2043 desiderio
2873 1987 3027 2042 dictis
3046 2001 3204 2042 aures
3231 1987 3584 2057 praebeamus,
3612 1995 3670 2039 ut
3691 1999 3850 2040 veras

2262 2079 2480 2133 divitias
2509 2078 2632 2132 inde
2658 2078 2819 2141 nacti,
2852 2085 2906 2132 et
2932 2077 3000 2132 ad
3039 2093 3158 2131 eam
3187 2092 3308 2146 quae
3332 2073 3628 2130 secundum
3674 2075 3846 2128 Deum

2261 2179 2345 2224 est
2371 2169 2762 2240 philosophiam
2785 2169 2963 2226 multis
2991 2170 3252 2240 susceptis
3275 2169 3568 2224 seminibus
3586 2210 3602 2236 ,
3643 2169 3724 2222 sic
3746 2168 3850 2222 do-

2261 2277 2406 2316 mum
2433 2271 2781 2316 revertamur.
3040 2262 3046 2273 '

2331 2355 2386 2409 2.
2427 2353 2719 2409 Audimus
2744 2353 2901 2422 igitur
2929 2367 3049 2422 qua:
3077 2350 3237 2407 hodie
3262 2351 3394 2406 lecta
3416 2347 3560 2405 sint:
3593 2347 3691 2404 sed
3719 2349 3844 2403 ani-

2263 2443 2409 2500 mum
2438 2443 2706 2504 adhibete,
2746 2451 2801 2497 et
2827 2455 3047 2497 excussa
3093 2442 3304 2509 ignavia
3325 2455 3560 2510 curaque
3603 2438 3851 2493 molari

2265 2534 2432 2599 omni,
2462 2535 2539 2587 sic
2563 2533 2719 2587 dictis
2739 2531 2998 2588 attendite
3025 2550 3040 2585 :
3071 2532 3263 2588 divina:
3290 2545 3519 2600 namque
3549 2529 3700 2599 leges
3726 2538 3856 2583 sunt

2264 2638 2332 2678 ex
2377 2621 2523 2676 caelis
2550 2622 2621 2675 ob
2647 2621 2868 2675 salutem
2900 2631 3137 2676 nostram
3167 2622 3432 2676 demissae.
3464 2619 3594 2674 Nam
3625 2619 3695 2684 si,
3726 2633 3855 2673 cum

2265 2712 2620 2780 imperatoriae
2661 2710 2830 2764 litera:
2870 2711 3134 2780 leguntur,
3164 2725 3412 2780 magnum
3438 2708 3633 2778 ubique
3659 2717 3747 2764 est
3778 2708 3856 2762 si-

2266 2801 2485 2855 lentium
2505 2840 2521 2864 ,
2551 2809 2605 2854 ct
2640 2800 2815 2854 omnis
2853 2800 3107 2854 tumultus
3135 2800 3493 2869 strepitusque
3521 2797 3855 2863 eliminatur,

2265 2887 2514 2942 omnibus
2554 2901 2712 2941 aures
2757 2887 3143 2957 arrigentibus,
3191 2899 3246 2941 et
3283 2886 3468 2940 audire
3515 2885 3859 2954 cupientibus

2267 2979 2395 3048 quid
2430 2979 2786 3050 imperatorizc
2825 2978 2994 3032 literae
3019 2977 3312 3041 declarent,
3343 2985 3398 3031 et
3426 2991 3675 3046 magnum
3705 2976 3858 3045 peri-

2266 3070 2444 3123 culum
2484 3068 2637 3123 adest
2681 3068 2766 3122 vel
2799 3068 3057 3122 tantillum
3105 3067 3486 3132 tumultuanti,
3517 3076 3570 3121 et
3609 3067 3860 3121 lectionis

2268 3160 2462 3213 seriem
2493 3157 2862 3212 interturbanti
2891 3175 2906 3212 :
2937 3157 3102 3211 multo
3127 3157 3295 3226 magis
3321 3156 3406 3210 hic
3428 3171 3550 3211 cum
3578 3156 3774 3210 timore
3804 3163 3863 3209 et

2273 3259 2504 3303 tremore
2545 3249 2881 3312 adstantium,
2913 3256 2966 3302 et
2989 3249 3152 3301 altum
3181 3247 3483 3302 habendum
3513 3247 3789 3300 silentium
3818 3249 3858 3309 ',

2271 3338 2755 3408 cogitationumqne
2777 3337 3032 3392 tumultus
3052 3336 3345 3401 arcendus;
3378 3347 3437 3390 ut
3461 3351 3580 3405 qua:
3593 3335 3866 3389 dicuntur

2274 3429 2566 3497 intelligere
2594 3429 2842 3498 possitis,
2875 3437 2929 3482 et
2966 3438 3025 3481 ut
3059 3427 3460 3496 obsequentiam
3489 3435 3725 3480 vestram
3756 3441 3861 3495 ap-

2275 3518 2503 3587 probatis
2530 3517 2642 3571 Rex
2670 3517 2922 3570 ctelorum
2943 3557 2960 3583 ,
2988 3516 3278 3585 majoribus
3313 3531 3408 3570 vos
3434 3514 3746 3569 muneribus
3772 3515 3864 3569 di-

2271 3616 2485 3675 gnetur.
2517 3605 2800 3661 Videamus
2826 3607 2984 3675 igitur
3003 3606 3127 3675 quid
3158 3622 3256 3660 nos
3282 3622 3422 3660 nunc
3448 3605 3637 3661 doceat
3667 3606 3862 3660 beatus

2273 3697 2516 3767 Moyses,
2556 3711 2662 3750 non
2694 3698 2905 3766 propria
2952 3705 3155 3750 tantum
3189 3697 3396 3764 lingua,
3428 3695 3520 3749 sed
3563 3703 3617 3749 et
3654 3693 3863 3763 Spiritu

2275 3800 2460 3844 sancto
2487 3789 2699 3843 aﬂlatus
2726 3789 2839 3843 haec
2881 3789 3126 3857 loquens.
3156 3789 3242 3842 15.
3277 3788 3341 3841 Et
3376 3787 3606 3853 accepit,
3651 3787 3862 3855 inquit,

2280 3881 2526 3935 Dominus
2559 3880 2693 3933 Deus
2734 3881 3004 3942 hominem,
3032 3895 3180 3947 quem
3209 3877 3462 3948 formavit.
3493 3877 3636 3930 Bene
3678 3878 3866 3930 statim

2278 3988 2309 4026 a
2338 3973 2592 4041 principio
2617 3973 2730 4025 haec
2754 3971 2860 4024 duo
2883 3971 3058 4040 posuit
3086 3987 3097 4020 :
3124 3983 3227 4022 non
3247 3968 3388 4021 enim
3409 3967 3559 4028 dixit,
3584 3965 3863 4029 Dominus,

2281 4071 2334 4118 et
2360 4066 2522 4116 tacuit
2545 4107 2560 4127 ,
2588 4062 2682 4116 sed
2708 4062 2907 4116 addidit
2936 4060 3070 4113 Deus
3093 4077 3111 4123 ;
3144 4059 3228 4111 hic
3255 4055 3452 4126 aliquid
3480 4057 3653 4108 latens
3680 4064 3737 4108 et
3773 4071 3867 4107 oc-

2281 4154 2477 4209 cultum
2505 4153 2658 4207 nobis
2693 4152 2948 4215 indicans,
2989 4159 3045 4203 ut
3071 4150 3365 4211 discamus,
3397 4147 3509 4200 sive
3537 4144 3820 4198 Dominum
3848 4186 3865 4211 ,

2282 4247 2394 4300 sive
2424 4246 2590 4300 Deum
2621 4243 2897 4297 audiamus
2917 4283 2932 4308 ,
2965 4241 3169 4295 nullum
3196 4254 3316 4293 esse
3347 4239 3483 4292 inter
3504 4236 3618 4289 hac
3648 4237 3867 4289 nomina

2281 4337 2590 4390 discrimen.
2617 4334 2727 4387 lloc
2755 4344 2930 4385 autem
2961 4346 3064 4384 non
3096 4330 3211 4382 sine
3238 4341 3397 4382 causa
3426 4325 3876 4389 commemoravi;

2282 4426 2377 4481 sed
2398 4436 2454 4479 ut
2479 4439 2600 4477 cum
2625 4423 2854 4477 audieris
2875 4421 3092 4476 Paulum
3117 4419 3406 4483 dicentem,
3433 4415 3576 4470 Unus
3597 4414 3735 4467 Deus
3756 4415 3870 4466 Pa-

2286 4528 2375 4580 ter,
2405 4530 2466 4568 ea:
2493 4531 2590 4583 quo
2618 4514 2808 4577 omnia,
2841 4521 2887 4566 et
2912 4527 3041 4564 unus
3063 4508 3309 4562 Dominus
3329 4507 3481 4560 Iesus
3500 4503 3753 4562 Christus.
3782 4519 3872 4573 per

2284 4623 2425 4675 quem
2454 4607 2624 4658 omnia
2667 4605 2755 4672 (1.
2785 4602 2902 4656 Cor.
2932 4604 2984 4658 8.
3014 4601 3047 4655 ϐ
3068 4601 3086 4671 )
3106 4640 3122 4666 ,
3150 4615 3220 4654 ne
3248 4608 3402 4666 putes
3430 4594 3787 4648 diiferentiam
3818 4595 3869 4645 in

2285 4697 2502 4750 vocibus
2527 4709 2646 4748 esse
2665 4734 2681 4758 ,
2708 4704 2760 4746 ct
2787 4693 3008 4747 alteram
3036 4690 3226 4757 majus,
3255 4687 3477 4740 alteram
3512 4684 3689 4737 minus
3713 4682 3875 4748 quid-

2287 4789 2423 4856 piam
2470 4783 2788 4855 signiiicare.
2833 4782 2955 4836 ldeo
2985 4777 3442 4833 indiscriminatim
3481 4774 3757 4842 Scriptura
3789 4773 3873 4824 his

2289 4881 2451 4931 utitur
2477 4875 2794 4936 nominibus,
2827 4882 2884 4924 ut
2911 4868 3258 4925 contentiosis
3298 4881 3402 4918 non
3442 4864 3596 4918 liceat
3626 4862 3677 4915 id
3722 4860 3868 4928 quod

2289 4971 2387 5040 ipsi
2413 4969 2886 5024 comminiscuntur
2919 4964 3054 5016 inter
3085 4970 3228 5014 recta
3261 4958 3505 5026 dogmata
3540 4953 3766 5007 referre.
3802 4952 3871 5005 Et

2289 5073 2347 5116 ut
2389 5061 2562 5115 discas
2602 5059 2834 5112 divinam
2875 5055 3200 5124 Scripturam
3239 5059 3485 5103 neutrum
3515 5047 3704 5099 horum
3735 5060 3869 5113 qua-

2289 5157 2408 5207 tlam
2432 5143 2675 5206 distincta
2709 5148 3092 5217 signiﬁcatione
3130 5150 3335 5197 servata
3361 5139 3630 5209 proferre,
3662 5151 3725 5188 ex
3767 5135 3868 5188 hoc

2292 5248 2405 5314 ipso
2446 5243 2584 5312 quod
2628 5241 2820 5294 dicitur
2864 5237 3142 5306 diligenter
3183 5231 3458 5285 considera
3503 5247 3516 5282 :
3551 5225 3617 5278 Et
3651 5226 3865 5292 accepit,

2292 5337 2488 5404 inquit,
2538 5331 2788 5384 Dominus
2830 5328 2980 5379 Deus.
3028 5327 3099 5379 De
3146 5340 3249 5392 quo
3290 5322 3398 5374 vult
3439 5315 3721 5371 hmreticus
3749 5330 3869 5368 essu

2292 5424 2538 5479 dictum?
2609 5422 2682 5474 De
2753 5420 2906 5473 Patre
2972 5416 3187 5468 solum?
3254 5413 3400 5464 Esto.
3480 5407 3610 5462 Audi
3691 5408 3868 5472 itaque

2296 5517 2510 5570 i'aulum
2567 5513 2827 5565 dicentem
2885 5526 2896 5558 :
2962 5505 3106 5559 Unas
3175 5504 3309 5556 Deus
3381 5502 3572 5564 Pater,
3642 5513 3704 5549 ex
3763 5513 3863 5564 quo

2358 5693 2372 5722 ί
2408 5686 2591 5747 ΜΟΓΕΙ.,
2616 5691 2659 5735 et
2682 5697 2851 5747 magna
2879 5681 3095 5730 habenda
3121 5677 3381 5741 diligentia.
