4058 6302
142 379 226 438 HS
1208 368 1274 426 IN
1310 367 1459 425 CAP.
1481 364 1546 423 ll.
1583 363 1829 423 GENES.
1871 361 2098 420 HOMIL.
2139 359 2278 418 XIV.

140 493 308 555 smnia,
354 500 400 545 et
444 507 584 547 una
629 487 879 543 Dominus
921 483 1074 540 Iesus
1115 481 1368 547 Christus,
1419 496 1510 547 per
1553 493 1701 548 quem

142 583 306 635 omnia.
350 581 484 635 Vide
511 579 782 650 quomodo
824 590 1038 638 nomen,
1081 572 1349 636 Dominus,
1392 570 1528 624 Filio
1552 568 1703 622 attri-

3296 351 3398 412 ηδ

1810 475 1956 532 Deus
1984 474 2191 531 Adamn
2215 468 2583 542 operationem
2613 473 2673 523 et
2710 463 3008 522 custodiam
3040 461 3312 533 praecepit,
3341 469 3399 515 ut

1807 581 1929 620 cum
1975 564 2139 619 multa
2184 561 2478 631 voluptate,
2522 557 2808 614 securitate
2849 563 3014 624 atque
3056 553 3238 624 quiete
3283 549 3400 602 liznc

143 670 248 724 buat
269 670 292 722 τ
315 669 426 722 Cur
449 641 583 739 ergo
603 667 783 723 dicant
802 678 1016 730 nomen,
1049 661 1315 724 Dominus,
1345 657 1561 727 majoris
1584 669 1704 710 esse
1809 654 1917 708 duo
1947 653 2186 719 haberet,
2222 667 2343 721 quae
2383 647 2771 719 aliquantulum
2799 643 3123 713 impedirent
3165 657 3233 692 ne
3261 641 3402 691 ultra

142 760 390 830 dignitatis
431 774 596 828 quam
642 757 792 820 illud,
835 754 1017 809 Deus!
1060 751 1246 805 Videte
1285 763 1446 818 quam
1489 746 1561 800 sit
1605 745 1708 797 hoc

150 848 437 914 absurdum,
463 856 522 904 et
543 858 742 917 quanta
765 841 1111 912 blasphemiae
1136 838 1389 909 gravitas.
1411 835 1543 889 Cum
1563 831 1707 886 enim

145 940 249 1007 quis
283 938 512 992 uoluerit
547 935 745 991 divina:
781 932 1074 1000 Scriptura
1117 938 1358 981 normam
1406 920 1580 990 sequi,
1612 917 1708 972 sed

145 1030 244 1086 suis
277 1027 573 1084 ratiociniis
619 1026 795 1080 locum
847 1023 979 1076 dare
1016 1013 1437 1089 presumpserit,
1491 1023 1710 1064 sensum

147 1118 342 1174 turbare
361 1117 522 1183 solet,
548 1126 605 1172 et
631 1115 865 1170 infinitas
889 1108 1263 1166 contentiones
1284 1101 1715 1173 quaestionesque

149 1216 311 1264 movet
333 1208 595 1264 adversus
621 1219 805 1261 sanam
834 1200 1154 1257 doctrinam.
1184 1193 1255 1248 Et
1277 1191 1489 1260 accepit,
1521 1188 1712 1257 inquit,

152 1298 381 1352 Dominus
401 1296 544 1352 Deus
565 1294 838 1358 Ito-tinem,
858 1303 1004 1360 quem
1026 1284 1281 1360 formavit,
1303 1290 1354 1336 et
1378 1279 1545 1351 posuit
1570 1276 1718 1330 illum

150 1390 196 1442 in
210 1387 440 1457 paradiso
460 1385 756 1454 uoluptatis,
781 1391 840 1437 ut
862 1388 1156 1451 operaretur
1179 1384 1226 1430 et
1254 1371 1528 1428 custodiret
1547 1367 1715 1457 illum.

152 1456 271 1531 Vide
308 1484 562 1545 quantam
604 1472 769 1528 creati
809 1466 1039 1524 hominis
1082 1460 1468 1536 providentiam
1504 1456 1716 1545 habeat.

155 1544 421 1637 Postquam
451 1565 597 1620 enim
648 1561 764 1616 heri
804 1573 902 1616 nos
934 1556 1118 1613 docuit
1151 1554 1339 1609 beatus
1384 1548 1594 1637 lloyses
1637 1544 1720 1637 his

152 1632 349 1730 verbis:
381 1651 643 1707 Ριωιιωίι
670 1650 807 1703 Deus
827 1646 1143 1717 paradisum,
1169 1650 1216 1696 ct
1243 1639 1408 1711 ροαιίι
1429 1637 1536 1691 tua
1557 1632 1724 1688 Itami-

153 1761 255 1800 κει
275 1728 301 1798 ἐ
327 1744 380 1799 id
424 1752 534 1807 est,
581 1739 755 1796 voluit
786 1748 843 1793 ut
894 1737 968 1792 ibi
1005 1732 1336 1790 domicilium
1385 1728 1628 1793 haberet,
1668 1733 1726 1780 et

155 1834 369 1906 paradisi
393 1833 602 1890 deliciis
630 1831 895 1886 frueretur
922 1845 937 1883 :
964 1825 1124 1882 hodie
1151 1825 1344 1879 iterum
1364 1819 1600 1875 declarat
1623 1829 1726 1871 no-

158 1927 231 1980 bis
255 1923 576 1980 inelabilem
605 1923 702 1977 Dei
727 1918 1088 1980 clementiam,
1113 1928 1274 1986 quam
1293 1912 1438 1967 circa
1459 1909 1608 1965 illum
1632 1921 1728 1961 ex-

156 2013 308 2078 hibet,
332 2023 389 2068 et
415 2025 701 2068 resumens
728 2021 1036 2065 sermonem
1063 2003 1140 2059 ait
1168 2021 1183 2058 :
1214 2001 1285 2056 Et
1325 1997 1521 2068 accepit
1550 1993 1729 2049 Domi-

156 2120 242 2159 nus
265 2101 406 2156 Deus
449 2100 722 2163 honinem,
751 2113 899 2169 quem
927 2094 1184 2166 formavit,
1237 2099 1284 2144 et
1328 2087 1492 2160 posuit
1519 2099 1633 2140 eum
1672 2083 1729 2136 in

157 2192 386 2261 paradiso
408 2189 720 2259 uoluptatis;
749 2200 857 2242 non
882 2182 947 2238 In
977 2181 1219 2252 paradiso
1244 2178 1414 2233 solum
1445 2173 1599 2236 dixit,
1631 2170 1728 2227 sed

156 2282 370 2349 addidit,
409 2280 720 2350 Voluptatis,
761 2287 824 2332 nt
859 2278 1150 2346 ingentem,
1181 2285 1284 2341 qua
1324 2269 1377 2323 in
1409 2267 1496 2322 illa
1523 2264 1730 2320 habita.

158 2372 292 2429 tione
339 2370 652 2434 fruebatur,
689 2367 1017 2437 voluptatem
1067 2361 1227 2416 nobis
1273 2358 1570 2414 declararet
1609 2370 1625 2407 :
1665 2367 1730 2408 ac

157 2472 428 2534 postquam
467 2461 629 2528 dixit,
660 2459 841 2514 Posuit
879 2457 1026 2511 illum
1053 2457 1107 2508 in
1152 2451 1392 2522 paradiso
1432 2447 1727 2517 uoluptatis,

157 2552 315 2618 addit,
341 2549 410 2608 Ut
434 2558 728 2622 operaretur
746 2557 793 2602 et
811 2545 1083 2601 custodiret
1106 2541 1275 2596 illum.
1303 2538 1536 2608 Ingentis
1555 2545 1609 2590 et
1630 2534 1733 2588 hoc

159 2640 622 2712 providentiae“.
651 2637 910 2705 Quoniam
935 2634 1077 2690 enim
1104 2631 1156 2685 in
1190 2626 1490 2698 hujusmodi
1516 2624 1734 2679 sedibus

158 2730 295 2784 omni
339 2728 645 2799 replebatur
674 2726 963 2795 voluptate,
1009 2731 1064 2777 et
1106 2730 1354 2790 aspeCtus
1375 2716 1729 2786 jucunditate,

159 2834 218 2873 ac
243 2819 421 2874 lzetitia
449 2817 574 2873 inde
600 2825 752 2887 parta
778 2814 1074 2878 fruebatur,
1102 2826 1171 2865 ne
1195 2823 1262 2864 ex
1292 2807 1454 2862 nimia
1481 2804 1734 2860 felicitate

160 2909 312 2964 homo
352 2908 702 2964 insolesceret
746 2905 987 2977 (Omnem
1028 2903 1194 2968 enim,
1245 2899 1436 2970 inquit,
1485 2897 1735 2952 malitiam

159 2998 318 3052 docuit
344 3000 507 3052 otium
529 2996 714 3068 (Eccli.
746 2997 837 3052 53.
876 2994 994 3063 29),
1028 2991 1150 3046 ideo
1179 2989 1430 3060 praecepit
1459 2989 1618 3050 Deus,
1665 2984 1734 3041 Ut

159 3097 461 3155 operaretur,
503 3097 550 3140 et
574 3084 844 3141 custodiret
872 3083 1038 3137 illum.
1065 3080 1203 3149 Quid
1236 3090 1436 3140 autem,
1468 3077 1636 3142 dices,
1667 3075 1736 3130 il-

161 3179 253 3232 lius
279 3192 408 3232 cura
432 3177 622 3246 egebat
643 3173 960 3244 paradisus?
986 3171 1100 3225 Non
1133 3171 1234 3224 hoc
1257 3168 1419 3233 dico;
1449 3165 1541 3220 sed
1571 3165 1739 3219 voluit

161 3277 328 3323 tamen
345 3277 405 3322 ut
431 3266 695 3322 modicam
719 3276 902 3320 curam
922 3270 1133 3333 gereret
1153 3257 1345 3329 partim
1363 3254 1736 3319 custodiendo,

159 3367 209 3414 et
235 3359 425 3428 partim
467 3353 795 3428 operando‘.
843 3351 904 3409 Si
947 3351 1092 3408 enim
1122 3349 1268 3405 omni
1308 3359 1528 3418 prorsus
1555 3344 1739 3400 labore

161 3464 352 3505 vacuus
379 3449 590 3515 luisset,
616 3461 688 3512 ex
725 3445 892 3500 nimio
917 3443 1027 3497 otio
1050 3440 1232 3496 statim
1260 3439 1313 3493 in
1342 3435 1607 3509 ignaviam
1636 3434 1737 3490 de-

162 3541 410 3597 cliuassct
441 3557 456 3593 :
487 3547 543 3594 at
587 3551 710 3592 cum
739 3531 1038 3605 operationi
1081 3545 1202 3586 sese
1230 3528 1385 3584 daret
1411 3527 1530 3581 sine
1553 3524 1740 3581 dolore

161 3630 240 3686 vel
264 3627 535 3695 molestia,
561 3622 947 3696 temperantior
966 3633 1086 3676 esse
1109 3625 1337 3688 poterat.
1371 3614 1506 3670 Illud
1531 3621 1736 3678 autem,

163 3721 228 3779 Ut
253 3729 572 3792 operaretur,
594 3732 702 3775 non
727 3715 846 3772 sine
869 3726 1032 3769 causa
1056 3709 1269 3772 dicitur,
1302 3705 1396 3762 sed
1435 3712 1520 3760 est
1549 3712 1740 3757 attem-

160 3822 397 3882 peratnm
428 3809 656 3875 dictum,
693 3813 752 3860 ut
780 3805 936 3874 plane
964 3803 1148 3864 sciret,
1190 3812 1249 3852 se
1274 3795 1494 3852 domino
1526 3792 1737 3848 cuidam

160 3904 362 3974 subjici,
394 3901 484 3972 qui
511 3907 674 3954 tantm
696 3896 983 3965 voluptatis
1010 3889 1391 3946 habitationem
1434 3884 1535 3940 sibi
1561 3883 1745 3942 dedis-

159 3973 261 4060 set,
291 4003 348 4049 et
386 3991 631 4062 ejusdem
679 3987 787 4042 sibi
807 3982 1104 4040 custodiam
1133 3978 1386 4035 traderet.
1420 3977 1560 4030 Deus
1596 3973 1740 4029 enim

161 4087 332 4140 omnia
360 4083 492 4139 facit
532 4091 592 4137 et
631 4085 889 4158 operatur
924 4081 1143 4146 propter
1171 4078 1412 4125 nostram
1435 4067 1740 4131 utilitatem,

160 4190 220 4230 ac
240 4189 362 4230 cum
405 4173 496 4228 illa
539 4156 700 4238 etiam
729 4167 1036 4224 fruitionem
1066 4164 1476 4229 libertatemque
1517 4156 1741 4228 praebet.

162 4264 285 4319 Nam
305 4265 351 4319 si
379 4279 447 4319 ex
473 4262 734 4318 immensa
758 4272 854 4314 sua
880 4250 1408 4329 benignitate,etiam
1435 4249 1741 4325 priusquam

163 4373 254 4412 nos
283 4355 626 4427 produceret,
656 4349 945 4408 ineffabilia
985 4345 1075 4402 illa
1119 4344 1257 4399 bona
1285 4341 1439 4398 nobis
1469 4351 1741 4427 praeparato

163 4448 253 4508 vit,
271 4425 723 4517 quemadmodum
755 4439 846 4495 ille
870 4436 1003 4494 dicit
1031 4453 1045 4490 :
1087 4433 1283 4501 Venite,
1305 4429 1545 4486 benedicti
1571 4425 1743 4481 Patris

163 4537 274 4601 uici,
323 4533 603 4588 hereditate
642 4528 856 4600 accipite
899 4533 1136 4597 paratum
1187 4520 1327 4576 vobis
1373 4535 1585 4588 regnum
1627 4524 1743 4570 ante

161 4624 564 4679 constitutionem
605 4619 784 4675 mundi
817 4617 1029 4686 (Matth.
1069 4614 1162 4670 ‘25.
1205 4609 1298 4685 54)
1327 4629 1342 4665 :
1374 4610 1543 4665 multo
1577 4608 1746 4677 magis

164 4714 446 4783 przcsentia
472 4711 651 4768 omnia
674 4709 891 4778 largiter
914 4703 1187 4777 praebebit.

230 4804 282 4857 ὃ.
323 4802 463 4870 Quia
502 4801 660 4870 igitur
698 4806 776 4853 tot
803 4797 1060 4852 beneﬁcia
1111 4795 1164 4848 in
1201 4799 1441 4848 creatum
1471 4788 1744 4844 hominem

163 4892 403 4956 contulit,
432 4890 712 4960 primoque
739 4903 803 4941 ex
834 4887 1000 4940 nihilo
1029 4883 1296 4952 produxit,
1339 4891 1393 4936 et
1436 4895 1502 4935 ex
1525 4879 1747 4948 pulvere

164 4997 353 5053 corpus
385 4979 619 5034 formare
647 4977 893 5046 dignatus
919 4982 1024 5039 est,
1055 4981 1362 5042 posteaque,
1385 4969 1527 5038 quod
1570 4968 1750 5023 excel-

168 5071 363 5126 loutiua
386 5080 525 5134 crat,
552 5068 782 5122 animam
814 5067 1180 5135 incorporeum
1212 5077 1303 5130 per
1336 5058 1749 5113 insufﬂatiouem

167 5164 324 5228 dedit,
366 5160 668 5230 deindcque
696 5157 997 5228 paradisum
1027 5168 1170 5216 esse,
1209 5161 1265 5207 et
1307 5166 1430 5205 eum
1462 5149 1571 5203 illic
1598 5163 1750 5203 com-

168 5252 361 5308 morari
385 5251 562 5320 jussit,
592 5258 712 5319 past
740 5247 854 5302 haec
873 5254 931 5300 ut
958 5253 1107 5314 pater
1132 5241 1297 5312 prolis
1320 5254 1527 5304 amans,
1561 5246 1748 5293 tenero

170 5345 271 5402 ﬁlio
293 5344 461 5399 multa
492 5341 736 5396 libertate
766 5347 820 5392 et
854 5338 1039 5406 requie
1082 5335 1295 5397 lruenti,
1327 5348 1395 5387 ne
1429 5333 1746 5398 insolescat,

171 5450 384 5506 parvam
404 5432 688 5505 quamdam
712 5441 766 5486 et
789 5427 1117 5484 moderatam
1140 5440 1322 5480 curam
1348 5423 1644 5493 excogitat;
1674 5423 1752 5478 sic

228 5614 246 5645 ί
277 5608 420 5661 savii.
463 5616 517 5659 et
552 5615 673 5670 Reg.
692 5604 1113 5670 unussichabent
1135 5617 1148 5652 :
1474 5598 1751 5670 operando;

171 5669 267 5738 hac
288 5660 453 5722 atatem
732 5665 886 5738 anulis
928 5670 1047 5738 erat.
1074 5660 1469 5738 supersilaboris,
1503 5660 1751 5712 tribuerat

173 5730 242 5786 “lt
263 5739 388 5786 Deus
407 5725 610 5795 operum
629 5729 732 5784 sine
755 5725 919 5780 dolore
942 5731 988 5782 et
1002 5726 1106 5780 sine
1125 5725 1343 5778 miseria.

1811 749 1983 794 metas
2025 740 2357 808 procederet.
2408 737 2530 791 Haec
2563 733 2780 802 quidem
2823 734 2998 800 primo
3035 729 3230 783 collata
3278 733 3406 779 sunt

1813 829 2031 882 condito
2077 829 2468 895 homini;qu:e
2503 832 2682 876 autem
2727 820 2828 874 sub
2873 819 2988 872 hinc
3026 815 3233 884 adjecta
3280 821 3406 866 sunt

1815 931 2060 988 magnam
2088 931 2213 985 erga
2239 915 2388 969 illum
2413 912 2688 968 declarant
2712 908 3097 978 benignitatem
3123 913 3288 974 atque
3317 901 3407 954 iii-

1815 987 2164 1076 dulgentiam,
2220 1017 2380 1073 quam
2424 1017 2491 1056 ex
2529 1014 2626 1055 sua
2671 998 2910 1052 bonitate
2950 994 3211 1049 exhibuit.
3266 987 3406 1058 Quid

1817 1097 1959 1153 enim
1985 1095 2114 1149 dicit
2139 1092 2450 1162 Scriptura?
2479 1089 2546 1143 Et
2571 1087 2808 1157 proccpit
2828 1084 3076 1139 Dominus
3103 1081 3241 1138 Deus
3259 1080 3409 1152 Addi.

1890 1186 2078 1242 Contra
2105 1201 2190 1239 eos
2213 1184 2301 1253 qui
2333 1180 2578 1250 quasdam
2604 1193 2745 1231 voces
2787 1174 2956 1239 Patri,
2985 1174 3234 1244 quasdam
3271 1168 3413 1223 Filio

1819 1277 2188 1332 adscribebant.
2211 1302 2284 1314 —
2307 1271 2448 1327 Ecce
2473 1271 2663 1324 iterum
2695 1266 2783 1321 hic
2809 1263 2998 1320 eadem
3027 1259 3416 1318 consuetudine

1824 1367 2010 1430 utitur,
2042 1373 2101 1418 ut
2126 1360 2319 1419 iisdem
2360 1358 2671 1429 frequenter
2711 1352 2959 1423 repetitis
2983 1347 3287 1406 accuratius
3311 1346 3415 1402 do-

1822 1457 2048 1510 ctrinam
2074 1453 2424 1523 excipiamus,
2456 1456 2510 1503 et
2535 1461 2604 1502 ne
2633 1444 2771 1500 ultra
2798 1441 3034 1498 feramus
3059 1453 3177 1506 eos,
3203 1437 3296 1509 qui
3320 1450 3419 1490 au-

1823 1546 1953 1601 dent
1989 1544 2205 1600 nomina
2233 1555 2330 1612 pro
2367 1539 2523 1595 libito
2551 1535 2905 1605 distinguere,
2953 1541 3010 1587 et
3058 1528 3203 1584 aliud
3247 1528 3416 1588 Patri,

1825 1638 1969 1695 aliud
2019 1637 2156 1692 Filio
2213 1632 2542 1689 adscribere.
2592 1629 2729 1696 Quia
2779 1625 2923 1680 enim
2971 1623 3253 1691 utriusque
3313 1633 3420 1674 una

1826 1730 2122 1786 substantia
2147 1735 2253 1792 est,
2293 1725 2415 1781 ideo
2436 1723 2615 1779 divina
2653 1719 2927 1789 Scriptura
2953 1711 3419 1771 indiscriminatiin

1827 1819 2115 1890 aliquando
2149 1816 2319 1882 Patri,
2341 1812 2632 1884 aliquando
2658 1809 2796 1865 Filio
2826 1806 3033 1862 tribuit.
3062 1802 3131 1858 Et
3155 1803 3420 1873 pracepit,

1829 1912 2021 1982 inquit,
2049 1909 2297 1963 Dominus
2327 1905 2464 1960 Deus
2492 1904 2618 1958 Ade
2643 1902 2832 1955 dicens.
2859 1898 2959 1954 llic
2986 1896 3181 1952 merito
3208 1904 3424 1962 stupea-

1830 1981 1948 2057 mus
1963 2000 2067 2056 Dei
2092 1997 2436 2055 clementiam
2464 1995 2626 2050 verba
2663 1993 2844 2049 omnia
2871 1995 3218 2059 superantem
3235 1981 3424 2039 viden-

1833 2103 1934 2159 tes,
1962 2107 2121 2162 quam
2169 2088 2320 2145 brevi
2359 2087 2461 2142 hac
2502 2084 2738 2140 dictione
2779 2078 3019 2137 exhibet.
3064 2075 3137 2132 Et
3159 2073 3420 2146 praeepit,

1833 2185 2024 2254 inquit.
2045 2181 2180 2236 Vide
2206 2180 2384 2236 statim
2410 2177 2477 2232 ab
2502 2177 2673 2241 initio,
2699 2180 2900 2244 quanto
2919 2169 3126 2226 honore
3149 2165 3424 2254 honiinem

1833 2252 2193 2344 prosequitur.
2223 2269 2409 2338 Neque
2422 2266 2563 2321 enim
2585 2264 2758 2319 dixit:
2789 2259 3094 2330 Imperavit,
3118 2253 3201 2312 vel
3221 2252 3389 2310 iussit
3407 2270 3425 2307 :

1835 2365 1930 2421 sed
1959 2363 2086 2434 quid
2109 2363 2132 2418 ἲ
2153 2360 2428 2428 Ρνωοερὶι.
2454 2357 2603 2414 Sicut
2620 2353 2826 2409 amicus
2849 2349 3026 2406 amico
3050 2347 3120 2404 de
3140 2346 3303 2402 rebus
3333 2359 3430 2399 ne-

1835 2455 2082 2512 cesSariis
2114 2452 2426 2523 prmeipiens
2465 2446 2717 2517 loquitur,
2754 2443 2824 2498 ita
2865 2452 2919 2498 et
2958 2442 3100 2496 Deus
3125 2453 3250 2509 erga
3279 2436 3429 2492 Adae

1837 2565 1982 2605 mum
2002 2550 2018 2580 ί
2047 2546 2279 2602 afﬁcitur
2302 2541 2488 2613 :quasi
2525 2539 2628 2595 hoc
2648 2537 2857 2592 honore
2881 2534 3056 2604 ipsum
3081 2531 3150 2586 ad
3173 2529 3434 2585 obedien—

1839 2643 1968 2698 dum
1996 2643 2060 2696 iis
2079 2654 2244 2709 quaen
2275 2651 2336 2693 se
2365 2631 2830 2705 praecipiebantur,
2860 2634 3203 2682 attracturus.
3238 2621 3327 2676 ιϐ.
3363 2615 3432 2673 Et

1838 2735 2078 2809 pracepit
2107 2733 2361 2788 Dominus
2387 2727 2528 2782 Deus
2569 2723 2695 2780 Λάαν
2736 2722 2910 2776 dicens
2935 2732 2954 2773 :
2981 2717 3060 2772 De
3099 2714 3240 2770 omni
3263 2713 3430 2783 ligno,

1838 2801 1974 2899 quod
2119 2826 2173 2877 in
2205 2820 2465 2892 paradiso,
2505 2813 2812 2870 comedenda
2845 2808 3076 2864 comedas
3101 2822 3121 2860 :
3141 2806 3231 2860 l7.
3271 2803 3336 2856 de
3362 2801 3434 2856 li-

1837 2892 1937 2989 pno
1965 2925 2136 2970 autem
2177 2911 2370 2969 sciendi
2415 2908 2599 2962 bonum
2645 2913 2694 2960 et
2737 2902 2947 2966 malum,
2989 2913 3093 2952 non
3139 2892 3430 2949 comedetis.

1842 2984 2169 3074 Quocumque
2189 3012 2353 3056 autem
2382 2999 2465 3054 die
2491 2993 2806 3051 comederitis
2841 3007 2905 3046 ea:
2931 3006 3012 3054 eo,
3050 2996 3212 3042 morte
3243 2984 3432 3039 motis-

1839 3099 1984 3153 mini.
2015 3096 2202 3168 mgna
2251 3079 2408 3162 hujus
2443 3085 2696 3167 praecepti
2744 3082 2970 3139 facilitas
3001 3088 3103 3135 est.
3133 3075 3262 3142 Sed,
3292 3074 3431 3129 dile-

1839 3199 1946 3252 cte,
1976 3164 2136 3258 grave
2163 3183 2361 3240 malum
2395 3191 2477 3235 est
2503 3164 2743 3239 desidia;
2774 3174 2916 3230 sicut
2937 3170 3082 3227 enim
3109 3167 3197 3222 illa
3229 3164 3356 3221 facit
3377 3171 3434 3217 ut

1842 3253 2015 3336 facilia
2040 3275 2220 3333 omnia
2245 3272 2528 3329 videantur
2549 3265 2806 3332 difﬁcilia,
2835 3263 2914 3317 sic
2938 3260 3174 3317 studium
3204 3265 3260 3314 et
3295 3253 3436 3324 vigi-

1841 3371 2026 3434 lantia,
2071 3366 2231 3422 etiam
2278 3363 2458 3418 omnia
2500 3359 2666 3414 ardua
2705 3365 2761 3411 et
2789 3353 3026 3410 difﬁcilia
3065 3349 3240 3405 facilia
3277 3343 3439 3402 nobis

1843 3459 2090 3516 reddunt.
2117 3454 2255 3523 Quid
2295 3453 2463 3516 enim,
2499 3449 2609 3515 dic,
2640 3461 2845 3517 quasso,
2876 3443 2978 3498 hoc
3014 3438 3269 3496 mandato
3305 3435 3438 3492 iaci-

1845 3545 1990 3602 lius?
2017 3545 2149 3615 quid
2179 3544 2285 3598 hoc
2314 3541 2518 3596 honore
2544 3536 2758 3607 majus?
2782 3530 3133 3588 Concedcbat.
3148 3527 3351 3584 versari
3382 3525 3437 3581 in

1844 3635 2112 3707 paradiso,
2143 3632 2430 3688 visibilium
2453 3628 2786 3683 formositate
2814 3622 3097 3688 obiectari,
3127 3616 3440 3690 aspicienda

1843 3725 2129 3783 exhilarari
2165 3733 2220 3780 et
2245 3721 2473 3778 fruendo
2498 3733 2742 3788 magnam
2773 3716 3102 3786 voluptatem
3131 3711 3437 3784 percipere.

1844 3818 2028 3890 Cogita
2054 3831 2213 3887 quam
2243 3813 2536 3886 jucundum
2567 3810 2720 3866 fuerit
2753 3810 2942 3864 videre
2993 3805 3217 3861 arbores
3248 3800 3439 3858 fructi-

1846 3889 1944 3964 bus
1982 3917 2252 3972 oneratas,
2285 3903 2476 3959 ﬂorum
2507 3902 2842 3964 varietatem,
2889 3897 3179 3954 herbarum
3207 3889 3440 3949 diversi-

1847 4008 2031 4064 tatem,
2063 3997 2313 4052 foliorum
2343 4007 2547 4057 comas,
2571 4000 2730 4062 atque
2754 3989 2858 4045 alia
2887 4005 3007 4059 qua:
3036 3986 3334 4044 verisimile
3354 3988 3442 4038 est

1848 4093 1903 4147 id
1933 4089 2183 4162 paradiso
2220 4085 2406 4151 fuisse,
2455 4093 2511 4139 et
2559 4084 2611 4137 in
2654 4081 2904 4152 paradiso
2947 4094 2980 4134 a
3029 4080 3139 4134 Deo
3177 4078 3435 4148 plumato.

1848 4183 2072 4248 Propter
2115 4177 2219 4233 hoc
2256 4176 2398 4232 enim
2447 4173 2695 4244 superius
2739 4171 2920 4226 divina
2968 4170 3244 4239 Scriptura
3287 4166 3439 4231 dicit,

1849 4275 2105 4329 Producit
2143 4271 2310 4325 adhuc
2336 4284 2400 4323 ea:
2427 4279 2561 4322 terra
2590 4281 2740 4320 omne
2761 4265 2955 4335 lignum
2984 4261 3252 4332 pulchrum
3294 4275 3445 4328 aspc-

1848 4377 1931 4422 ctu
1957 4406 1974 4433 ,
2012 4375 2060 4420 et
2099 4365 2283 4418 bonum
2327 4360 2395 4414 ad
2444 4357 2828 4417 comedendum.
2876 4365 2934 4409 ut
2972 4353 3112 4408 scire
3152 4351 3439 4421 possimus,

1849 4466 2047 4528 quanta
2077 4454 2260 4509 fruens
2288 4453 2551 4511 ubertate,
2582 4462 2686 4517 per
2704 4460 2949 4514 magnam
2973 4441 3439 4512 intemperantiam

1849 4559 1904 4604 et
1955 4546 2352 4616 negligentiam,
2394 4541 2579 4596 datum
2633 4538 2733 4592 sibi
2775 4535 3084 4591 mandatum
3137 4533 3441 4589 violaverit.

1850 4640 2058 4709 Cogita,
2083 4638 2330 4700 obsecro,
2363 4633 2582 4688 honoris
2605 4629 2972 4696 eminentiam,
3002 4643 3122 4698 quae
3147 4627 3295 4682 illum
3319 4639 3450 4695 pro-

1851 4741 2108 4800 sequutus
2134 4737 2238 4795 est,
2265 4727 2387 4782 data
2416 4726 2490 4780 illi
2521 4737 2704 4778 mensa
2745 4722 2956 4792 propria
2992 4730 3044 4776 et
3085 4725 3362 4790 segregata
3389 4717 3447 4773 in

1853 4821 2120 4892 paradiso,
2145 4828 2198 4874 ut
2228 4833 2297 4872 ne
2327 4823 2538 4887 putaret
2580 4813 2824 4870 eamdem
2872 4811 2972 4866 sibi
2997 4820 3055 4865 et
3077 4809 3336 4880 iumentis
3363 4807 3449 4862 in-

1853 4914 2008 4978 strui,
2056 4911 2150 4966 sed
2201 4910 2425 4964 haberet
2478 4906 2627 4976 quasi
2676 4921 2800 4971 rex,
2854 4906 2905 4957 in
2961 4902 3207 4972 paradiso
3258 4915 3448 4971 agens,

1853 5004 2164 5059 deliciarum
2204 5000 2434 5070 copiam,
2472 5007 2527 5052 et
2554 4997 2706 5067 quasi
2750 4996 3001 5052 dominus
3032 4995 3319 5066 separatim
3348 4993 3447 5046 de-

1855 5103 2027 5164 geret,
2051 5103 2212 5160 nique
2240 5091 2398 5145 aliam
2426 5103 2585 5158 quam
2613 5087 2840 5140 ministri
2872 5086 3255 5140 habitationem
3284 5082 3449 5138 sorti-

1858 5195 2022 5239 retur.
2067 5182 2133 5235 Et
2184 5181 2423 5252 praecepit
2466 5177 2722 5231 Dominus
2770 5177 2907 5230 Deus
2956 5177 3083 5230 Adce
3129 5172 3452 5229 dicens:Ea:

1856 5274 1992 5328 omni
2017 5273 2174 5342 ligno,
2203 5271 2340 5341 quod
2375 5279 2449 5323 est
2475 5269 2528 5322 in
2557 5268 2817 5337 paradiso,
2850 5266 3157 5320 comedenda
3183 5264 3414 5318 comedet
3434 5279 3455 5319 :

1856 5380 1919 5417 ea:
1950 5363 2087 5434 ligno
2109 5370 2276 5414 autem
2302 5359 2494 5413 sciendi
2515 5358 2702 5411 bonum
2730 5367 2778 5410 ct
2804 5356 3019 5422 malum,
3051 5371 3152 5409 non
3182 5354 3455 5409 comedetis

1855 5469 1920 5506 ex
1943 5469 2021 5506 eo.
2056 5451 2382 5517 Quocumque
2406 5457 2574 5500 autem
2599 5447 2681 5499 die
2709 5445 3043 5508 comederitis,
3073 5453 3234 5497 morte
3263 5443 3452 5495 morie-

1857 5543 1980 5598 mini
2008 5557 2028 5596 :
2051 5541 2204 5612 quasi
2231 5539 2438 5596 diceret
2463 5539 2530 5592 ad
2555 5538 2702 5592 illum
2734 5555 2749 5592 :
2777 5536 2913 5590 Num
2939 5535 3223 5590 molestum
3251 5529 3452 5604 aliquid

1925 5722 1940 5753 ι
1975 5718 2254 5781 savu.,iicg.
2282 5723 2335 5768 et
2355 5714 2587 5778 Colbert.,
2611 5727 2727 5778 ergo
2749 5725 2898 5782 genus
2919 5711 3199 5766 humanm.
