4058 6302
597 358 689 411 ΗΞ

593 479 646 522 et
691 484 853 536 κωκυ
885 478 1008 537 peto
1038 485 1102 523 ex
1147 471 1240 523 te?
1290 469 1410 523 Frui
1450 471 1592 523 enim
1627 473 1877 526 omnibus
1924 471 2014 525 tibi
2045 486 2162 540 per-

593 556 772 622 mitto,
801 555 902 610 hoc
933 573 1093 611 unum
1122 558 1371 627 przccipio
1415 573 1482 612 ne
1519 559 1757 627 tetigeris
1785 580 1796 612 :
1831 571 1885 614 ct
1923 576 2164 628 magnam

562 661 807 713 ρρωητιηι
849 647 1100 711 decerno,
1144 642 1206 700 ut
1248 649 1328 700 vel
1364 649 1554 702 timore
1601 650 1880 710 coercitus.
1912 651 2090 704 datum
2138 666 2167 702 a

596 746 682 785 me
729 733 819 786 tibi
869 734 1173 786 mandatum
1224 737 1511 789 custodias.
1559 738 1681 793 llaec
1728 740 1973 802 faciebat,
2018 741 2169 806 quasi

594 819 845 870 dominus
896 820 1086 886 aliquis
1137 820 1398 883 liberalis,
1449 825 1665 877 domum
1718 841 1958 892 magnam
2011 827 2166 878 alicui

594 907 944 970 cinicredcns,
970 918 1021 960 et
1045 921 1100 969 ut
1129 910 1420 964 dominium
1447 914 1544 965 sibi
1577 915 1778 964 salvum
1809 923 2042 978 maneat,
2075 930 2168 982 pa-

596 1010 712 1048 tinn
746 1004 945 1048 tantum
976 999 1213 1064 pecuniae
1240 999 1470 1052 dandum
1509 1001 1577 1052 ab
1603 1000 1694 1053 illo
1719 1002 2044 1069 praescribat.
2084 1003 2171 1055 Sic

595 1101 724 1140 sane
753 1094 806 1140 et
834 1080 1093 1155 benignus
1134 1098 1314 1142 noster
1344 1090 1618 1153 Dominus,
1648 1105 1905 1146 concesso
1935 1093 2168 1146 omnium

593 1188 712 1240 quin
749 1174 799 1227 in
847 1177 1090 1241 paradiso
1133 1185 1285 1230 erant
1329 1177 1519 1239 fructu,
1557 1178 1625 1232 ab
1651 1193 1759 1232 uno
1785 1189 1985 1233 tantum
2032 1179 2173 1248 ligno

595 1265 863 1318 abstinere
884 1265 1063 1333 jussit,
1114 1276 1169 1319 ut
1207 1266 1344 1320 scire
1371 1278 1551 1334 posset
1596 1269 1773 1332 homo,
1811 1285 1868 1323 se
1915 1285 2034 1324 esse
2074 1269 2174 1322 sub

599 1357 844 1420 Domino,
877 1359 958 1410 cui
988 1358 1207 1414 obedire
1251 1359 1470 1414 deberet
1505 1370 1559 1414 et
1584 1375 1790 1430 parere,
1832 1363 1876 1416 si
1917 1361 2042 1431 quid
2087 1362 2174 1415 ille

598 1449 903 1518 imperaret.

667 1537 723 1591 4.
762 1537 893 1603 Quis
925 1553 1019 1606 pro
1055 1538 1309 1605 dignitate
1346 1538 1690 1593 admirabitur
1727 1541 2027 1595 communis
2057 1555 2174 1594 om-

602 1628 746 1681 nium
775 1630 938 1682 nostri
965 1629 1168 1682 Domini
1191 1629 1598 1683 liberalitatem?
1622 1631 1754 1684 Cum
1778 1633 1981 1685 nullum
2003 1632 2177 1687 adhuc

600 1718 871 1784 specimen
892 1733 1001 1787 pne
1022 1733 1080 1771 se
1107 1718 1266 1772 [erret
1296 1718 1482 1781 Adam,
1513 1728 1707 1787 quanta
1737 1719 1990 1774 benelicia
2021 1736 2176 1776 acce-

603 1807 678 1874 pit
703 1809 714 1858 !
745 1806 924 1876 Neque
952 1808 1093 1861 enim
1120 1807 1444 1861 dimidiatam
1473 1809 1546 1862 illi
1580 1808 1726 1863 dedit
1755 1825 1932 1863 rerum
1967 1809 2177 1864 fruitio-

601 1913 724 1950 nem
747 1939 760 1958 ,
791 1911 963 1966 neque
1011 1913 1038 1949 a
1084 1898 1324 1966 pluribus
1366 1898 1635 1953 abstinere
1673 1899 1853 1967 jussit,
1883 1909 1936 1953 et
1971 1900 2180 1954 caeteris

605 1985 737 2038 lrui'
774 2005 787 2040 :
818 1987 908 2039 sed
935 1988 1243 2056 participem
1271 1989 1506 2042 omnium
1538 2004 1655 2056 qua:
1683 1998 1837 2043 erant
1857 1991 1908 2043 in
1941 1989 2182 2058 paradiso

604 2090 727 2131 esse
761 2077 957 2141 voluit;
1005 2077 1071 2129 ab
1100 2093 1206 2130 uno
1250 2077 1364 2130 solo
1408 2077 1552 2146 ligno
1597 2077 1864 2132 abstinere
1905 2082 2177 2147 przccepit,

608 2176 911 2218 monstrans
952 2181 1010 2217 re
1037 2167 1168 2232 ipsa,
1203 2165 1400 2218 nullius
1427 2167 1645 2219 alterius
1683 2167 1848 2235 gratia
1882 2168 1980 2221 hoc
2008 2169 2179 2236 ipsum

605 2271 664 2308 se
692 2257 882 2317 facere,
914 2272 1070 2324 quam
1098 2267 1154 2309 nt
1181 2268 1446 2310 tantorum
1489 2258 1871 2312 beneliciorum
1905 2268 2178 2312 auctorem

606 2363 894 2419 agnoscere
925 2349 1085 2402 homo
1111 2358 1308 2416 posset.
1344 2349 1412 2402 Et
1429 2349 1705 2404 considera
1733 2365 1854 2403 cum
1887 2350 2001 2402 aliis
2022 2351 2181 2404 etiam

607 2439 693 2493 hic
735 2440 1025 2494 bonitatem
1072 2440 1187 2501 Dei,
1218 2449 1414 2509 quanto
1455 2440 1657 2495 honore
1701 2440 1859 2494 etiam
1905 2441 2179 2494 mulierem

614 2529 970 2597 prosequitur,
1000 2544 1115 2597 quae
1141 2543 1202 2582 ex
1247 2530 1336 2581 illo
1366 2529 1639 2581 formanda
1666 2540 1799 2582 erat.
1833 2528 2074 2582 Nondum
2119 2545 2180 2582 ea

607 2620 750 2673 enim
779 2620 1052 2687 producta,
1085 2621 1234 2688 quasi
1264 2620 1470 2686 utrique
1497 2618 1790 2682 mandaret,
1821 2619 2031 2673 dicebat
2060 2638 2072 2672 :
2101 2619 2183 2673 Ne

607 2709 918 2761 romedcritis
960 2725 1021 2761 ea:
1069 2723 1168 2761 eo:
1196 2717 1282 2771 et,
1340 2708 1662 2775 Quocumque
1716 2709 1797 2761 die
1847 2710 2180 2775 comederitis,

609 2807 765 2850 morte
788 2799 1064 2850 moriemini
1095 2814 1111 2851 :
1138 2799 1414 2852 declarans
1437 2800 1544 2865 jam
1577 2797 1698 2851 inde
1736 2798 1806 2851 ab
1836 2799 1986 2852 initio
2015 2816 2180 2853 unum

609 2904 727 2942 csse
775 2889 944 2942 virum
989 2900 1042 2943 et
1092 2891 1387 2956 mulierem,
1435 2895 1569 2946 sit-nt
1614 2903 1668 2946 et
1723 2894 1913 2947 Paulus
1969 2895 2178 2963 inquit:

613 2980 774 3046 Caput
819 2981 1041 3032 mulieris
1089 2981 1164 3033 vir
1201 2979 1416 3050 (Ep/tes.
1547 2983 1661 3049 9.3).
1717 2983 2004 3050 Propterea
2059 2997 2185 3049 ergo

610 3069 757 3136 quasi
806 3070 1011 3137 utrique
1055 3069 1303 3138 loquitur,
1345 3080 1403 3124 ut
1447 3072 1664 3139 posthac
1703 3072 1926 3125 formata
1967 3087 2032 3124 ex
2075 3073 2187 3125 viro

613 3158 852 3223 muliere,
877 3160 1209 3212 occasionem
1241 3159 1315 3212 illi
1346 3161 1574 3227 pra-beat
1598 3161 1822 3214 docendi
1850 3161 1993 3214 illam
2021 3159 2186 3227 ipsius

615 3256 895 3316 praecepta.
943 3248 1060 3301 Jam
1109 3249 1220 3301 scio
1257 3249 1466 3318 quidem
1497 3249 1911 3318 vulgatissimam
1954 3263 2072 3302 esse
2117 3249 2185 3302 de

615 3336 717 3388 hoc
745 3336 884 3403 ligno
918 3337 1288 3406 qumstionem,
1341 3347 1394 3391 et
1439 3339 1635 3391 inultos
1661 3351 1861 3394 temere
1889 3340 2180 3408 loquentes,

614 3428 820 3494 eulpam
842 3427 910 3481 ab
941 3429 1153 3483 homine
1181 3430 1232 3481 in
1259 3429 1422 3482 Deum
1451 3427 1739 3484 transferre
1758 3432 1875 3496 niti,
1904 3430 2184 3485 audacter-

615 3533 719 3586 que
752 3517 931 3572 dicere
957 3537 969 3572 :
997 3517 1160 3587 Cujus
1204 3520 1277 3572 rei
1314 3520 1480 3588 gratia
1510 3519 1657 3573 dedit
1685 3521 2014 3584 mandatum,
2043 3521 2184 3588 quod

611 3607 810 3661 sciebat
840 3607 1107 3662 hominem
1149 3610 1640 3678 transgressurum?
1671 3619 1724 3664 et
1751 3611 1940 3664 iterum
1969 3630 1980 3664 :
2009 3610 2186 3676 Quare

609 3696 766 3762 jussit
790 3695 989 3764 lignum
1019 3695 1132 3750 ﬁeri
1161 3699 1210 3750 in
1248 3698 1531 3766 paradiso?
1559 3709 1612 3752 et
1639 3700 1801 3752 multa
1820 3701 1922 3753 alia
1950 3718 1962 3752 :
1996 3700 2089 3753 sed
2119 3717 2185 3755 ne

613 3798 754 3837 nunc
779 3795 901 3837 ante
934 3795 1140 3853 tempus
1165 3787 1613 3854 prtevaricationis
1641 3788 1912 3842 videamur
1943 3791 2187 3858 prosilire

616 3871 683 3925 ad
721 3888 782 3926 ca
820 3874 1134 3937 enarranda,
1168 3890 1345 3944 opera:
1373 3878 1599 3944 pretium
1635 3885 1737 3942 est,
1771 3887 1828 3931 ut
1855 3892 1954 3931 nos
1995 3893 2184 3946 exspe-

613 3973 820 4019 ctemus
850 3966 988 4020 beati
1014 3966 1171 4020 Musis
1196 3969 1556 4022 narrationem
1586 3987 1598 4021 :
1627 3980 1684 4022 ut
1722 3984 1841 4024 cum
1870 3971 1934 4024 ad
1965 3986 2084 4025 eum
2113 3971 2189 4024 lo-

614 4070 734 4108 cum
761 4059 1179 4123 pervenerimus,
1214 4061 1528 4127 tempestive
1555 4075 1903 4128 qumcumque
1933 4061 2023 4113 Dei
2061 4076 2185 4130 gra-

617 4145 687 4197 tia
739 4143 964 4209 dederit,
1012 4146 1080 4199 de
1125 4162 1186 4202 ea
1239 4162 1298 4200 re
1350 4147 1617 4210 dicentes,
1676 4163 1859 4202 verum
1903 4149 2189 4218 Scriptura:

614 4248 830 4287 sensum
866 4245 1092 4288 vestram
1137 4235 1421 4290 doceamus
1471 4238 1741 4291 caritatem
1779 4253 1919 4306 :quo
1963 4240 2190 4293 scientes

616 4325 1007 4392 Scripturarum
1050 4325 1360 4390 veritatem,
1405 4325 1634 4379 debitam
1687 4327 1915 4380 Domino
1965 4328 2185 4395 gloriam

616 4413 872 4480 oﬂ'eratis,
912 4430 1010 4467 nec
1038 4429 1102 4468 eo
1133 4415 1218 4482 qui
1249 4417 1485 4483 peccavit
1513 4417 1733 4480 omisso,
1776 4418 1986 4485 culpam
2020 4417 2191 4469 incul-

618 4504 719 4566 pati
751 4504 858 4557 Deo
887 4505 1189 4572 iniputetis;
1214 4505 1323 4572 jam
1364 4516 1560 4568 autem,
1594 4508 1638 4558 si
1665 4507 1813 4569 libet,
1843 4506 1910 4560 de
1939 4509 2186 4574 przcsenti

619 4593 840 4646 lectione
882 4593 1021 4660 quod
1071 4595 1307 4662 sequitur
1358 4609 1758 4664 prosequamur.
1807 4595 1888 4648 18.
1933 4593 2000 4647 Et
2039 4597 2185 4658 dixit,

621 4681 806 4747 inquit,
849 4681 1092 4734 Dominus
1121 4682 1254 4736 Deus
1277 4699 1295 4736 :
1324 4683 1442 4736 Non
1481 4694 1553 4736 est
1587 4684 1769 4736 bonum
1801 4685 2048 4737 hominem
2087 4702 2192 4739 esse

607 4771 798 4822 solum.
857 4772 992 4825 Ecce
1035 4772 1220 4826 iterum
1265 4774 1506 4827 similiter
1549 4772 1699 4835 dixit,
1749 4775 1882 4827 sicut
1923 4785 1976 4828 et
2022 4777 2189 4843 prius,

617 4859 866 4914 Dominus
887 4859 1058 4914 Deus:
1087 4873 1140 4916 ut
1169 4863 1343 4918 animo
1364 4863 1500 4917 dicta
1533 4863 1827 4932 inligcntes,
1861 4880 1927 4918 ne
1950 4875 2191 4932 putemus

619 4948 794 5002 divina
850 4950 1124 5020 Scriptura
1182 4955 1576 5021 praestantiores
1641 4963 1850 5008 nostras
1915 4957 2192 5024 opiniones

617 5052 760 5092 esse.
807 5037 1059 5109 Dixitque,
1110 5043 1202 5104 ait,
1250 5039 1496 5094 Dominus
1525 5040 1661 5096 Deus
1687 5059 1706 5093 :
1733 5043 1852 5096 Non
1900 5055 1970 5096 est
2012 5046 2191 5098 bonum

619 5143 727 5179 esse
747 5129 994 5182 hominem
1024 5131 1207 5183 solum.
1235 5130 1551 5196 Considera,
1580 5132 1845 5198 quomodo
1885 5150 1988 5186 non
2018 5145 2194 5188 cessat

627 5218 793 5270 bonus
845 5218 1002 5283 Deus,
1055 5221 1145 5273 sed
1194 5220 1449 5275 beneﬁcia
1507 5221 1780 5274 beneﬁciis
1831 5224 2084 5287 cumulat,
2141 5234 2194 5277 cl.

624 5308 897 5362 abundans
929 5310 1160 5364 bonitate
1183 5313 1323 5364 omni
1357 5312 1563 5366 honore
1590 5313 1924 5367 circumdare
1944 5315 2053 5368 vult
2079 5318 2194 5369 ani-

625 5399 726 5450 mal
754 5399 853 5454 hoc
882 5403 1083 5456 ratione
1114 5403 1412 5470 praeditum,
1444 5414 1498 5456 ut
1529 5419 1632 5456 non
1664 5406 1833 5458 solum
1861 5404 2079 5460 honeste
2098 5406 2192 5460 sed

622 5497 676 5541 et
719 5490 996 5545 commode
1042 5494 1200 5545 vivat.
1233 5491 1363 5545 Nam
1411 5491 1552 5545 Dixit
1583 5493 1828 5550 Dominus
1864 5493 2042 5548 Deus:
2074 5493 2194 5548 Non

687 5647 703 5674 ι
741 5652 1006 5712 tlte‘voces,
1029 5653 1072 5693 et
1095 5646 1279 5694 ca’teris
1311 5649 1426 5703 frui,
1452 5649 1652 5698 ili-erant
1700 5665 1743 5699 l.l
1791 5648 1971 5711 .‘torcl.,
1997 5649 2082 5697 sed
2109 5650 2189 5697 διο

627 5704 797 5757 tentur
823 5709 870 5756 ω
889 5707 1023 5756 Savil.
1054 5715 1100 5756 et
1130 5721 1175 5756 tu
1201 5721 1371 5757 novent
1399 5716 1498 5756 T-lss.

1329 358 1384 413 S.
1424 343 1698 414 JOANHIS
1733 356 2206 416 CIIRYSOSTOMI
2244 357 2558 414 ARCHIEP.
2599 355 3126 413 CONSTANTINOP.

3757 351 3854 408 118

2271 479 2342 522 cst
2369 471 2556 522 bonum
2585 470 2834 521 hominem
2879 483 2983 520 esse
3017 469 3198 520 solum.
3229 464 3500 518 Faciamus
3539 465 3618 517 illi
3645 466 3849 533 αάμεοο

2270 575 2375 612 rem
2400 560 2668 612 secundum
2697 559 2863 610 illum.

2353 649 2464 703 Vox
2494 649 2744 702 faciamus
2769 649 2851 700 cui
2875 648 3078 699 dicitur.
3106 677 3176 686 —
3198 646 3334 702 Ecce
3361 647 3552 700 iterum
3574 644 3736 698 etiam
3767 642 3854 697 hic

2273 738 2434 798 dicit,
2467 737 2758 790 Faciamus.
2799 737 2947 789 Sicut
2984 736 3126 790 enim
3171 737 3221 790 in
3253 735 3516 805 principio
3543 735 3611 788 de
3639 734 3859 786 homine

2273 824 2554 878 formando
2580 825 2808 888 dicebat,
2842 823 3115 876 Faciamus
3144 825 3393 878 hominem
3418 825 3691 876 secundum
3721 824 3852 874 ima-

2274 916 2438 983 ginem
2465 924 2684 968 nostram
2713 925 2758 967 et
2784 915 3052 966 secundum
3073 914 3448 966 similitudinem
3479 929 3498 965 :
3529 912 3599 965 ita
3626 924 3679 966 et
3705 925 3848 965 nunc

2276 1003 2547 1056 mulierem
2572 1002 2913 1064 formaturus,
2942 1002 3127 1056 eodem
3155 1001 3317 1056 verbo
3347 1002 3531 1065 utitur,
3563 1010 3617 1054 et
3643 999 3810 1068 inquit
3843 1015 3858 1057 :

2276 1091 2567 1146 Faciamus.
2597 1093 2692 1146 Cui
2726 1091 2825 1145 hoc
2845 1090 3009 1144 dicit?
3034 1091 3148 1145 Non
3177 1102 3366 1146 creatae
3394 1090 3551 1144 alicui
3575 1090 3860 1157 potentim,

2274 1181 2370 1235 sed
2395 1183 2442 1236 ei
2484 1182 2572 1251 qui
2619 1197 2686 1234 ex
2729 1195 2787 1235 se
2835 1193 2989 1234 natus
3035 1191 3137 1244 est,
3186 1180 3490 1234 consiliario
3531 1179 3858 1244 admirabili,

2277 1271 2500 1336 potenti,
2547 1268 2770 1338 principi
2810 1270 2955 1338 pacis
2987 1266 3142 1339 (lsai.
3188 1268 3241 1322 9.
3289 1267 3365 1337 6),
3410 1267 3685 1337 unigenito
3727 1264 3854 1318 Filir

2277 1371 2395 1414 Suo.
2443 1358 2508 1412 Et
2541 1369 2596 1412 ut
2626 1359 2786 1412 sciret
2811 1358 3002 1422 Adam,
3030 1358 3227 1411 animal
3256 1357 3588 1411 formandum
3637 1355 3856 1424 :equalis

2276 1465 2398 1503 cum
2443 1450 2556 1517 ipso
2584 1449 2852 1518 dignitatis
2897 1448 3028 1513 fore,
3075 1447 3273 1501 idcirco
3315 1444 3766 1515 quemadmodum
3795 1445 3866 1497 de

2279 1539 2394 1608 ipso
2419 1538 2645 1604 dicebat,
2685 1536 2977 1599 Faciamus,
3004 1537 3082 1589 sic
3115 1546 3168 1589 et
3197 1550 3338 1589 nunc
3375 1534 3511 1588 dixit
3540 1551 3552 1585 :
3581 1532 3864 1584 Faciamus

2237 1668 2240 1670 ν
2278 1630 2557 1697 adjutorem
2597 1626 2869 1679 secundum
2908 1627 3072 1678 illum.
3107 1624 3401 1692 Utrumque
3442 1623 3668 1677 multum
3705 1623 3869 1676 habet

2282 1718 2552 1788 ponderis,
2582 1726 2693 1770 tum
2718 1714 2857 1785 quod
2907 1715 2998 1779 ait,
3033 1716 3346 1784 Adjutorem,
3377 1723 3484 1767 tum
3516 1711 3657 1782 quod
3691 1712 3866 1772 addit.

2282 1809 2572 1863 Secundum
2601 1809 2768 1861 illum.
2795 1807 2948 1870 Nolo,
2982 1808 3172 1875 inquit,
3205 1807 3353 1859 illum
3399 1805 3568 1857 solum
3595 1817 3742 1867 csse,
3771 1804 3869 1856 sed

2285 1899 2477 1953 habere
2494 1913 2558 1953 ex
2587 1898 2937 1951 contubernio
2956 1897 3374 1950 consolationem
3403 1895 3655 1962 aliquam,
3692 1908 3872 1960 neque

2284 1988 2385 2043 hoc
2433 1988 2627 2049 solum,
2679 1989 2773 2041 sed
2808 1985 3178 2054 producendus
3213 1994 3294 2038 est
3336 1983 3545 2052 adjutor
3587 1983 3686 2050 ipsi
3733 1998 3872 2035 con-

2284 2092 2516 2148 gruens;
2547 2078 2822 2130 mulierem
2868 2075 3160 2128 insinuans.
3197 2073 3484 2141 Propterea
3524 2087 3643 2126 cum
3693 2073 3870 2124 dixis-

2284 2181 2363 2222 set
2399 2185 2410 2219 :
2441 2165 2713 2219 Faciamus
2738 2167 2812 2218 illi
2843 2166 3148 2234 adjutorem,
3177 2164 3342 2225 addit,
3377 2163 3668 2216 Secundum
3698 2163 3870 2225 illum,

2284 2269 2342 2314 ut
2369 2274 2487 2312 cmn
2517 2258 2717 2311 videris
2752 2257 2930 2310 statim
2961 2255 3148 2308 adduci
3181 2254 3398 2318 bestias,
3427 2263 3482 2306 et
3511 2252 3688 2306 omnia
3717 2254 3874 2304 vola-

2285 2352 2397 2404 tilia
2432 2350 2568 2414 caeli,
2617 2364 2684 2403 ne
2727 2360 2880 2417 putes
2908 2347 2974 2400 de
3018 2346 3126 2399 illis
3173 2360 3290 2399 esse
3329 2343 3549 2397 dictum.
3581 2342 3713 2396 Nam
3747 2344 3876 2396 licet

2288 2443 2451 2496 multa
2479 2440 2859 2495 irrationabilia
2901 2437 3187 2492 animantia
3218 2437 3470 2504 adjuvent
3518 2437 3663 2488 illum
3707 2436 3760 2488 in
3797 2436 3877 2486 la-

2286 2534 2503 2588 boribus
2533 2533 2665 2596 suis,
2700 2532 2900 2584 nulluni
2928 2539 3102 2583 tamen
3133 2545 3226 2597 par
3253 2540 3334 2582 est
3361 2528 3600 2581 rationali
3631 2527 3870 2579 mulieri.

2287 2623 2439 2682 Unde
2464 2639 2584 2677 cum
2615 2623 2857 2684 dixisset,
2890 2621 3184 2688 Adjulorem
3213 2618 3486 2672 secundum
3532 2618 3699 2679 illum,
3743 2618 3878 2671 sub-

2286 2715 2362 2768 dit
2392 2733 2404 2768 :
2441 2713 2520 2767 19.
2553 2711 2616 2765 Et
2647 2712 2876 2781 formavit
2926 2709 3065 2762 Deus
3109 2709 3272 2761 adhuc
3318 2709 3380 2760 de
3409 2694 3542 2759 terra
3586 2723 3756 2760 omnes
3787 2706 3877 2758 be-

2286 2808 2408 2859 stias
2427 2805 2557 2873 agri,
2588 2814 2631 2855 ct
2656 2804 2822 2855 omnia
2845 2801 3067 2853 volatilia
3093 2801 3224 2865 (teli,
3252 2808 3296 2852 et
3319 2799 3460 2850 duxit
3486 2799 3574 2849 illa
3595 2799 3660 2849 ad
3682 2797 3878 2860 Adam,

2287 2907 2340 2948 ut
2370 2896 2552 2948 rideret
2580 2894 2700 2961 quid
2732 2902 2925 2944 τοί-(ινα
2951 2891 3075 2952 illa;
3102 2899 3145 2940 et
3172 2905 3316 2940 omne
3341 2888 3688 2956 quodcumque
3717 2903 3879 2938 voca-

2287 2987 2354 3038 rit
2383 2984 2547 3036 Adam
2587 2985 2805 3034 animum
2845 2982 3104 3043 virentem,
3151 2980 3244 3030 hoc
3277 2987 3345 3029 cst
3390 2993 3566 3028 nomen
3616 2976 3708 3028 illi.
3753 2975 3881 3029 Non

2292 3085 2512 3137 temere,
2555 3087 2726 3141 neque
2772 3071 2969 3138 absque
3015 3083 3174 3122 causa
3227 3070 3326 3119 hoc
3377 3064 3573 3119 factum
3619 3075 3722 3128 est,
3773 3064 3880 3118 Sed

2291 3175 2505 3234 prapler
2543 3178 2602 3215 ea
2633 3179 2751 3231 qua:
2780 3163 2935 3230 paulo
2978 3168 3096 3228 post
3142 3160 3312 3211 lntnra
3341 3167 3510 3210 erant.
3562 3157 3700 3210 Deus
3726 3158 3880 3210 enim

2287 3269 2408 3308 cum
2439 3253 2709 3322 prmsciret
2733 3251 2857 3320 quid
2881 3266 2984 3304 non
3013 3250 3180 3302 multo
3209 3257 3326 3318 post
3348 3256 3660 3302 eventurum
3701 3257 3878 3314 esset,

2288 3345 2522 3400 ostendit
2560 3343 2714 3398 nobis
2741 3351 2992 3411 quantam
3030 3341 3342 3409 sapientiam
3373 3339 3587 3392 condito
3616 3355 3643 3390 a
3686 3355 3747 3393 se
3778 3341 3881 3393 ho-

2291 3437 2418 3490 mini
2449 3435 2618 3500 dedit,
2658 3444 2717 3488 ut
2755 3448 2873 3488 cum
2900 3431 3268 3502 prmvaricatio
3307 3429 3536 3482 mandati
3565 3446 3594 3483 a
3629 3429 3738 3482 Deo
3765 3430 3876 3484 dati

2289 3531 2579 3596 contingat.
2609 3543 2714 3581 non
2745 3534 2956 3595 putetur
2979 3539 3074 3594 per
3100 3521 3447 3593 ignorantiam
3476 3537 3748 3590 peccasse,
3779 3523 3879 3575 sed

2288 3619 2425 3673 scire
2452 3617 2625 3686 possis
2653 3615 2857 3684 lapsum
2890 3614 3037 3668 illum
3078 3629 3142 3669 ex
3171 3612 3372 3666 desidia
3402 3613 3584 3666 fuisse.

2361 3709 2415 3763 5.
2457 3707 2587 3761 Nam
2634 3705 2776 3774 quod
2831 3719 3020 3773 magna
3069 3705 3325 3772 sapientia
3371 3703 3624 3772 praeditus
3680 3704 3876 3768 fuerit,

2290 3802 2434 3855 disce
2454 3817 2518 3853 ex
2550 3801 2611 3853 iis
2637 3813 2755 3866 quae
2785 3812 2922 3852 nunc
2948 3799 3095 3850 liunt.
3127 3795 3189 3848 Et
3217 3796 3431 3846 adduxit
3454 3795 3566 3857 illa,
3593 3794 3786 3861 inquit,
3808 3795 3876 3846 ad

2295 3891 2478 3954 Adam,
2528 3899 2583 3940 ut
2629 3887 2816 3940 videret
2860 3887 2982 3955 quid
3017 3894 3212 3939 vacaret
3239 3885 3349 3937 illa.
3384 3883 3532 3937 Fecit
3563 3882 3662 3936 hoc
3709 3883 3876 3945 Dens,

2293 3960 2752 4032 demonstraturus
2793 3977 2947 4029 nobis
2993 3989 3235 4045 magnam
3269 3973 3408 4027 illius
3434 3973 3774 4041 sapientiam.
3811 3974 3881 4028 Et

2294 4068 2524 4131 iterum,
2574 4066 2720 4131 Quod
2756 4066 2946 4118 vocavit
2972 4104 2986 4128 ,
3044 4064 3252 4132 inquit,
3285 4062 3486 4126 Adam,
3526 4065 3619 4115 hoc
3657 4072 3734 4117 est
3779 4082 3878 4117 no-

2293 4173 2405 4210 men
2433 4156 2529 4208 illi.

2363 4245 2544 4299 Adami
2572 4245 2819 4315 sapientia
2841 4261 2859 4309 ;
2885 4242 3086 4296 libertas
3114 4239 3328 4293 arbitrii.
3356 4269 3428 4278 ——
3452 4238 3671 4292 Factum
3696 4249 3876 4300 autem

2293 4338 2394 4392 hoc
2413 4345 2516 4400 est,
2546 4351 2649 4389 non
2683 4344 2736 4387 nt
2759 4334 3025 4388 discamus
3046 4331 3189 4385 illius
3207 4329 3522 4399 sapientiam
3553 4328 3749 4395 solum,
3778 4329 3877 4384 sed

2294 4441 2351 4484 nt
2375 4438 2427 4482 ct
2465 4428 2764 4497 symbolum
2791 4425 3008 4478 dominii
3037 4439 3133 4492 per
3178 4424 3449 4476 nominum
3477 4421 3877 4490 impositionem

2294 4529 2663 4589 cognoscatur.
2694 4516 2821 4569 Nam
2873 4523 2926 4567 et
2966 4513 3272 4566 hominibus
3315 4527 3432 4566 mos
3459 4521 3540 4566 est
3572 4512 3672 4564 hoc
3699 4511 3877 4566 facere

2297 4613 2348 4664 in
2379 4612 2586 4678 signum
2614 4605 2853 4667 dominii,
2883 4612 2943 4656 ut
2967 4618 3088 4656 cum
3134 4616 3317 4656 servos
3357 4601 3605 4664 emeriut,
3634 4600 3878 4668 ipsorum

2297 4703 2512 4754 nomina
2555 4703 2775 4749 mutent.
2808 4693 2959 4746 Unde
2986 4704 3038 4745 et
3069 4693 3234 4746 Adam
3263 4691 3494 4754 instruit,
3527 4701 3585 4742 ut
3623 4690 3878 4743 omnibus

2298 4790 2467 4844 brutis
2493 4800 2755 4855 tamquam
2781 4785 3028 4838 dominus
3059 4783 3269 4838 nomina
3301 4781 3462 4835 indat.
3494 4780 3569 4835 Ne
3600 4781 3760 4848 igitur
3793 4780 3878 4836 hic

2298 4880 2473 4934 subito
2511 4888 2818 4948 praetereas,
2865 4875 3077 4937 dilecte,
3126 4872 3263 4941 quod
3307 4871 3521 4936 dicitur,
3567 4869 3659 4924 sed
3699 4873 3877 4940 cogita

2299 4981 2508 5040 quantae
2558 4968 2715 5022 fuerit
2754 4965 3030 5035 sapienti-.e
3082 4974 3158 5017 tot
3202 4963 3504 5032 generibus,
3547 4961 3870 5022 volatilibus,

2299 5061 2590 5130 reptilibus,
2619 5059 2763 5119 leris,
2795 5054 3071 5124 jnmentis,
3096 5062 3150 5105 et
3178 5053 3296 5105 aliis
3324 5052 3510 5114 brutis,
3538 5051 3875 5116 domesticis,

2299 5161 2354 5206 et
2378 5151 2692 5220 agrestibus,
2725 5158 2778 5201 et
2809 5149 2861 5200 in
2898 5161 3031 5214 aqua
3062 5146 3219 5198 vitam
3247 5145 3544 5213 agentibus,
3593 5153 3647 5197 et
3673 5157 3704 5196 e
3731 5154 3875 5196 terra

2303 5243 2591 5312 productis,
2622 5250 2675 5293 et
2719 5241 2770 5293 in
2802 5252 3007 5291 summa
3049 5236 3294 5289 omnibus
3327 5238 3540 5304 propria
3584 5245 3637 5288 ct
3679 5248 3877 5288 convc-

2302 5336 2494 5389 nientia
2527 5348 2634 5384 sua:
2680 5341 2885 5384 natura:
2924 5331 3197 5395 imponere
3229 5328 3466 5381 nomina.
3515 5325 3646 5380 Nam
3691 5324 3876 5388 Quod—

2299 5439 2508 5494 cumque
2536 5423 2724 5475 vocacit
2749 5423 2933 5481 Adam,
2963 5421 3148 5488 inquit,
3183 5420 3273 5472 hoc
3303 5434 3479 5472 nomen
3507 5428 3578 5471 est
3605 5417 3700 5470 illi.
3731 5414 3878 5468 Vidi-

2299 5519 2367 5571 sti
2395 5523 2810 5569 consummatam
2841 5512 3164 5580 potentiam?
3193 5510 3365 5565 vidisti
3395 5509 3616 5563 dominii
3643 5507 3875 5560 auctori-

2300 5617 2459 5662 tatem
2477 5607 2500 5656 ?
2527 5604 2799 5674 Perpende
2818 5618 2937 5657 cum
2961 5603 3076 5656 aliis
3098 5604 3255 5656 etiam
3280 5603 3399 5665 hoc,
3428 5600 3565 5670 quod
3595 5610 3650 5653 et
3670 5601 3875 5661 leones,

2302 5707 2352 5751 et
2383 5696 2553 5769 pardi,
2601 5705 2654 5752 et
2683 5694 2895 5764 viperae,
2927 5704 2978 5750 et
3016 5694 3229 5762 scorpii,
3259 5703 3310 5749 et
3353 5699 3648 5761 serpentes,
3681 5699 3734 5744 ct
3772 5691 3874 5743 alis
