  <div class='ocr_page' id='page_1' title='image "/cluster/home/n/w/nwhite01/storage/ocr_20150623/53/pst.000005712526/118.png"; bbox 0 0 4058 6302; ppageno 0'>
   <div class='ocr_carea' id='block_1_1' title="bbox 184 396 285 455">
    <p class='ocr_par' dir='ltr' id='par_1_1' title="bbox 184 396 285 455">
     <span class='ocr_line' id='line_1_1' title="bbox 184 396 285 455; baseline -0.069 1"><span class='ocrx_word' id='word_1_1' title='bbox 184 396 285 455; x_wconf 65' lang='lat' dir='ltr'><strong>Il?</strong></span> 
     </span>
    </p>
   </div>
   <div class='ocr_carea' id='block_1_2' title="bbox 181 491 1776 568">
    <p class='ocr_par' dir='ltr' id='par_1_2' title="bbox 181 491 1776 568">
     <span class='ocr_line' id='line_1_2' title="bbox 181 491 1776 568; baseline -0.013 -1"><span class='ocrx_word' id='word_1_2' title='bbox 181 512 360 567; x_wconf 87' lang='lat' dir='ltr'><strong>omnia</strong></span> <span class='ocrx_word' id='word_1_3' title='bbox 385 509 552 566; x_wconf 86' lang='lat' dir='ltr'><strong>etiam</strong></span> <span class='ocrx_word' id='word_1_4' title='bbox 583 507 694 563; x_wconf 89' lang='lat' dir='ltr'><strong>illis</strong></span> <span class='ocrx_word' id='word_1_5' title='bbox 729 503 1111 562; x_wconf 89' lang='lat' dir='ltr'><strong>truculentiora</strong></span> <span class='ocrx_word' id='word_1_6' title='bbox 1150 498 1216 556; x_wconf 91' lang='lat' dir='ltr'><strong>ad</strong></span> <span class='ocrx_word' id='word_1_7' title='bbox 1247 499 1396 554; x_wconf 91' lang='lat' dir='ltr'><strong>illum</strong></span> <span class='ocrx_word' id='word_1_8' title='bbox 1424 496 1574 568; x_wconf 89' lang='lat' dir='ltr'><strong>quasi</strong></span> <span class='ocrx_word' id='word_1_9' title='bbox 1600 491 1776 548; x_wconf 78' lang='lat' dir='ltr'><strong>domi-</strong></span> 
     </span>
    </p>
   </div>
   <div class='ocr_carea' id='block_1_3' title="bbox 184 583 1779 666">
    <p class='ocr_par' dir='ltr' id='par_1_3' title="bbox 184 583 1779 666">
     <span class='ocr_line' id='line_1_3' title="bbox 184 583 1779 666; baseline -0.012 -10"><span class='ocrx_word' id='word_1_10' title='bbox 184 617 311 656; x_wconf 85' lang='lat' dir='ltr'><strong>num</strong></span> <span class='ocrx_word' id='word_1_11' title='bbox 358 600 507 654; x_wconf 89' lang='lat' dir='ltr'><strong>omni</strong></span> <span class='ocrx_word' id='word_1_12' title='bbox 534 615 659 655; x_wconf 89' lang='lat' dir='ltr'><strong>cum</strong></span> <span class='ocrx_word' id='word_1_13' title='bbox 699 596 1028 666; x_wconf 78' lang='lat' dir='ltr'><strong>subiectione</strong></span> <span class='ocrx_word' id='word_1_14' title='bbox 1055 596 1417 654; x_wconf 77' lang='lat' dir='ltr'><strong>accesserunt,</strong></span> <span class='ocrx_word' id='word_1_15' title='bbox 1465 596 1522 642; x_wconf 91' lang='lat' dir='ltr'><strong>et</strong></span> <span class='ocrx_word' id='word_1_16' title='bbox 1562 583 1779 640; x_wconf 91' lang='lat' dir='ltr'><strong>nomina</strong></span> 
     </span>
    </p>
   </div>
   <div class='ocr_carea' id='block_1_4' title="bbox 185 672 1781 760">
    <p class='ocr_par' dir='ltr' id='par_1_4' title="bbox 185 672 1781 760">
     <span class='ocr_line' id='line_1_4' title="bbox 185 672 1781 760; baseline -0.013 -11"><span class='ocrx_word' id='word_1_17' title='bbox 185 698 514 760; x_wconf 81' lang='lat' dir='ltr'><strong>acceperunt</strong></span> <span class='ocrx_word' id='word_1_18' title='bbox 532 731 548 754; x_wconf 88' lang='lat'><strong>,</strong></span> <span class='ocrx_word' id='word_1_19' title='bbox 577 704 678 744; x_wconf 89' lang='lat' dir='ltr'><strong>nec</strong></span> <span class='ocrx_word' id='word_1_20' title='bbox 707 687 870 741; x_wconf 89' lang='lat' dir='ltr'><strong>ullum</strong></span> <span class='ocrx_word' id='word_1_21' title='bbox 897 686 1104 740; x_wconf 89' lang='lat' dir='ltr'><strong>illorum</strong></span> <span class='ocrx_word' id='word_1_22' title='bbox 1143 681 1344 737; x_wconf 90' lang='lat' dir='ltr'><strong>veritus</strong></span> <span class='ocrx_word' id='word_1_23' title='bbox 1369 686 1451 733; x_wconf 79' lang='lat' dir='ltr'><strong>est</strong></span> <span class='ocrx_word' id='word_1_24' title='bbox 1481 675 1670 731; x_wconf 80' lang='lat' dir='ltr'><strong>Adam.</strong></span> <span class='ocrx_word' id='word_1_25' title='bbox 1702 672 1781 728; x_wconf 83' lang='lat' dir='ltr'><strong>Ne</strong></span> 
     </span>
    </p>
   </div>
   <div class='ocr_carea' id='block_1_5' title="bbox 187 768 1781 852">
    <p class='ocr_par' dir='ltr' id='par_1_5' title="bbox 187 768 1781 852">
     <span class='ocr_line' id='line_1_5' title="bbox 187 768 1781 852; baseline -0.013 -16"><span class='ocrx_word' id='word_1_26' title='bbox 187 783 350 852; x_wconf 79' lang='lat' dir='ltr'><strong>igitur</strong></span> <span class='ocrx_word' id='word_1_27' title='bbox 378 787 572 849; x_wconf 90' lang='lat' dir='ltr'><strong>arguat</strong></span> <span class='ocrx_word' id='word_1_28' title='bbox 597 777 807 846; x_wconf 77' lang='lat' dir='ltr'><strong>aliquis,</strong></span> <span class='ocrx_word' id='word_1_29' title='bbox 835 773 976 846; x_wconf 92' lang='lat' dir='ltr'><strong>quod</strong></span> <span class='ocrx_word' id='word_1_30' title='bbox 1019 787 1050 826; x_wconf 86' lang='lat' dir='ltr'><strong>a</strong></span> <span class='ocrx_word' id='word_1_31' title='bbox 1078 772 1189 826; x_wconf 89' lang='lat' dir='ltr'><strong>Deo</strong></span> <span class='ocrx_word' id='word_1_32' title='bbox 1231 768 1340 824; x_wconf 86' lang='lat' dir='ltr'><strong>sint</strong></span> <span class='ocrx_word' id='word_1_33' title='bbox 1376 774 1578 831; x_wconf 88' lang='lat' dir='ltr'><strong>creata,</strong></span> <span class='ocrx_word' id='word_1_34' title='bbox 1607 776 1781 832; x_wconf 89' lang='lat' dir='ltr'><strong>neque</strong></span> 
     </span>
    </p>
   </div>
   <div class='ocr_carea' id='block_1_6' title="bbox 187 859 1779 938">
    <p class='ocr_par' dir='ltr' id='par_1_6' title="bbox 187 859 1779 938">
     <span class='ocr_line' id='line_1_6' title="bbox 187 859 1779 938; baseline -0.014 -12"><span class='ocrx_word' id='word_1_35' title='bbox 187 880 385 926; x_wconf 82' lang='lat' dir='ltr'><strong>contra</strong></span> <span class='ocrx_word' id='word_1_36' title='bbox 429 866 688 938; x_wconf 80' lang='lat' dir='ltr'><strong>Opificem</strong></span> <span class='ocrx_word' id='word_1_37' title='bbox 737 866 968 935; x_wconf 91' lang='lat' dir='ltr'><strong>linguam</strong></span> <span class='ocrx_word' id='word_1_38' title='bbox 1015 861 1207 925; x_wconf 65' lang='lat' dir='ltr'><strong>acuatf</strong></span> <span class='ocrx_word' id='word_1_39' title='bbox 1242 859 1351 912; x_wconf 92' lang='lat' dir='ltr'><strong>imo</strong></span> <span class='ocrx_word' id='word_1_40' title='bbox 1391 862 1578 910; x_wconf 84' lang='lat' dir='ltr'><strong>contra</strong></span> <span class='ocrx_word' id='word_1_41' title='bbox 1625 866 1779 906; x_wconf 89' lang='lat' dir='ltr'><strong>suum</strong></span> 
     </span>
    </p>
   </div>
   <div class='ocr_carea' id='block_1_7' title="bbox 188 942 1782 1030">
    <p class='ocr_par' dir='ltr' id='par_1_7' title="bbox 188 942 1782 1030">
     <span class='ocr_line' id='line_1_7' title="bbox 188 942 1782 1030; baseline -0.014 -12"><span class='ocrx_word' id='word_1_42' title='bbox 188 970 379 1030; x_wconf 88' lang='lat' dir='ltr'><strong>caput,</strong></span> <span class='ocrx_word' id='word_1_43' title='bbox 410 958 642 1015; x_wconf 85' lang='lat' dir='ltr'><strong>dicendo</strong></span> <span class='ocrx_word' id='word_1_44' title='bbox 686 957 775 1012; x_wconf 90' lang='lat' dir='ltr'><strong>illa</strong></span> <span class='ocrx_word' id='word_1_45' title='bbox 815 957 1000 1010; x_wconf 89' lang='lat' dir='ltr'><strong>insana</strong></span> <span class='ocrx_word' id='word_1_46' title='bbox 1040 951 1204 1007; x_wconf 87' lang='lat' dir='ltr'><strong>verba</strong></span> <span class='ocrx_word' id='word_1_47' title='bbox 1231 948 1434 1017; x_wconf 84' lang='lat' dir='ltr'><strong>:Cujus</strong></span> <span class='ocrx_word' id='word_1_48' title='bbox 1456 945 1625 1016; x_wconf 84' lang='lat' dir='ltr'><strong>gratia</strong></span> <span class='ocrx_word' id='word_1_49' title='bbox 1657 942 1782 999; x_wconf 69' lang='lat' dir='ltr'><strong>ferte</strong></span> 
     </span>
    </p>
   </div>
   <div class='ocr_carea' id='block_1_8' title="bbox 192 1042 1780 1124">
    <p class='ocr_par' dir='ltr' id='par_1_8' title="bbox 192 1042 1780 1124">
     <span class='ocr_line' id='line_1_8' title="bbox 192 1042 1780 1124; baseline -0.013 -15"><span class='ocrx_word' id='word_1_50' title='bbox 192 1051 474 1124; x_wconf 68' lang='lat' dir='ltr'><strong>producta“:</strong></span> <span class='ocrx_word' id='word_1_51' title='bbox 494 1049 660 1104; x_wconf 74' lang='lat' dir='ltr'><strong>sunt?</strong></span> <span class='ocrx_word' id='word_1_52' title='bbox 688 1047 818 1102; x_wconf 80' lang='lat' dir='ltr'><strong>Nam</strong></span> <span class='ocrx_word' id='word_1_53' title='bbox 834 1046 1012 1101; x_wconf 71' lang='lat' dir='ltr'><strong>ounnia</strong></span> <span class='ocrx_word' id='word_1_54' title='bbox 1036 1042 1256 1114; x_wconf 80' lang='lat' dir='ltr'><strong>perinde</strong></span> <span class='ocrx_word' id='word_1_55' title='bbox 1281 1055 1345 1096; x_wconf 90' lang='lat' dir='ltr'><strong>ac</strong></span> <span class='ocrx_word' id='word_1_56' title='bbox 1369 1045 1641 1093; x_wconf 89' lang='lat' dir='ltr'><strong>mansueta</strong></span> <span class='ocrx_word' id='word_1_57' title='bbox 1667 1049 1780 1090; x_wconf 81' lang='lat' dir='ltr'><strong>ser-</strong></span> 
     </span>
    </p>
   </div>
   <div class='ocr_carea' id='block_1_9' title="bbox 189 1123 1784 1209">
    <p class='ocr_par' dir='ltr' id='par_1_9' title="bbox 189 1123 1784 1209">
     <span class='ocr_line' id='line_1_9' title="bbox 189 1123 1784 1209; baseline -0.013 -12"><span class='ocrx_word' id='word_1_58' title='bbox 189 1143 420 1197; x_wconf 84' lang='lat' dir='ltr'><strong>vitutem</strong></span> <span class='ocrx_word' id='word_1_59' title='bbox 461 1145 831 1209; x_wconf 86' lang='lat' dir='ltr'><strong>agnoverunt;</strong></span> <span class='ocrx_word' id='word_1_60' title='bbox 877 1142 934 1191; x_wconf 92' lang='lat' dir='ltr'><strong>et</strong></span> <span class='ocrx_word' id='word_1_61' title='bbox 978 1132 1272 1188; x_wconf 81' lang='lat' dir='ltr'><strong>dominium</strong></span> <span class='ocrx_word' id='word_1_62' title='bbox 1310 1126 1589 1183; x_wconf 88' lang='lat' dir='ltr'><strong>manifeste</strong></span> <span class='ocrx_word' id='word_1_63' title='bbox 1629 1123 1784 1178; x_wconf 91' lang='lat' dir='ltr'><strong>nobis</strong></span> 
     </span>
    </p>
   </div>
   <div class='ocr_carea' id='block_1_10' title="bbox 193 1216 1786 1296">
    <p class='ocr_par' dir='ltr' id='par_1_10' title="bbox 193 1216 1786 1296">
     <span class='ocr_line' id='line_1_10' title="bbox 193 1216 1786 1296; baseline -0.014 -7"><span class='ocrx_word' id='word_1_64' title='bbox 193 1238 466 1288; x_wconf 70' lang='lat' dir='ltr'><strong>metuunt</strong></span> <span class='ocrx_word' id='word_1_65' title='bbox 519 1228 791 1282; x_wconf 90' lang='lat' dir='ltr'><strong>nominum</strong></span> <span class='ocrx_word' id='word_1_66' title='bbox 849 1223 1136 1296; x_wconf 84' lang='lat' dir='ltr'><strong>impositio.</strong></span> <span class='ocrx_word' id='word_1_67' title='bbox 1183 1219 1408 1275; x_wconf 81' lang='lat' dir='ltr'><strong>Nomina</strong></span> <span class='ocrx_word' id='word_1_68' title='bbox 1449 1216 1616 1282; x_wconf 90' lang='lat' dir='ltr'><strong>enim,</strong></span> <span class='ocrx_word' id='word_1_69' title='bbox 1664 1227 1786 1284; x_wconf 78' lang='lat' dir='ltr'><strong>quze</strong></span> 
     </span>
    </p>
   </div>
   <div class='ocr_carea' id='block_1_11' title="bbox 195 1309 1782 1391">
    <p class='ocr_par' dir='ltr' id='par_1_11' title="bbox 195 1309 1782 1391">
     <span class='ocr_line' id='line_1_11' title="bbox 195 1309 1782 1391; baseline -0.013 -14"><span class='ocrx_word' id='word_1_70' title='bbox 195 1320 458 1391; x_wconf 77' lang='lat' dir='ltr'><strong>imposuit</strong></span> <span class='ocrx_word' id='word_1_71' title='bbox 488 1317 613 1383; x_wconf 88' lang='lat' dir='ltr'><strong>illis,</strong></span> <span class='ocrx_word' id='word_1_72' title='bbox 645 1330 812 1385; x_wconf 88' lang='lat' dir='ltr'><strong>usque</strong></span> <span class='ocrx_word' id='word_1_73' title='bbox 843 1315 896 1368; x_wconf 92' lang='lat' dir='ltr'><strong>in</strong></span> <span class='ocrx_word' id='word_1_74' title='bbox 926 1313 1242 1368; x_wconf 88' lang='lat' dir='ltr'><strong>hodiernum</strong></span> <span class='ocrx_word' id='word_1_75' title='bbox 1270 1309 1409 1364; x_wconf 87' lang='lat' dir='ltr'><strong>diem</strong></span> <span class='ocrx_word' id='word_1_76' title='bbox 1430 1312 1782 1377; x_wconf 84' lang='lat' dir='ltr'><strong>permanent:</strong></span> 
     </span>
    </p>
   </div>
   <div class='ocr_carea' id='block_1_12' title="bbox 195 1394 1788 1469">
    <p class='ocr_par' dir='ltr' id='par_1_12' title="bbox 195 1394 1788 1469">
     <span class='ocr_line' id='line_1_12' title="bbox 195 1394 1788 1469; baseline -0.013 -2"><span class='ocrx_word' id='word_1_77' title='bbox 195 1411 266 1468; x_wconf 88' lang='lat' dir='ltr'><strong>ita</strong></span> <span class='ocrx_word' id='word_1_78' title='bbox 293 1410 446 1465; x_wconf 89' lang='lat' dir='ltr'><strong>enim</strong></span> <span class='ocrx_word' id='word_1_79' title='bbox 473 1409 590 1462; x_wconf 71' lang='lat' dir='ltr'><strong>haec</strong></span> <span class='ocrx_word' id='word_1_80' title='bbox 627 1404 857 1460; x_wconf 86' lang='lat' dir='ltr'><strong>firmavit</strong></span> <span class='ocrx_word' id='word_1_81' title='bbox 884 1403 1043 1468; x_wconf 84' lang='lat' dir='ltr'><strong>Deus,</strong></span> <span class='ocrx_word' id='word_1_82' title='bbox 1070 1410 1132 1456; x_wconf 91' lang='lat' dir='ltr'><strong>ut</strong></span> <span class='ocrx_word' id='word_1_83' title='bbox 1157 1405 1464 1469; x_wconf 81' lang='lat' dir='ltr'><strong>perpetuam</strong></span> <span class='ocrx_word' id='word_1_84' title='bbox 1497 1394 1788 1450; x_wconf 80' lang='lat' dir='ltr'><strong>habeamus</strong></span> 
     </span>
    </p>
   </div>
   <div class='ocr_carea' id='block_1_13' title="bbox 196 1485 1788 1565">
    <p class='ocr_par' dir='ltr' id='par_1_13' title="bbox 196 1485 1788 1565">
     <span class='ocr_line' id='line_1_13' title="bbox 196 1485 1788 1565; baseline -0.013 -7"><span class='ocrx_word' id='word_1_85' title='bbox 196 1499 520 1558; x_wconf 69' lang='lat' dir='ltr'><strong>metuet-iam</strong></span> <span class='ocrx_word' id='word_1_86' title='bbox 573 1496 808 1561; x_wconf 83' lang='lat' dir='ltr'><strong>honoris,</strong></span> <span class='ocrx_word' id='word_1_87' title='bbox 860 1508 1018 1565; x_wconf 87' lang='lat' dir='ltr'><strong>quem</strong></span> <span class='ocrx_word' id='word_1_88' title='bbox 1070 1490 1222 1547; x_wconf 89' lang='lat' dir='ltr'><strong>initio</strong></span> <span class='ocrx_word' id='word_1_89' title='bbox 1260 1485 1430 1545; x_wconf 78' lang='lat' dir='ltr'><strong>Adam</strong></span> <span class='ocrx_word' id='word_1_90' title='bbox 1483 1502 1517 1542; x_wconf 91' lang='lat' dir='ltr'><strong>a</strong></span> <span class='ocrx_word' id='word_1_91' title='bbox 1560 1485 1788 1540; x_wconf 85' lang='lat' dir='ltr'><strong>Domino</strong></span> 
     </span>
    </p>
   </div>
   <div class='ocr_carea' id='block_1_14' title="bbox 197 1575 1789 1659">
    <p class='ocr_par' dir='ltr' id='par_1_14' title="bbox 197 1575 1789 1659">
     <span class='ocr_line' id='line_1_14' title="bbox 197 1575 1789 1659; baseline -0.011 -12"><span class='ocrx_word' id='word_1_92' title='bbox 197 1592 446 1647; x_wconf 80' lang='lat' dir='ltr'><strong>omnium</strong></span> <span class='ocrx_word' id='word_1_93' title='bbox 475 1589 704 1659; x_wconf 88' lang='lat' dir='ltr'><strong>accepit,</strong></span> <span class='ocrx_word' id='word_1_94' title='bbox 731 1588 883 1642; x_wconf 88' lang='lat' dir='ltr'><strong>brnta</strong></span> <span class='ocrx_word' id='word_1_95' title='bbox 912 1585 1013 1640; x_wconf 87' lang='lat' dir='ltr'><strong>sibi</strong></span> <span class='ocrx_word' id='word_1_96' title='bbox 1043 1581 1252 1639; x_wconf 89' lang='lat' dir='ltr'><strong>subdita</strong></span> <span class='ocrx_word' id='word_1_97' title='bbox 1282 1580 1505 1644; x_wconf 83' lang='lat' dir='ltr'><strong>habens,</strong></span> <span class='ocrx_word' id='word_1_98' title='bbox 1533 1587 1588 1633; x_wconf 87' lang='lat' dir='ltr'><strong>et</strong></span> <span class='ocrx_word' id='word_1_99' title='bbox 1626 1575 1789 1630; x_wconf 89' lang='lat' dir='ltr'><strong>ablati</strong></span> 
     </span>
    </p>
   </div>
   <div class='ocr_carea' id='block_1_15' title="bbox 199 1665 1790 1753">
    <p class='ocr_par' dir='ltr' id='par_1_15' title="bbox 199 1665 1790 1753">
     <span class='ocr_line' id='line_1_15' title="bbox 199 1665 1790 1753; baseline -0.011 -16"><span class='ocrx_word' id='word_1_100' title='bbox 199 1681 368 1753; x_wconf 80' lang='lat' dir='ltr'><strong>hujus</strong></span> <span class='ocrx_word' id='word_1_101' title='bbox 391 1694 610 1735; x_wconf 84' lang='lat' dir='ltr'><strong>causam</strong></span> <span class='ocrx_word' id='word_1_102' title='bbox 637 1679 712 1733; x_wconf 89' lang='lat' dir='ltr'><strong>illi</strong></span> <span class='ocrx_word' id='word_1_103' title='bbox 743 1675 1129 1737; x_wconf 83' lang='lat' dir='ltr'><strong>adscribamus,</strong></span> <span class='ocrx_word' id='word_1_104' title='bbox 1157 1672 1248 1743; x_wconf 85' lang='lat' dir='ltr'><strong>qui</strong></span> <span class='ocrx_word' id='word_1_105' title='bbox 1272 1679 1488 1740; x_wconf 88' lang='lat' dir='ltr'><strong>peccato</strong></span> <span class='ocrx_word' id='word_1_106' title='bbox 1524 1681 1624 1722; x_wconf 88' lang='lat' dir='ltr'><strong>suo</strong></span> <span class='ocrx_word' id='word_1_107' title='bbox 1652 1665 1790 1720; x_wconf 87' lang='lat' dir='ltr'><strong>hanc</strong></span> 
     </span>
    </p>
   </div>
   <div class='ocr_carea' id='block_1_16' title="bbox 198 1758 1788 1841">
    <p class='ocr_par' dir='ltr' id='par_1_16' title="bbox 198 1758 1788 1841">
     <span class='ocr_line' id='line_1_16' title="bbox 198 1758 1788 1841; baseline -0.011 -12"><span class='ocrx_word' id='word_1_108' title='bbox 198 1785 354 1830; x_wconf 79' lang='lat' dir='ltr'><strong>suam</strong></span> <span class='ocrx_word' id='word_1_109' title='bbox 395 1777 714 1841; x_wconf 85' lang='lat' dir='ltr'><strong>potestatem</strong></span> <span class='ocrx_word' id='word_1_110' title='bbox 761 1765 1041 1822; x_wconf 74' lang='lat' dir='ltr'><strong>mutilavit.</strong></span> <span class='ocrx_word' id='word_1_111' title='bbox 1078 1763 1171 1818; x_wconf 69' lang='lat'><strong>20.</strong></span> <span class='ocrx_word' id='word_1_112' title='bbox 1219 1761 1288 1816; x_wconf 77' lang='lat' dir='ltr'><strong>Et</strong></span> <span class='ocrx_word' id='word_1_113' title='bbox 1327 1760 1552 1824; x_wconf 72' lang='lat' dir='ltr'><strong>deussit,</strong></span> <span class='ocrx_word' id='word_1_114' title='bbox 1595 1758 1788 1828; x_wconf 83' lang='lat' dir='ltr'><strong>inquit,</strong></span> 
     </span>
    </p>
   </div>
   <div class='ocr_carea' id='block_1_17' title="bbox 201 1849 1792 1925">
    <p class='ocr_par' dir='ltr' id='par_1_17' title="bbox 201 1849 1792 1925">
     <span class='ocr_line' id='line_1_17' title="bbox 201 1849 1792 1925; baseline -0.008 -10"><span class='ocrx_word' id='word_1_115' title='bbox 201 1851 372 1915; x_wconf 59' lang='lat' dir='ltr'><strong>ut.</strong></span> <span class='ocrx_word' id='word_1_116' title='bbox 416 1860 625 1914; x_wconf 76' lang='lat' dir='ltr'><strong>nomine</strong></span> <span class='ocrx_word' id='word_1_117' title='bbox 654 1857 887 1912; x_wconf 79' lang='lat' dir='ltr'><strong>omnibus</strong></span> <span class='ocrx_word' id='word_1_118' title='bbox 913 1853 1194 1925; x_wconf 71' lang='lat' dir='ltr'><strong>pecoribus,</strong></span> <span class='ocrx_word' id='word_1_119' title='bbox 1224 1861 1274 1908; x_wconf 86' lang='lat' dir='ltr'><strong>et</strong></span> <span class='ocrx_word' id='word_1_120' title='bbox 1312 1851 1542 1907; x_wconf 73' lang='lat' dir='ltr'><strong>omnibus</strong></span> <span class='ocrx_word' id='word_1_121' title='bbox 1568 1849 1792 1904; x_wconf 75' lang='lat' dir='ltr'><strong>volatili-</strong></span> 
     </span>
    </p>
   </div>
   <div class='ocr_carea' id='block_1_18' title="bbox 201 1937 1791 2015">
    <p class='ocr_par' dir='ltr' id='par_1_18' title="bbox 201 1937 1791 2015">
     <span class='ocr_line' id='line_1_18' title="bbox 201 1937 1791 2015; baseline -0.008 -11"><span class='ocrx_word' id='word_1_122' title='bbox 201 1950 294 2004; x_wconf 73' lang='lat' dir='ltr'><strong>bus</strong></span> <span class='ocrx_word' id='word_1_123' title='bbox 318 1949 458 2015; x_wconf 71' lang='lat' dir='ltr'><strong>ccli,</strong></span> <span class='ocrx_word' id='word_1_124' title='bbox 485 1957 532 2002; x_wconf 82' lang='lat' dir='ltr'><strong>et</strong></span> <span class='ocrx_word' id='word_1_125' title='bbox 551 1946 782 2001; x_wconf 75' lang='lat' dir='ltr'><strong>omnibus</strong></span> <span class='ocrx_word' id='word_1_126' title='bbox 809 1944 974 2000; x_wconf 74' lang='lat' dir='ltr'><strong>bestiis</strong></span> <span class='ocrx_word' id='word_1_127' title='bbox 1000 1952 1165 1997; x_wconf 70' lang='lat' dir='ltr'><strong>terra.</strong></span> <span class='ocrx_word' id='word_1_128' title='bbox 1192 1941 1327 1996; x_wconf 79' lang='lat' dir='ltr'><strong>Hinc</strong></span> <span class='ocrx_word' id='word_1_129' title='bbox 1347 1940 1457 2010; x_wconf 89' lang='lat' dir='ltr'><strong>jam</strong></span> <span class='ocrx_word' id='word_1_130' title='bbox 1488 1937 1791 2007; x_wconf 85' lang='lat' dir='ltr'><strong>considera,</strong></span> 
     </span>
    </p>
   </div>
   <div class='ocr_carea' id='block_1_19' title="bbox 202 2028 1792 2107">
    <p class='ocr_par' dir='ltr' id='par_1_19' title="bbox 202 2028 1792 2107">
     <span class='ocr_line' id='line_1_19' title="bbox 202 2028 1792 2107; baseline -0.009 -10"><span class='ocrx_word' id='word_1_131' title='bbox 202 2041 423 2107; x_wconf 85' lang='lat' dir='ltr'><strong>dilecte,</strong></span> <span class='ocrx_word' id='word_1_132' title='bbox 448 2038 740 2096; x_wconf 75' lang='lat' dir='ltr'><strong>voluntatis</strong></span> <span class='ocrx_word' id='word_1_133' title='bbox 766 2037 1088 2098; x_wconf 86' lang='lat' dir='ltr'><strong>libertatem,</strong></span> <span class='ocrx_word' id='word_1_134' title='bbox 1115 2040 1172 2088; x_wconf 88' lang='lat' dir='ltr'><strong>et</strong></span> <span class='ocrx_word' id='word_1_135' title='bbox 1209 2031 1484 2103; x_wconf 69' lang='lat' dir='ltr'><strong>sapientia:</strong></span> <span class='ocrx_word' id='word_1_136' title='bbox 1511 2029 1629 2100; x_wconf 90' lang='lat' dir='ltr'><strong>ejus</strong></span> <span class='ocrx_word' id='word_1_137' title='bbox 1657 2028 1792 2085; x_wconf 74' lang='lat' dir='ltr'><strong>e&#39;ni-</strong></span> 
     </span>
    </p>
   </div>
   <div class='ocr_carea' id='block_1_20' title="bbox 205 2116 1794 2196">
    <p class='ocr_par' dir='ltr' id='par_1_20' title="bbox 205 2116 1794 2196">
     <span class='ocr_line' id='line_1_20' title="bbox 205 2116 1794 2196; baseline -0.008 -9"><span class='ocrx_word' id='word_1_138' title='bbox 205 2130 469 2196; x_wconf 85' lang='lat' dir='ltr'><strong>nentiam,</strong></span> <span class='ocrx_word' id='word_1_139' title='bbox 495 2137 629 2184; x_wconf 83' lang='lat' dir='ltr'><strong>etne</strong></span> <span class='ocrx_word' id='word_1_140' title='bbox 645 2127 795 2182; x_wconf 84' lang='lat' dir='ltr'><strong>dicas</strong></span> <span class='ocrx_word' id='word_1_141' title='bbox 819 2141 943 2182; x_wconf 88' lang='lat' dir='ltr'><strong>eum</strong></span> <span class='ocrx_word' id='word_1_142' title='bbox 969 2125 1243 2194; x_wconf 78' lang='lat' dir='ltr'><strong>ignorasse</strong></span> <span class='ocrx_word' id='word_1_143' title='bbox 1263 2120 1390 2192; x_wconf 86' lang='lat' dir='ltr'><strong>quid</strong></span> <span class='ocrx_word' id='word_1_144' title='bbox 1418 2120 1638 2184; x_wconf 86' lang='lat' dir='ltr'><strong>bonum,</strong></span> <span class='ocrx_word' id='word_1_145' title='bbox 1667 2116 1794 2188; x_wconf 89' lang='lat' dir='ltr'><strong>quid</strong></span> 
     </span>
    </p>
   </div>
   <div class='ocr_carea' id='block_1_21' title="bbox 204 2212 1794 2290">
    <p class='ocr_par' dir='ltr' id='par_1_21' title="bbox 204 2212 1794 2290">
     <span class='ocr_line' id='line_1_21' title="bbox 204 2212 1794 2290; baseline -0.008 -14"><span class='ocrx_word' id='word_1_146' title='bbox 204 2221 434 2276; x_wconf 82' lang='lat' dir='ltr'><strong>malum.</strong></span> <span class='ocrx_word' id='word_1_147' title='bbox 463 2219 596 2275; x_wconf 81' lang='lat' dir='ltr'><strong>Nam</strong></span> <span class='ocrx_word' id='word_1_148' title='bbox 635 2219 724 2290; x_wconf 92' lang='lat' dir='ltr'><strong>qui</strong></span> <span class='ocrx_word' id='word_1_149' title='bbox 750 2217 925 2288; x_wconf 90' lang='lat' dir='ltr'><strong>potuit</strong></span> <span class='ocrx_word' id='word_1_150' title='bbox 947 2215 1200 2286; x_wconf 84' lang='lat' dir='ltr'><strong>congruis</strong></span> <span class='ocrx_word' id='word_1_151' title='bbox 1231 2212 1540 2268; x_wconf 90' lang='lat' dir='ltr'><strong>nominibus</strong></span> <span class='ocrx_word' id='word_1_152' title='bbox 1553 2213 1794 2282; x_wconf 85' lang='lat' dir='ltr'><strong>jumenta</strong></span> 
     </span>
    </p>
   </div>
   <div class='ocr_carea' id='block_1_22' title="bbox 205 2304 1796 2384">
    <p class='ocr_par' dir='ltr' id='par_1_22' title="bbox 205 2304 1796 2384">
     <span class='ocr_line' id='line_1_22' title="bbox 205 2304 1796 2384; baseline -0.007 -16"><span class='ocrx_word' id='word_1_153' title='bbox 205 2312 506 2384; x_wconf 74' lang='lat' dir='ltr'><strong>appelhre,</strong></span> <span class='ocrx_word' id='word_1_154' title='bbox 544 2318 608 2366; x_wconf 79' lang='lat' dir='ltr'><strong>et</strong></span> <span class='ocrx_word' id='word_1_155' title='bbox 645 2308 878 2364; x_wconf 84' lang='lat' dir='ltr'><strong>volatilia</strong></span> <span class='ocrx_word' id='word_1_156' title='bbox 921 2306 1061 2372; x_wconf 66' lang='lat' dir='ltr'><strong>cali,</strong></span> <span class='ocrx_word' id='word_1_157' title='bbox 1111 2314 1167 2362; x_wconf 91' lang='lat' dir='ltr'><strong>et</strong></span> <span class='ocrx_word' id='word_1_158' title='bbox 1205 2304 1338 2360; x_wconf 90' lang='lat' dir='ltr'><strong>alias</strong></span> <span class='ocrx_word' id='word_1_159' title='bbox 1370 2304 1590 2370; x_wconf 83' lang='lat' dir='ltr'><strong>bestias,</strong></span> <span class='ocrx_word' id='word_1_160' title='bbox 1622 2316 1796 2372; x_wconf 87' lang='lat' dir='ltr'><strong>neque</strong></span> 
     </span>
    </p>
   </div>
   <div class='ocr_carea' id='block_1_23' title="bbox 205 2393 1796 2469">
    <p class='ocr_par' dir='ltr' id='par_1_23' title="bbox 205 2393 1796 2469">
     <span class='ocr_line' id='line_1_23' title="bbox 205 2393 1796 2469; baseline -0.007 -12"><span class='ocrx_word' id='word_1_161' title='bbox 205 2397 457 2457; x_wconf 70' lang='lat' dir='ltr'><strong>ordinem</strong></span> <span class='ocrx_word' id='word_1_162' title='bbox 485 2398 750 2466; x_wconf 88' lang='lat' dir='ltr'><strong>confudit,</strong></span> <span class='ocrx_word' id='word_1_163' title='bbox 781 2412 953 2469; x_wconf 88' lang='lat' dir='ltr'><strong>neque</strong></span> <span class='ocrx_word' id='word_1_164' title='bbox 978 2395 1277 2452; x_wconf 79' lang='lat' dir='ltr'><strong>mansuetis</strong></span> <span class='ocrx_word' id='word_1_165' title='bbox 1316 2393 1642 2450; x_wconf 84' lang='lat' dir='ltr'><strong>animalibus</strong></span> <span class='ocrx_word' id='word_1_166' title='bbox 1659 2406 1796 2447; x_wconf 90' lang='lat' dir='ltr'><strong>con-</strong></span> 
     </span>
    </p>
   </div>
   <div class='ocr_carea' id='block_1_24' title="bbox 209 2483 1794 2559">
    <p class='ocr_par' dir='ltr' id='par_1_24' title="bbox 209 2483 1794 2559">
     <span class='ocr_line' id='line_1_24' title="bbox 209 2483 1794 2559; baseline -0.008 -13"><span class='ocrx_word' id='word_1_167' title='bbox 209 2489 486 2546; x_wconf 81' lang='lat' dir='ltr'><strong>venientia</strong></span> <span class='ocrx_word' id='word_1_168' title='bbox 517 2488 644 2544; x_wconf 85' lang='lat' dir='ltr'><strong>feris</strong></span> <span class='ocrx_word' id='word_1_169' title='bbox 667 2488 940 2559; x_wconf 83' lang='lat' dir='ltr'><strong>imposuit,</strong></span> <span class='ocrx_word' id='word_1_170' title='bbox 984 2499 1085 2542; x_wconf 89' lang='lat' dir='ltr'><strong>nec</strong></span> <span class='ocrx_word' id='word_1_171' title='bbox 1111 2485 1240 2540; x_wconf 86' lang='lat' dir='ltr'><strong>feris</strong></span> <span class='ocrx_word' id='word_1_172' title='bbox 1267 2483 1613 2554; x_wconf 78' lang='lat' dir='ltr'><strong>coagmentis</strong></span> <span class='ocrx_word' id='word_1_173' title='bbox 1638 2495 1794 2536; x_wconf 86' lang='lat' dir='ltr'><strong>man-</strong></span> 
     </span>
    </p>
   </div>
   <div class='ocr_carea' id='block_1_25' title="bbox 208 2573 1798 2650">
    <p class='ocr_par' dir='ltr' id='par_1_25' title="bbox 208 2573 1798 2650">
     <span class='ocr_line' id='line_1_25' title="bbox 208 2573 1798 2650; baseline -0.009 -14"><span class='ocrx_word' id='word_1_174' title='bbox 208 2582 379 2635; x_wconf 79' lang='lat' dir='ltr'><strong>suetis</strong></span> <span class='ocrx_word' id='word_1_175' title='bbox 398 2580 664 2646; x_wconf 87' lang='lat' dir='ltr'><strong>attribuit,</strong></span> <span class='ocrx_word' id='word_1_176' title='bbox 692 2578 789 2634; x_wconf 88' lang='lat' dir='ltr'><strong>sed</strong></span> <span class='ocrx_word' id='word_1_177' title='bbox 826 2577 1075 2650; x_wconf 88' lang='lat' dir='ltr'><strong>omnibus</strong></span> <span class='ocrx_word' id='word_1_178' title='bbox 1101 2591 1200 2632; x_wconf 88' lang='lat' dir='ltr'><strong>sua</strong></span> <span class='ocrx_word' id='word_1_179' title='bbox 1225 2574 1375 2630; x_wconf 88' lang='lat' dir='ltr'><strong>dedit</strong></span> <span class='ocrx_word' id='word_1_180' title='bbox 1397 2573 1636 2636; x_wconf 86' lang='lat' dir='ltr'><strong>nomina,</strong></span> <span class='ocrx_word' id='word_1_181' title='bbox 1664 2586 1798 2640; x_wconf 88' lang='lat' dir='ltr'><strong>quo-</strong></span> 
     </span>
    </p>
   </div>
   <div class='ocr_carea' id='block_1_26' title="bbox 207 2663 1796 2740">
    <p class='ocr_par' dir='ltr' id='par_1_26' title="bbox 207 2663 1796 2740">
     <span class='ocr_line' id='line_1_26' title="bbox 207 2663 1796 2740; baseline -0.006 -14"><span class='ocrx_word' id='word_1_182' title='bbox 207 2670 374 2726; x_wconf 88' lang='lat' dir='ltr'><strong>modo</strong></span> <span class='ocrx_word' id='word_1_183' title='bbox 401 2685 511 2725; x_wconf 89' lang='lat' dir='ltr'><strong>non</strong></span> <span class='ocrx_word' id='word_1_184' title='bbox 538 2670 683 2725; x_wconf 91' lang='lat' dir='ltr'><strong>omni</strong></span> <span class='ocrx_word' id='word_1_185' title='bbox 708 2669 965 2740; x_wconf 89' lang='lat' dir='ltr'><strong>sapientia</strong></span> <span class='ocrx_word' id='word_1_186' title='bbox 995 2675 1050 2724; x_wconf 87' lang='lat' dir='ltr'><strong>et</strong></span> <span class='ocrx_word' id='word_1_187' title='bbox 1075 2665 1333 2722; x_wconf 86' lang='lat' dir='ltr'><strong>industria</strong></span> <span class='ocrx_word' id='word_1_188' title='bbox 1361 2664 1636 2735; x_wconf 79' lang='lat' dir='ltr'><strong>pollebat?</strong></span> <span class='ocrx_word' id='word_1_189' title='bbox 1661 2663 1796 2718; x_wconf 81' lang='lat' dir='ltr'><strong>Hinc</strong></span> 
     </span>
    </p>
   </div>
   <div class='ocr_carea' id='block_1_27' title="bbox 207 2754 1799 2830">
    <p class='ocr_par' dir='ltr' id='par_1_27' title="bbox 207 2754 1799 2830">
     <span class='ocr_line' id='line_1_27' title="bbox 207 2754 1799 2830; baseline -0.005 -15"><span class='ocrx_word' id='word_1_190' title='bbox 207 2760 408 2830; x_wconf 67' lang='lat' dir='ltr'><strong>cogita,</strong></span> <span class='ocrx_word' id='word_1_191' title='bbox 459 2769 654 2829; x_wconf 91' lang='lat' dir='ltr'><strong>quanta</strong></span> <span class='ocrx_word' id='word_1_192' title='bbox 705 2759 865 2828; x_wconf 85' lang='lat' dir='ltr'><strong>hujus</strong></span> <span class='ocrx_word' id='word_1_193' title='bbox 908 2757 1160 2829; x_wconf 86' lang='lat' dir='ltr'><strong>spiraculi</strong></span> <span class='ocrx_word' id='word_1_194' title='bbox 1205 2755 1260 2811; x_wconf 91' lang='lat' dir='ltr'><strong>in</strong></span> <span class='ocrx_word' id='word_1_195' title='bbox 1307 2754 1399 2809; x_wconf 81' lang='lat' dir='ltr'><strong>illo</strong></span> <span class='ocrx_word' id='word_1_196' title='bbox 1439 2754 1698 2824; x_wconf 87' lang='lat' dir='ltr'><strong>potentia,</strong></span> <span class='ocrx_word' id='word_1_197' title='bbox 1742 2760 1799 2807; x_wconf 93' lang='lat' dir='ltr'><strong>et</strong></span> 
     </span>
    </p>
   </div>
   <div class='ocr_carea' id='block_1_28' title="bbox 207 2847 1798 2922">
    <p class='ocr_par' dir='ltr' id='par_1_28' title="bbox 207 2847 1798 2922">
     <span class='ocr_line' id='line_1_28' title="bbox 207 2847 1798 2922; baseline -0.001 -16"><span class='ocrx_word' id='word_1_198' title='bbox 207 2861 410 2922; x_wconf 89' lang='lat' dir='ltr'><strong>quanta</strong></span> <span class='ocrx_word' id='word_1_199' title='bbox 435 2851 766 2922; x_wconf 62' lang='lat' dir='ltr'><strong>incorporea:</strong></span> <span class='ocrx_word' id='word_1_200' title='bbox 791 2852 986 2908; x_wconf 73' lang='lat' dir='ltr'><strong>animae</strong></span> <span class='ocrx_word' id='word_1_201' title='bbox 1029 2850 1310 2922; x_wconf 84' lang='lat' dir='ltr'><strong>sapientia,</strong></span> <span class='ocrx_word' id='word_1_202' title='bbox 1342 2864 1500 2920; x_wconf 87' lang='lat' dir='ltr'><strong>quam</strong></span> <span class='ocrx_word' id='word_1_203' title='bbox 1541 2847 1798 2904; x_wconf 88' lang='lat' dir='ltr'><strong>Dominus</strong></span> 
     </span>
    </p>
   </div>
   <div class='ocr_carea' id='block_1_29' title="bbox 209 2938 1798 3007">
    <p class='ocr_par' dir='ltr' id='par_1_29' title="bbox 209 2938 1798 3007">
     <span class='ocr_line' id='line_1_29' title="bbox 209 2938 1798 3007; baseline -0.002 -12"><span class='ocrx_word' id='word_1_204' title='bbox 209 2940 288 2995; x_wconf 85' lang='lat' dir='ltr'><strong>illi</strong></span> <span class='ocrx_word' id='word_1_205' title='bbox 313 2940 487 3007; x_wconf 83' lang='lat' dir='ltr'><strong>dedit,</strong></span> <span class='ocrx_word' id='word_1_206' title='bbox 515 2955 634 2996; x_wconf 91' lang='lat' dir='ltr'><strong>cum</strong></span> <span class='ocrx_word' id='word_1_207' title='bbox 663 2941 979 2996; x_wconf 83' lang='lat' dir='ltr'><strong>admirabile</strong></span> <span class='ocrx_word' id='word_1_208' title='bbox 1007 2949 1065 2996; x_wconf 89' lang='lat' dir='ltr'><strong>et</strong></span> <span class='ocrx_word' id='word_1_209' title='bbox 1104 2939 1424 2997; x_wconf 74' lang='lat' dir='ltr'><strong>rationabile</strong></span> <span class='ocrx_word' id='word_1_210' title='bbox 1471 2939 1573 2993; x_wconf 91' lang='lat' dir='ltr'><strong>hoc</strong></span> <span class='ocrx_word' id='word_1_211' title='bbox 1597 2938 1798 2992; x_wconf 89' lang='lat' dir='ltr'><strong>animal</strong></span> 
     </span>
    </p>
   </div>
   <div class='ocr_carea' id='block_1_30' title="bbox 210 3029 1799 3099">
    <p class='ocr_par' dir='ltr' id='par_1_30' title="bbox 210 3029 1799 3099">
     <span class='ocr_line' id='line_1_30' title="bbox 210 3029 1799 3099; baseline -0.001 -13"><span class='ocrx_word' id='word_1_212' title='bbox 210 3044 279 3086; x_wconf 88' lang='lat' dir='ltr'><strong>ex</strong></span> <span class='ocrx_word' id='word_1_213' title='bbox 321 3031 529 3085; x_wconf 87' lang='lat' dir='ltr'><strong>duabus</strong></span> <span class='ocrx_word' id='word_1_214' title='bbox 566 3031 770 3086; x_wconf 89' lang='lat' dir='ltr'><strong>naturis</strong></span> <span class='ocrx_word' id='word_1_215' title='bbox 797 3032 1148 3096; x_wconf 90' lang='lat' dir='ltr'><strong>constituens,</strong></span> <span class='ocrx_word' id='word_1_216' title='bbox 1192 3031 1560 3099; x_wconf 78' lang='lat' dir='ltr'><strong>iucorpoream</strong></span> <span class='ocrx_word' id='word_1_217' title='bbox 1605 3029 1799 3084; x_wconf 71' lang='lat' dir='ltr'><strong>animai</strong></span> 
     </span>
    </p>
   </div>
   <div class='ocr_carea' id='block_1_31' title="bbox 211 3118 1800 3190">
    <p class='ocr_par' dir='ltr' id='par_1_31' title="bbox 211 3118 1800 3190">
     <span class='ocr_line' id='line_1_31' title="bbox 211 3118 1800 3190; baseline -0.001 -16"><span class='ocrx_word' id='word_1_218' title='bbox 211 3119 590 3186; x_wconf 78' lang='lat' dir='ltr'><strong>substantiam,</strong></span> <span class='ocrx_word' id='word_1_219' title='bbox 620 3134 721 3175; x_wconf 89' lang='lat' dir='ltr'><strong>ceu</strong></span> <span class='ocrx_word' id='word_1_220' title='bbox 765 3120 1024 3190; x_wconf 89' lang='lat' dir='ltr'><strong>optimum</strong></span> <span class='ocrx_word' id='word_1_221' title='bbox 1075 3119 1359 3185; x_wconf 88' lang='lat' dir='ltr'><strong>artificem,</strong></span> <span class='ocrx_word' id='word_1_222' title='bbox 1405 3118 1618 3188; x_wconf 90' lang='lat' dir='ltr'><strong>corpori</strong></span> <span class='ocrx_word' id='word_1_223' title='bbox 1645 3118 1800 3188; x_wconf 87' lang='lat' dir='ltr'><strong>quasi</strong></span> 
     </span>
    </p>
   </div>
   <div class='ocr_carea' id='block_1_32' title="bbox 213 3207 1801 3278">
    <p class='ocr_par' dir='ltr' id='par_1_32' title="bbox 213 3207 1801 3278">
     <span class='ocr_line' id='line_1_32' title="bbox 213 3207 1801 3278; baseline 0 -15"><span class='ocrx_word' id='word_1_224' title='bbox 213 3207 571 3263; x_wconf 86' lang='lat' dir='ltr'><strong>instrumento</strong></span> <span class='ocrx_word' id='word_1_225' title='bbox 611 3208 909 3277; x_wconf 82' lang='lat' dir='ltr'><strong>conjunxit.</strong></span> <span class='ocrx_word' id='word_1_226' title='bbox 961 3207 1124 3278; x_wconf 84' lang='lat' dir='ltr'><strong>igitur</strong></span> <span class='ocrx_word' id='word_1_227' title='bbox 1153 3223 1274 3262; x_wconf 89' lang='lat' dir='ltr'><strong>cum</strong></span> <span class='ocrx_word' id='word_1_228' title='bbox 1319 3217 1494 3263; x_wconf 87' lang='lat' dir='ltr'><strong>tecum</strong></span> <span class='ocrx_word' id='word_1_229' title='bbox 1541 3207 1801 3277; x_wconf 74' lang='lat' dir='ltr'><strong>cogitabis</strong></span> 
     </span>
    </p>
   </div>
   <div class='ocr_carea' id='block_1_33' title="bbox 211 3295 1802 3368">
    <p class='ocr_par' dir='ltr' id='par_1_33' title="bbox 211 3295 1802 3368">
     <span class='ocr_line' id='line_1_33' title="bbox 211 3295 1802 3368; baseline 0 -16"><span class='ocrx_word' id='word_1_230' title='bbox 211 3307 418 3356; x_wconf 84' lang='lat' dir='ltr'><strong>tantam</strong></span> <span class='ocrx_word' id='word_1_231' title='bbox 458 3298 619 3368; x_wconf 83' lang='lat' dir='ltr'><strong>hujus</strong></span> <span class='ocrx_word' id='word_1_232' title='bbox 646 3298 896 3353; x_wconf 86' lang='lat' dir='ltr'><strong>animalis</strong></span> <span class='ocrx_word' id='word_1_233' title='bbox 921 3298 1259 3368; x_wconf 83' lang='lat' dir='ltr'><strong>sapientiam,</strong></span> <span class='ocrx_word' id='word_1_234' title='bbox 1289 3297 1556 3352; x_wconf 88' lang='lat' dir='ltr'><strong>admirare</strong></span> <span class='ocrx_word' id='word_1_235' title='bbox 1584 3295 1802 3366; x_wconf 83' lang='lat' dir='ltr'><strong>Opilicis</strong></span> 
     </span>
    </p>
   </div>
   <div class='ocr_carea' id='block_1_34' title="bbox 213 3386 1800 3459">
    <p class='ocr_par' dir='ltr' id='par_1_34' title="bbox 213 3386 1800 3459">
     <span class='ocr_line' id='line_1_34' title="bbox 213 3386 1800 3459; baseline -0.003 -14"><span class='ocrx_word' id='word_1_236' title='bbox 213 3389 534 3459; x_wconf 81' lang='lat' dir='ltr'><strong>potentiam.</strong></span> <span class='ocrx_word' id='word_1_237' title='bbox 560 3387 694 3443; x_wconf 84' lang='lat' dir='ltr'><strong>Nam</strong></span> <span class='ocrx_word' id='word_1_238' title='bbox 721 3388 767 3442; x_wconf 89' lang='lat' dir='ltr'><strong>si</strong></span> <span class='ocrx_word' id='word_1_239' title='bbox 788 3389 904 3443; x_wconf 69' lang='lat' dir='ltr'><strong>caeli</strong></span> <span class='ocrx_word' id='word_1_240' title='bbox 935 3387 1271 3457; x_wconf 88' lang='lat' dir='ltr'><strong>pulchritudo</strong></span> <span class='ocrx_word' id='word_1_241' title='bbox 1289 3401 1321 3442; x_wconf 89' lang='lat' dir='ltr'><strong>a</strong></span> <span class='ocrx_word' id='word_1_242' title='bbox 1343 3386 1563 3443; x_wconf 90' lang='lat' dir='ltr'><strong>cordato</strong></span> <span class='ocrx_word' id='word_1_243' title='bbox 1587 3395 1800 3456; x_wconf 85' lang='lat' dir='ltr'><strong>specta-</strong></span> 
     </span>
    </p>
   </div>
   <div class='ocr_carea' id='block_1_35' title="bbox 214 3476 1801 3546">
    <p class='ocr_par' dir='ltr' id='par_1_35' title="bbox 214 3476 1801 3546">
     <span class='ocr_line' id='line_1_35' title="bbox 214 3476 1801 3546; baseline -0.002 -12"><span class='ocrx_word' id='word_1_244' title='bbox 214 3488 332 3534; x_wconf 87' lang='lat' dir='ltr'><strong>tore</strong></span> <span class='ocrx_word' id='word_1_245' title='bbox 353 3480 489 3546; x_wconf 86' lang='lat' dir='ltr'><strong>visa,</strong></span> <span class='ocrx_word' id='word_1_246' title='bbox 518 3478 664 3533; x_wconf 91' lang='lat' dir='ltr'><strong>illum</strong></span> <span class='ocrx_word' id='word_1_247' title='bbox 693 3478 762 3534; x_wconf 87' lang='lat' dir='ltr'><strong>ad</strong></span> <span class='ocrx_word' id='word_1_248' title='bbox 787 3477 1135 3534; x_wconf 85' lang='lat' dir='ltr'><strong>celebrandas</strong></span> <span class='ocrx_word' id='word_1_249' title='bbox 1156 3476 1463 3533; x_wconf 88' lang='lat' dir='ltr'><strong>Conditoris</strong></span> <span class='ocrx_word' id='word_1_250' title='bbox 1491 3476 1673 3532; x_wconf 88' lang='lat' dir='ltr'><strong>laudes</strong></span> <span class='ocrx_word' id='word_1_251' title='bbox 1701 3476 1801 3531; x_wconf 83' lang='lat' dir='ltr'><strong>ad-</strong></span> 
     </span>
    </p>
   </div>
   <div class='ocr_carea' id='block_1_36' title="bbox 212 3568 1802 3640">
    <p class='ocr_par' dir='ltr' id='par_1_36' title="bbox 212 3568 1802 3640">
     <span class='ocr_line' id='line_1_36' title="bbox 212 3568 1802 3640; baseline -0.003 -15"><span class='ocrx_word' id='word_1_252' title='bbox 212 3569 363 3627; x_wconf 87' lang='lat' dir='ltr'><strong>ducit</strong></span> <span class='ocrx_word' id='word_1_253' title='bbox 386 3587 402 3625; x_wconf 87' lang='lat'><strong>:</strong></span> <span class='ocrx_word' id='word_1_254' title='bbox 424 3579 624 3637; x_wconf 89' lang='lat' dir='ltr'><strong>quanto</strong></span> <span class='ocrx_word' id='word_1_255' title='bbox 647 3570 815 3640; x_wconf 79' lang='lat' dir='ltr'><strong>magis</strong></span> <span class='ocrx_word' id='word_1_256' title='bbox 839 3568 1098 3625; x_wconf 86' lang='lat' dir='ltr'><strong>rationale</strong></span> <span class='ocrx_word' id='word_1_257' title='bbox 1126 3568 1230 3625; x_wconf 88' lang='lat' dir='ltr'><strong>hoc</strong></span> <span class='ocrx_word' id='word_1_258' title='bbox 1254 3570 1449 3624; x_wconf 86' lang='lat' dir='ltr'><strong>animal</strong></span> <span class='ocrx_word' id='word_1_259' title='bbox 1474 3569 1656 3634; x_wconf 91' lang='lat' dir='ltr'><strong>homo,</strong></span> <span class='ocrx_word' id='word_1_260' title='bbox 1677 3583 1802 3623; x_wconf 88' lang='lat' dir='ltr'><strong>cum</strong></span> 
     </span>
    </p>
   </div>
   <div class='ocr_carea' id='block_1_37' title="bbox 213 3656 1804 3724">
    <p class='ocr_par' dir='ltr' id='par_1_37' title="bbox 213 3656 1804 3724">
     <span class='ocr_line' id='line_1_37' title="bbox 213 3656 1804 3724; baseline -0.002 -10"><span class='ocrx_word' id='word_1_261' title='bbox 213 3671 367 3714; x_wconf 89' lang='lat' dir='ltr'><strong>suam</strong></span> <span class='ocrx_word' id='word_1_262' title='bbox 408 3657 800 3724; x_wconf 90' lang='lat' dir='ltr'><strong>formationem,</strong></span> <span class='ocrx_word' id='word_1_263' title='bbox 829 3656 1048 3713; x_wconf 89' lang='lat' dir='ltr'><strong>honoris</strong></span> <span class='ocrx_word' id='word_1_264' title='bbox 1075 3673 1106 3712; x_wconf 91' lang='lat' dir='ltr'><strong>a</strong></span> <span class='ocrx_word' id='word_1_265' title='bbox 1151 3657 1262 3713; x_wconf 89' lang='lat' dir='ltr'><strong>Deo</strong></span> <span class='ocrx_word' id='word_1_266' title='bbox 1286 3657 1388 3713; x_wconf 88' lang='lat' dir='ltr'><strong>sibi</strong></span> <span class='ocrx_word' id='word_1_267' title='bbox 1415 3657 1525 3711; x_wconf 88' lang='lat' dir='ltr'><strong>dati</strong></span> <span class='ocrx_word' id='word_1_268' title='bbox 1563 3657 1804 3711; x_wconf 84' lang='lat' dir='ltr'><strong>eminen-</strong></span> 
     </span>
    </p>
   </div>
   <div class='ocr_carea' id='block_1_38' title="bbox 214 3747 1803 3819">
    <p class='ocr_par' dir='ltr' id='par_1_38' title="bbox 214 3747 1803 3819">
     <span class='ocr_line' id='line_1_38' title="bbox 214 3747 1803 3819; baseline 0 -15"><span class='ocrx_word' id='word_1_269' title='bbox 214 3747 369 3814; x_wconf 87' lang='lat' dir='ltr'><strong>tiam,</strong></span> <span class='ocrx_word' id='word_1_270' title='bbox 400 3748 821 3819; x_wconf 89' lang='lat' dir='ltr'><strong>magnitudinem</strong></span> <span class='ocrx_word' id='word_1_271' title='bbox 852 3748 1114 3803; x_wconf 88' lang='lat' dir='ltr'><strong>donorum</strong></span> <span class='ocrx_word' id='word_1_272' title='bbox 1143 3757 1199 3804; x_wconf 92' lang='lat' dir='ltr'><strong>et</strong></span> <span class='ocrx_word' id='word_1_273' title='bbox 1231 3748 1516 3804; x_wconf 71' lang='lat' dir='ltr'><strong>ineﬂabilia</strong></span> <span class='ocrx_word' id='word_1_274' title='bbox 1545 3747 1803 3804; x_wconf 83' lang='lat' dir='ltr'><strong>beneficia</strong></span> 
     </span>
    </p>
   </div>
   <div class='ocr_carea' id='block_1_39' title="bbox 213 3838 1804 3908">
    <p class='ocr_par' dir='ltr' id='par_1_39' title="bbox 213 3838 1804 3908">
     <span class='ocr_line' id='line_1_39' title="bbox 213 3838 1804 3908; baseline 0 -14"><span class='ocrx_word' id='word_1_275' title='bbox 213 3838 544 3905; x_wconf 86' lang='lat' dir='ltr'><strong>considerat,</strong></span> <span class='ocrx_word' id='word_1_276' title='bbox 582 3847 854 3894; x_wconf 89' lang='lat' dir='ltr'><strong>auctorem</strong></span> <span class='ocrx_word' id='word_1_277' title='bbox 885 3838 1075 3893; x_wconf 89' lang='lat' dir='ltr'><strong>horum</strong></span> <span class='ocrx_word' id='word_1_278' title='bbox 1095 3838 1362 3893; x_wconf 89' lang='lat' dir='ltr'><strong>continuis</strong></span> <span class='ocrx_word' id='word_1_279' title='bbox 1387 3838 1632 3894; x_wconf 86' lang='lat' dir='ltr'><strong>laudibus</strong></span> <span class='ocrx_word' id='word_1_280' title='bbox 1661 3854 1804 3908; x_wconf 78' lang='lat' dir='ltr'><strong>pra:-</strong></span> 
     </span>
    </p>
   </div>
   <div class='ocr_carea' id='block_1_40' title="bbox 216 3928 1804 4001">
    <p class='ocr_par' dir='ltr' id='par_1_40' title="bbox 216 3928 1804 4001">
     <span class='ocr_line' id='line_1_40' title="bbox 216 3928 1804 4001; baseline 0.001 -15"><span class='ocrx_word' id='word_1_281' title='bbox 216 3929 434 3995; x_wconf 80' lang='lat' dir='ltr'><strong>dicare,</strong></span> <span class='ocrx_word' id='word_1_282' title='bbox 491 3938 547 3986; x_wconf 92' lang='lat' dir='ltr'><strong>et</strong></span> <span class='ocrx_word' id='word_1_283' title='bbox 590 3943 689 4000; x_wconf 90' lang='lat' dir='ltr'><strong>pro</strong></span> <span class='ocrx_word' id='word_1_284' title='bbox 736 3929 848 3986; x_wconf 88' lang='lat' dir='ltr'><strong>suis</strong></span> <span class='ocrx_word' id='word_1_285' title='bbox 895 3928 1100 3985; x_wconf 88' lang='lat' dir='ltr'><strong>viribus</strong></span> <span class='ocrx_word' id='word_1_286' title='bbox 1140 3928 1361 4001; x_wconf 83' lang='lat' dir='ltr'><strong>gloriam</strong></span> <span class='ocrx_word' id='word_1_287' title='bbox 1410 3929 1521 3986; x_wconf 88' lang='lat' dir='ltr'><strong>Deo</strong></span> <span class='ocrx_word' id='word_1_288' title='bbox 1575 3929 1804 3987; x_wconf 86' lang='lat' dir='ltr'><strong>reddere</strong></span> 
     </span>
    </p>
   </div>
   <div class='ocr_carea' id='block_1_41' title="bbox 215 4021 459 4094">
    <p class='ocr_par' dir='ltr' id='par_1_41' title="bbox 215 4021 459 4094">
     <span class='ocr_line' id='line_1_41' title="bbox 215 4021 459 4094; baseline -0.016 -16"><span class='ocrx_word' id='word_1_289' title='bbox 215 4021 459 4094; x_wconf 74' lang='lat' dir='ltr'><strong>potrritl</strong></span> 
     </span>
    </p>
   </div>
   <div class='ocr_carea' id='block_1_42' title="bbox 290 4109 1802 4183">
    <p class='ocr_par' dir='ltr' id='par_1_42' title="bbox 290 4109 1802 4183">
     <span class='ocr_line' id='line_1_42' title="bbox 290 4109 1802 4183; baseline 0.002 -17"><span class='ocrx_word' id='word_1_290' title='bbox 290 4111 509 4167; x_wconf 70' lang='lat' dir='ltr'><strong>Horatia</strong></span> <span class='ocrx_word' id='word_1_291' title='bbox 543 4112 844 4178; x_wconf 56' lang='lat' dir='ltr'><strong>nam».</strong></span> <span class='ocrx_word' id='word_1_292' title='bbox 886 4141 958 4154; x_wconf 92' lang='lat'>—</span> <span class='ocrx_word' id='word_1_293' title='bbox 1002 4109 1205 4167; x_wconf 83' lang='lat' dir='ltr'><strong>Vellem</strong></span> <span class='ocrx_word' id='word_1_294' title='bbox 1244 4117 1300 4167; x_wconf 91' lang='lat' dir='ltr'><strong>et</strong></span> <span class='ocrx_word' id='word_1_295' title='bbox 1343 4110 1412 4168; x_wconf 91' lang='lat' dir='ltr'><strong>de</strong></span> <span class='ocrx_word' id='word_1_296' title='bbox 1455 4112 1802 4183; x_wconf 87' lang='lat' dir='ltr'><strong>sequentibus</strong></span> 
     </span>
    </p>
   </div>
   <div class='ocr_carea' id='block_1_43' title="bbox 215 4199 1803 4272">
    <p class='ocr_par' dir='ltr' id='par_1_43' title="bbox 215 4199 1803 4272">
     <span class='ocr_line' id='line_1_43' title="bbox 215 4199 1803 4272; baseline 0.001 -16"><span class='ocrx_word' id='word_1_297' title='bbox 215 4215 378 4272; x_wconf 87' lang='lat' dir='ltr'><strong>agere</strong></span> <span class='ocrx_word' id='word_1_298' title='bbox 410 4219 424 4254; x_wconf 89' lang='lat'><strong>:</strong></span> <span class='ocrx_word' id='word_1_299' title='bbox 460 4201 553 4256; x_wconf 91' lang='lat' dir='ltr'><strong>sed</strong></span> <span class='ocrx_word' id='word_1_300' title='bbox 583 4215 651 4257; x_wconf 88' lang='lat' dir='ltr'><strong>ne</strong></span> <span class='ocrx_word' id='word_1_301' title='bbox 691 4199 1030 4256; x_wconf 87' lang='lat' dir='ltr'><strong>multitudine</strong></span> <span class='ocrx_word' id='word_1_302' title='bbox 1057 4215 1242 4256; x_wconf 89' lang='lat' dir='ltr'><strong>eorum</strong></span> <span class='ocrx_word' id='word_1_303' title='bbox 1265 4215 1385 4270; x_wconf 64' lang='lat' dir='ltr'><strong>qua;</strong></span> <span class='ocrx_word' id='word_1_304' title='bbox 1422 4201 1669 4257; x_wconf 91' lang='lat' dir='ltr'><strong>dicuntur</strong></span> <span class='ocrx_word' id='word_1_305' title='bbox 1693 4201 1803 4272; x_wconf 89' lang='lat' dir='ltr'><strong>jam</strong></span> 
     </span>
    </p>
   </div>
   <div class='ocr_carea' id='block_1_44' title="bbox 215 4290 1806 4361">
    <p class='ocr_par' dir='ltr' id='par_1_44' title="bbox 215 4290 1806 4361">
     <span class='ocr_line' id='line_1_44' title="bbox 215 4290 1806 4361; baseline 0.002 -16"><span class='ocrx_word' id='word_1_306' title='bbox 215 4290 483 4345; x_wconf 86' lang='lat' dir='ltr'><strong>dictorum</strong></span> <span class='ocrx_word' id='word_1_307' title='bbox 523 4291 741 4345; x_wconf 88' lang='lat' dir='ltr'><strong>obruam</strong></span> <span class='ocrx_word' id='word_1_308' title='bbox 772 4291 1084 4345; x_wconf 86' lang='lat' dir='ltr'><strong>memoriam</strong></span> <span class='ocrx_word' id='word_1_309' title='bbox 1104 4330 1119 4355; x_wconf 94' lang='lat'><strong>,</strong></span> <span class='ocrx_word' id='word_1_310' title='bbox 1152 4305 1331 4359; x_wconf 70' lang='lat' dir='ltr'><strong>operae</strong></span> <span class='ocrx_word' id='word_1_311' title='bbox 1366 4290 1596 4361; x_wconf 90' lang='lat' dir='ltr'><strong>pretium</strong></span> <span class='ocrx_word' id='word_1_312' title='bbox 1647 4291 1806 4348; x_wconf 91' lang='lat' dir='ltr'><strong>fuerit</strong></span> 
     </span>
    </p>
   </div>
   <div class='ocr_carea' id='block_1_45' title="bbox 215 4379 1803 4451">
    <p class='ocr_par' dir='ltr' id='par_1_45' title="bbox 215 4379 1803 4451">
     <span class='ocr_line' id='line_1_45' title="bbox 215 4379 1803 4451; baseline 0.001 -15"><span class='ocrx_word' id='word_1_313' title='bbox 215 4379 480 4436; x_wconf 80' lang='lat' dir='ltr'><strong>doctrina:</strong></span> <span class='ocrx_word' id='word_1_314' title='bbox 521 4394 826 4436; x_wconf 87' lang='lat' dir='ltr'><strong>sermonem</strong></span> <span class='ocrx_word' id='word_1_315' title='bbox 864 4379 968 4435; x_wconf 91' lang='lat' dir='ltr'><strong>hoc</strong></span> <span class='ocrx_word' id='word_1_316' title='bbox 993 4381 1114 4435; x_wconf 91' lang='lat' dir='ltr'><strong>loco</strong></span> <span class='ocrx_word' id='word_1_317' title='bbox 1145 4379 1415 4436; x_wconf 87' lang='lat' dir='ltr'><strong>claudere.</strong></span> <span class='ocrx_word' id='word_1_318' title='bbox 1455 4381 1636 4451; x_wconf 84' lang='lat' dir='ltr'><strong>Neque</strong></span> <span class='ocrx_word' id='word_1_319' title='bbox 1660 4383 1803 4450; x_wconf 86' lang='lat' dir='ltr'><strong>enim</strong></span> 
     </span>
    </p>
   </div>
   <div class='ocr_carea' id='block_1_46' title="bbox 216 4469 1805 4536">
    <p class='ocr_par' dir='ltr' id='par_1_46' title="bbox 216 4469 1805 4536">
     <span class='ocr_line' id='line_1_46' title="bbox 216 4469 1805 4536; baseline 0.001 -11"><span class='ocrx_word' id='word_1_320' title='bbox 216 4469 326 4526; x_wconf 80' lang='lat' dir='ltr'><strong>hoc</strong></span> <span class='ocrx_word' id='word_1_321' title='bbox 349 4470 518 4527; x_wconf 91' lang='lat' dir='ltr'><strong>solum</strong></span> <span class='ocrx_word' id='word_1_322' title='bbox 542 4469 693 4525; x_wconf 89' lang='lat' dir='ltr'><strong>nobis</strong></span> <span class='ocrx_word' id='word_1_323' title='bbox 716 4485 858 4525; x_wconf 69' lang='lat' dir='ltr'><strong>curae</strong></span> <span class='ocrx_word' id='word_1_324' title='bbox 882 4478 984 4536; x_wconf 89' lang='lat' dir='ltr'><strong>est,</strong></span> <span class='ocrx_word' id='word_1_325' title='bbox 1009 4479 1066 4524; x_wconf 93' lang='lat' dir='ltr'><strong>ut</strong></span> <span class='ocrx_word' id='word_1_326' title='bbox 1083 4471 1248 4524; x_wconf 87' lang='lat' dir='ltr'><strong>multa</strong></span> <span class='ocrx_word' id='word_1_327' title='bbox 1266 4470 1504 4527; x_wconf 85' lang='lat' dir='ltr'><strong>dicamus</strong></span> <span class='ocrx_word' id='word_1_328' title='bbox 1530 4487 1543 4522; x_wconf 74' lang='grc' dir='ltr'><strong>ι</strong></span> <span class='ocrx_word' id='word_1_329' title='bbox 1573 4473 1664 4527; x_wconf 87' lang='lat' dir='ltr'><strong>sed</strong></span> <span class='ocrx_word' id='word_1_330' title='bbox 1687 4472 1805 4527; x_wconf 83' lang='lat' dir='ltr'><strong>ideo</strong></span> 
     </span>
    </p>
   </div>
   <div class='ocr_carea' id='block_1_47' title="bbox 213 4559 1804 4630">
    <p class='ocr_par' dir='ltr' id='par_1_47' title="bbox 213 4559 1804 4630">
     <span class='ocr_line' id='line_1_47' title="bbox 213 4559 1804 4630; baseline 0 -14"><span class='ocrx_word' id='word_1_331' title='bbox 213 4559 450 4616; x_wconf 74' lang='lat' dir='ltr'><strong>dicimus</strong></span> <span class='ocrx_word' id='word_1_332' title='bbox 470 4600 487 4626; x_wconf 93' lang='lat'><strong>,</strong></span> <span class='ocrx_word' id='word_1_333' title='bbox 519 4569 574 4615; x_wconf 92' lang='lat' dir='ltr'><strong>ut</strong></span> <span class='ocrx_word' id='word_1_334' title='bbox 606 4570 862 4630; x_wconf 89' lang='lat' dir='ltr'><strong>perpetuo</strong></span> <span class='ocrx_word' id='word_1_335' title='bbox 887 4560 940 4615; x_wconf 92' lang='lat' dir='ltr'><strong>in</strong></span> <span class='ocrx_word' id='word_1_336' title='bbox 973 4560 1165 4614; x_wconf 88' lang='lat' dir='ltr'><strong>animis</strong></span> <span class='ocrx_word' id='word_1_337' title='bbox 1194 4560 1388 4616; x_wconf 81' lang='lat' dir='ltr'><strong>vestris</strong></span> <span class='ocrx_word' id='word_1_338' title='bbox 1415 4561 1588 4615; x_wconf 88' lang='lat' dir='ltr'><strong>defixa</strong></span> <span class='ocrx_word' id='word_1_339' title='bbox 1618 4577 1804 4616; x_wconf 87' lang='lat' dir='ltr'><strong>serve.-</strong></span> 
     </span>
    </p>
   </div>
   <div class='ocr_carea' id='block_1_48' title="bbox 216 4651 1810 4722">
    <p class='ocr_par' dir='ltr' id='par_1_48' title="bbox 216 4651 1810 4722">
     <span class='ocr_line' id='line_1_48' title="bbox 216 4651 1810 4722; baseline 0.001 -15"><span class='ocrx_word' id='word_1_340' title='bbox 216 4652 288 4707; x_wconf 90' lang='lat' dir='ltr'><strong>tis</strong></span> <span class='ocrx_word' id='word_1_341' title='bbox 309 4693 326 4718; x_wconf 91' lang='lat'><strong>,</strong></span> <span class='ocrx_word' id='word_1_342' title='bbox 362 4661 522 4721; x_wconf 89' lang='lat' dir='ltr'><strong>utque</strong></span> <span class='ocrx_word' id='word_1_343' title='bbox 563 4665 668 4706; x_wconf 90' lang='lat' dir='ltr'><strong>non</strong></span> <span class='ocrx_word' id='word_1_344' title='bbox 699 4652 872 4706; x_wconf 87' lang='lat' dir='ltr'><strong>solum</strong></span> <span class='ocrx_word' id='word_1_345' title='bbox 900 4666 997 4706; x_wconf 85' lang='lat' dir='ltr'><strong>vos</strong></span> <span class='ocrx_word' id='word_1_346' title='bbox 1021 4651 1120 4722; x_wconf 89' lang='lat' dir='ltr'><strong>ipsi</strong></span> <span class='ocrx_word' id='word_1_347' title='bbox 1146 4651 1328 4706; x_wconf 87' lang='lat' dir='ltr'><strong>sciatis</strong></span> <span class='ocrx_word' id='word_1_348' title='bbox 1351 4667 1413 4706; x_wconf 89' lang='lat' dir='ltr'><strong>ea</strong></span> <span class='ocrx_word' id='word_1_349' title='bbox 1443 4668 1562 4722; x_wconf 63' lang='lat' dir='ltr'><strong>quae</strong></span> <span class='ocrx_word' id='word_1_350' title='bbox 1589 4654 1641 4707; x_wconf 91' lang='lat' dir='ltr'><strong>in</strong></span> <span class='ocrx_word' id='word_1_351' title='bbox 1672 4653 1810 4708; x_wconf 81' lang='lat' dir='ltr'><strong>divi-</strong></span> 
     </span>
    </p>
   </div>
   <div class='ocr_carea' id='block_1_49' title="bbox 215 4739 1808 4809">
    <p class='ocr_par' dir='ltr' id='par_1_49' title="bbox 215 4739 1808 4809">
     <span class='ocr_line' id='line_1_49' title="bbox 215 4739 1808 4809; baseline 0.003 -15"><span class='ocrx_word' id='word_1_352' title='bbox 215 4741 306 4795; x_wconf 87' lang='lat' dir='ltr'><strong>nis</strong></span> <span class='ocrx_word' id='word_1_353' title='bbox 335 4739 623 4809; x_wconf 89' lang='lat' dir='ltr'><strong>Scripturis</strong></span> <span class='ocrx_word' id='word_1_354' title='bbox 644 4741 1003 4804; x_wconf 89' lang='lat' dir='ltr'><strong>continentur,</strong></span> <span class='ocrx_word' id='word_1_355' title='bbox 1033 4740 1126 4795; x_wconf 88' lang='lat' dir='ltr'><strong>sed</strong></span> <span class='ocrx_word' id='word_1_356' title='bbox 1155 4747 1212 4794; x_wconf 91' lang='lat' dir='ltr'><strong>ut</strong></span> <span class='ocrx_word' id='word_1_357' title='bbox 1239 4749 1293 4795; x_wconf 91' lang='lat' dir='ltr'><strong>et</strong></span> <span class='ocrx_word' id='word_1_358' title='bbox 1309 4740 1540 4795; x_wconf 78' lang='lat' dir='ltr'><strong>aliorum</strong></span> <span class='ocrx_word' id='word_1_359' title='bbox 1563 4743 1680 4798; x_wconf 87' lang='lat' dir='ltr'><strong>sitis</strong></span> <span class='ocrx_word' id='word_1_360' title='bbox 1703 4743 1808 4798; x_wconf 91' lang='lat' dir='ltr'><strong>do-</strong></span> 
     </span>
    </p>
   </div>
   <div class='ocr_carea' id='block_1_50' title="bbox 217 4830 1808 4902">
    <p class='ocr_par' dir='ltr' id='par_1_50' title="bbox 217 4830 1808 4902">
     <span class='ocr_line' id='line_1_50' title="bbox 217 4830 1808 4902; baseline -0.001 -13"><span class='ocrx_word' id='word_1_361' title='bbox 217 4843 420 4894; x_wconf 82' lang='lat' dir='ltr'><strong>ctores,</strong></span> <span class='ocrx_word' id='word_1_362' title='bbox 452 4830 772 4900; x_wconf 91' lang='lat' dir='ltr'><strong>possitisque</strong></span> <span class='ocrx_word' id='word_1_363' title='bbox 801 4839 856 4885; x_wconf 92' lang='lat' dir='ltr'><strong>et</strong></span> <span class='ocrx_word' id='word_1_364' title='bbox 896 4831 1030 4885; x_wconf 90' lang='lat' dir='ltr'><strong>alios</strong></span> <span class='ocrx_word' id='word_1_365' title='bbox 1081 4831 1388 4885; x_wconf 86' lang='lat' dir='ltr'><strong>admonere.</strong></span> <span class='ocrx_word' id='word_1_366' title='bbox 1429 4830 1808 4902; x_wconf 80' lang='lat' dir='ltr'><strong>Unusquisque</strong></span> 
     </span>
    </p>
   </div>
   <div class='ocr_carea' id='block_1_51' title="bbox 217 4918 1809 4993">
    <p class='ocr_par' dir='ltr' id='par_1_51' title="bbox 217 4918 1809 4993">
     <span class='ocr_line' id='line_1_51' title="bbox 217 4918 1809 4993; baseline 0.001 -18"><span class='ocrx_word' id='word_1_367' title='bbox 217 4923 385 4992; x_wconf 86' lang='lat' dir='ltr'><strong>igitur</strong></span> <span class='ocrx_word' id='word_1_368' title='bbox 408 4929 667 4993; x_wconf 65' lang='lat' dir='ltr'><strong>vestrum,</strong></span> <span class='ocrx_word' id='word_1_369' title='bbox 686 4920 930 4981; x_wconf 89' lang='lat' dir='ltr'><strong>obsecro,</strong></span> <span class='ocrx_word' id='word_1_370' title='bbox 965 4918 1088 4974; x_wconf 89' lang='lat' dir='ltr'><strong>hinc</strong></span> <span class='ocrx_word' id='word_1_371' title='bbox 1117 4934 1362 4989; x_wconf 81' lang='lat' dir='ltr'><strong>egressus</strong></span> <span class='ocrx_word' id='word_1_372' title='bbox 1380 4961 1396 4985; x_wconf 94' lang='lat'><strong>,</strong></span> <span class='ocrx_word' id='word_1_373' title='bbox 1422 4936 1541 4974; x_wconf 89' lang='lat' dir='ltr'><strong>cum</strong></span> <span class='ocrx_word' id='word_1_374' title='bbox 1568 4923 1809 4989; x_wconf 85' lang='lat' dir='ltr'><strong>proximo</strong></span> 
     </span>
    </p>
   </div>
   <div class='ocr_carea' id='block_1_52' title="bbox 218 5007 1811 5079">
    <p class='ocr_par' dir='ltr' id='par_1_52' title="bbox 218 5007 1811 5079">
     <span class='ocr_line' id='line_1_52' title="bbox 218 5007 1811 5079; baseline 0.001 -14"><span class='ocrx_word' id='word_1_375' title='bbox 218 5026 322 5066; x_wconf 91' lang='lat' dir='ltr'><strong>suo</strong></span> <span class='ocrx_word' id='word_1_376' title='bbox 351 5009 612 5064; x_wconf 89' lang='lat' dir='ltr'><strong>dictorum</strong></span> <span class='ocrx_word' id='word_1_377' title='bbox 629 5009 940 5064; x_wconf 86' lang='lat' dir='ltr'><strong>memoriam</strong></span> <span class='ocrx_word' id='word_1_378' title='bbox 970 5007 1207 5071; x_wconf 87' lang='lat' dir='ltr'><strong>refricet,</strong></span> <span class='ocrx_word' id='word_1_379' title='bbox 1234 5018 1288 5064; x_wconf 90' lang='lat' dir='ltr'><strong>et</strong></span> <span class='ocrx_word' id='word_1_380' title='bbox 1307 5025 1425 5079; x_wconf 68' lang='lat' dir='ltr'><strong>quae</strong></span> <span class='ocrx_word' id='word_1_381' title='bbox 1456 5011 1567 5078; x_wconf 90' lang='lat' dir='ltr'><strong>ipse</strong></span> <span class='ocrx_word' id='word_1_382' title='bbox 1592 5014 1811 5067; x_wconf 87' lang='lat' dir='ltr'><strong>retinuit</strong></span> 
     </span>
    </p>
   </div>
   <div class='ocr_carea' id='block_1_53' title="bbox 220 5100 1809 5171">
    <p class='ocr_par' dir='ltr' id='par_1_53' title="bbox 220 5100 1809 5171">
     <span class='ocr_line' id='line_1_53' title="bbox 220 5100 1809 5171; baseline 0.003 -16"><span class='ocrx_word' id='word_1_383' title='bbox 220 5101 476 5167; x_wconf 85' lang='lat' dir='ltr'><strong>afferens,</strong></span> <span class='ocrx_word' id='word_1_384' title='bbox 508 5115 569 5156; x_wconf 87' lang='lat' dir='ltr'><strong>ea</strong></span> <span class='ocrx_word' id='word_1_385' title='bbox 595 5116 715 5170; x_wconf 80' lang='lat' dir='ltr'><strong>quae</strong></span> <span class='ocrx_word' id='word_1_386' title='bbox 742 5100 877 5155; x_wconf 88' lang='lat' dir='ltr'><strong>alius</strong></span> <span class='ocrx_word' id='word_1_387' title='bbox 906 5101 1161 5154; x_wconf 89' lang='lat' dir='ltr'><strong>memoria</strong></span> <span class='ocrx_word' id='word_1_388' title='bbox 1184 5109 1331 5155; x_wconf 91' lang='lat' dir='ltr'><strong>tenet</strong></span> <span class='ocrx_word' id='word_1_389' title='bbox 1355 5103 1598 5171; x_wconf 89' lang='lat' dir='ltr'><strong>accipiat.</strong></span> <span class='ocrx_word' id='word_1_390' title='bbox 1647 5104 1714 5158; x_wconf 87' lang='lat' dir='ltr'><strong>Et</strong></span> <span class='ocrx_word' id='word_1_391' title='bbox 1740 5107 1809 5159; x_wconf 88' lang='lat' dir='ltr'><strong>ita</strong></span> 
     </span>
    </p>
   </div>
   <div class='ocr_carea' id='block_1_54' title="bbox 220 5192 1808 5261">
    <p class='ocr_par' dir='ltr' id='par_1_54' title="bbox 220 5192 1808 5261">
     <span class='ocr_line' id='line_1_54' title="bbox 220 5192 1808 5261; baseline 0.003 -16"><span class='ocrx_word' id='word_1_392' title='bbox 220 5193 403 5245; x_wconf 79' lang='lat' dir='ltr'><strong>munia</strong></span> <span class='ocrx_word' id='word_1_393' title='bbox 434 5192 744 5261; x_wconf 76' lang='lat' dir='ltr'><strong>colligentes</strong></span> <span class='ocrx_word' id='word_1_394' title='bbox 784 5198 942 5259; x_wconf 89' lang='lat' dir='ltr'><strong>atque</strong></span> <span class='ocrx_word' id='word_1_395' title='bbox 991 5192 1246 5245; x_wconf 85' lang='lat' dir='ltr'><strong>memoria</strong></span> <span class='ocrx_word' id='word_1_396' title='bbox 1295 5201 1560 5259; x_wconf 88' lang='lat' dir='ltr'><strong>tenentes,</strong></span> <span class='ocrx_word' id='word_1_397' title='bbox 1591 5194 1808 5250; x_wconf 90' lang='lat' dir='ltr'><strong>domum</strong></span> 
     </span>
    </p>
   </div>
   <div class='ocr_carea' id='block_1_55' title="bbox 222 5281 1812 5353">
    <p class='ocr_par' dir='ltr' id='par_1_55' title="bbox 222 5281 1812 5353">
     <span class='ocr_line' id='line_1_55' title="bbox 222 5281 1812 5353; baseline 0.002 -17"><span class='ocrx_word' id='word_1_398' title='bbox 222 5283 524 5348; x_wconf 83' lang='lat' dir='ltr'><strong>concedite,</strong></span> <span class='ocrx_word' id='word_1_399' title='bbox 553 5282 695 5351; x_wconf 89' lang='lat' dir='ltr'><strong>apud</strong></span> <span class='ocrx_word' id='word_1_400' title='bbox 725 5295 820 5335; x_wconf 83' lang='lat' dir='ltr'><strong>vos</strong></span> <span class='ocrx_word' id='word_1_401' title='bbox 859 5281 1003 5350; x_wconf 85' lang='lat' dir='ltr'><strong>ipsos</strong></span> <span class='ocrx_word' id='word_1_402' title='bbox 1038 5281 1374 5336; x_wconf 88' lang='lat' dir='ltr'><strong>ruminantcs</strong></span> <span class='ocrx_word' id='word_1_403' title='bbox 1408 5281 1614 5353; x_wconf 83' lang='lat' dir='ltr'><strong>divinas</strong></span> <span class='ocrx_word' id='word_1_404' title='bbox 1653 5283 1812 5340; x_wconf 86' lang='lat' dir='ltr'><strong>hasce</strong></span> 
     </span>
    </p>
   </div>
   <div class='ocr_carea' id='block_1_56' title="bbox 226 5372 1813 5440">
    <p class='ocr_par' dir='ltr' id='par_1_56' title="bbox 226 5372 1813 5440">
     <span class='ocr_line' id='line_1_56' title="bbox 226 5372 1813 5440; baseline 0 -12"><span class='ocrx_word' id='word_1_405' title='bbox 226 5373 538 5428; x_wconf 84' lang='lat' dir='ltr'><strong>doctrinas:</strong></span> <span class='ocrx_word' id='word_1_406' title='bbox 570 5384 628 5427; x_wconf 91' lang='lat' dir='ltr'><strong>ut</strong></span> <span class='ocrx_word' id='word_1_407' title='bbox 655 5374 758 5428; x_wconf 90' lang='lat' dir='ltr'><strong>huc</strong></span> <span class='ocrx_word' id='word_1_408' title='bbox 781 5372 927 5428; x_wconf 90' lang='lat' dir='ltr'><strong>omni</strong></span> <span class='ocrx_word' id='word_1_409' title='bbox 955 5385 1080 5426; x_wconf 88' lang='lat' dir='ltr'><strong>cura</strong></span> <span class='ocrx_word' id='word_1_410' title='bbox 1107 5381 1284 5427; x_wconf 81' lang='lat' dir='ltr'><strong>vestra</strong></span> <span class='ocrx_word' id='word_1_411' title='bbox 1315 5383 1813 5440; x_wconf 88' lang='lat' dir='ltr'><strong>conversa,mente-.-</strong></span> 
     </span>
    </p>
   </div>
   <div class='ocr_carea' id='block_1_57' title="bbox 224 5461 1812 5532">
    <p class='ocr_par' dir='ltr' id='par_1_57' title="bbox 224 5461 1812 5532">
     <span class='ocr_line' id='line_1_57' title="bbox 224 5461 1812 5532; baseline 0.003 -17"><span class='ocrx_word' id='word_1_412' title='bbox 224 5477 333 5531; x_wconf 91' lang='lat' dir='ltr'><strong>que</strong></span> <span class='ocrx_word' id='word_1_413' title='bbox 372 5464 423 5517; x_wconf 82' lang='lat' dir='ltr'><strong>in</strong></span> <span class='ocrx_word' id='word_1_414' title='bbox 467 5462 549 5517; x_wconf 86' lang='lat' dir='ltr'><strong>bis</strong></span> <span class='ocrx_word' id='word_1_415' title='bbox 600 5471 881 5532; x_wconf 87' lang='lat' dir='ltr'><strong>occupata,</strong></span> <span class='ocrx_word' id='word_1_416' title='bbox 914 5461 1129 5532; x_wconf 87' lang='lat' dir='ltr'><strong>possitis</strong></span> <span class='ocrx_word' id='word_1_417' title='bbox 1177 5461 1332 5516; x_wconf 79' lang='lat' dir='ltr'><strong>facile</strong></span> <span class='ocrx_word' id='word_1_418' title='bbox 1379 5472 1434 5516; x_wconf 89' lang='lat' dir='ltr'><strong>et</strong></span> <span class='ocrx_word' id='word_1_419' title='bbox 1484 5463 1812 5522; x_wconf 79' lang='lat' dir='ltr'><strong>turbulentas</strong></span> 
     </span>
    </p>
   </div>
   <div class='ocr_carea' id='block_1_58' title="bbox 228 5550 1810 5637">
    <p class='ocr_par' dir='ltr' id='par_1_58' title="bbox 228 5550 1810 5637">
     <span class='ocr_line' id='line_1_58' title="bbox 228 5550 1810 5637; baseline -0.001 -29"><span class='ocrx_word' id='word_1_420' title='bbox 228 5553 393 5637; x_wconf 59' lang='lat' dir='ltr'><strong>animi</strong></span> <span class='ocrx_word' id='word_1_421' title='bbox 413 5552 723 5608; x_wconf 77' lang='lat' dir='ltr'><strong>aﬂ‘ectiones</strong></span> <span class='ocrx_word' id='word_1_422' title='bbox 746 5553 982 5617; x_wconf 83' lang='lat' dir='ltr'><strong>vincere,</strong></span> <span class='ocrx_word' id='word_1_423' title='bbox 1010 5560 1064 5607; x_wconf 90' lang='lat' dir='ltr'><strong>et</strong></span> <span class='ocrx_word' id='word_1_424' title='bbox 1089 5550 1282 5606; x_wconf 90' lang='lat' dir='ltr'><strong>diaboli</strong></span> <span class='ocrx_word' id='word_1_425' title='bbox 1320 5551 1536 5606; x_wconf 87' lang='lat' dir='ltr'><strong>insidias</strong></span> <span class='ocrx_word' id='word_1_426' title='bbox 1557 5553 1810 5623; x_wconf 75' lang='lat' dir='ltr'><strong>effugere.</strong></span> 
     </span>
    </p>
   </div>
   <div class='ocr_carea' id='block_1_59' title="bbox 230 5640 1814 5699">
    <p class='ocr_par' dir='ltr' id='par_1_59' title="bbox 230 5640 1814 5699">
     <span class='ocr_line' id='line_1_59' title="bbox 230 5640 1814 5699; baseline 0.002 -3"><span class='ocrx_word' id='word_1_427' title='bbox 230 5641 362 5696; x_wconf 74' lang='lat' dir='ltr'><strong>Nam</strong></span> <span class='ocrx_word' id='word_1_428' title='bbox 383 5658 502 5698; x_wconf 90' lang='lat' dir='ltr'><strong>cum</strong></span> <span class='ocrx_word' id='word_1_429' title='bbox 530 5642 704 5698; x_wconf 90' lang='lat' dir='ltr'><strong>malus</strong></span> <span class='ocrx_word' id='word_1_430' title='bbox 738 5641 826 5697; x_wconf 91' lang='lat' dir='ltr'><strong>ille</strong></span> <span class='ocrx_word' id='word_1_431' title='bbox 849 5641 1057 5697; x_wconf 72' lang='lat' dir='ltr'><strong>dmmou</strong></span> <span class='ocrx_word' id='word_1_432' title='bbox 1088 5640 1230 5695; x_wconf 82' lang='lat' dir='ltr'><strong>videt</strong></span> <span class='ocrx_word' id='word_1_433' title='bbox 1273 5641 1502 5695; x_wconf 88' lang='lat' dir='ltr'><strong>animam</strong></span> <span class='ocrx_word' id='word_1_434' title='bbox 1532 5642 1599 5698; x_wconf 87' lang='lat' dir='ltr'><strong>de</strong></span> <span class='ocrx_word' id='word_1_435' title='bbox 1623 5643 1814 5699; x_wconf 88' lang='lat' dir='ltr'><strong>divinis</strong></span> 
     </span>
    </p>
   </div>
   <div class='ocr_carea' id='block_1_60' title="bbox 231 5729 1809 5802">
    <p class='ocr_par' dir='ltr' id='par_1_60' title="bbox 231 5729 1809 5802">
     <span class='ocr_line' id='line_1_60' title="bbox 231 5729 1809 5802; baseline -0.005 -10"><span class='ocrx_word' id='word_1_436' title='bbox 231 5729 392 5792; x_wconf 78' lang='lat' dir='ltr'><strong>rebus</strong></span> <span class='ocrx_word' id='word_1_437' title='bbox 416 5731 718 5799; x_wconf 84' lang='lat' dir='ltr'><strong>sollicitam,</strong></span> <span class='ocrx_word' id='word_1_438' title='bbox 749 5739 803 5787; x_wconf 91' lang='lat' dir='ltr'><strong>ct</strong></span> <span class='ocrx_word' id='word_1_439' title='bbox 827 5737 1079 5802; x_wconf 81' lang='lat' dir='ltr'><strong>perpetuo</strong></span> <span class='ocrx_word' id='word_1_440' title='bbox 1109 5730 1226 5785; x_wconf 88' lang='lat' dir='ltr'><strong>illas</strong></span> <span class='ocrx_word' id='word_1_441' title='bbox 1261 5730 1582 5797; x_wconf 68' lang='lat' dir='ltr'><strong>cogitantem</strong></span> <span class='ocrx_word' id='word_1_442' title='bbox 1612 5740 1665 5787; x_wconf 90' lang='lat' dir='ltr'><strong>ct</strong></span> <span class='ocrx_word' id='word_1_443' title='bbox 1691 5748 1809 5792; x_wconf 83' lang='lat' dir='ltr'><strong>ver.-</strong></span> 
     </span>
    </p>
   </div>
   <div class='ocr_carea' id='block_1_61' title="bbox 1265 374 2331 443">
    <p class='ocr_par' dir='ltr' id='par_1_61' title="bbox 1265 374 2331 443">
     <span class='ocr_line' id='line_1_61' title="bbox 1265 374 2331 443; baseline -0.008 0"><span class='ocrx_word' id='word_1_444' title='bbox 1265 383 1331 443; x_wconf 84' lang='lat' dir='ltr'><strong>lN</strong></span> <span class='ocrx_word' id='word_1_445' title='bbox 1360 379 1596 440; x_wconf 68' lang='lat' dir='ltr'><strong>CAPJI.</strong></span> <span class='ocrx_word' id='word_1_446' title='bbox 1642 375 1890 437; x_wconf 80' lang='lat' dir='ltr'><strong>GENES.</strong></span> <span class='ocrx_word' id='word_1_447' title='bbox 1939 375 2162 432; x_wconf 77' lang='lat' dir='ltr'><strong>HOMIL.</strong></span> <span class='ocrx_word' id='word_1_448' title='bbox 2209 374 2331 434; x_wconf 72' lang='lat' dir='ltr'><strong>XV.</strong></span> 
     </span>
    </p>
   </div>
   <div class='ocr_carea' id='block_1_62' title="bbox 1885 478 3478 559">
    <p class='ocr_par' dir='ltr' id='par_1_62' title="bbox 1885 478 3478 559">
     <span class='ocr_line' id='line_1_62' title="bbox 1885 478 3478 559; baseline -0.007 -14"><span class='ocrx_word' id='word_1_449' title='bbox 1885 499 2112 557; x_wconf 80' lang='lat' dir='ltr'><strong>saniem,</strong></span> <span class='ocrx_word' id='word_1_450' title='bbox 2137 505 2208 546; x_wconf 91' lang='lat' dir='ltr'><strong>ne</strong></span> <span class='ocrx_word' id='word_1_451' title='bbox 2230 487 2490 546; x_wconf 86' lang='lat' dir='ltr'><strong>accedere</strong></span> <span class='ocrx_word' id='word_1_452' title='bbox 2514 487 2728 559; x_wconf 84' lang='lat' dir='ltr'><strong>quidem</strong></span> <span class='ocrx_word' id='word_1_453' title='bbox 2756 483 2974 555; x_wconf 87' lang='lat' dir='ltr'><strong>propius</strong></span> <span class='ocrx_word' id='word_1_454' title='bbox 3000 481 3183 548; x_wconf 87' lang='lat' dir='ltr'><strong>audet,</strong></span> <span class='ocrx_word' id='word_1_455' title='bbox 3214 478 3310 536; x_wconf 88' lang='lat' dir='ltr'><strong>sed</strong></span> <span class='ocrx_word' id='word_1_456' title='bbox 3330 480 3478 536; x_wconf 82' lang='lat' dir='ltr'><strong>cele-</strong></span> 
     </span>
    </p>
   </div>
   <div class='ocr_carea' id='block_1_63' title="bbox 1885 572 3479 651">
    <p class='ocr_par' dir='ltr' id='par_1_63' title="bbox 1885 572 3479 651">
     <span class='ocr_line' id='line_1_63' title="bbox 1885 572 3479 651; baseline -0.007 -14"><span class='ocrx_word' id='word_1_457' title='bbox 1885 584 2017 638; x_wconf 89' lang='lat' dir='ltr'><strong>riter</strong></span> <span class='ocrx_word' id='word_1_458' title='bbox 2045 574 2240 650; x_wconf 82' lang='lat' dir='ltr'><strong>resilit,</strong></span> <span class='ocrx_word' id='word_1_459' title='bbox 2267 597 2298 637; x_wconf 89' lang='lat' dir='ltr'><strong>a</strong></span> <span class='ocrx_word' id='word_1_460' title='bbox 2323 581 2555 651; x_wconf 84' lang='lat' dir='ltr'><strong>Spiritus</strong></span> <span class='ocrx_word' id='word_1_461' title='bbox 2577 578 2891 648; x_wconf 79' lang='lat' dir='ltr'><strong>Operatione</strong></span> <span class='ocrx_word' id='word_1_462' title='bbox 2936 572 3089 644; x_wconf 87' lang='lat' dir='ltr'><strong>quasi</strong></span> <span class='ocrx_word' id='word_1_463' title='bbox 3137 586 3167 626; x_wconf 88' lang='lat' dir='ltr'><strong>a</strong></span> <span class='ocrx_word' id='word_1_464' title='bbox 3215 585 3479 627; x_wconf 81' lang='lat' dir='ltr'><strong>succenso</strong></span> 
     </span>
    </p>
   </div>
   <div class='ocr_carea' id='block_1_64' title="bbox 1885 661 3477 745">
    <p class='ocr_par' dir='ltr' id='par_1_64' title="bbox 1885 661 3477 745">
     <span class='ocr_line' id='line_1_64' title="bbox 1885 661 3477 745; baseline -0.008 -15"><span class='ocrx_word' id='word_1_465' title='bbox 1885 689 2016 745; x_wconf 84' lang='lat' dir='ltr'><strong>rogo</strong></span> <span class='ocrx_word' id='word_1_466' title='bbox 2033 674 2273 729; x_wconf 79' lang='lat' dir='ltr'><strong>abactos.</strong></span> <span class='ocrx_word' id='word_1_467' title='bbox 2310 672 2379 730; x_wconf 85' lang='lat' dir='ltr'><strong>Ut</strong></span> <span class='ocrx_word' id='word_1_468' title='bbox 2405 672 2566 743; x_wconf 86' lang='lat' dir='ltr'><strong>igitur</strong></span> <span class='ocrx_word' id='word_1_469' title='bbox 2585 678 2641 725; x_wconf 92' lang='lat' dir='ltr'><strong>et</strong></span> <span class='ocrx_word' id='word_1_470' title='bbox 2665 669 2820 724; x_wconf 88' lang='lat' dir='ltr'><strong>nobis</strong></span> <span class='ocrx_word' id='word_1_471' title='bbox 2840 664 3130 737; x_wconf 86' lang='lat' dir='ltr'><strong>plurimum</strong></span> <span class='ocrx_word' id='word_1_472' title='bbox 3148 664 3219 719; x_wconf 90' lang='lat' dir='ltr'><strong>sit</strong></span> <span class='ocrx_word' id='word_1_473' title='bbox 3242 661 3395 726; x_wconf 85' lang='lat' dir='ltr'><strong>lucri,</strong></span> <span class='ocrx_word' id='word_1_474' title='bbox 3420 672 3477 718; x_wconf 88' lang='lat' dir='ltr'><strong>et</strong></span> 
     </span>
    </p>
   </div>
   <div class='ocr_carea' id='block_1_65' title="bbox 1885 746 3478 826">
    <p class='ocr_par' dir='ltr' id='par_1_65' title="bbox 1885 746 3478 826">
     <span class='ocr_line' id='line_1_65' title="bbox 1885 746 3478 826; baseline -0.008 -7"><span class='ocrx_word' id='word_1_475' title='bbox 1885 763 2032 819; x_wconf 88' lang='lat' dir='ltr'><strong>illum</strong></span> <span class='ocrx_word' id='word_1_476' title='bbox 2078 765 2294 818; x_wconf 86' lang='lat' dir='ltr'><strong>vincere</strong></span> <span class='ocrx_word' id='word_1_477' title='bbox 2327 761 2620 826; x_wconf 79' lang='lat' dir='ltr'><strong>valeamus,</strong></span> <span class='ocrx_word' id='word_1_478' title='bbox 2647 765 2702 812; x_wconf 89' lang='lat' dir='ltr'><strong>et</strong></span> <span class='ocrx_word' id='word_1_479' title='bbox 2742 769 2975 825; x_wconf 88' lang='lat' dir='ltr'><strong>superne</strong></span> <span class='ocrx_word' id='word_1_480' title='bbox 3020 747 3176 808; x_wconf 84' lang='lat' dir='ltr'><strong>nobis</strong></span> <span class='ocrx_word' id='word_1_481' title='bbox 3205 746 3478 820; x_wconf 82' lang='lat' dir='ltr'><strong>cupiosior</strong></span> 
     </span>
    </p>
   </div>
   <div class='ocr_carea' id='block_1_66' title="bbox 1887 848 3475 923">
    <p class='ocr_par' dir='ltr' id='par_1_66' title="bbox 1887 848 3475 923">
     <span class='ocr_line' id='line_1_66' title="bbox 1887 848 3475 923; baseline -0.009 -14"><span class='ocrx_word' id='word_1_482' title='bbox 1887 860 2166 922; x_wconf 70' lang='lat' dir='ltr'><strong>praestetur</strong></span> <span class='ocrx_word' id='word_1_483' title='bbox 2188 853 2377 923; x_wconf 84' lang='lat' dir='ltr'><strong>gratia,</strong></span> <span class='ocrx_word' id='word_1_484' title='bbox 2405 851 2459 905; x_wconf 92' lang='lat' dir='ltr'><strong>in</strong></span> <span class='ocrx_word' id='word_1_485' title='bbox 2481 849 2564 903; x_wconf 89' lang='lat' dir='ltr'><strong>his</strong></span> <span class='ocrx_word' id='word_1_486' title='bbox 2582 848 2820 902; x_wconf 86' lang='lat' dir='ltr'><strong>animum</strong></span> <span class='ocrx_word' id='word_1_487' title='bbox 2841 851 3083 900; x_wconf 85' lang='lat' dir='ltr'><strong>nostrum</strong></span> <span class='ocrx_word' id='word_1_488' title='bbox 3103 854 3475 896; x_wconf 87' lang='lat' dir='ltr'><strong>exerceamus.</strong></span> 
     </span>
    </p>
   </div>
   <div class='ocr_carea' id='block_1_67' title="bbox 1885 931 3477 1011">
    <p class='ocr_par' dir='ltr' id='par_1_67' title="bbox 1885 931 3477 1011">
     <span class='ocr_line' id='line_1_67' title="bbox 1885 931 3477 1011; baseline -0.009 -12"><span class='ocrx_word' id='word_1_489' title='bbox 1885 943 2018 998; x_wconf 81' lang='lat' dir='ltr'><strong>Nam</strong></span> <span class='ocrx_word' id='word_1_490' title='bbox 2070 943 2143 998; x_wconf 86' lang='lat' dir='ltr'><strong>ita</strong></span> <span class='ocrx_word' id='word_1_491' title='bbox 2186 942 2638 1011; x_wconf 88' lang='lat' dir='ltr'><strong>prosperabuntur</strong></span> <span class='ocrx_word' id='word_1_492' title='bbox 2674 938 2728 992; x_wconf 91' lang='lat' dir='ltr'><strong>in</strong></span> <span class='ocrx_word' id='word_1_493' title='bbox 2767 935 3013 991; x_wconf 87' lang='lat' dir='ltr'><strong>manibus</strong></span> <span class='ocrx_word' id='word_1_494' title='bbox 3038 933 3236 987; x_wconf 84' lang='lat' dir='ltr'><strong>nostris</strong></span> <span class='ocrx_word' id='word_1_495' title='bbox 3271 931 3477 997; x_wconf 89' lang='lat' dir='ltr'><strong>omnia,</strong></span> 
     </span>
    </p>
   </div>
   <div class='ocr_carea' id='block_1_68' title="bbox 1886 1017 3481 1101">
    <p class='ocr_par' dir='ltr' id='par_1_68' title="bbox 1886 1017 3481 1101">
     <span class='ocr_line' id='line_1_68' title="bbox 1886 1017 3481 1101; baseline -0.01 -14"><span class='ocrx_word' id='word_1_496' title='bbox 1886 1043 2044 1087; x_wconf 92' lang='lat' dir='ltr'><strong>erunt</strong></span> <span class='ocrx_word' id='word_1_497' title='bbox 2072 1031 2246 1086; x_wconf 82' lang='lat' dir='ltr'><strong>facilia</strong></span> <span class='ocrx_word' id='word_1_498' title='bbox 2271 1046 2391 1101; x_wconf 69' lang='lat' dir='ltr'><strong>quae</strong></span> <span class='ocrx_word' id='word_1_499' title='bbox 2415 1027 2652 1083; x_wconf 75' lang='lat' dir='ltr'><strong>difﬁcilia</strong></span> <span class='ocrx_word' id='word_1_500' title='bbox 2682 1023 2837 1080; x_wconf 87' lang='lat' dir='ltr'><strong>erant</strong></span> <span class='ocrx_word' id='word_1_501' title='bbox 2869 1044 2883 1080; x_wconf 92' lang='lat'><strong>:</strong></span> <span class='ocrx_word' id='word_1_502' title='bbox 2913 1036 3034 1092; x_wconf 69' lang='lat' dir='ltr'><strong>qum</strong></span> <span class='ocrx_word' id='word_1_503' title='bbox 3059 1019 3284 1075; x_wconf 86' lang='lat' dir='ltr'><strong>molesta</strong></span> <span class='ocrx_word' id='word_1_504' title='bbox 3327 1017 3481 1073; x_wconf 83' lang='lat' dir='ltr'><strong>vide-</strong></span> 
     </span>
    </p>
   </div>
   <div class='ocr_carea' id='block_1_69' title="bbox 1890 1108 3482 1186">
    <p class='ocr_par' dir='ltr' id='par_1_69' title="bbox 1890 1108 3482 1186">
     <span class='ocr_line' id='line_1_69' title="bbox 1890 1108 3482 1186; baseline -0.013 -6"><span class='ocrx_word' id='word_1_505' title='bbox 1890 1125 2081 1180; x_wconf 88' lang='lat' dir='ltr'><strong>bantur</strong></span> <span class='ocrx_word' id='word_1_506' title='bbox 2105 1138 2248 1186; x_wconf 86' lang='lat' dir='ltr'><strong>esse,</strong></span> <span class='ocrx_word' id='word_1_507' title='bbox 2278 1121 2475 1177; x_wconf 89' lang='lat' dir='ltr'><strong>bonum</strong></span> <span class='ocrx_word' id='word_1_508' title='bbox 2507 1120 2707 1174; x_wconf 84' lang='lat' dir='ltr'><strong>exitum</strong></span> <span class='ocrx_word' id='word_1_509' title='bbox 2727 1115 3037 1177; x_wconf 84' lang='lat' dir='ltr'><strong>sortientur,</strong></span> <span class='ocrx_word' id='word_1_510' title='bbox 3062 1125 3165 1166; x_wconf 91' lang='lat' dir='ltr'><strong>nec</strong></span> <span class='ocrx_word' id='word_1_511' title='bbox 3188 1108 3482 1180; x_wconf 86' lang='lat' dir='ltr'><strong>quidquam</strong></span> 
     </span>
    </p>
   </div>
   <div class='ocr_carea' id='block_1_70' title="bbox 1888 1197 3486 1284">
    <p class='ocr_par' dir='ltr' id='par_1_70' title="bbox 1888 1197 3486 1284">
     <span class='ocr_line' id='line_1_70' title="bbox 1888 1197 3486 1284; baseline -0.013 -14"><span class='ocrx_word' id='word_1_512' title='bbox 1888 1213 2232 1284; x_wconf 61' lang='lat' dir='ltr'><strong>prementium</strong></span> <span class='ocrx_word' id='word_1_513' title='bbox 2263 1226 2362 1267; x_wconf 89' lang='lat' dir='ltr'><strong>nos</strong></span> <span class='ocrx_word' id='word_1_514' title='bbox 2392 1209 2606 1265; x_wconf 86' lang='lat' dir='ltr'><strong>tristitia</strong></span> <span class='ocrx_word' id='word_1_515' title='bbox 2630 1205 2849 1262; x_wconf 85' lang='lat' dir='ltr'><strong>afficere</strong></span> <span class='ocrx_word' id='word_1_516' title='bbox 2882 1202 3101 1276; x_wconf 82' lang='lat' dir='ltr'><strong>poterit.</strong></span> <span class='ocrx_word' id='word_1_517' title='bbox 3139 1197 3486 1269; x_wconf 78' lang='lat' dir='ltr'><strong>Quandoqui—</strong></span> 
     </span>
    </p>
   </div>
   <div class='ocr_carea' id='block_1_71' title="bbox 1891 1289 3488 1364">
    <p class='ocr_par' dir='ltr' id='par_1_71' title="bbox 1891 1289 3488 1364">
     <span class='ocr_line' id='line_1_71' title="bbox 1891 1289 3488 1364; baseline -0.012 -4"><span class='ocrx_word' id='word_1_518' title='bbox 1891 1305 2012 1360; x_wconf 86' lang='lat' dir='ltr'><strong>dem</strong></span> <span class='ocrx_word' id='word_1_519' title='bbox 2040 1305 2084 1359; x_wconf 90' lang='lat' dir='ltr'><strong>si</strong></span> <span class='ocrx_word' id='word_1_520' title='bbox 2110 1303 2267 1359; x_wconf 89' lang='lat' dir='ltr'><strong>nobis</strong></span> <span class='ocrx_word' id='word_1_521' title='bbox 2293 1315 2439 1356; x_wconf 69' lang='lat' dir='ltr'><strong>curm</strong></span> <span class='ocrx_word' id='word_1_522' title='bbox 2466 1299 2664 1355; x_wconf 91' lang='lat' dir='ltr'><strong>fuerint</strong></span> <span class='ocrx_word' id='word_1_523' title='bbox 2687 1296 2886 1359; x_wconf 88' lang='lat' dir='ltr'><strong>divina,</strong></span> <span class='ocrx_word' id='word_1_524' title='bbox 2933 1294 3046 1364; x_wconf 85' lang='lat' dir='ltr'><strong>ipse</strong></span> <span class='ocrx_word' id='word_1_525' title='bbox 3085 1301 3298 1362; x_wconf 91' lang='lat' dir='ltr'><strong>quoque</strong></span> <span class='ocrx_word' id='word_1_526' title='bbox 3342 1289 3488 1343; x_wconf 84' lang='lat' dir='ltr'><strong>Deus</strong></span> 
     </span>
    </p>
   </div>
   <div class='ocr_carea' id='block_1_72' title="bbox 1894 1382 3487 1465">
    <p class='ocr_par' dir='ltr' id='par_1_72' title="bbox 1894 1382 3487 1465">
     <span class='ocr_line' id='line_1_72' title="bbox 1894 1382 3487 1465; baseline -0.012 -15"><span class='ocrx_word' id='word_1_527' title='bbox 1894 1410 1991 1465; x_wconf 83' lang='lat' dir='ltr'><strong>pro</strong></span> <span class='ocrx_word' id='word_1_528' title='bbox 2017 1393 2171 1448; x_wconf 85' lang='lat' dir='ltr'><strong>nobis</strong></span> <span class='ocrx_word' id='word_1_529' title='bbox 2197 1391 2456 1448; x_wconf 91' lang='lat' dir='ltr'><strong>sollicitus</strong></span> <span class='ocrx_word' id='word_1_530' title='bbox 2481 1390 2605 1456; x_wconf 89' lang='lat' dir='ltr'><strong>erit,</strong></span> <span class='ocrx_word' id='word_1_531' title='bbox 2635 1395 2690 1442; x_wconf 89' lang='lat' dir='ltr'><strong>et</strong></span> <span class='ocrx_word' id='word_1_532' title='bbox 2717 1399 2909 1457; x_wconf 84' lang='lat' dir='ltr'><strong>magna</strong></span> <span class='ocrx_word' id='word_1_533' title='bbox 2947 1382 3234 1438; x_wconf 87' lang='lat' dir='ltr'><strong>securitate</strong></span> <span class='ocrx_word' id='word_1_534' title='bbox 3268 1392 3367 1448; x_wconf 90' lang='lat' dir='ltr'><strong>per</strong></span> <span class='ocrx_word' id='word_1_535' title='bbox 3392 1391 3487 1446; x_wconf 83' lang='lat' dir='ltr'><strong>pe-</strong></span> 
     </span>
    </p>
   </div>
   <div class='ocr_carea' id='block_1_73' title="bbox 1891 1473 3487 1557">
    <p class='ocr_par' dir='ltr' id='par_1_73' title="bbox 1891 1473 3487 1557">
     <span class='ocr_line' id='line_1_73' title="bbox 1891 1473 3487 1557; baseline -0.012 -16"><span class='ocrx_word' id='word_1_536' title='bbox 1891 1487 2044 1557; x_wconf 88' lang='lat' dir='ltr'><strong>lagus</strong></span> <span class='ocrx_word' id='word_1_537' title='bbox 2067 1485 2225 1555; x_wconf 87' lang='lat' dir='ltr'><strong>hujus</strong></span> <span class='ocrx_word' id='word_1_538' title='bbox 2248 1484 2369 1538; x_wconf 63' lang='lat' dir='ltr'><strong>vitae</strong></span> <span class='ocrx_word' id='word_1_539' title='bbox 2396 1479 2783 1552; x_wconf 90' lang='lat' dir='ltr'><strong>navigabimus,</strong></span> <span class='ocrx_word' id='word_1_540' title='bbox 2818 1491 2883 1532; x_wconf 89' lang='lat' dir='ltr'><strong>ac</strong></span> <span class='ocrx_word' id='word_1_541' title='bbox 2906 1473 3205 1531; x_wconf 88' lang='lat' dir='ltr'><strong>deducentc</strong></span> <span class='ocrx_word' id='word_1_542' title='bbox 3241 1483 3341 1525; x_wconf 90' lang='lat' dir='ltr'><strong>nos</strong></span> <span class='ocrx_word' id='word_1_543' title='bbox 3367 1484 3487 1523; x_wconf 84' lang='lat' dir='ltr'><strong>ma-</strong></span> 
     </span>
    </p>
   </div>
   <div class='ocr_carea' id='block_1_74' title="bbox 1891 1561 3487 1647">
    <p class='ocr_par' dir='ltr' id='par_1_74' title="bbox 1891 1561 3487 1647">
     <span class='ocr_line' id='line_1_74' title="bbox 1891 1561 3487 1647; baseline -0.009 -16"><span class='ocrx_word' id='word_1_544' title='bbox 1891 1590 1997 1647; x_wconf 86' lang='lat' dir='ltr'><strong>gno</strong></span> <span class='ocrx_word' id='word_1_545' title='bbox 2024 1575 2117 1631; x_wconf 92' lang='lat' dir='ltr'><strong>illo</strong></span> <span class='ocrx_word' id='word_1_546' title='bbox 2145 1573 2504 1646; x_wconf 85' lang='lat' dir='ltr'><strong>gubernatore</strong></span> <span class='ocrx_word' id='word_1_547' title='bbox 2552 1571 2664 1626; x_wconf 87' lang='lat' dir='ltr'><strong>Deo</strong></span> <span class='ocrx_word' id='word_1_548' title='bbox 2701 1570 2838 1640; x_wconf 89' lang='lat' dir='ltr'><strong>ipso,</strong></span> <span class='ocrx_word' id='word_1_549' title='bbox 2869 1565 2938 1621; x_wconf 94' lang='lat' dir='ltr'><strong>ad</strong></span> <span class='ocrx_word' id='word_1_550' title='bbox 2989 1564 3135 1620; x_wconf 89' lang='lat' dir='ltr'><strong>illius</strong></span> <span class='ocrx_word' id='word_1_551' title='bbox 3186 1561 3487 1645; x_wconf 64' lang='lat' dir='ltr'><strong>clementiae</strong></span> 
     </span>
    </p>
   </div>
   <div class='ocr_carea' id='block_1_75' title="bbox 1895 1655 3488 1738">
    <p class='ocr_par' dir='ltr' id='par_1_75' title="bbox 1895 1655 3488 1738">
     <span class='ocr_line' id='line_1_75' title="bbox 1895 1655 3488 1738; baseline -0.01 -15"><span class='ocrx_word' id='word_1_552' title='bbox 1895 1677 2107 1738; x_wconf 89' lang='lat' dir='ltr'><strong>portum</strong></span> <span class='ocrx_word' id='word_1_553' title='bbox 2128 1666 2455 1737; x_wconf 88' lang='lat' dir='ltr'><strong>appellemus</strong></span> <span class='ocrx_word' id='word_1_554' title='bbox 2487 1681 2503 1718; x_wconf 90' lang='lat'><strong>:</strong></span> <span class='ocrx_word' id='word_1_555' title='bbox 2529 1661 2615 1719; x_wconf 89' lang='lat' dir='ltr'><strong>cui</strong></span> <span class='ocrx_word' id='word_1_556' title='bbox 2653 1660 2820 1732; x_wconf 83' lang='lat' dir='ltr'><strong>gloria</strong></span> <span class='ocrx_word' id='word_1_557' title='bbox 2847 1659 2888 1726; x_wconf 77' lang='grc'><strong>⁸,</strong></span> <span class='ocrx_word' id='word_1_558' title='bbox 2916 1667 2972 1715; x_wconf 88' lang='lat' dir='ltr'><strong>et</strong></span> <span class='ocrx_word' id='word_1_559' title='bbox 3002 1655 3316 1727; x_wconf 83' lang='lat' dir='ltr'><strong>imperium,</strong></span> <span class='ocrx_word' id='word_1_560' title='bbox 3344 1666 3488 1709; x_wconf 89' lang='lat' dir='ltr'><strong>nunc</strong></span> 
     </span>
    </p>
   </div>
   <div class='ocr_carea' id='block_1_76' title="bbox 1894 1745 3484 1828">
    <p class='ocr_par' dir='ltr' id='par_1_76' title="bbox 1894 1745 3484 1828">
     <span class='ocr_line' id='line_1_76' title="bbox 1894 1745 3484 1828; baseline -0.009 -14"><span class='ocrx_word' id='word_1_561' title='bbox 1894 1765 1951 1814; x_wconf 89' lang='lat' dir='ltr'><strong>ct</strong></span> <span class='ocrx_word' id='word_1_562' title='bbox 1974 1771 2208 1828; x_wconf 88' lang='lat' dir='ltr'><strong>semper,</strong></span> <span class='ocrx_word' id='word_1_563' title='bbox 2237 1765 2294 1812; x_wconf 87' lang='lat' dir='ltr'><strong>et</strong></span> <span class='ocrx_word' id='word_1_564' title='bbox 2334 1755 2390 1811; x_wconf 89' lang='lat' dir='ltr'><strong>in</strong></span> <span class='ocrx_word' id='word_1_565' title='bbox 2440 1753 2646 1810; x_wconf 84' lang='lat' dir='ltr'><strong>infinita</strong></span> <span class='ocrx_word' id='word_1_566' title='bbox 2678 1751 2872 1808; x_wconf 65' lang='lat' dir='ltr'><strong>saeuis</strong></span> <span class='ocrx_word' id='word_1_567' title='bbox 2904 1748 3244 1806; x_wconf 64' lang='lat' dir='ltr'><strong>saculorum.</strong></span> <span class='ocrx_word' id='word_1_568' title='bbox 3283 1745 3484 1802; x_wconf 73' lang='lat' dir='ltr'><strong>Amen.</strong></span> 
     </span>
    </p>
   </div>
   <div class='ocr_carea' id='block_1_77' title="bbox 2477 1883 2910 1943">
    <p class='ocr_par' dir='ltr' id='par_1_77' title="bbox 2477 1883 2910 1943">
     <span class='ocr_line' id='line_1_77' title="bbox 2477 1883 2910 1943; baseline -0.012 -1"><span class='ocrx_word' id='word_1_569' title='bbox 2477 1883 2757 1943; x_wconf 73' lang='lat' dir='ltr'><strong>HOIILIA</strong></span> <span class='ocrx_word' id='word_1_570' title='bbox 2795 1883 2910 1939; x_wconf 78' lang='lat' dir='ltr'><strong>XV.</strong></span> 
     </span>
    </p>
   </div>
   <div class='ocr_carea' id='block_1_78' title="bbox 1895 1991 3491 2068">
    <p class='ocr_par' dir='ltr' id='par_1_78' title="bbox 1895 1991 3491 2068">
     <span class='ocr_line' id='line_1_78' title="bbox 1895 1991 3491 2068; baseline -0.008 -10"><span class='ocrx_word' id='word_1_571' title='bbox 1895 2002 2024 2058; x_wconf 72' lang='lat' dir='ltr'><strong>Adet</strong></span> <span class='ocrx_word' id='word_1_572' title='bbox 2042 2018 2159 2057; x_wconf 77' lang='lat' dir='ltr'><strong>vero</strong></span> <span class='ocrx_word' id='word_1_573' title='bbox 2184 2017 2287 2056; x_wconf 80' lang='lat' dir='ltr'><strong>non</strong></span> <span class='ocrx_word' id='word_1_574' title='bbox 2313 2001 2548 2055; x_wconf 65' lang='lat' dir='ltr'><strong>inventus</strong></span> <span class='ocrx_word' id='word_1_575' title='bbox 2569 2007 2644 2054; x_wconf 88' lang='lat' dir='ltr'><strong>est</strong></span> <span class='ocrx_word' id='word_1_576' title='bbox 2670 1998 2879 2068; x_wconf 78' lang='lat' dir='ltr'><strong>adjutor</strong></span> <span class='ocrx_word' id='word_1_577' title='bbox 2900 1993 3082 2050; x_wconf 71' lang='lat' dir='ltr'><strong>similis</strong></span> <span class='ocrx_word' id='word_1_578' title='bbox 3101 1991 3200 2048; x_wconf 88' lang='lat' dir='ltr'><strong>illi.</strong></span> <span class='ocrx_word' id='word_1_579' title='bbox 3231 1991 3299 2047; x_wconf 79' lang='lat' dir='ltr'><strong>Et</strong></span> <span class='ocrx_word' id='word_1_580' title='bbox 3318 1991 3491 2047; x_wconf 69' lang='lat' dir='ltr'><strong>itumi-</strong></span> 
     </span>
    </p>
   </div>
   <div class='ocr_carea' id='block_1_79' title="bbox 1969 2079 3493 2152">
    <p class='ocr_par' dir='ltr' id='par_1_79' title="bbox 1969 2079 3493 2152">
     <span class='ocr_line' id='line_1_79' title="bbox 1969 2079 3493 2152; baseline -0.009 -5"><span class='ocrx_word' id='word_1_581' title='bbox 1969 2093 2036 2147; x_wconf 88' lang='lat' dir='ltr'><strong>sit</strong></span> <span class='ocrx_word' id='word_1_582' title='bbox 2076 2091 2213 2146; x_wconf 82' lang='lat' dir='ltr'><strong>Deus</strong></span> <span class='ocrx_word' id='word_1_583' title='bbox 2235 2105 2495 2145; x_wconf 71' lang='lat' dir='ltr'><strong>excessum</strong></span> <span class='ocrx_word' id='word_1_584' title='bbox 2518 2089 2574 2143; x_wconf 86' lang='lat' dir='ltr'><strong>in</strong></span> <span class='ocrx_word' id='word_1_585' title='bbox 2598 2089 2788 2152; x_wconf 78' lang='lat' dir='ltr'><strong>Adam,</strong></span> <span class='ocrx_word' id='word_1_586' title='bbox 2811 2095 2859 2140; x_wconf 80' lang='lat' dir='ltr'><strong>et</strong></span> <span class='ocrx_word' id='word_1_587' title='bbox 2885 2083 3146 2139; x_wconf 71' lang='lat' dir='ltr'><strong>dormivit.</strong></span> <span class='ocrx_word' id='word_1_588' title='bbox 3185 2079 3254 2136; x_wconf 86' lang='lat' dir='ltr'><strong>Et</strong></span> <span class='ocrx_word' id='word_1_589' title='bbox 3300 2080 3493 2152; x_wconf 74' lang='lat' dir='ltr'><strong>accepit</strong></span> 
     </span>
    </p>
   </div>
   <div class='ocr_carea' id='block_1_80' title="bbox 1967 2167 3492 2251">
    <p class='ocr_par' dir='ltr' id='par_1_80' title="bbox 1967 2167 3492 2251">
     <span class='ocr_line' id='line_1_80' title="bbox 1967 2167 3492 2251; baseline -0.009 -13"><span class='ocrx_word' id='word_1_590' title='bbox 1967 2199 2120 2238; x_wconf 83' lang='lat' dir='ltr'><strong>unam</strong></span> <span class='ocrx_word' id='word_1_591' title='bbox 2143 2192 2396 2237; x_wconf 75' lang='lat' dir='ltr'><strong>costarum</strong></span> <span class='ocrx_word' id='word_1_592' title='bbox 2420 2167 2554 2251; x_wconf 85' lang='lat' dir='ltr'><strong>ejus,</strong></span> <span class='ocrx_word' id='word_1_593' title='bbox 2578 2187 2630 2234; x_wconf 81' lang='lat' dir='ltr'><strong>et.</strong></span> <span class='ocrx_word' id='word_1_594' title='bbox 2651 2177 2875 2248; x_wconf 79' lang='lat' dir='ltr'><strong>implevit</strong></span> <span class='ocrx_word' id='word_1_595' title='bbox 2896 2190 3099 2230; x_wconf 79' lang='lat' dir='ltr'><strong>cantent</strong></span> <span class='ocrx_word' id='word_1_596' title='bbox 3127 2189 3220 2244; x_wconf 78' lang='lat' dir='ltr'><strong>pro</strong></span> <span class='ocrx_word' id='word_1_597' title='bbox 3258 2171 3372 2227; x_wconf 83' lang='lat' dir='ltr'><strong>illa.</strong></span> <span class='ocrx_word' id='word_1_598' title='bbox 3419 2167 3492 2227; x_wconf 79' lang='lat' dir='ltr'><strong>Et</strong></span> 
     </span>
    </p>
   </div>
   <div class='ocr_carea' id='block_1_81' title="bbox 1967 2261 3494 2342">
    <p class='ocr_par' dir='ltr' id='par_1_81' title="bbox 1967 2261 3494 2342">
     <span class='ocr_line' id='line_1_81' title="bbox 1967 2261 3494 2342; baseline -0.008 -13"><span class='ocrx_word' id='word_1_599' title='bbox 1967 2274 2240 2342; x_wconf 68' lang='lat' dir='ltr'><strong>cdiﬁcauit</strong></span> <span class='ocrx_word' id='word_1_600' title='bbox 2266 2270 2406 2326; x_wconf 84' lang='lat' dir='ltr'><strong>Deus</strong></span> <span class='ocrx_word' id='word_1_601' title='bbox 2433 2282 2624 2326; x_wconf 81' lang='lat' dir='ltr'><strong>costam</strong></span> <span class='ocrx_word' id='word_1_602' title='bbox 2646 2309 2660 2330; x_wconf 86' lang='lat'><em>.</em></span> <span class='ocrx_word' id='word_1_603' title='bbox 2687 2284 2841 2339; x_wconf 72' lang='lat' dir='ltr'><strong>quam</strong></span> <span class='ocrx_word' id='word_1_604' title='bbox 2883 2265 3076 2336; x_wconf 75' lang='lat' dir='ltr'><strong>accepit</strong></span> <span class='ocrx_word' id='word_1_605' title='bbox 3114 2263 3180 2320; x_wconf 80' lang='lat' dir='ltr'><strong>ds</strong></span> <span class='ocrx_word' id='word_1_606' title='bbox 3209 2263 3409 2332; x_wconf 67' lang='lat' dir='ltr'><strong>Adam,</strong></span> <span class='ocrx_word' id='word_1_607' title='bbox 3437 2261 3494 2318; x_wconf 67' lang='lat' dir='ltr'><strong>in</strong></span> 
     </span>
    </p>
   </div>
   <div class='ocr_carea' id='block_1_82' title="bbox 1968 2357 2741 2429">
    <p class='ocr_par' dir='ltr' id='par_1_82' title="bbox 1968 2357 2741 2429">
     <span class='ocr_line' id='line_1_82' title="bbox 1968 2357 2741 2429; baseline -0.005 -13"><span class='ocrx_word' id='word_1_608' title='bbox 1968 2360 2231 2416; x_wconf 81' lang='lat' dir='ltr'><strong>mulierem</strong></span> <span class='ocrx_word' id='word_1_609' title='bbox 2259 2358 2414 2429; x_wconf 78' lang='lat' dir='ltr'><strong>(Gen.</strong></span> <span class='ocrx_word' id='word_1_610' title='bbox 2445 2358 2501 2414; x_wconf 76' lang='lat'><strong>2.</strong></span> <span class='ocrx_word' id='word_1_611' title='bbox 2527 2357 2741 2428; x_wconf 71' lang='lat'><strong>20—22).</strong></span> 
     </span>
    </p>
   </div>
   <div class='ocr_carea' id='block_1_83' title="bbox 1971 2461 3491 2535">
    <p class='ocr_par' dir='ltr' id='par_1_83' title="bbox 1971 2461 3491 2535">
     <span class='ocr_line' id='line_1_83' title="bbox 1971 2461 3491 2535; baseline -0.009 -7"><span class='ocrx_word' id='word_1_612' title='bbox 1971 2474 2027 2528; x_wconf 77' lang='grc' dir='ltr'><strong>Ι.</strong></span> <span class='ocrx_word' id='word_1_613' title='bbox 2067 2471 2146 2528; x_wconf 84' lang='lat' dir='ltr'><strong>De</strong></span> <span class='ocrx_word' id='word_1_614' title='bbox 2168 2487 2341 2526; x_wconf 75' lang='lat' dir='ltr'><strong>more</strong></span> <span class='ocrx_word' id='word_1_615' title='bbox 2376 2471 2511 2526; x_wconf 78' lang='lat' dir='ltr'><strong>uerbi</strong></span> <span class='ocrx_word' id='word_1_616' title='bbox 2529 2469 2687 2522; x_wconf 76' lang='lat' dir='ltr'><strong>diuini</strong></span> <span class='ocrx_word' id='word_1_617' title='bbox 2708 2467 2813 2523; x_wconf 83' lang='lat' dir='ltr'><strong>suis</strong></span> <span class='ocrx_word' id='word_1_618' title='bbox 2833 2465 3151 2521; x_wconf 78' lang='lat' dir='ltr'><strong>auditoribus</strong></span> <span class='ocrx_word' id='word_1_619' title='bbox 3181 2461 3491 2535; x_wconf 63' lang='lat' dir='ltr'><strong>gratulatur.</strong></span> 
     </span>
    </p>
   </div>
   <div class='ocr_carea' id='block_1_84' title="bbox 1895 2550 3496 2632">
    <p class='ocr_par' dir='ltr' id='par_1_84' title="bbox 1895 2550 3496 2632">
     <span class='ocr_line' id='line_1_84' title="bbox 1895 2550 3496 2632; baseline -0.007 -14"><span class='ocrx_word' id='word_1_620' title='bbox 1895 2591 1972 2606; x_wconf 91' lang='lat'>—</span> <span class='ocrx_word' id='word_1_621' title='bbox 1998 2562 2239 2632; x_wconf 72' lang='lat' dir='ltr'><strong>Magnam</strong></span> <span class='ocrx_word' id='word_1_622' title='bbox 2265 2561 2418 2617; x_wconf 86' lang='lat' dir='ltr'><strong>vobis</strong></span> <span class='ocrx_word' id='word_1_623' title='bbox 2433 2559 2605 2613; x_wconf 83' lang='lat' dir='ltr'><strong>habeo</strong></span> <span class='ocrx_word' id='word_1_624' title='bbox 2623 2556 2870 2628; x_wconf 85' lang='lat' dir='ltr'><strong>gratiam,</strong></span> <span class='ocrx_word' id='word_1_625' title='bbox 2891 2554 3199 2625; x_wconf 82' lang='lat' dir='ltr'><strong>quod&#39;tanta</strong></span> <span class='ocrx_word' id='word_1_626' title='bbox 3217 2550 3496 2608; x_wconf 85' lang='lat' dir='ltr'><strong>alacritate</strong></span> 
     </span>
    </p>
   </div>
   <div class='ocr_carea' id='block_1_85' title="bbox 1900 2639 3496 2715">
    <p class='ocr_par' dir='ltr' id='par_1_85' title="bbox 1900 2639 3496 2715">
     <span class='ocr_line' id='line_1_85' title="bbox 1900 2639 3496 2715; baseline -0.009 -8"><span class='ocrx_word' id='word_1_627' title='bbox 1900 2653 2204 2709; x_wconf 87' lang='lat' dir='ltr'><strong>hesternam</strong></span> <span class='ocrx_word' id='word_1_628' title='bbox 2234 2664 2406 2705; x_wconf 87' lang='lat' dir='ltr'><strong>meam</strong></span> <span class='ocrx_word' id='word_1_629' title='bbox 2433 2646 2752 2715; x_wconf 84' lang='lat' dir='ltr'><strong>acceperitis</strong></span> <span class='ocrx_word' id='word_1_630' title='bbox 2778 2642 3222 2705; x_wconf 86' lang='lat' dir='ltr'><strong>admonitionem,</strong></span> <span class='ocrx_word' id='word_1_631' title='bbox 3248 2648 3305 2696; x_wconf 91' lang='lat' dir='ltr'><strong>et</strong></span> <span class='ocrx_word' id='word_1_632' title='bbox 3323 2639 3496 2702; x_wconf 78' lang='lat' dir='ltr'><strong>dicto-</strong></span> 
     </span>
    </p>
   </div>
   <div class='ocr_carea' id='block_1_86' title="bbox 1900 2729 3495 2821">
    <p class='ocr_par' dir='ltr' id='par_1_86' title="bbox 1900 2729 3495 2821">
     <span class='ocr_line' id='line_1_86' title="bbox 1900 2729 3495 2821; baseline -0.007 -21"><span class='ocrx_word' id='word_1_633' title='bbox 1900 2749 2021 2800; x_wconf 82' lang='lat' dir='ltr'><strong>rum</strong></span> <span class='ocrx_word' id='word_1_634' title='bbox 2054 2743 2376 2821; x_wconf 59' lang='lat' dir='ltr'><strong>prolixitate.</strong></span> <span class='ocrx_word' id='word_1_635' title='bbox 2399 2755 2506 2795; x_wconf 90' lang='lat' dir='ltr'><strong>non</strong></span> <span class='ocrx_word' id='word_1_636' title='bbox 2545 2738 2722 2794; x_wconf 91' lang='lat' dir='ltr'><strong>solum</strong></span> <span class='ocrx_word' id='word_1_637' title='bbox 2763 2750 2873 2792; x_wconf 88' lang='lat' dir='ltr'><strong>non</strong></span> <span class='ocrx_word' id='word_1_638' title='bbox 2919 2735 3038 2790; x_wconf 89' lang='lat' dir='ltr'><strong>sitis</strong></span> <span class='ocrx_word' id='word_1_639' title='bbox 3062 2731 3274 2798; x_wconf 77' lang='lat' dir='ltr'><strong>oﬂ&#39;ensi,</strong></span> <span class='ocrx_word' id='word_1_640' title='bbox 3310 2729 3408 2788; x_wconf 86' lang='lat' dir='ltr'><strong>sed</strong></span> <span class='ocrx_word' id='word_1_641' title='bbox 3439 2730 3495 2789; x_wconf 83' lang='lat' dir='ltr'><strong>il</strong></span> 
     </span>
    </p>
   </div>
   <div class='ocr_carea' id='block_1_87' title="bbox 1900 2822 3498 2900">
    <p class='ocr_par' dir='ltr' id='par_1_87' title="bbox 1900 2822 3498 2900">
     <span class='ocr_line' id='line_1_87' title="bbox 1900 2822 3498 2900; baseline -0.009 -11"><span class='ocrx_word' id='word_1_642' title='bbox 1900 2833 2176 2889; x_wconf 87' lang='lat' dir='ltr'><strong>concionis</strong></span> <span class='ocrx_word' id='word_1_643' title='bbox 2200 2831 2340 2887; x_wconf 88' lang='lat' dir='ltr'><strong>serie</strong></span> <span class='ocrx_word' id='word_1_644' title='bbox 2365 2835 2679 2900; x_wconf 88' lang='lat' dir='ltr'><strong>perpetuum</strong></span> <span class='ocrx_word' id='word_1_645' title='bbox 2701 2823 2952 2881; x_wconf 87' lang='lat' dir='ltr'><strong>audiendi</strong></span> <span class='ocrx_word' id='word_1_646' title='bbox 2978 2822 3303 2878; x_wconf 85' lang='lat' dir='ltr'><strong>desiderium</strong></span> <span class='ocrx_word' id='word_1_647' title='bbox 3328 2835 3498 2890; x_wconf 86' lang='lat' dir='ltr'><strong>usque</strong></span> 
     </span>
    </p>
   </div>
   <div class='ocr_carea' id='block_1_88' title="bbox 1899 2912 3499 2983">
    <p class='ocr_par' dir='ltr' id='par_1_88' title="bbox 1899 2912 3499 2983">
     <span class='ocr_line' id='line_1_88' title="bbox 1899 2912 3499 2983; baseline -0.007 -6"><span class='ocrx_word' id='word_1_648' title='bbox 1899 2921 1968 2977; x_wconf 90' lang='lat' dir='ltr'><strong>ad</strong></span> <span class='ocrx_word' id='word_1_649' title='bbox 1998 2922 2161 2977; x_wconf 82' lang='lat' dir='ltr'><strong>tinem</strong></span> <span class='ocrx_word' id='word_1_650' title='bbox 2189 2919 2528 2976; x_wconf 87' lang='lat' dir='ltr'><strong>servaveritis</strong></span> <span class='ocrx_word' id='word_1_651' title='bbox 2557 2931 2572 2968; x_wconf 88' lang='lat'><strong>:</strong></span> <span class='ocrx_word' id='word_1_652' title='bbox 2602 2915 2744 2971; x_wconf 90' lang='lat' dir='ltr'><strong>unde</strong></span> <span class='ocrx_word' id='word_1_653' title='bbox 2771 2928 2961 2983; x_wconf 86' lang='lat' dir='ltr'><strong>magna</strong></span> <span class='ocrx_word' id='word_1_654' title='bbox 2985 2912 3141 2967; x_wconf 90' lang='lat' dir='ltr'><strong>nobis</strong></span> <span class='ocrx_word' id='word_1_655' title='bbox 3161 2917 3384 2982; x_wconf 84' lang='lat' dir='ltr'><strong>spesest</strong></span> <span class='ocrx_word' id='word_1_656' title='bbox 3399 2923 3499 2966; x_wconf 88' lang='lat' dir='ltr'><strong>vos</strong></span> 
     </span>
    </p>
   </div>
   <div class='ocr_carea' id='block_1_89' title="bbox 1902 2998 3499 3082">
    <p class='ocr_par' dir='ltr' id='par_1_89' title="bbox 1902 2998 3499 3082">
     <span class='ocr_line' id='line_1_89' title="bbox 1902 2998 3499 3082; baseline -0.007 -16"><span class='ocrx_word' id='word_1_657' title='bbox 1902 3012 2156 3082; x_wconf 90' lang='lat' dir='ltr'><strong>operibus</strong></span> <span class='ocrx_word' id='word_1_658' title='bbox 2180 3010 2312 3080; x_wconf 86' lang='lat' dir='ltr'><strong>ipsis</strong></span> <span class='ocrx_word' id='word_1_659' title='bbox 2339 3007 2563 3064; x_wconf 86' lang='lat' dir='ltr'><strong>consilia</strong></span> <span class='ocrx_word' id='word_1_660' title='bbox 2603 3015 2787 3061; x_wconf 87' lang='lat' dir='ltr'><strong>nostra</strong></span> <span class='ocrx_word' id='word_1_661' title='bbox 2822 3010 3148 3073; x_wconf 80' lang='lat' dir='ltr'><strong>sequutums</strong></span> <span class='ocrx_word' id='word_1_662' title='bbox 3185 3015 3324 3057; x_wconf 83' lang='lat' dir='ltr'><strong>esse.</strong></span> <span class='ocrx_word' id='word_1_663' title='bbox 3363 2998 3499 3055; x_wconf 86' lang='lat' dir='ltr'><strong>Nam</strong></span> 
     </span>
    </p>
   </div>
   <div class='ocr_carea' id='block_1_90' title="bbox 1901 3086 3499 3171">
    <p class='ocr_par' dir='ltr' id='par_1_90' title="bbox 1901 3086 3499 3171">
     <span class='ocr_line' id='line_1_90' title="bbox 1901 3086 3499 3171; baseline -0.007 -14"><span class='ocrx_word' id='word_1_664' title='bbox 1901 3102 1994 3171; x_wconf 91' lang='lat' dir='ltr'><strong>qui</strong></span> <span class='ocrx_word' id='word_1_665' title='bbox 2019 3107 2166 3156; x_wconf 88' lang='lat' dir='ltr'><strong>tanta</strong></span> <span class='ocrx_word' id='word_1_666' title='bbox 2197 3098 2469 3167; x_wconf 88' lang='lat' dir='ltr'><strong>voluptate</strong></span> <span class='ocrx_word' id='word_1_667' title='bbox 2491 3094 2673 3159; x_wconf 85' lang='lat' dir='ltr'><strong>audit,</strong></span> <span class='ocrx_word' id='word_1_668' title='bbox 2698 3093 2937 3150; x_wconf 86' lang='lat' dir='ltr'><strong>declarat</strong></span> <span class='ocrx_word' id='word_1_669' title='bbox 2982 3089 3050 3154; x_wconf 86' lang='lat' dir='ltr'><strong>ad</strong></span> <span class='ocrx_word' id='word_1_670' title='bbox 3095 3086 3499 3163; x_wconf 51' lang='lat' dir='ltr'><strong>oper&#39;a&#39;quoque</strong></span> 
     </span>
    </p>
   </div>
   <div class='ocr_carea' id='block_1_91' title="bbox 1904 3181 3502 3260">
    <p class='ocr_par' dir='ltr' id='par_1_91' title="bbox 1904 3181 3502 3260">
     <span class='ocr_line' id='line_1_91' title="bbox 1904 3181 3502 3260; baseline -0.007 -13"><span class='ocrx_word' id='word_1_671' title='bbox 1904 3190 2146 3249; x_wconf 80' lang='lat' dir='ltr'><strong>iacienda</strong></span> <span class='ocrx_word' id='word_1_672' title='bbox 2184 3205 2246 3246; x_wconf 89' lang='lat' dir='ltr'><strong>se</strong></span> <span class='ocrx_word' id='word_1_673' title='bbox 2291 3199 2536 3260; x_wconf 83' lang='lat' dir='ltr'><strong>paratum</strong></span> <span class='ocrx_word' id='word_1_674' title='bbox 2568 3207 2595 3245; x_wconf 68' lang='grc' dir='ltr'><em>τ</em></span> <span class='ocrx_word' id='word_1_675' title='bbox 2613 3185 2811 3255; x_wconf 89' lang='lat' dir='ltr'><strong>alioqui</strong></span> <span class='ocrx_word' id='word_1_676' title='bbox 2851 3182 3104 3252; x_wconf 78' lang='lat' dir='ltr'><strong>frequens</strong></span> <span class='ocrx_word' id='word_1_677' title='bbox 3149 3181 3310 3236; x_wconf 88' lang='lat' dir='ltr'><strong>etiam</strong></span> <span class='ocrx_word' id='word_1_678' title='bbox 3355 3192 3502 3236; x_wconf 84' lang='lat' dir='ltr'><strong>nunc</strong></span> 
     </span>
    </p>
   </div>
   <div class='ocr_carea' id='block_1_92' title="bbox 1904 3269 3500 3344">
    <p class='ocr_par' dir='ltr' id='par_1_92' title="bbox 1904 3269 3500 3344">
     <span class='ocr_line' id='line_1_92' title="bbox 1904 3269 3500 3344; baseline -0.009 -4"><span class='ocrx_word' id='word_1_679' title='bbox 1904 3283 2008 3340; x_wconf 89' lang='lat' dir='ltr'><strong>iste</strong></span> <span class='ocrx_word' id='word_1_680' title='bbox 2033 3289 2213 3337; x_wconf 87' lang='lat' dir='ltr'><strong>vester</strong></span> <span class='ocrx_word' id='word_1_681' title='bbox 2239 3286 2534 3335; x_wconf 88' lang='lat' dir='ltr'><strong>conventus</strong></span> <span class='ocrx_word' id='word_1_682' title='bbox 2558 3283 2768 3332; x_wconf 86' lang='lat' dir='ltr'><strong>certum</strong></span> <span class='ocrx_word' id='word_1_683' title='bbox 2802 3280 3178 3344; x_wconf 84' lang='lat' dir='ltr'><strong>argumentum</strong></span> <span class='ocrx_word' id='word_1_684' title='bbox 3217 3269 3304 3326; x_wconf 79' lang='lat' dir='ltr'><strong>est</strong></span> <span class='ocrx_word' id='word_1_685' title='bbox 3337 3283 3500 3340; x_wconf 78' lang='lat' dir='ltr'><strong>quam</strong></span> 
     </span>
    </p>
   </div>
   <div class='ocr_carea' id='block_1_93' title="bbox 1905 3363 3503 3434">
    <p class='ocr_par' dir='ltr' id='par_1_93' title="bbox 1905 3363 3503 3434">
     <span class='ocr_line' id='line_1_93' title="bbox 1905 3363 3503 3434; baseline -0.009 -4"><span class='ocrx_word' id='word_1_686' title='bbox 1905 3374 2044 3430; x_wconf 89' lang='lat' dir='ltr'><strong>bene</strong></span> <span class='ocrx_word' id='word_1_687' title='bbox 2087 3372 2264 3428; x_wconf 88' lang='lat' dir='ltr'><strong>anima</strong></span> <span class='ocrx_word' id='word_1_688' title='bbox 2313 3369 2559 3425; x_wconf 88' lang='lat' dir='ltr'><strong>valeatis.</strong></span> <span class='ocrx_word' id='word_1_689' title='bbox 2599 3365 2735 3434; x_wconf 76' lang='lat' dir='ltr'><strong>Nam</strong></span> <span class='ocrx_word' id='word_1_690' title='bbox 2769 3367 2909 3421; x_wconf 87' lang='lat' dir='ltr'><strong>sicut</strong></span> <span class='ocrx_word' id='word_1_691' title='bbox 2943 3363 3155 3422; x_wconf 87' lang='lat' dir='ltr'><strong>esurire</strong></span> <span class='ocrx_word' id='word_1_692' title='bbox 3179 3363 3390 3432; x_wconf 89' lang='lat' dir='ltr'><strong>signum</strong></span> <span class='ocrx_word' id='word_1_693' title='bbox 3417 3367 3503 3416; x_wconf 86' lang='lat' dir='ltr'><strong>est</strong></span> 
     </span>
    </p>
   </div>
   <div class='ocr_carea' id='block_1_94' title="bbox 1904 3453 3499 3530">
    <p class='ocr_par' dir='ltr' id='par_1_94' title="bbox 1904 3453 3499 3530">
     <span class='ocr_line' id='line_1_94' title="bbox 1904 3453 3499 3530; baseline -0.012 -6"><span class='ocrx_word' id='word_1_694' title='bbox 1904 3467 2060 3524; x_wconf 79' lang='lat' dir='ltr'><strong>bonae</strong></span> <span class='ocrx_word' id='word_1_695' title='bbox 2085 3463 2405 3520; x_wconf 88' lang='lat' dir='ltr'><strong>valetudinis</strong></span> <span class='ocrx_word' id='word_1_696' title='bbox 2432 3460 2748 3530; x_wconf 78' lang='lat' dir='ltr'><strong>carpentis,</strong></span> <span class='ocrx_word' id='word_1_697' title='bbox 2767 3457 2839 3514; x_wconf 90' lang='lat' dir='ltr'><strong>ita</strong></span> <span class='ocrx_word' id='word_1_698' title='bbox 2865 3471 3048 3512; x_wconf 88' lang='lat' dir='ltr'><strong>amare</strong></span> <span class='ocrx_word' id='word_1_699' title='bbox 3062 3455 3248 3511; x_wconf 85' lang='lat' dir='ltr'><strong>divina</strong></span> <span class='ocrx_word' id='word_1_700' title='bbox 3264 3453 3499 3523; x_wconf 86' lang='lat' dir='ltr'><strong>eloquia,</strong></span> 
     </span>
    </p>
   </div>
   <div class='ocr_carea' id='block_1_95' title="bbox 1905 3541 3503 3628">
    <p class='ocr_par' dir='ltr' id='par_1_95' title="bbox 1905 3541 3503 3628">
     <span class='ocr_line' id='line_1_95' title="bbox 1905 3541 3503 3628; baseline -0.011 -14"><span class='ocrx_word' id='word_1_701' title='bbox 1905 3555 2201 3628; x_wconf 87' lang='lat' dir='ltr'><strong>spiritualis</strong></span> <span class='ocrx_word' id='word_1_702' title='bbox 2232 3553 2480 3610; x_wconf 86' lang='lat' dir='ltr'><strong>sanitatis</strong></span> <span class='ocrx_word' id='word_1_703' title='bbox 2515 3550 2770 3607; x_wconf 90' lang='lat' dir='ltr'><strong>indicium</strong></span> <span class='ocrx_word' id='word_1_704' title='bbox 2813 3547 2971 3602; x_wconf 90' lang='lat' dir='ltr'><strong>fuerit</strong></span> <span class='ocrx_word' id='word_1_705' title='bbox 3002 3545 3320 3601; x_wconf 87' lang='lat' dir='ltr'><strong>maximum.</strong></span> <span class='ocrx_word' id='word_1_706' title='bbox 3352 3541 3503 3610; x_wconf 84' lang='lat' dir='ltr'><strong>Quo-</strong></span> 
     </span>
    </p>
   </div>
   <div class='ocr_carea' id='block_1_96' title="bbox 1907 3639 3504 3710">
    <p class='ocr_par' dir='ltr' id='par_1_96' title="bbox 1907 3639 3504 3710">
     <span class='ocr_line' id='line_1_96' title="bbox 1907 3639 3504 3710; baseline -0.009 -6"><span class='ocrx_word' id='word_1_707' title='bbox 1907 3650 2050 3704; x_wconf 84' lang='lat' dir='ltr'><strong>niam</strong></span> <span class='ocrx_word' id='word_1_708' title='bbox 2077 3657 2256 3703; x_wconf 90' lang='lat' dir='ltr'><strong>autem</strong></span> <span class='ocrx_word' id='word_1_709' title='bbox 2282 3645 2486 3701; x_wconf 90' lang='lat' dir='ltr'><strong>fructus</strong></span> <span class='ocrx_word' id='word_1_710' title='bbox 2529 3641 2694 3698; x_wconf 82' lang='lat' dir='ltr'><strong>vestri</strong></span> <span class='ocrx_word' id='word_1_711' title='bbox 2723 3639 2883 3696; x_wconf 89' lang='lat' dir='ltr'><strong>studii</strong></span> <span class='ocrx_word' id='word_1_712' title='bbox 2911 3639 3195 3710; x_wconf 87' lang='lat' dir='ltr'><strong>pollicetur</strong></span> <span class='ocrx_word' id='word_1_713' title='bbox 3211 3677 3227 3701; x_wconf 94' lang='lat'><strong>,</strong></span> <span class='ocrx_word' id='word_1_714' title='bbox 3258 3648 3357 3689; x_wconf 89' lang='lat' dir='ltr'><strong>vos</strong></span> <span class='ocrx_word' id='word_1_715' title='bbox 3381 3647 3504 3704; x_wconf 70' lang='lat' dir='ltr'><strong>qua</strong></span> 
     </span>
    </p>
   </div>
   <div class='ocr_carea' id='block_1_97' title="bbox 1905 3725 3498 3808">
    <p class='ocr_par' dir='ltr' id='par_1_97' title="bbox 1905 3725 3498 3808">
     <span class='ocr_line' id='line_1_97' title="bbox 1905 3725 3498 3808; baseline -0.01 -13"><span class='ocrx_word' id='word_1_716' title='bbox 1905 3739 2128 3796; x_wconf 88' lang='lat' dir='ltr'><strong>audistis</strong></span> <span class='ocrx_word' id='word_1_717' title='bbox 2155 3737 2468 3808; x_wconf 90' lang='lat' dir='ltr'><strong>impleturos</strong></span> <span class='ocrx_word' id='word_1_718' title='bbox 2493 3748 2635 3800; x_wconf 87' lang='lat' dir='ltr'><strong>esse,</strong></span> <span class='ocrx_word' id='word_1_719' title='bbox 2665 3747 2764 3804; x_wconf 88' lang='lat' dir='ltr'><strong>age</strong></span> <span class='ocrx_word' id='word_1_720' title='bbox 2787 3739 2845 3788; x_wconf 88' lang='lat' dir='ltr'><strong>et</strong></span> <span class='ocrx_word' id='word_1_721' title='bbox 2875 3745 2974 3785; x_wconf 91' lang='lat' dir='ltr'><strong>nos</strong></span> <span class='ocrx_word' id='word_1_722' title='bbox 3001 3725 3304 3784; x_wconf 87' lang='lat' dir='ltr'><strong>mercedem</strong></span> <span class='ocrx_word' id='word_1_723' title='bbox 3335 3739 3498 3796; x_wconf 90' lang='lat' dir='ltr'><strong>quam</strong></span> 
     </span>
    </p>
   </div>
   <div class='ocr_carea' id='block_1_98' title="bbox 1908 3819 3504 3899">
    <p class='ocr_par' dir='ltr' id='par_1_98' title="bbox 1908 3819 3504 3899">
     <span class='ocr_line' id='line_1_98' title="bbox 1908 3819 3504 3899; baseline -0.009 -13"><span class='ocrx_word' id='word_1_724' title='bbox 1908 3831 2022 3886; x_wconf 90' lang='lat' dir='ltr'><strong>heri</strong></span> <span class='ocrx_word' id='word_1_725' title='bbox 2060 3829 2466 3899; x_wconf 85' lang='lat' dir='ltr'><strong>pollicebamur,</strong></span> <span class='ocrx_word' id='word_1_726' title='bbox 2496 3824 2658 3881; x_wconf 88' lang='lat' dir='ltr'><strong>hodie</strong></span> <span class='ocrx_word' id='word_1_727' title='bbox 2705 3833 2898 3879; x_wconf 71' lang='lat' dir='ltr'><strong>vestra:</strong></span> <span class='ocrx_word' id='word_1_728' title='bbox 2940 3820 3152 3878; x_wconf 86' lang='lat' dir='ltr'><strong>caritati</strong></span> <span class='ocrx_word' id='word_1_729' title='bbox 3193 3819 3504 3874; x_wconf 80' lang='lat' dir='ltr'><strong>dinumere-</strong></span> 
     </span>
    </p>
   </div>
   <div class='ocr_carea' id='block_1_99' title="bbox 1906 3911 3496 3990">
    <p class='ocr_par' dir='ltr' id='par_1_99' title="bbox 1906 3911 3496 3990">
     <span class='ocr_line' id='line_1_99' title="bbox 1906 3911 3496 3990; baseline -0.008 -12"><span class='ocrx_word' id='word_1_730' title='bbox 1906 3937 2047 3978; x_wconf 89' lang='lat' dir='ltr'><strong>mus.</strong></span> <span class='ocrx_word' id='word_1_731' title='bbox 2087 3920 2428 3990; x_wconf 87' lang='lat' dir='ltr'><strong>Spiritualem</strong></span> <span class='ocrx_word' id='word_1_732' title='bbox 2475 3919 2613 3973; x_wconf 91' lang='lat' dir='ltr'><strong>hanc</strong></span> <span class='ocrx_word' id='word_1_733' title='bbox 2653 3915 2952 3972; x_wconf 86' lang='lat' dir='ltr'><strong>doctrinam</strong></span> <span class='ocrx_word' id='word_1_734' title='bbox 2999 3911 3304 3969; x_wconf 80' lang='lat' dir='ltr'><strong>mercedem</strong></span> <span class='ocrx_word' id='word_1_735' title='bbox 3351 3911 3496 3977; x_wconf 90' lang='lat' dir='ltr'><strong>dico,</strong></span> 
     </span>
    </p>
   </div>
   <div class='ocr_carea' id='block_1_100' title="bbox 1907 3991 3500 4083">
    <p class='ocr_par' dir='ltr' id='par_1_100' title="bbox 1907 3991 3500 4083">
     <span class='ocr_line' id='line_1_100' title="bbox 1907 3991 3500 4083; baseline -0.009 -15"><span class='ocrx_word' id='word_1_736' title='bbox 1907 3991 2026 4083; x_wconf 54' lang='grc' dir='ltr'><strong>«τιυὶ</strong></span> <span class='ocrx_word' id='word_1_737' title='bbox 2043 4020 2218 4081; x_wconf 87' lang='lat' dir='ltr'><strong>potest</strong></span> <span class='ocrx_word' id='word_1_738' title='bbox 2241 4018 2299 4067; x_wconf 89' lang='lat' dir='ltr'><strong>et</strong></span> <span class='ocrx_word' id='word_1_739' title='bbox 2321 4022 2497 4064; x_wconf 87' lang='lat' dir='ltr'><strong>meam</strong></span> <span class='ocrx_word' id='word_1_740' title='bbox 2522 4020 2718 4078; x_wconf 86' lang='lat' dir='ltr'><strong>augere</strong></span> <span class='ocrx_word' id='word_1_741' title='bbox 2733 4004 3084 4060; x_wconf 88' lang='lat' dir='ltr'><strong>substantiam</strong></span> <span class='ocrx_word' id='word_1_742' title='bbox 3102 4015 3222 4056; x_wconf 92' lang='lat' dir='ltr'><strong>cum</strong></span> <span class='ocrx_word' id='word_1_743' title='bbox 3245 4013 3500 4056; x_wconf 79' lang='lat' dir='ltr'><strong>nurnera-</strong></span> 
     </span>
    </p>
   </div>
   <div class='ocr_carea' id='block_1_101' title="bbox 1906 4092 3502 4172">
    <p class='ocr_par' dir='ltr' id='par_1_101' title="bbox 1906 4092 3502 4172">
     <span class='ocr_line' id='line_1_101' title="bbox 1906 4092 3502 4172; baseline -0.009 -12"><span class='ocrx_word' id='word_1_744' title='bbox 1906 4119 2058 4170; x_wconf 89' lang='lat' dir='ltr'><strong>vero,</strong></span> <span class='ocrx_word' id='word_1_745' title='bbox 2092 4113 2147 4159; x_wconf 90' lang='lat' dir='ltr'><strong>et</strong></span> <span class='ocrx_word' id='word_1_746' title='bbox 2175 4117 2270 4159; x_wconf 89' lang='lat' dir='ltr'><strong>vos</strong></span> <span class='ocrx_word' id='word_1_747' title='bbox 2293 4101 2381 4172; x_wconf 87' lang='lat' dir='ltr'><strong>qui</strong></span> <span class='ocrx_word' id='word_1_748' title='bbox 2411 4100 2669 4170; x_wconf 88' lang='lat' dir='ltr'><strong>recipitis,</strong></span> <span class='ocrx_word' id='word_1_749' title='bbox 2699 4095 2921 4154; x_wconf 88' lang='lat' dir='ltr'><strong>ditiores</strong></span> <span class='ocrx_word' id='word_1_750' title='bbox 2948 4095 3145 4150; x_wconf 89' lang='lat' dir='ltr'><strong>facere.</strong></span> <span class='ocrx_word' id='word_1_751' title='bbox 3188 4093 3301 4149; x_wconf 83' lang='lat' dir='ltr'><strong>Hoc</strong></span> <span class='ocrx_word' id='word_1_752' title='bbox 3353 4092 3502 4147; x_wconf 76' lang='lat' dir='ltr'><strong>enim</strong></span> 
     </span>
    </p>
   </div>
   <div class='ocr_carea' id='block_1_102' title="bbox 1907 4183 3496 4264">
    <p class='ocr_par' dir='ltr' id='par_1_102' title="bbox 1907 4183 3496 4264">
     <span class='ocr_line' id='line_1_102' title="bbox 1907 4183 3496 4264; baseline -0.011 -10"><span class='ocrx_word' id='word_1_753' title='bbox 1907 4199 2068 4254; x_wconf 89' lang='lat' dir='ltr'><strong>modo</strong></span> <span class='ocrx_word' id='word_1_754' title='bbox 2095 4213 2154 4253; x_wconf 89' lang='lat' dir='ltr'><strong>se</strong></span> <span class='ocrx_word' id='word_1_755' title='bbox 2180 4195 2378 4252; x_wconf 85' lang='lat' dir='ltr'><strong>habent</strong></span> <span class='ocrx_word' id='word_1_756' title='bbox 2400 4192 2691 4264; x_wconf 90' lang='lat' dir='ltr'><strong>spiritualia</strong></span> <span class='ocrx_word' id='word_1_757' title='bbox 2729 4190 2909 4245; x_wconf 90' lang='lat' dir='ltr'><strong>omnia</strong></span> <span class='ocrx_word' id='word_1_758' title='bbox 2937 4209 2950 4245; x_wconf 90' lang='lat'><strong>:</strong></span> <span class='ocrx_word' id='word_1_759' title='bbox 2977 4188 3029 4242; x_wconf 90' lang='lat' dir='ltr'><strong>id</strong></span> <span class='ocrx_word' id='word_1_760' title='bbox 3058 4185 3201 4257; x_wconf 91' lang='lat' dir='ltr'><strong>quod</strong></span> <span class='ocrx_word' id='word_1_761' title='bbox 3232 4186 3284 4239; x_wconf 91' lang='lat' dir='ltr'><strong>in</strong></span> <span class='ocrx_word' id='word_1_762' title='bbox 3332 4183 3496 4239; x_wconf 86' lang='lat' dir='ltr'><strong>rebus</strong></span> 
     </span>
    </p>
   </div>
   <div class='ocr_carea' id='block_1_103' title="bbox 1908 4274 3503 4348">
    <p class='ocr_par' dir='ltr' id='par_1_103' title="bbox 1908 4274 3503 4348">
     <span class='ocr_line' id='line_1_103' title="bbox 1908 4274 3503 4348; baseline -0.011 -4"><span class='ocrx_word' id='word_1_763' title='bbox 1908 4288 2248 4344; x_wconf 87' lang='lat' dir='ltr'><strong>sensibilihus</strong></span> <span class='ocrx_word' id='word_1_764' title='bbox 2277 4301 2384 4340; x_wconf 90' lang='lat' dir='ltr'><strong>non</strong></span> <span class='ocrx_word' id='word_1_765' title='bbox 2404 4292 2506 4340; x_wconf 90' lang='lat' dir='ltr'><strong>est.</strong></span> <span class='ocrx_word' id='word_1_766' title='bbox 2538 4282 2669 4337; x_wconf 86' lang='lat' dir='ltr'><strong>Nam</strong></span> <span class='ocrx_word' id='word_1_767' title='bbox 2701 4283 2752 4335; x_wconf 88' lang='lat' dir='ltr'><strong>in</strong></span> <span class='ocrx_word' id='word_1_768' title='bbox 2779 4281 2883 4334; x_wconf 90' lang='lat' dir='ltr'><strong>illis</strong></span> <span class='ocrx_word' id='word_1_769' title='bbox 2902 4317 2919 4342; x_wconf 85' lang='lat'><strong>,</strong></span> <span class='ocrx_word' id='word_1_770' title='bbox 2944 4278 3034 4348; x_wconf 92' lang='lat' dir='ltr'><strong>qui</strong></span> <span class='ocrx_word' id='word_1_771' title='bbox 3075 4274 3380 4332; x_wconf 84' lang='lat' dir='ltr'><strong>dinumerat</strong></span> <span class='ocrx_word' id='word_1_772' title='bbox 3408 4288 3503 4342; x_wconf 82' lang='lat' dir='ltr'><strong>pe-</strong></span> 
     </span>
    </p>
   </div>
   <div class='ocr_carea' id='block_1_104' title="bbox 1909 4365 3505 4442">
    <p class='ocr_par' dir='ltr' id='par_1_104' title="bbox 1909 4365 3505 4442">
     <span class='ocr_line' id='line_1_104' title="bbox 1909 4365 3505 4442; baseline -0.009 -8"><span class='ocrx_word' id='word_1_773' title='bbox 1909 4380 2143 4442; x_wconf 84' lang='lat' dir='ltr'><strong>cuniam,</strong></span> <span class='ocrx_word' id='word_1_774' title='bbox 2175 4391 2325 4431; x_wconf 89' lang='lat' dir='ltr'><strong>suam</strong></span> <span class='ocrx_word' id='word_1_775' title='bbox 2359 4373 2628 4430; x_wconf 90' lang='lat' dir='ltr'><strong>imminuit</strong></span> <span class='ocrx_word' id='word_1_776' title='bbox 2646 4369 2994 4426; x_wconf 87' lang='lat' dir='ltr'><strong>substantiam</strong></span> <span class='ocrx_word' id='word_1_777' title='bbox 3019 4369 3062 4435; x_wconf 79' lang='grc'><strong>⁸,</strong></span> <span class='ocrx_word' id='word_1_778' title='bbox 3106 4374 3161 4423; x_wconf 90' lang='lat' dir='ltr'><strong>et</strong></span> <span class='ocrx_word' id='word_1_779' title='bbox 3189 4365 3505 4435; x_wconf 89' lang='lat' dir='ltr'><strong>locupletio-</strong></span> 
     </span>
    </p>
   </div>
   <div class='ocr_carea' id='block_1_105' title="bbox 1889 4457 3503 4536">
    <p class='ocr_par' dir='ltr' id='par_1_105' title="bbox 1889 4457 3503 4536">
     <span class='ocr_line' id='line_1_105' title="bbox 1889 4457 3503 4536; baseline -0.008 -12"><span class='ocrx_word' id='word_1_780' title='bbox 1889 4459 2022 4524; x_wconf 80' lang='lat' dir='ltr'><strong>rem</strong></span> <span class='ocrx_word' id='word_1_781' title='bbox 2043 4468 2207 4524; x_wconf 81' lang='lat' dir='ltr'><strong>efficit</strong></span> <span class='ocrx_word' id='word_1_782' title='bbox 2230 4481 2353 4521; x_wconf 90' lang='lat' dir='ltr'><strong>eum</strong></span> <span class='ocrx_word' id='word_1_783' title='bbox 2383 4466 2474 4536; x_wconf 91' lang='lat' dir='ltr'><strong>qui</strong></span> <span class='ocrx_word' id='word_1_784' title='bbox 2499 4464 2688 4532; x_wconf 89' lang='lat' dir='ltr'><strong>recipit</strong></span> <span class='ocrx_word' id='word_1_785' title='bbox 2715 4478 2729 4512; x_wconf 89' lang='lat'><strong>:</strong></span> <span class='ocrx_word' id='word_1_786' title='bbox 2761 4461 2846 4516; x_wconf 91' lang='lat' dir='ltr'><strong>hic</strong></span> <span class='ocrx_word' id='word_1_787' title='bbox 2869 4469 3046 4515; x_wconf 90' lang='lat' dir='ltr'><strong>autem</strong></span> <span class='ocrx_word' id='word_1_788' title='bbox 3066 4473 3171 4514; x_wconf 91' lang='lat' dir='ltr'><strong>non</strong></span> <span class='ocrx_word' id='word_1_789' title='bbox 3202 4459 3298 4521; x_wconf 90' lang='lat' dir='ltr'><strong>sic,</strong></span> <span class='ocrx_word' id='word_1_790' title='bbox 3329 4457 3421 4512; x_wconf 85' lang='lat' dir='ltr'><strong>sed</strong></span> <span class='ocrx_word' id='word_1_791' title='bbox 3447 4465 3503 4511; x_wconf 91' lang='lat' dir='ltr'><strong>et</strong></span> 
     </span>
    </p>
   </div>
   <div class='ocr_carea' id='block_1_106' title="bbox 1909 4546 3502 4629">
    <p class='ocr_par' dir='ltr' id='par_1_106' title="bbox 1909 4546 3502 4629">
     <span class='ocr_line' id='line_1_106' title="bbox 1909 4546 3502 4629; baseline -0.009 -14"><span class='ocrx_word' id='word_1_792' title='bbox 1909 4565 1957 4615; x_wconf 90' lang='lat' dir='ltr'><strong>is</strong></span> <span class='ocrx_word' id='word_1_793' title='bbox 1975 4561 2066 4629; x_wconf 92' lang='lat' dir='ltr'><strong>qui</strong></span> <span class='ocrx_word' id='word_1_794' title='bbox 2096 4567 2344 4613; x_wconf 87' lang='lat' dir='ltr'><strong>numerat</strong></span> <span class='ocrx_word' id='word_1_795' title='bbox 2362 4599 2377 4621; x_wconf 88' lang='lat'><strong>,</strong></span> <span class='ocrx_word' id='word_1_796' title='bbox 2411 4571 2537 4611; x_wconf 88' lang='lat' dir='ltr'><strong>suas</strong></span> <span class='ocrx_word' id='word_1_797' title='bbox 2567 4554 2846 4609; x_wconf 85' lang='lat' dir='ltr'><strong>facultates</strong></span> <span class='ocrx_word' id='word_1_798' title='bbox 2878 4551 3047 4621; x_wconf 84' lang='lat' dir='ltr'><strong>magis</strong></span> <span class='ocrx_word' id='word_1_799' title='bbox 3075 4560 3261 4619; x_wconf 91' lang='lat' dir='ltr'><strong>auget,</strong></span> <span class='ocrx_word' id='word_1_800' title='bbox 3287 4557 3340 4603; x_wconf 88' lang='lat' dir='ltr'><strong>et</strong></span> <span class='ocrx_word' id='word_1_801' title='bbox 3361 4546 3502 4602; x_wconf 84' lang='lat' dir='ltr'><strong>reci-</strong></span> 
     </span>
    </p>
   </div>
   <div class='ocr_carea' id='block_1_107' title="bbox 1911 4639 3504 4720">
    <p class='ocr_par' dir='ltr' id='par_1_107' title="bbox 1911 4639 3504 4720">
     <span class='ocr_line' id='line_1_107' title="bbox 1911 4639 3504 4720; baseline -0.009 -16"><span class='ocrx_word' id='word_1_802' title='bbox 1911 4649 2179 4720; x_wconf 88' lang='lat' dir='ltr'><strong>pientibus</strong></span> <span class='ocrx_word' id='word_1_803' title='bbox 2196 4645 2501 4702; x_wconf 88' lang='lat' dir='ltr'><strong>divitiarum</strong></span> <span class='ocrx_word' id='word_1_804' title='bbox 2539 4643 2761 4699; x_wconf 90' lang='lat' dir='ltr'><strong>multum</strong></span> <span class='ocrx_word' id='word_1_805' title='bbox 2791 4640 3018 4696; x_wconf 89' lang='lat' dir='ltr'><strong>accedit.</strong></span> <span class='ocrx_word' id='word_1_806' title='bbox 3059 4639 3243 4709; x_wconf 89' lang='lat' dir='ltr'><strong>itaque</strong></span> <span class='ocrx_word' id='word_1_807' title='bbox 3286 4651 3406 4692; x_wconf 88' lang='lat' dir='ltr'><strong>cum</strong></span> <span class='ocrx_word' id='word_1_808' title='bbox 3448 4643 3504 4690; x_wconf 86' lang='lat' dir='ltr'><strong>et</strong></span> 
     </span>
    </p>
   </div>
   <div class='ocr_carea' id='block_1_108' title="bbox 1913 4726 3504 4806">
    <p class='ocr_par' dir='ltr' id='par_1_108' title="bbox 1913 4726 3504 4806">
     <span class='ocr_line' id='line_1_108' title="bbox 1913 4726 3504 4806; baseline -0.009 -11"><span class='ocrx_word' id='word_1_809' title='bbox 1913 4734 2066 4794; x_wconf 89' lang='lat' dir='ltr'><strong>nobis</strong></span> <span class='ocrx_word' id='word_1_810' title='bbox 2094 4743 2335 4806; x_wconf 85' lang='lat' dir='ltr'><strong>prompta</strong></span> <span class='ocrx_word' id='word_1_811' title='bbox 2356 4736 2426 4791; x_wconf 89' lang='lat' dir='ltr'><strong>sit</strong></span> <span class='ocrx_word' id='word_1_812' title='bbox 2445 4733 2835 4797; x_wconf 83' lang='lat' dir='ltr'><strong>benevolentia,</strong></span> <span class='ocrx_word' id='word_1_813' title='bbox 2868 4739 2923 4786; x_wconf 91' lang='lat' dir='ltr'><strong>et</strong></span> <span class='ocrx_word' id='word_1_814' title='bbox 2945 4745 3043 4785; x_wconf 91' lang='lat' dir='ltr'><strong>vos</strong></span> <span class='ocrx_word' id='word_1_815' title='bbox 3059 4728 3363 4800; x_wconf 75' lang='lat' dir='ltr'><strong>spirituales</strong></span> <span class='ocrx_word' id='word_1_816' title='bbox 3384 4726 3504 4781; x_wconf 77' lang='lat' dir='ltr'><strong>illas</strong></span> 
     </span>
    </p>
   </div>
   <div class='ocr_carea' id='block_1_109' title="bbox 1913 4819 3504 4900">
    <p class='ocr_par' dir='ltr' id='par_1_109' title="bbox 1913 4819 3504 4900">
     <span class='ocr_line' id='line_1_109' title="bbox 1913 4819 3504 4900; baseline -0.009 -15"><span class='ocrx_word' id='word_1_817' title='bbox 1913 4845 2044 4900; x_wconf 89' lang='lat' dir='ltr'><strong>opes</strong></span> <span class='ocrx_word' id='word_1_818' title='bbox 2080 4827 2374 4897; x_wconf 88' lang='lat' dir='ltr'><strong>suscepturi</strong></span> <span class='ocrx_word' id='word_1_819' title='bbox 2405 4827 2554 4880; x_wconf 88' lang='lat' dir='ltr'><strong>sinus</strong></span> <span class='ocrx_word' id='word_1_820' title='bbox 2587 4822 2784 4878; x_wconf 85' lang='lat' dir='ltr'><strong>mentis</strong></span> <span class='ocrx_word' id='word_1_821' title='bbox 2824 4829 3039 4890; x_wconf 88' lang='lat' dir='ltr'><strong>paratos</strong></span> <span class='ocrx_word' id='word_1_822' title='bbox 3085 4819 3366 4874; x_wconf 87' lang='lat' dir='ltr'><strong>habeatis:</strong></span> <span class='ocrx_word' id='word_1_823' title='bbox 3405 4830 3504 4884; x_wconf 87' lang='lat' dir='ltr'><strong>age</strong></span> 
     </span>
    </p>
   </div>
   <div class='ocr_carea' id='block_1_110' title="bbox 1915 4907 3504 4990">
    <p class='ocr_par' dir='ltr' id='par_1_110' title="bbox 1915 4907 3504 4990">
     <span class='ocr_line' id='line_1_110' title="bbox 1915 4907 3504 4990; baseline -0.009 -15"><span class='ocrx_word' id='word_1_824' title='bbox 1915 4931 2230 4990; x_wconf 72' lang='lat' dir='ltr'><strong>prmstcmus</strong></span> <span class='ocrx_word' id='word_1_825' title='bbox 2258 4918 2398 4987; x_wconf 91' lang='lat' dir='ltr'><strong>quod</strong></span> <span class='ocrx_word' id='word_1_826' title='bbox 2424 4919 2478 4973; x_wconf 90' lang='lat' dir='ltr'><strong>in</strong></span> <span class='ocrx_word' id='word_1_827' title='bbox 2505 4928 2602 4970; x_wconf 90' lang='lat' dir='ltr'><strong>nos</strong></span> <span class='ocrx_word' id='word_1_828' title='bbox 2627 4913 2949 4982; x_wconf 87' lang='lat' dir='ltr'><strong>recepimus,</strong></span> <span class='ocrx_word' id='word_1_829' title='bbox 2972 4920 3026 4965; x_wconf 89' lang='lat' dir='ltr'><strong>et</strong></span> <span class='ocrx_word' id='word_1_830' title='bbox 3049 4912 3241 4966; x_wconf 89' lang='lat' dir='ltr'><strong>iterum</strong></span> <span class='ocrx_word' id='word_1_831' title='bbox 3272 4907 3504 4975; x_wconf 85' lang='lat' dir='ltr'><strong>acceptis</strong></span> 
     </span>
    </p>
   </div>
   <div class='ocr_carea' id='block_1_111' title="bbox 1917 4996 3506 5080">
    <p class='ocr_par' dir='ltr' id='par_1_111' title="bbox 1917 4996 3506 5080">
     <span class='ocr_line' id='line_1_111' title="bbox 1917 4996 3506 5080; baseline -0.011 -14"><span class='ocrx_word' id='word_1_832' title='bbox 1917 5013 2000 5075; x_wconf 91' lang='lat' dir='ltr'><strong>iis,</strong></span> <span class='ocrx_word' id='word_1_833' title='bbox 2026 5026 2145 5080; x_wconf 72' lang='lat' dir='ltr'><strong>qua:</strong></span> <span class='ocrx_word' id='word_1_834' title='bbox 2165 5024 2230 5065; x_wconf 91' lang='lat' dir='ltr'><strong>ex</strong></span> <span class='ocrx_word' id='word_1_835' title='bbox 2247 5017 2497 5064; x_wconf 90' lang='lat' dir='ltr'><strong>contextu</strong></span> <span class='ocrx_word' id='word_1_836' title='bbox 2526 5005 2664 5061; x_wconf 87' lang='lat' dir='ltr'><strong>beati</strong></span> <span class='ocrx_word' id='word_1_837' title='bbox 2692 5003 2854 5058; x_wconf 81' lang='lat' dir='ltr'><strong>Mosis</strong></span> <span class='ocrx_word' id='word_1_838' title='bbox 2877 5003 3014 5056; x_wconf 90' lang='lat' dir='ltr'><strong>lecta</strong></span> <span class='ocrx_word' id='word_1_839' title='bbox 3041 5008 3184 5064; x_wconf 90' lang='lat' dir='ltr'><strong>sunt,</strong></span> <span class='ocrx_word' id='word_1_840' title='bbox 3213 4998 3336 5053; x_wconf 90' lang='lat' dir='ltr'><strong>inde</strong></span> <span class='ocrx_word' id='word_1_841' title='bbox 3353 4996 3506 5057; x_wconf 88' lang='lat' dir='ltr'><strong>vobis</strong></span> 
     </span>
    </p>
   </div>
   <div class='ocr_carea' id='block_1_112' title="bbox 1915 5099 2680 5159">
    <p class='ocr_par' dir='ltr' id='par_1_112' title="bbox 1915 5099 2680 5159">
     <span class='ocr_line' id='line_1_112' title="bbox 1915 5099 2680 5159; baseline -0.014 0"><span class='ocrx_word' id='word_1_842' title='bbox 1915 5103 2217 5159; x_wconf 88' lang='lat' dir='ltr'><strong>mercedem</strong></span> <span class='ocrx_word' id='word_1_843' title='bbox 2271 5099 2680 5154; x_wconf 89' lang='lat' dir='ltr'><strong>dinumeremns.</strong></span> 
     </span>
    </p>
   </div>
   <div class='ocr_carea' id='block_1_113' title="bbox 1916 5183 3501 5251">
    <p class='ocr_par' dir='ltr' id='par_1_113' title="bbox 1916 5183 3501 5251">
     <span class='ocr_line' id='line_1_113' title="bbox 1916 5183 3501 5251; baseline -0.012 -2"><span class='ocrx_word' id='word_1_844' title='bbox 1916 5203 2038 5250; x_wconf 88' lang='lat' dir='ltr'><strong>sunt</strong></span> <span class='ocrx_word' id='word_1_845' title='bbox 2068 5194 2119 5246; x_wconf 90' lang='lat' dir='ltr'><strong>in</strong></span> <span class='ocrx_word' id='word_1_846' title='bbox 2148 5191 2381 5246; x_wconf 90' lang='lat' dir='ltr'><strong>medium</strong></span> <span class='ocrx_word' id='word_1_847' title='bbox 2410 5187 2584 5243; x_wconf 72' lang='lat' dir='ltr'><strong>afferri</strong></span> <span class='ocrx_word' id='word_1_848' title='bbox 2614 5185 2830 5251; x_wconf 89' lang='lat' dir='ltr'><strong>debent,</strong></span> <span class='ocrx_word' id='word_1_849' title='bbox 2859 5193 2918 5237; x_wconf 93' lang='lat' dir='ltr'><strong>ut</strong></span> <span class='ocrx_word' id='word_1_850' title='bbox 2945 5183 3220 5237; x_wconf 87' lang='lat' dir='ltr'><strong>thesauros</strong></span> <span class='ocrx_word' id='word_1_851' title='bbox 3245 5192 3501 5234; x_wconf 88' lang='lat' dir='ltr'><strong>sensuum</strong></span> 
     </span>
    </p>
   </div>
   <div class='ocr_carea' id='block_1_114' title="bbox 1919 5269 3500 5346">
    <p class='ocr_par' dir='ltr' id='par_1_114' title="bbox 1919 5269 3500 5346">
     <span class='ocr_line' id='line_1_114' title="bbox 1919 5269 3500 5346; baseline -0.011 -9"><span class='ocrx_word' id='word_1_852' title='bbox 1919 5286 1970 5337; x_wconf 92' lang='lat' dir='ltr'><strong>in</strong></span> <span class='ocrx_word' id='word_1_853' title='bbox 1999 5281 2174 5336; x_wconf 86' lang='lat' dir='ltr'><strong>verbis</strong></span> <span class='ocrx_word' id='word_1_854' title='bbox 2202 5281 2448 5336; x_wconf 89' lang='lat' dir='ltr'><strong>latentes.</strong></span> <span class='ocrx_word' id='word_1_855' title='bbox 2479 5277 2762 5346; x_wconf 87' lang='lat' dir='ltr'><strong>diligenter</strong></span> <span class='ocrx_word' id='word_1_856' title='bbox 2776 5273 3050 5344; x_wconf 61' lang='lat' dir='ltr'><strong>qumilus,</strong></span> <span class='ocrx_word' id='word_1_857' title='bbox 3072 5269 3279 5326; x_wconf 88' lang='lat' dir='ltr'><strong>caritati</strong></span> <span class='ocrx_word' id='word_1_858' title='bbox 3304 5274 3500 5322; x_wconf 68' lang='lat' dir='ltr'><strong>vestra</strong></span> 
     </span>
    </p>
   </div>
   <div class='ocr_carea' id='block_1_115' title="bbox 1973 5354 3498 5429">
    <p class='ocr_par' dir='ltr' id='par_1_115' title="bbox 1973 5354 3498 5429">
     <span class='ocr_line' id='line_1_115' title="bbox 1973 5354 3498 5429; baseline -0.009 -10"><span class='ocrx_word' id='word_1_859' title='bbox 1973 5373 1991 5410; x_wconf 68' lang='grc' dir='ltr'><strong><em>ι</em></strong></span> <span class='ocrx_word' id='word_1_860' title='bbox 2025 5370 2278 5429; x_wconf 74' lang='lat' dir='ltr'><strong>coislin....</strong></span> <span class='ocrx_word' id='word_1_861' title='bbox 2304 5363 2618 5429; x_wconf 85' lang='lat' dir='ltr'><strong>appellemus,</strong></span> <span class='ocrx_word' id='word_1_862' title='bbox 2655 5363 2816 5429; x_wconf 80' lang='lat' dir='ltr'><strong>gratia</strong></span> <span class='ocrx_word' id='word_1_863' title='bbox 2836 5368 2895 5429; x_wconf 86' lang='lat' dir='ltr'><strong>et_</strong></span> <span class='ocrx_word' id='word_1_864' title='bbox 2923 5359 3262 5429; x_wconf 63' lang='lat' dir='ltr'><strong>misericordia</strong></span> <span class='ocrx_word' id='word_1_865' title='bbox 3306 5354 3498 5429; x_wconf 58' lang='lat' dir='ltr'><strong>Domini</strong></span> 
     </span>
    </p>
   </div>
   <div class='ocr_carea' id='block_1_116' title="bbox 1910 5416 3497 5489">
    <p class='ocr_par' dir='ltr' id='par_1_116' title="bbox 1910 5416 3497 5489">
     <span class='ocr_line' id='line_1_116' title="bbox 1910 5416 3497 5489; baseline -0.015 -3"><span class='ocrx_word' id='word_1_866' title='bbox 1910 5416 2392 5487; x_wconf 47' lang='lat' dir='ltr'><strong>nomine“</strong></span> <span class='ocrx_word' id='word_1_867' title='bbox 2411 5416 2524 5477; x_wconf 69' lang='lat' dir='ltr'><strong>eum</strong></span> <span class='ocrx_word' id='word_1_868' title='bbox 2545 5416 2638 5489; x_wconf 72' lang='lat' dir='ltr'><strong>quo</strong></span> <span class='ocrx_word' id='word_1_869' title='bbox 2749 5424 2908 5489; x_wconf 72' lang='lat' dir='ltr'><strong>_Paltjs&#39;_</strong></span> <span class='ocrx_word' id='word_1_870' title='bbox 2921 5431 2966 5472; x_wconf 87' lang='lat' dir='ltr'><strong>et</strong></span> <span class='ocrx_word' id='word_1_871' title='bbox 2989 5419 3186 5489; x_wconf 76' lang='lat' dir='ltr'><strong>Spiritui</strong></span> <span class='ocrx_word' id='word_1_872' title='bbox 3209 5427 3374 5489; x_wconf 70' lang='lat' dir='ltr'><strong>sancto</strong></span> <span class='ocrx_word' id='word_1_873' title='bbox 3396 5416 3497 5486; x_wconf 75' lang='lat' dir='ltr'><strong>glo-</strong></span> 
     </span>
    </p>
   </div>
   <div class='ocr_carea' id='block_1_117' title="bbox 1910 5477 3495 5554">
    <p class='ocr_par' dir='ltr' id='par_1_117' title="bbox 1910 5477 3495 5554">
     <span class='ocr_line' id='line_1_117' title="bbox 1910 5477 3495 5554; baseline -0.021 -7"><span class='ocrx_word' id='word_1_874' title='bbox 1910 5477 2027 5554; x_wconf 43' lang='grc'><strong>⁷</strong></span> <span class='ocrx_word' id='word_1_875' title='bbox 2044 5477 2579 5546; x_wconf 56' lang='grc' dir='ltr'><strong>ἒῆ.”ἰήᾞίὦᾶνθι·ι›ἱεζ</strong></span> <span class='ocrx_word' id='word_1_876' title='bbox 2616 5499 2727 5554; x_wconf 77' lang='lat' dir='ltr'><strong>qua:</strong></span> <span class='ocrx_word' id='word_1_877' title='bbox 2749 5483 2968 5554; x_wconf 81' lang='lat' dir='ltr'><strong>humilias</strong></span> <span class='ocrx_word' id='word_1_878' title='bbox 2987 5477 3410 5554; x_wconf 38' lang='grc' dir='ltr'><strong>οιᾳυαμιιιἎῃτιξεμ</strong></span> <span class='ocrx_word' id='word_1_879' title='bbox 3444 5477 3495 5527; x_wconf 64' lang='lat' dir='ltr'><strong>in</strong></span> 
     </span>
    </p>
   </div>
   <div class='ocr_carea' id='block_1_118' title="bbox 1912 5540 3458 5613">
    <p class='ocr_par' dir='ltr' id='par_1_118' title="bbox 1912 5540 3458 5613">
     <span class='ocr_line' id='line_1_118' title="bbox 1912 5540 3458 5613; baseline -0.014 -6"><span class='ocrx_word' id='word_1_880' title='bbox 1912 5540 2241 5613; x_wconf 47' lang='lat' dir='ltr'><strong>Hauseriptis</strong></span> <span class='ocrx_word' id='word_1_881' title='bbox 2255 5554 2541 5603; x_wconf 82' lang='lat' dir='ltr'><strong>observatur</strong></span> <span class='ocrx_word' id='word_1_882' title='bbox 2563 5540 2786 5613; x_wconf 72' lang='lat' dir='ltr'><strong>varietas,</strong></span> <span class='ocrx_word' id='word_1_883' title='bbox 2813 5552 2867 5594; x_wconf 90' lang='lat' dir='ltr'><strong>ut</strong></span> <span class='ocrx_word' id='word_1_884' title='bbox 2881 5546 3212 5613; x_wconf 65' lang='lat' dir='ltr'><strong>monstenem</strong></span> <span class='ocrx_word' id='word_1_885' title='bbox 3224 5540 3458 5613; x_wconf 28' lang='lat' dir='ltr'><strong>[Savilius.</strong></span> 
     </span>
    </p>
   </div>
   <div class='ocr_carea' id='block_1_119' title="bbox 1976 5605 3492 5672">
    <p class='ocr_par' dir='ltr' id='par_1_119' title="bbox 1976 5605 3492 5672">
     <span class='ocr_line' id='line_1_119' title="bbox 1976 5605 3492 5672; baseline -0.017 0"><span class='ocrx_word' id='word_1_886' title='bbox 1976 5625 1995 5653; x_wconf 83' lang='grc'>⁸</span> <span class='ocrx_word' id='word_1_887' title='bbox 2022 5605 2206 5671; x_wconf 72' lang='lat' dir='ltr'><strong>Omnes</strong></span> <span class='ocrx_word' id='word_1_888' title='bbox 2228 5606 2416 5666; x_wconf 87' lang='lat' dir='ltr'><strong>habent</strong></span> <span class='ocrx_word' id='word_1_889' title='bbox 2440 5628 2631 5672; x_wconf 88' lang='lat' dir='ltr'><strong>vocem,</strong></span> <span class='ocrx_word' id='word_1_890' title='bbox 2656 5608 2972 5672; x_wconf 71' lang='lat' dir='ltr'><strong>substantiam</strong></span> <span class='ocrx_word' id='word_1_891' title='bbox 3001 5609 3106 5672; x_wconf 68' lang='grc' dir='ltr'><strong>(τὴν</strong></span> <span class='ocrx_word' id='word_1_892' title='bbox 3128 5605 3337 5672; x_wconf 52' lang='lat' dir='ltr'><strong>occisam,</strong></span> <span class='ocrx_word' id='word_1_893' title='bbox 3363 5616 3492 5672; x_wconf 66' lang='lat' dir='ltr'><strong>prae-</strong></span> 
     </span>
    </p>
   </div>
   <div class='ocr_carea' id='block_1_120' title="bbox 1914 5664 3492 5753">
    <p class='ocr_par' dir='ltr' id='par_1_120' title="bbox 1914 5664 3492 5753">
     <span class='ocr_line' id='line_1_120' title="bbox 1914 5664 3492 5753; baseline -0.015 -21"><span class='ocrx_word' id='word_1_894' title='bbox 1914 5689 1994 5732; x_wconf 86' lang='lat' dir='ltr'><strong>ter</strong></span> <span class='ocrx_word' id='word_1_895' title='bbox 2028 5664 2436 5753; x_wconf 44' lang='lat' dir='ltr'><strong>ﬁgimus}:</strong></span> <span class='ocrx_word' id='word_1_896' title='bbox 2467 5664 2636 5727; x_wconf 43' lang='lat' dir='ltr'><strong>Morel:</strong></span> <span class='ocrx_word' id='word_1_897' title='bbox 2659 5671 2746 5742; x_wconf 85' lang='lat' dir='ltr'><strong>qui</strong></span> <span class='ocrx_word' id='word_1_898' title='bbox 2783 5671 2985 5731; x_wconf 85' lang='lat' dir='ltr'><strong>habent,</strong></span> <span class='ocrx_word' id='word_1_899' title='bbox 3008 5664 3352 5717; x_wconf 64' lang='lat' dir='ltr'><strong>abundantiam</strong></span> <span class='ocrx_word' id='word_1_900' title='bbox 3386 5666 3492 5724; x_wconf 75' lang='grc' dir='ltr'><strong>(τήν</strong></span> 
     </span>
    </p>
   </div>
   <div class='ocr_carea' id='block_1_121' title="bbox 1914 5757 2231 5798">
    <p class='ocr_par' dir='ltr' id='par_1_121' title="bbox 1914 5757 2231 5798">
     <span class='ocr_line' id='line_1_121' title="bbox 1914 5757 2231 5798; baseline -0.006 -7"><span class='ocrx_word' id='word_1_901' title='bbox 1914 5757 2231 5798; x_wconf 73' lang='grc' dir='ltr'><strong>πεοισυσιανι.</strong></span> 
     </span>
    </p>
   </div>
   <div class='ocr_carea' id='block_1_122' title="bbox 2756 5088 3626 5163">
    <p class='ocr_par' dir='ltr' id='par_1_122' title="bbox 2756 5088 3626 5163">
     <span class='ocr_line' id='line_1_122' title="bbox 2756 5088 3626 5163; baseline -0.009 -15"><span class='ocrx_word' id='word_1_902' title='bbox 2756 5093 2886 5160; x_wconf 59' lang='lat' dir='ltr'><strong>Quae</strong></span> <span class='ocrx_word' id='word_1_903' title='bbox 2937 5094 3096 5163; x_wconf 90' lang='lat' dir='ltr'><strong>igitur</strong></span> <span class='ocrx_word' id='word_1_904' title='bbox 3147 5091 3308 5146; x_wconf 87' lang='lat' dir='ltr'><strong>hodie</strong></span> <span class='ocrx_word' id='word_1_905' title='bbox 3361 5088 3500 5142; x_wconf 85' lang='lat' dir='ltr'><strong>lecta</strong></span> <span class='ocrx_word' id='word_1_906' title='bbox 3613 5096 3626 5103; x_wconf 80' lang='lat'><strong>‘</strong></span> 
     </span>
    </p>
   </div>
  </div>
