4058 6302
284 499 466 566 postea
491 500 672 548 tamen
699 491 1009 565 cogniturus
1033 498 1167 549 erat.
1207 490 1389 562 itaque
1443 499 1500 547 ut
1547 508 1614 547 ne
1641 491 1789 546 illum
1819 489 1875 545 in

288 579 580 638 sufes-endo
607 580 818 649 dolore,
845 597 1018 652 neque
1057 582 1128 636 ob
1168 581 1488 636 abiationem
1525 581 1737 636 tristitia
1759 580 1879 635 afﬂ-

285 680 446 734 ccret,
479 679 707 741 utraque
732 672 809 725 sic
833 671 1177 742 dispensavit,
1209 680 1266 725 ut
1310 679 1366 726 et
1407 672 1542 726 citra
1579 674 1873 726 cruciatum

285 759 723 825 diiusaufcrret,
752 768 807 814 et
854 758 1072 829 impleto
1109 775 1176 816 eo
1223 759 1343 816 loco
1383 760 1524 815 unde
1556 760 1871 828 abstulerat,

283 848 544 907 laetorum
574 865 792 906 sensum
811 851 1084 920 percipere
1113 866 1219 906 non
1243 851 1464 906 sineret.
1513 849 1676 921 igitur
1717 864 1874 905 acce-

285 945 429 1009 μω
457 939 596 993 hanc
618 947 821 993 costam
850 936 1131 994 tediilcavit
1161 937 1418 994 Dominus
1439 939 1579 994 Deus
1602 940 1653 993 in
1685 939 1877 994 mulie-

288 1042 426 1083 rem.
460 1026 792 1083 Admirabile
843 1029 1076 1094 dictum,
1107 1037 1342 1082 nostram
1395 1029 1656 1084 rationem
1710 1028 1874 1089 nimia

287 1112 605 1174 excellentia
631 1117 871 1172 vincens.
930 1117 1205 1187 Ejusmodi
1235 1119 1380 1172 enim
1405 1126 1532 1174 sunt
1555 1118 1734 1172 omnia
1755 1132 1875 1186 qua:

287 1201 422 1260 llunt
447 1219 480 1259 a
501 1197 746 1261 Domino.
787 1204 930 1261 istud
958 1207 1099 1261 enim
1115 1243 1130 1272 ,
1159 1221 1317 1276 quam
1340 1206 1658 1261 homineme
1681 1205 1874 1276 pulve-

288 1301 348 1350 re
376 1289 618 1359 lormari,
649 1310 758 1350 non
799 1305 882 1350 est
912 1296 1107 1350 minus.
1147 1297 1216 1350 Et
1240 1295 1362 1350 vide
1388 1297 1580 1350 iterum
1607 1294 1877 1366 quomodo

287 1383 468 1439 divina
523 1385 799 1454 Scriptura
847 1383 1027 1441 verbis
1061 1395 1257 1441 nostra:
1308 1385 1602 1442 inﬁrmitati
1658 1399 1876 1440 accom-

291 1474 467 1529 modis
495 1489 587 1529 usa
615 1476 703 1529 sit.
736 1474 802 1530 Et
827 1479 1038 1546 accepit,
1061 1477 1247 1546 inquit,
1268 1493 1420 1532 unam
1444 1487 1695 1532 costarum
1716 1477 1876 1530 illius.

363 1560 434 1620 Ut
459 1555 623 1619 Deum
649 1565 788 1620 decet
816 1569 924 1620 lucc
952 1565 1100 1621 verba
1130 1567 1491 1636 intelligenda;
1531 1566 1780 1621 Dominus
1832 1573 1883 1620 et

291 1651 428 1710 Deus
457 1656 521 1709 de
551 1656 705 1711 Patre
729 1667 777 1711 et
801 1656 1144 1712 Γαῖα-Ναὶ
1184 1659 1417 1713 humano
1457 1673 1608 1712 more
1652 1656 1883 1726 accipias

289 1757 410 1815 qua:
429 1744 700 1814 dicuntur,
730 1747 823 1803 sed
851 1762 1030 1803 crassa
1079 1748 1239 1803 verba
1266 1749 1511 1805 humanae
1531 1746 1881 1804 imbecillitati

289 1838 580 1891 convenire
606 1837 828 1908 cogites.
852 1833 986 1892 Nam
1017 1838 1118 1893 nisi
1147 1837 1230 1893 his
1253 1838 1435 1894 verbis
1459 1837 1732 1907 Scriptura
1749 1836 1880 1909 fuis-

289 1932 373 1980 set
413 1938 530 1990 usa,
561 1926 828 1996 quomodo
854 1936 960 1983 tam
991 1943 1180 1983 arcana
1228 1929 1481 1998 mysteria
1527 1928 1736 1984 discere
1783 1942 1882 1997 po-

291 2015 619 2071 tuissemus?
648 2032 716 2072 ne
755 2018 916 2088 igitur
959 2019 1141 2075 verbis
1189 2027 1392 2075 tantum
1437 2019 1635 2075 addicti
1690 2022 1880 2087 simus,

288 2103 387 2159 sed
428 2106 610 2159 omnia
651 2114 710 2160 ut
735 2121 832 2176 par
856 2108 1030 2163 estde
1052 2109 1165 2164 Deo
1191 2110 1506 2166 sentiamus.
1533 2109 1881 2180 Quandoqui-

287 2194 411 2250 dem
449 2196 580 2250 dum
609 2196 821 2265 dicitur,
871 2199 1096 2270 Accepit,
1148 2209 1204 2255 et
1247 2202 1425 2256 omnia
1478 2202 1623 2266 talia,
1669 2209 1885 2271 propter

289 2295 534 2340 nostram
577 2285 937 2343 inﬁrmitatem
997 2290 1069 2344 ita
1119 2289 1260 2345 dicta
1307 2299 1450 2347 sunt.
1503 2291 1905 2346 Animadverte.

286 2385 471 2429 autem
492 2375 764 2445 quomodo
788 2386 844 2432 et
863 2377 952 2433 hic
982 2379 1170 2434 eadem
1204 2395 1299 2436 usa
1336 2390 1421 2436 est
1460 2381 1883 2448 consuetudine,

283 2477 391 2532 qua
417 2477 606 2532 supra,
636 2479 758 2518 cum
803 2465 870 2520 de
909 2466 1078 2521 Adam
1103 2478 1303 2538 ageret.
1334 2468 1467 2524 Nam
1497 2471 1562 2525 ut
1581 2472 1649 2525 ibi
1675 2473 1840 2528 semel
1864 2513 1883 2542 ,

287 2566 351 2608 Ic
370 2553 593 2618 iterum,
622 2564 675 2609 et
699 2555 894 2624 sepius
914 2557 1066 2623 dixit,
1111 2556 1182 2610 Et
1208 2561 1401 2629 accepit
1452 2558 1702 2615 Dominus
1743 2561 1885 2619 Deus

289 2642 547 2696 hominem
571 2659 584 2698 :
614 2653 671 2699 et
699 2646 912 2710 iterum,
946 2647 1014 2700 Et
1035 2651 1272 2718 praecepit
1293 2649 1538 2706 Dominus
1563 2651 1701 2708 Deus
1724 2655 1850 2708 Adae
1867 2671 1887 2710 :

290 2741 347 2785 et
363 2733 582 2799 iterum,
606 2733 846 2804 Dixitque
865 2736 1112 2792 Dominus
1141 2737 1279 2794 Deus
1303 2740 1612 2797 :Faeiamus
1635 2738 1714 2799 illi
1733 2747 1888 2817 adju-

290 2829 452 2874 torem
478 2822 696 2877 similem
723 2826 848 2879 illi:
875 2828 953 2882 sic
976 2836 1031 2882 et
1073 2843 1213 2884 nunc
1255 2832 1444 2901 inquit,
1500 2831 1571 2887 Et
1615 2834 1887 2902 tediﬁcavit

295 2907 550 2963 Dominus
604 2911 741 2966 Deus
791 2924 1000 2981 costam,
1046 2933 1196 2986 quam
1247 2921 1440 2990 accepit
1488 2920 1552 2974 ab
1605 2921 1789 2989 Adam,
1833 2925 1887 2978 in

295 2999 592 3066 mulierem;
615 3011 668 3055 et
691 3004 847 3072 paulo
866 3007 1133 3072 superius,
1163 3007 1229 3061 Et
1248 3010 1455 3063 immisit
1477 3010 1724 3065 Dominus
1749 3012 1887 3067 Deus

293 3104 556 3143 excessum
601 3091 655 3143 in
694 3091 858 3145 Adam
880 3108 899 3142 :
927 3103 984 3146 ut
1024 3094 1199 3149 discas
1247 3098 1443 3152 nullam
1475 3099 1644 3154 Patris
1673 3110 1728 3155 et
1764 3099 1886 3156 Filii

292 3177 661 3233 diversitatem
698 3179 796 3233 has
833 3182 1092 3236 dictiones
1131 3185 1364 3239 indicare
1398 3203 1410 3239 :
1442 3187 1565 3256 quia
1611 3187 1888 3257 utriusque

290 3276 382 3324 est
429 3283 532 3323 una
586 3271 854 3336 essentia,
909 3271 1366 3329 indiscriminatim
1428 3277 1730 3332 nominibus
1773 3279 1888 3334 istis

291 3361 571 3432 Scriptura
596 3362 787 3417 utitur.
811 3363 948 3418 Ecce
984 3364 1145 3434 igitur
1169 3373 1226 3420 et
1250 3365 1388 3421 hanc
1407 3367 1844 3423 consuetudinem
1869 3373 1885 3436 ,

290 3469 425 3510 cum
465 3454 535 3509 de
577 3455 895 3512 formatione
920 3459 1162 3513 mulieris
1196 3461 1324 3530 agit,
1349 3457 1593 3515 similiter
1616 3461 1887 3529 servavit,

290 3545 529 3602 dicens:
561 3545 626 3600 Et
663 3547 934 3615 aediﬁcavit
981 3546 1234 3604 Dominus
1278 3550 1419 3606 Deus
1476 3560 1689 3617 costam,
1736 3567 1888 3619 quant

289 3633 492 3700 occepit
517 3631 580 3684 ab
621 3630 804 3696 Adam,
841 3634 896 3685 in
936 3633 1216 3688 mulierem.
1253 3635 1390 3701 Quid
1418 3653 1549 3709 ergo
1583 3641 1671 3696 hic
1709 3641 1890 3697 dicent

289 3719 538 3776 heretici
562 3763 577 3787 ,
607 3721 698 3792 qui
721 3722 898 3776 omnia
925 3723 1194 3779 curiosius
1235 3727 1520 3796 explorare
1572 3734 1776 3798 volunt,
1833 3745 1890 3792 et

283 3810 604 3866 Conditoris
631 3812 867 3866 omnium
902 3814 1303 3882 generationem
1332 3821 1802 3888 comprehendisse
1826 3841 1888 3881 se

287 3902 524 3972 putant?
551 3904 682 3971 Quis
706 3917 885 3959 sermo
907 3904 1009 3960 hoc
1031 3907 1301 3975 explicare
1335 3911 1568 3977 poterit?
1593 3927 1709 3980 quae
1736 3929 1889 3969 mens

285 3992 795 4061 comprehendere?
837 3993 1010 4049 Unam
1053 4004 1293 4065 costam,
1329 3998 1520 4068 inquit,
1549 4005 1785 4072 accepit;
1834 4015 1891 4061 et

291 4076 570 4146 quomodo
598 4094 662 4134 ex
707 4079 809 4136 hac
836 4083 989 4137 unica
1013 4094 1160 4140 costa
1183 4093 1350 4143 totum
1386 4091 1582 4146 animal
1603 4092 1846 4151 formavit
1864 4097 1890 4151 τ

293 4164 365 4220 Et
393 4166 525 4236 quid
551 4167 693 4235 dico,
722 4172 990 4239 quomodo
1013 4188 1079 4228 ex
1107 4176 1206 4232 hac
1245 4193 1347 4232 una
1375 4181 1572 4235 animal
1594 4181 1888 4241 formavit?

293 4255 429 4323 Die,
456 4256 706 4324 obsecro,
734 4262 1003 4330 quomodo
1033 4264 1230 4320 ablatio
1280 4268 1417 4324 facta
1459 4273 1576 4326 est?
1619 4275 1889 4341 quomodo

294 4345 493 4413 Adam,
537 4362 658 4402 cum
696 4350 996 4408 auferretur
1033 4364 1203 4420 costa,
1254 4373 1361 4413 non
1402 4361 1727 4419 sensitlSed
1757 4365 1889 4423 nihil

296 4433 492 4493 horum
512 4439 696 4496 dicere
728 4444 929 4513 poteris
960 4461 1135 4501 :unus
1171 4448 1313 4503 enim
1365 4458 1569 4508 tantum
1619 4456 1741 4521 scit,
1798 4459 1887 4528 qui

297 4527 518 4596 estipse
543 4527 820 4586 Conditor.
848 4531 1000 4599 Quod
1027 4536 1072 4589 si
1102 4535 1217 4591 haec
1240 4553 1359 4608 quae
1386 4542 1437 4596 in
1468 4544 1712 4600 manibus
1741 4527 1885 4615 sunt,

295 4624 354 4669 et
380 4617 628 4671 animalis
652 4619 797 4675 illius
814 4622 953 4690 quod
982 4624 1138 4680 nobis
1157 4640 1319 4682 carne
1341 4641 1624 4700 cognatum
1657 4643 1742 4688 est
1780 4636 1890 4690 for-

299 4707 588 4762 mationem
639 4725 746 4766 non
795 4714 1332 4784 comprehendimus;
1372 4723 1553 4791 quanti
1602 4723 1777 4779 delirii
1832 4736 1888 4781 et

298 4798 551 4852 amentiae
577 4797 738 4854 fuerit
766 4803 1028 4859 curiosius
1050 4805 1319 4876 inquirere
1342 4825 1463 4880 qua:
1496 4813 1658 4881 ipsius
1686 4815 1887 4870 Condi-

296 4886 432 4940 toris
458 4896 604 4952 sunt,
635 4898 689 4942 et
714 4890 892 4947 dicere
917 4907 975 4947 se
1011 4895 1097 4948 illa
1122 4900 1601 4967 comprehendere,
1656 4919 1882 4972 quorum

294 4990 473 5046 neque
502 4977 828 5049 incorporeas
849 4991 903 5037 et
921 4983 1116 5038 divinae
1136 4988 1358 5043 virtutes
1380 4989 1578 5058 justam
1606 4995 1883 5049 scientiam

293 5065 518 5130 habent,
547 5067 642 5123 sed
664 5085 784 5125 cum
830 5072 1021 5128 timore
1047 5083 1101 5129 et
1143 5085 1376 5134 tremore
1403 5081 1456 5136 in
1482 5080 1691 5138 assidua
1717 5086 1888 5156 glori-

291 5157 543 5211 ﬁca‘tione
586 5163 964 5227 perseverant?

369 5249 423 5304 '5.
449 5247 518 5303 Et
539 5250 807 5318 (ediﬁcavit
835 5251 1081 5310 Dominus
1106 5255 1244 5312 Deus
1269 5269 1482 5330 costam,
1517 5278 1667 5331 quam
1692 5269 1885 5335 accepit

293 5339 361 5392 ab
411 5340 592 5405 Adam,
622 5341 676 5394 in
725 5344 1004 5399 mulierem.
1039 5345 1169 5401 Vide
1213 5348 1501 5420 Scriptum
1533 5354 1882 5424 diligentiam.

292 5429 414 5484 Non
441 5430 582 5484 enim
598 5431 708 5500 jam
735 5431 883 5498 dicit,
913 5435 1199 5503 Formavit,
1234 5440 1349 5504 sed,
1383 5442 1686 5513 didi/ienuit
1715 5463 1735 5500 :
1760 5450 1882 5517 quia

293 5533 365 5575 ex
379 5520 489 5589 jam
517 5519 744 5577 formato
767 5533 970 5594 partem
995 5530 1219 5597 accepit,
1271 5539 1324 5584 et
1362 5536 1511 5601 quasi
1540 5535 1740 5591 diceret
1787 5539 1885 5593 ali-

292 5613 438 5683 quis,
493 5615 634 5682 quod
686 5614 871 5670 deerat
916 5617 1081 5675 dedit.
1138 5621 1262 5676 Ideo
1311 5621 1458 5690 dicit,
1493 5624 1557 5678 Et
1577 5628 1885 5696 adiﬁcatas:

293 5720 404 5760 non
447 5704 605 5759 aliam
663 5704 1033 5764 formationem
1083 5709 1226 5781 fecit,
1280 5713 1376 5770 sed
1413 5728 1478 5772 ex
1503 5731 1568 5774 eo
1608 5718 1746 5790 quod
1769 5719 1882 5791 jam

1389 381 1458 440 ΙΝ
1492 379 1640 439 CAP.
1661 377 1726 438 ΙΙ.
1764 373 2016 436 GENES.
2059 375 2295 434 llOMlL.
2337 375 2449 433 XV.

3467 370 3573 432 il!

1983 487 2268 544 formatum
2307 496 2446 553 erat,
2486 495 2702 558 accepta
2745 486 3081 559 portiuncula
3131 485 3380 558 quadam,
3431 485 3573 542 hanc

1983 588 2188 650 partem
2214 578 2516 644 aedificavit,
2545 587 2598 634 et
2620 577 2912 649 perfectum
2957 578 3088 634 fecit
3114 578 3331 632 animal.
3361 577 3572 647 Quanta

1981 669 2168 739 optimi
2215 668 2489 724 architecti
2544 670 2640 724 Dei
2685 670 2946 740 potentia,
2975 685 3094 739 qua:
3119 683 3189 724 ex
3220 665 3423 723 tantilla
3451 682 3575 733 par-

1984 758 2144 813 ticula
2196 765 2275 811 tot
2323 767 2379 812 et
2426 770 2530 812 tam
2587 759 2848 829 elegantia
2901 757 3140 812 membra
3193 751 3574 814 concinnavit:

1984 855 2161 903 tantos
2196 847 2444 903 formavit
2492 863 2711 916 sensus,
2738 862 2802 902 ac
2840 849 3156 916 perfectum,
3187 847 3474 916 integrum,
3519 854 3577 901 et

1983 939 2289 994 absolutum
2333 938 2533 993 animal
2562 938 2705 1004 fecit,
2758 938 2900 1008 quod
2944 938 3193 1007 possit'et
3219 935 3476 1006 colloqui,
3523 945 3578 990 ot

1983 1029 2360 1083 communione
2404 1028 2718 1084 substantiae
2758 1028 2877 1082 viro
2914 1028 3080 1082 multa
3125 1025 3576 1090 ati'erresoiatiat

1983 1116 2117 1171 Nam
2143 1116 2209 1171 ad
2235 1117 2351 1185 ejus
2371 1117 2791 1172 consolationem
2821 1116 3135 1172 animalhoc
3163 1114 3447 1171 formatum
3472 1122 3575 1175 est.

1988 1206 2140 1263 Unde
2161 1217 2215 1262 et
2234 1207 2428 1262 Paulus
2457 1207 2669 1262 dicebat
2697 1205 2870 1261 {Non
2915 1207 3053 1262 enim
3094 1211 3344 1277 formatus
3388 1214 3462 1260 est
3504 1205 3580 1260 uir

1985 1306 2192 1367 propter
2243 1299 2525 1362 mulierem,
2547 1295 2637 1352 sed
2667 1297 2847 1351 mulier
2884 1306 3094 1368 propter
3121 1297 3284 1349 virum
3325 1297 3416 1367 (i.
3449 1294 3568 1350 Cor.

1987 1385 2075 1440 li.
2103 1385 2192 1451 9).
2227 1385 2391 1440 Vides
2431 1385 2702 1456 quomodo
2723 1385 2902 1440 omnia
2930 1397 3151 1456 prepter
3193 1387 3363 1440 virum
3410 1384 3580 1440 flant?

1985 1473 2207 1544 Condita
2234 1473 2377 1529 enim
2407 1484 2673 1542 creatura,
2708 1474 2984 1544 productis
3007 1473 3198 1539 brutis,
3254 1483 3310 1528 et
3357 1474 3481 1533 cibo
3527 1485 3583 1529 et

1987 1566 2283 1621 ministerio
2322 1566 2555 1630 utilibus,
2613 1568 2736 1637 quia
2785 1565 3048 1620 formatus
3092 1563 3255 1619 homo
3300 1564 3577 1634 indigebat

1985 1655 2163 1724 aliquo
2189 1654 2608 1719 coitfabulatore,
2640 1664 2695 1710 et
2742 1669 2809 1710 eo
2856 1655 2946 1725 qui
2989 1655 3258 1726 particeps
3300 1654 3420 1724 ejus
3443 1655 3578 1708 sub-

1986 1746 2198 1800 stantiae
2241 1746 2466 1800 multum
2506 1745 2895 1800 soiatiiaﬂ'erre
2917 1755 3118 1816 posset,
3149 1744 3271 1800 ideo
3315 1759 3382 1798 ex
3409 1744 3582 1800 latere

1987 1835 2127 1894 illius
2149 1835 2254 1889 hoc
2281 1836 2540 1891 rationale
2563 1835 2763 1890 animal
2809 1835 3025 1902 format,
3066 1843 3122 1890 et
3156 1833 3449 1890 secundum
3500 1832 3585 1888 in-

1986 1924 2247 1978 dustriam
2273 1940 2423 1980 suam
2445 1935 2501 1985 et
2525 1925 2840 1996 sapientiam
2869 1925 3162 1995 perfectum
3193 1934 3249 1980 et
3276 1923 3582 1980 absolutum

1989 2014 2090 2069 hoc
2115 2014 2261 2080 facit,
2286 2031 2382 2085 per
2409 2017 2588 2071 omnia
2615 2016 2816 2071 homini
2844 2016 3042 2083 simile,
3082 2015 3136 2070 id
3159 2024 3261 2082 est,
3292 2014 3578 2078 rationale,

1988 2106 2128 2174 quod
2165 2105 2213 2159 ei
2269 2115 2448 2174 posset
2493 2106 2546 2160 in
2574 2106 2983 2161 necessitatibus
3012 2114 3068 2161 et
3094 2105 3394 2160 commodis
3424 2104 3585 2174 hujus

1990 2195 2112 2248 vitae
2155 2194 2396 2250 subsidio
2422 2209 2561 2251 esse.
2595 2196 2740 2252 Deus
2790 2196 2933 2252 enim
2964 2208 3103 2263 erat,
3149 2197 3240 2267 qui
3281 2197 3460 2251 omnia
3498 2210 3589 2250 sa-

1990 2285 2154 2355 pienti
2183 2284 2412 2355 quadam
2467 2287 2676 2342 ratione
2718 2287 2958 2342 condidit
2997 2296 3054 2342 et
3091 2287 3421 2342 moderatur.
3469 2287 3584 2342 Etsi

1988 2374 2132 2430 enim
2182 2390 2282 2431 nos
2325 2376 2416 2446 qui
2467 2384 2575 2431 tam
2619 2376 2872 2433 imbecilli
2917 2387 3098 2435 mente
3127 2393 3332 2442 sumus,
3364 2377 3582 2434 modum

1989 2479 2095 2534 quo
2119 2463 2255 2519 facta
2282 2473 2407 2519 sunt
2433 2466 2574 2520 scire
2605 2481 2710 2522 non
2743 2481 3046 2536 possumus.
3089 2467 3359 2522 credimus
3403 2477 3583 2522 tamen

1991 2556 2251 2609 voluntati
2293 2556 2434 2610 illius
2480 2557 2660 2611 omnia
2697 2559 2946 2625 cessisse,
2978 2566 3036 2613 et
3066 2557 3320 2629 quidquid
3350 2558 3585 2627 impera-

1989 2648 2086 2712 vit,
2131 2646 2328 2702 faetum
2374 2661 2517 2703 esse.
2565 2648 2656 2704 22.
2691 2648 2760 2704 Et
2777 2650 3070 2718 sedi/ienuit,
3118 2650 3308 2720 inquit,
3339 2649 3587 2704 Dominus

1992 2735 2128 2789 Deus
2141 2746 2350 2804 costam,
2372 2755 2524 2808 quam
2543 2739 2732 2810 accepit
2757 2744 2820 2794 ab
2842 2740 3029 2807 Adam,
3048 2741 3101 2794 in
3121 2741 3379 2795 mulierem
3394 2753 3472 2794 :et
3486 2742 3583 2794 ad-

1991 2827 2134 2880 duxit
2155 2827 2296 2880 illam
2314 2829 2382 2880 ad
2403 2828 2570 2882 Adam
2589 2844 2609 2884 :
2624 2830 2915 2884 ostendens
2942 2844 3002 2885 se
3021 2839 3237 2900 propter
3254 2831 3403 2884 illum
3429 2831 3584 2885 istam

1989 2917 2314 2983 condidisse,
2345 2918 2566 2974 adduxit
2591 2919 2733 2973 illam
2759 2920 2826 2974 ad
2863 2921 3053 2974 Adam.
3084 2920 3346 2986 Quoniam
3383 2921 3583 2988 nullus,

1991 3007 2182 3076 inquit,
2217 3008 2268 3062 in
2300 3010 2548 3063 omnibus
2571 3010 2689 3065 aliis
2717 3010 2931 3078 adjutor
2967 3009 3062 3064 tibi
3103 3011 3352 3066 inventus
3389 3019 3473 3066 est
3513 3011 3589 3065 si-

1989 3095 2152 3162 milis,
2204 3111 2332 3151 ecce
2376 3096 2478 3152 hoc
2525 3098 2667 3168 quod
2700 3099 2992 3168 pollicebar
3031 3098 3289 3172 (promisi
3316 3101 3460 3154 enim
3492 3101 3588 3156 tibi

1990 3184 2255 3241 facturum
2285 3201 2372 3242 me
2396 3187 2694 3258 adjutorem
2741 3190 2973 3244 similem
3018 3188 3174 3262 tibi),
3220 3205 3363 3245 nunc
3413 3191 3590 3261 perfe-

1989 3284 2136 3331 ctum
2191 3276 2343 3332 trado
2385 3278 2500 3333 tibi.
2527 3279 2756 3338 Adduxit
2775 3279 2943 3348 illam,
2973 3279 3166 3350 inquit,
3193 3281 3262 3334 ad
3283 3281 3470 3334 Adam.
3491 3279 3585 3336 25.

1935 3419 1937 3421 ,
1991 3362 2062 3418 Et
2088 3365 2216 3433 dixit
2245 3368 2430 3435 Adam,
2463 3367 2575 3423 Hoc
2597 3385 2730 3423 nunc
2749 3385 2805 3425 os
2832 3385 2897 3426 ea:
2923 3371 3120 3426 ossibus
3145 3373 3289 3440 meis,
3303 3382 3351 3426 et
3387 3389 3507 3427 caro
3524 3388 3590 3427 ea:

1990 3470 2144 3509 carne
2163 3473 2292 3510 mea.
3527 3504 3530 3507 .

2062 3546 2227 3600 Adam
2274 3548 2622 3618 praplteticam
2670 3551 2889 3621 gratiam
2925 3553 3139 3620 accepit.
3183 3581 3256 3593 —-
3296 3552 3430 3609 Vide
3465 3554 3583 3620 hic,

1991 3648 2197 3704 quaeso,
2235 3637 2505 3706 quomodo
2533 3653 2655 3694 cum
2704 3639 2954 3696 inellabili
2997 3641 3088 3696 illa
3117 3642 3397 3711 sapientia,
3427 3643 3526 3697 sibi
3553 3657 3586 3698 a

1997 3723 2106 3778 Deo
2156 3727 2524 3794 suppeditata,
2576 3729 2732 3798 cujus
2780 3730 2935 3785 nobis
2978 3731 3173 3786 indicia
3222 3731 3589 3794 demonstrata

1993 3823 2118 3871 sunt
2148 3830 2243 3886 per
2278 3820 2555 3873 nominum
2603 3821 3028 3890 impositionem,
3057 3839 3177 3893 quae
3205 3832 3283 3878 tot
3309 3823 3588 3879 brutornm

1993 3904 2302 3959 animalium
2325 3907 2612 3976 generibus
2640 3909 2853 3977 indidit,
2873 3911 3036 3967 etiam
3066 3913 3433 3983 prepiteticam
3461 3928 3588 3982 gra-

1995 3996 2122 4049 tiam
2168 3996 2378 4065 aCcipit.
2405 3997 2538 4052 Nam
2581 3998 2779 4055 idcirco
2826 4009 2984 4057 antea
3026 4001 3209 4056 docuit
3258 4017 3359 4057 nos
3399 4004 3589 4058 beatus

1995 4085 2084 4140 ille
2110 4088 2391 4156 preplteta,
2422 4104 2545 4143 eum
2592 4101 2648 4144 et
2690 4105 2901 4154 somno,
2933 4098 2989 4146 et
3032 4090 3234 4146 exstasi
3279 4102 3587 4161 correptum

1992 4173 2200 4231 fuisse:
2245 4180 2315 4233 ita
2373 4189 2430 4234 ut
2475 4196 2543 4235 ne
2572 4194 2789 4236 sensum
2818 4181 3036 4250 quidem
3076 4181 3240 4234 ullum
3283 4181 3399 4250 ejus
3445 4182 3592 4260 quod

1993 4264 2156 4321 ﬁebat
2185 4269 2484 4338 perciperet
2509 4289 2522 4324 :
2552 4280 2608 4324 ut
2645 4285 2766 4325 cum
2801 4285 2942 4324 nunc
2969 4270 3152 4334 discis,
3182 4285 3304 4324 eum
3327 4271 3439 4324 visa
3470 4286 3591 4324 mu-

1993 4356 2125 4414 liere
2173 4359 2455 4429 diligenter
2483 4361 2625 4430 quod
2666 4360 2864 4415 factum
2912 4369 3031 4416 erat
3073 4376 3347 4428 enarrare,
3397 4363 3589 4418 credas

1992 4457 2162 4514 certo,
2203 4464 2324 4503 eum
2371 4461 2587 4518 accepta
2637 4451 2948 4521 prophetica
3001 4454 3204 4521 gratia,
3255 4453 3586 4522 etSpiritus

1992 4543 2163 4596 sancti
2192 4543 2432 4597 doctrina
2461 4544 2696 4599 afﬂatum
2738 4545 2852 4599 haec
2875 4546 3040 4616 loqui.
3078 4546 3287 4616 Quippe
3308 4561 3430 4601 cum
3452 4548 3585 4602 nihil

1994 4632 2061 4686 de
2119 4633 2184 4687 iis
2227 4648 2345 4702 quae
2388 4633 2523 4688 facta
2555 4645 2710 4690 erant
2743 4637 2925 4702 sciret,
2955 4646 3238 4708 postquam
3282 4638 3423 4694 Deus
3450 4639 3588 4695 hanc

1994 4722 2071 4777 illi
2101 4723 2339 4789 adduxit,
2372 4725 2562 4795 inquit,
2593 4726 2708 4780 Hoc
2734 4744 2867 4780 nunc
2912 4744 2970 4783 os
3012 4744 3075 4782 ea:
3101 4730 3296 4784 ossibus
3347 4730 3489 4796 meis,
3541 4739 3588 4785 et

1992 4827 2111 4865 caro
2140 4829 2203 4867 ea:
2235 4829 2387 4868 carne
2436 4832 2567 4869 mea.
2597 4817 2750 4871 Alius
2775 4833 2904 4872 vero
2938 4818 3153 4888 quidam
3187 4819 3450 4889 interpres
3471 4817 3548 4890 (a)
3568 4860 3584 4884 ,

1992 4918 2090 4972 pro
2118 4901 2290 4969 Nunc,
2318 4905 2477 4959 vertit
2505 4905 2618 4960 Hoc
2652 4908 2824 4975 semel,
2864 4907 3145 4974 declarans
3169 4911 3335 4964 semel
3377 4918 3583 4964 tantum

1991 4993 2094 5050 hoc
2114 4994 2309 5050 factum
2334 5011 2473 5064 esse,
2519 5014 2692 5068 neque
2716 5001 2853 5054 ultra
2882 5000 2996 5055 fore
3021 5001 3182 5056 talem
3213 5003 3449 5057 mulieris
3472 5001 3584 5056 for-

1990 5086 2300 5140 mationem.
2329 5087 2515 5154 Nunc,
2557 5090 2744 5159 inquit,
2786 5090 2923 5144 facta
2966 5102 3050 5146 est
3090 5107 3156 5146 ex
3203 5093 3319 5146 viro
3348 5093 3579 5160 mulier,

1991 5177 2214 5248 posthac
2264 5195 2370 5233 non
2423 5181 2502 5235 sic
2531 5181 2653 5249 erit,
2706 5181 2797 5236 sed
2839 5197 2906 5237 ex
2935 5184 3157 5238 muliere
3192 5185 3303 5247 vir;
3338 5186 3444 5238 imo
3475 5201 3582 5239 non

1993 5282 2060 5321 ex
2099 5267 2343 5335 muliere,
2390 5268 2484 5324 sed
2515 5285 2578 5324 ex
2626 5271 2902 5341 utriusque
2928 5273 3334 5342 cooperatione;
3365 5274 3502 5340 sicut
3528 5285 3584 5330 et

1992 5356 2187 5412 Paulus
2207 5359 2378 5428 inquit
2399 5376 2415 5413 :
2447 5360 2567 5414 Non
2599 5370 2672 5416 est
2700 5362 2833 5415 enim
2855 5362 2931 5416 vir
2955 5379 3017 5417 ea:
3036 5364 3263 5431 muliere,
3291 5365 3381 5417 sed
3400 5365 3584 5420 mulier

1990 5464 2054 5504 ea:
2089 5450 2194 5503 viro
2221 5464 2241 5504 :
2261 5460 2307 5504 et
2334 5467 2436 5505 non
2465 5453 2697 5507 conditus
2723 5462 2794 5508 est
2835 5455 2909 5508 vir
2935 5464 3141 5526 propter
3169 5455 3460 5519 mulierem,
3493 5457 3580 5509 sed

2064 5600 2134 5660 (a)
2160 5596 2266 5645 Non
2292 5610 2418 5646 unus
2444 5603 2652 5657 tantum,
2672 5599 2762 5647 sed
2781 5599 2881 5648 duo
2906 5604 3025 5648 sunt
3043 5599 3363 5660 interpretes,
3382 5600 3468 5658 qui
3490 5609 3575 5644 vo-

2000 5676 2084 5737 ces
2103 5667 2269 5737 DYB‘)
2296 5668 2391 5737 nn
2423 5669 2767 5737 xertunt,_ltoc
2798 5671 2944 5737 semel
2981 5670 3146 5737 (τοῦπερ
3184 5669 3360 5737 sugg);
3398 5678 3578 5737 nempe

2001 5725 2324 5785 Symmachus
2346 5733 2400 5778 et
2423 5725 2716 5792 Theodotio,
2745 5739 2801 5782 ut
2823 5725 2997 5782 videas
3012 5733 3063 5780 in
3099 5725 3353 5792 Hexaplis'
3375 5725 3574 5777 nostris.
