  <div class='ocr_page' id='page_1' title='image "/cluster/home/n/w/nwhite01/storage/ocr_20150623/53/pst.000005712526/126.png"; bbox 0 0 4058 6302; ppageno 0'>
   <div class='ocr_carea' id='block_1_1' title="bbox 225 409 327 468">
    <p class='ocr_par' dir='ltr' id='par_1_1' title="bbox 225 409 327 468">
     <span class='ocr_line' id='line_1_1' title="bbox 225 409 327 468; baseline 0 0"><span class='ocrx_word' id='word_1_1' title='bbox 225 409 327 468; x_wconf 58' lang='lat' dir='ltr'><strong><em>lib</em></strong></span> 
     </span>
    </p>
   </div>
   <div class='ocr_carea' id='block_1_2' title="bbox 285 512 1806 593">
    <p class='ocr_par' dir='ltr' id='par_1_2' title="bbox 285 512 1806 593">
     <span class='ocr_line' id='line_1_2' title="bbox 285 512 1806 593; baseline -0.012 -15"><span class='ocrx_word' id='word_1_2' title='bbox 285 524 482 578; x_wconf 83' lang='lat' dir='ltr'><strong><em>Contra</em></strong></span> <span class='ocrx_word' id='word_1_3' title='bbox 518 531 726 593; x_wconf 84' lang='lat' dir='ltr'><strong><em>peccata</em></strong></span> <span class='ocrx_word' id='word_1_4' title='bbox 765 520 968 591; x_wconf 70' lang='lat' dir='ltr'><strong><em>lingua.</em></strong></span> <span class='ocrx_word' id='word_1_5' title='bbox 1002 547 1072 558; x_wconf 91' lang='lat'><strong><em>--</em></strong></span> <span class='ocrx_word' id='word_1_6' title='bbox 1099 514 1198 582; x_wconf 91' lang='lat' dir='ltr'><strong><em>Qui</em></strong></span> <span class='ocrx_word' id='word_1_7' title='bbox 1243 512 1529 584; x_wconf 69' lang='lat' dir='ltr'><strong><em>prmcipitis</em></strong></span> <span class='ocrx_word' id='word_1_8' title='bbox 1559 522 1612 565; x_wconf 88' lang='lat' dir='ltr'><strong><em>et</em></strong></span> <span class='ocrx_word' id='word_1_9' title='bbox 1643 519 1806 563; x_wconf 75' lang='lat' dir='ltr'><strong><em>teme</em></strong></span> 
     </span>
    </p>
   </div>
   <div class='ocr_carea' id='block_1_3' title="bbox 216 601 1815 684">
    <p class='ocr_par' dir='ltr' id='par_1_3' title="bbox 216 601 1815 684">
     <span class='ocr_line' id='line_1_3' title="bbox 216 601 1815 684; baseline -0.01 -15"><span class='ocrx_word' id='word_1_10' title='bbox 216 615 383 669; x_wconf 71' lang='lat' dir='ltr'><strong><em>rarite</em></strong></span> <span class='ocrx_word' id='word_1_11' title='bbox 421 613 615 684; x_wconf 76' lang='lat' dir='ltr'><strong><em>libguac</em></strong></span> <span class='ocrx_word' id='word_1_12' title='bbox 642 623 762 676; x_wconf 87' lang='lat' dir='ltr'><strong><em>est,</em></strong></span> <span class='ocrx_word' id='word_1_13' title='bbox 796 619 850 665; x_wconf 88' lang='lat' dir='ltr'><strong><em>et</em></strong></span> <span class='ocrx_word' id='word_1_14' title='bbox 873 622 1221 680; x_wconf 66' lang='lat' dir='ltr'><strong><em>quaecumque</em></strong></span> <span class='ocrx_word' id='word_1_15' title='bbox 1248 604 1583 660; x_wconf 81' lang='lat' dir='ltr'><strong><em>nhvenientia</em></strong></span> <span class='ocrx_word' id='word_1_16' title='bbox 1613 601 1815 662; x_wconf 82' lang='lat' dir='ltr'><strong><em>eil‘utit,</em></strong></span> 
     </span>
    </p>
   </div>
   <div class='ocr_carea' id='block_1_4' title="bbox 216 694 1815 779">
    <p class='ocr_par' dir='ltr' id='par_1_4' title="bbox 216 694 1815 779">
     <span class='ocr_line' id='line_1_4' title="bbox 216 694 1815 779; baseline -0.008 -21"><span class='ocrx_word' id='word_1_17' title='bbox 216 705 464 759; x_wconf 86' lang='lat' dir='ltr'><strong><em>imitetur</em></strong></span> <span class='ocrx_word' id='word_1_18' title='bbox 489 705 703 759; x_wconf 86' lang='lat' dir='ltr'><strong><em>beatum</em></strong></span> <span class='ocrx_word' id='word_1_19' title='bbox 738 702 1071 771; x_wconf 76' lang='lat' dir='ltr'><strong><em>prophetam,</em></strong></span> <span class='ocrx_word' id='word_1_20' title='bbox 1093 708 1150 755; x_wconf 90' lang='lat' dir='ltr'><strong><em>et</em></strong></span> <span class='ocrx_word' id='word_1_21' title='bbox 1173 699 1361 779; x_wconf 67' lang='lat' dir='ltr'><strong><em>dicaL;</em></strong></span> <span class='ocrx_word' id='word_1_22' title='bbox 1386 697 1549 762; x_wconf 77' lang='lat' dir='ltr'><strong><em>Pone,</em></strong></span> <span class='ocrx_word' id='word_1_23' title='bbox 1581 694 1815 758; x_wconf 64' lang='lat' dir='ltr'><strong><em>Domine,</em></strong></span> 
     </span>
    </p>
   </div>
   <div class='ocr_carea' id='block_1_5' title="bbox 215 785 1818 857">
    <p class='ocr_par' dir='ltr' id='par_1_5' title="bbox 215 785 1818 857">
     <span class='ocr_line' id='line_1_5' title="bbox 215 785 1818 857; baseline -0.006 -9"><span class='ocrx_word' id='word_1_24' title='bbox 215 795 510 848; x_wconf 70' lang='lat' dir='ltr'><strong><em>custodiam</em></strong></span> <span class='ocrx_word' id='word_1_25' title='bbox 557 794 634 847; x_wconf 86' lang='lat' dir='ltr'><strong><em>ori</em></strong></span> <span class='ocrx_word' id='word_1_26' title='bbox 683 809 821 857; x_wconf 78' lang='lat' dir='ltr'><strong><em>meo,</em></strong></span> <span class='ocrx_word' id='word_1_27' title='bbox 860 802 908 846; x_wconf 90' lang='lat' dir='ltr'><strong><em>et</em></strong></span> <span class='ocrx_word' id='word_1_28' title='bbox 946 793 1127 845; x_wconf 87' lang='lat' dir='ltr'><strong><em>ostium</em></strong></span> <span class='ocrx_word' id='word_1_29' title='bbox 1174 789 1462 843; x_wconf 85' lang='lat' dir='ltr'><strong><em>munitionis</em></strong></span> <span class='ocrx_word' id='word_1_30' title='bbox 1507 786 1652 841; x_wconf 88' lang='lat' dir='ltr'><strong><em>labiis</em></strong></span> <span class='ocrx_word' id='word_1_31' title='bbox 1694 785 1818 838; x_wconf 82' lang='lat' dir='ltr'><strong><em>meis</em></strong></span> 
     </span>
    </p>
   </div>
   <div class='ocr_carea' id='block_1_6' title="bbox 218 878 1819 954">
    <p class='ocr_par' dir='ltr' id='par_1_6' title="bbox 218 878 1819 954">
     <span class='ocr_line' id='line_1_6' title="bbox 218 878 1819 954; baseline -0.005 -16"><span class='ocrx_word' id='word_1_32' title='bbox 218 883 400 954; x_wconf 78' lang='lat' dir='ltr'><strong><em>(Psal.</em></strong></span> <span class='ocrx_word' id='word_1_33' title='bbox 436 884 559 940; x_wconf 71' lang='lat' dir='ltr'><strong><em>M0.</em></strong></span> <span class='ocrx_word' id='word_1_34' title='bbox 590 885 647 952; x_wconf 77' lang='lat'><strong><em>3)</em></strong></span> <span class='ocrx_word' id='word_1_35' title='bbox 676 897 694 942; x_wconf 87' lang='lat'><strong>:</strong></span> <span class='ocrx_word' id='word_1_36' title='bbox 723 895 776 938; x_wconf 89' lang='lat' dir='ltr'><strong><em>et</em></strong></span> <span class='ocrx_word' id='word_1_37' title='bbox 813 898 1102 952; x_wconf 80' lang='lat' dir='ltr'><strong>numquam</strong></span> <span class='ocrx_word' id='word_1_38' title='bbox 1131 892 1330 936; x_wconf 85' lang='lat' dir='ltr'><strong><em>temere</em></strong></span> <span class='ocrx_word' id='word_1_39' title='bbox 1359 893 1413 935; x_wconf 89' lang='lat' dir='ltr'><strong><em>et</em></strong></span> <span class='ocrx_word' id='word_1_40' title='bbox 1450 879 1652 949; x_wconf 86' lang='lat' dir='ltr'><strong><em>absque</em></strong></span> <span class='ocrx_word' id='word_1_41' title='bbox 1679 878 1819 933; x_wconf 89' lang='lat' dir='ltr'><strong><em>utili-</em></strong></span> 
     </span>
    </p>
   </div>
   <div class='ocr_carea' id='block_1_7' title="bbox 219 975 1813 1046">
    <p class='ocr_par' dir='ltr' id='par_1_7' title="bbox 219 975 1813 1046">
     <span class='ocr_line' id='line_1_7' title="bbox 219 975 1813 1046; baseline -0.003 -14"><span class='ocrx_word' id='word_1_42' title='bbox 219 985 330 1032; x_wconf 85' lang='lat' dir='ltr'><strong><em>tate</em></strong></span> <span class='ocrx_word' id='word_1_43' title='bbox 376 975 618 1046; x_wconf 81' lang='lat' dir='ltr'><strong><em>proferat</em></strong></span> <span class='ocrx_word' id='word_1_44' title='bbox 665 979 822 1033; x_wconf 81' lang='lat' dir='ltr'><strong><em>verba</em></strong></span> <span class='ocrx_word' id='word_1_45' title='bbox 850 1018 865 1043; x_wconf 92' lang='lat'><strong><em>,</em></strong></span> <span class='ocrx_word' id='word_1_46' title='bbox 909 978 1001 1032; x_wconf 87' lang='lat' dir='ltr'><strong><em>sed</em></strong></span> <span class='ocrx_word' id='word_1_47' title='bbox 1043 978 1223 1031; x_wconf 85' lang='lat' dir='ltr'><strong><em>audiat</em></strong></span> <span class='ocrx_word' id='word_1_48' title='bbox 1260 975 1477 1030; x_wconf 84' lang='lat' dir='ltr'><strong><em>Paulum</em></strong></span> <span class='ocrx_word' id='word_1_49' title='bbox 1505 975 1813 1030; x_wconf 89' lang='lat' dir='ltr'><strong><em>dicentem:</em></strong></span> 
     </span>
    </p>
   </div>
   <div class='ocr_carea' id='block_1_8' title="bbox 221 1064 1816 1137">
    <p class='ocr_par' dir='ltr' id='par_1_8' title="bbox 221 1064 1816 1137">
     <span class='ocr_line' id='line_1_8' title="bbox 221 1064 1816 1137; baseline -0.003 -19"><span class='ocrx_word' id='word_1_50' title='bbox 221 1066 408 1120; x_wconf 77' lang='lat' dir='ltr'><strong><em>Omnis</em></strong></span> <span class='ocrx_word' id='word_1_51' title='bbox 437 1067 756 1136; x_wconf 77' lang='lat' dir='ltr'><strong><em>uociferatio,</em></strong></span> <span class='ocrx_word' id='word_1_52' title='bbox 790 1078 836 1122; x_wconf 87' lang='lat' dir='ltr'><strong><em>et</em></strong></span> <span class='ocrx_word' id='word_1_53' title='bbox 863 1082 1023 1137; x_wconf 65' lang='lat' dir='ltr'><strong><em>(uror,</em></strong></span> <span class='ocrx_word' id='word_1_54' title='bbox 1050 1077 1095 1121; x_wconf 91' lang='lat' dir='ltr'><strong><em>et</em></strong></span> <span class='ocrx_word' id='word_1_55' title='bbox 1122 1066 1431 1136; x_wconf 77' lang='lat' dir='ltr'><strong><em>blasphemia</em></strong></span> <span class='ocrx_word' id='word_1_56' title='bbox 1451 1106 1464 1128; x_wconf 86' lang='lat'><strong><em>,</em></strong></span> <span class='ocrx_word' id='word_1_57' title='bbox 1495 1077 1541 1118; x_wconf 90' lang='lat' dir='ltr'><strong><em>et</em></strong></span> <span class='ocrx_word' id='word_1_58' title='bbox 1569 1064 1816 1118; x_wconf 73' lang='lat' dir='ltr'><strong><em>obscaeni-</em></strong></span> 
     </span>
    </p>
   </div>
   <div class='ocr_carea' id='block_1_9' title="bbox 218 1155 1816 1223">
    <p class='ocr_par' dir='ltr' id='par_1_9' title="bbox 218 1155 1816 1223">
     <span class='ocr_line' id='line_1_9' title="bbox 218 1155 1816 1223; baseline -0.001 -14"><span class='ocrx_word' id='word_1_59' title='bbox 218 1169 296 1210; x_wconf 87' lang='lat' dir='ltr'><strong><em>tas</em></strong></span> <span class='ocrx_word' id='word_1_60' title='bbox 319 1199 336 1221; x_wconf 86' lang='lat'><strong><em>,</em></strong></span> <span class='ocrx_word' id='word_1_61' title='bbox 372 1169 418 1212; x_wconf 86' lang='lat' dir='ltr'><strong><em>ct</em></strong></span> <span class='ocrx_word' id='word_1_62' title='bbox 453 1159 730 1213; x_wconf 66' lang='lat' dir='ltr'><strong><em>scurrilitas</em></strong></span> <span class='ocrx_word' id='word_1_63' title='bbox 767 1160 973 1212; x_wconf 88' lang='lat' dir='ltr'><strong><em>tollatur</em></strong></span> <span class='ocrx_word' id='word_1_64' title='bbox 1010 1175 1042 1210; x_wconf 92' lang='lat' dir='ltr'><strong><em>a</em></strong></span> <span class='ocrx_word' id='word_1_65' title='bbox 1079 1159 1250 1223; x_wconf 79' lang='lat' dir='ltr'><strong><em>vobis,</em></strong></span> <span class='ocrx_word' id='word_1_66' title='bbox 1288 1175 1400 1211; x_wconf 86' lang='lat' dir='ltr'><strong><em>cum</em></strong></span> <span class='ocrx_word' id='word_1_67' title='bbox 1444 1157 1583 1210; x_wconf 82' lang='lat' dir='ltr'><strong><em>omni</em></strong></span> <span class='ocrx_word' id='word_1_68' title='bbox 1623 1155 1816 1208; x_wconf 83' lang='lat' dir='ltr'><strong><em>malitia</em></strong></span> 
     </span>
    </p>
   </div>
   <div class='ocr_carea' id='block_1_10' title="bbox 217 1245 1818 1318">
    <p class='ocr_par' dir='ltr' id='par_1_10' title="bbox 217 1245 1818 1318">
     <span class='ocr_line' id='line_1_10' title="bbox 217 1245 1818 1318; baseline -0.002 -17"><span class='ocrx_word' id='word_1_69' title='bbox 217 1252 231 1312; x_wconf 93' lang='lat'><strong>(</strong></span> <span class='ocrx_word' id='word_1_70' title='bbox 257 1247 460 1317; x_wconf 77' lang='lat' dir='ltr'><strong><em>Epites.</em></strong></span> <span class='ocrx_word' id='word_1_71' title='bbox 491 1250 545 1302; x_wconf 75' lang='grc'><strong><em>4.</em></strong></span> <span class='ocrx_word' id='word_1_72' title='bbox 576 1249 713 1318; x_wconf 79' lang='grc'><strong>51);</strong></span> <span class='ocrx_word' id='word_1_73' title='bbox 746 1258 799 1303; x_wconf 91' lang='lat' dir='ltr'><strong><em>et</em></strong></span> <span class='ocrx_word' id='word_1_74' title='bbox 828 1248 1018 1302; x_wconf 85' lang='lat' dir='ltr'><strong><em>iterum</em></strong></span> <span class='ocrx_word' id='word_1_75' title='bbox 1054 1267 1066 1301; x_wconf 90' lang='lat'><strong>:</strong></span> <span class='ocrx_word' id='word_1_76' title='bbox 1098 1248 1158 1302; x_wconf 89' lang='lat' dir='ltr'><strong><em>Si</em></strong></span> <span class='ocrx_word' id='word_1_77' title='bbox 1189 1250 1300 1316; x_wconf 97' lang='lat' dir='ltr'><strong><em>quis</em></strong></span> <span class='ocrx_word' id='word_1_78' title='bbox 1333 1263 1498 1301; x_wconf 85' lang='lat' dir='ltr'><strong><em>sermo</em></strong></span> <span class='ocrx_word' id='word_1_79' title='bbox 1529 1246 1719 1311; x_wconf 85' lang='lat' dir='ltr'><strong><em>bonus,</em></strong></span> <span class='ocrx_word' id='word_1_80' title='bbox 1750 1245 1818 1298; x_wconf 90' lang='lat' dir='ltr'><strong><em>ad</em></strong></span> 
     </span>
    </p>
   </div>
   <div class='ocr_carea' id='block_1_11' title="bbox 215 1335 1812 1410">
    <p class='ocr_par' dir='ltr' id='par_1_11' title="bbox 215 1335 1812 1410">
     <span class='ocr_line' id='line_1_11' title="bbox 215 1335 1812 1410; baseline -0.003 -18"><span class='ocrx_word' id='word_1_81' title='bbox 215 1340 616 1408; x_wconf 68' lang='lat' dir='ltr'><strong><em>testiﬁcationent</em></strong></span> <span class='ocrx_word' id='word_1_82' title='bbox 641 1341 810 1405; x_wconf 88' lang='lat' dir='ltr'><strong><em>utilis,</em></strong></span> <span class='ocrx_word' id='word_1_83' title='bbox 841 1349 896 1393; x_wconf 84' lang='lat' dir='ltr'><strong><em>ut</em></strong></span> <span class='ocrx_word' id='word_1_84' title='bbox 921 1340 1003 1394; x_wconf 77' lang='lat' dir='ltr'><strong><em>det</em></strong></span> <span class='ocrx_word' id='word_1_85' title='bbox 1036 1340 1254 1410; x_wconf 87' lang='lat' dir='ltr'><strong><em>gratiaut</em></strong></span> <span class='ocrx_word' id='word_1_86' title='bbox 1282 1338 1602 1392; x_wconf 74' lang='lat' dir='ltr'><strong><em>audientibus</em></strong></span> <span class='ocrx_word' id='word_1_87' title='bbox 1637 1335 1812 1406; x_wconf 83' lang='lat' dir='ltr'><strong><em>(Ibid.</em></strong></span> 
     </span>
    </p>
   </div>
   <div class='ocr_carea' id='block_1_12' title="bbox 218 1427 1813 1500">
    <p class='ocr_par' dir='ltr' id='par_1_12' title="bbox 218 1427 1813 1500">
     <span class='ocr_line' id='line_1_12' title="bbox 218 1427 1813 1500; baseline 0 -20"><span class='ocrx_word' id='word_1_88' title='bbox 218 1445 259 1481; x_wconf 77' lang='grc' dir='ltr'><strong>ι.</strong></span> <span class='ocrx_word' id='word_1_89' title='bbox 289 1429 411 1499; x_wconf 74' lang='lat'><strong><em>29).</em></strong></span> <span class='ocrx_word' id='word_1_90' title='bbox 441 1429 750 1485; x_wconf 75' lang='lat' dir='ltr'><strong><em>loramenta</em></strong></span> <span class='ocrx_word' id='word_1_91' title='bbox 777 1443 987 1500; x_wconf 88' lang='lat' dir='ltr'><strong><em>quoque</em></strong></span> <span class='ocrx_word' id='word_1_92' title='bbox 1017 1429 1188 1483; x_wconf 89' lang='lat' dir='ltr'><strong><em>modis</em></strong></span> <span class='ocrx_word' id='word_1_93' title='bbox 1217 1429 1463 1484; x_wconf 88' lang='lat' dir='ltr'><strong><em>omnibus</em></strong></span> <span class='ocrx_word' id='word_1_94' title='bbox 1490 1427 1687 1498; x_wconf 79' lang='lat' dir='ltr'><strong><em>fugiat,</em></strong></span> <span class='ocrx_word' id='word_1_95' title='bbox 1719 1441 1813 1480; x_wconf 88' lang='lat' dir='ltr'><strong><em>au-</em></strong></span> 
     </span>
    </p>
   </div>
   <div class='ocr_carea' id='block_1_13' title="bbox 215 1520 1812 1590">
    <p class='ocr_par' dir='ltr' id='par_1_13' title="bbox 215 1520 1812 1590">
     <span class='ocr_line' id='line_1_13' title="bbox 215 1520 1812 1590; baseline -0.001 -16"><span class='ocrx_word' id='word_1_96' title='bbox 215 1521 374 1575; x_wconf 80' lang='lat' dir='ltr'><strong><em>diens</em></strong></span> <span class='ocrx_word' id='word_1_97' title='bbox 398 1523 719 1576; x_wconf 81' lang='lat' dir='ltr'><strong><em>sententiam</em></strong></span> <span class='ocrx_word' id='word_1_98' title='bbox 746 1521 964 1588; x_wconf 75' lang='lat' dir='ltr'><strong><em>Christi,</em></strong></span> <span class='ocrx_word' id='word_1_99' title='bbox 992 1537 1110 1590; x_wconf 72' lang='lat' dir='ltr'><strong><em>qum</em></strong></span> <span class='ocrx_word' id='word_1_100' title='bbox 1135 1520 1264 1575; x_wconf 92' lang='lat' dir='ltr'><strong><em>dicit</em></strong></span> <span class='ocrx_word' id='word_1_101' title='bbox 1290 1536 1308 1573; x_wconf 91' lang='lat'><strong><em>:</em></strong></span> <span class='ocrx_word' id='word_1_102' title='bbox 1335 1520 1540 1574; x_wconf 87' lang='lat' dir='ltr'><strong><em>Dictum</em></strong></span> <span class='ocrx_word' id='word_1_103' title='bbox 1573 1530 1646 1574; x_wconf 86' lang='lat' dir='ltr'><strong><em>est</em></strong></span> <span class='ocrx_word' id='word_1_104' title='bbox 1675 1521 1812 1573; x_wconf 87' lang='lat' dir='ltr'><strong><em>anti-</em></strong></span> 
     </span>
    </p>
   </div>
   <div class='ocr_carea' id='block_1_14' title="bbox 214 1611 1816 1681">
    <p class='ocr_par' dir='ltr' id='par_1_14' title="bbox 214 1611 1816 1681">
     <span class='ocr_line' id='line_1_14' title="bbox 214 1611 1816 1681; baseline 0.001 -20"><span class='ocrx_word' id='word_1_105' title='bbox 214 1611 330 1678; x_wconf 65' lang='lat' dir='ltr'><strong><em>quis</em></strong></span> <span class='ocrx_word' id='word_1_106' title='bbox 357 1624 382 1664; x_wconf 88' lang='lat'><strong><em>:</em></strong></span> <span class='ocrx_word' id='word_1_107' title='bbox 409 1627 511 1664; x_wconf 84' lang='lat' dir='ltr'><strong><em>non</em></strong></span> <span class='ocrx_word' id='word_1_108' title='bbox 537 1611 782 1681; x_wconf 81' lang='lat' dir='ltr'><strong><em>pejerabis</em></strong></span> <span class='ocrx_word' id='word_1_109' title='bbox 809 1625 828 1665; x_wconf 92' lang='lat'><strong><em>:</em></strong></span> <span class='ocrx_word' id='word_1_110' title='bbox 857 1627 948 1681; x_wconf 86' lang='lat' dir='ltr'><strong><em>ego</em></strong></span> <span class='ocrx_word' id='word_1_111' title='bbox 975 1621 1143 1665; x_wconf 80' lang='lat' dir='ltr'><strong><em>autent</em></strong></span> <span class='ocrx_word' id='word_1_112' title='bbox 1170 1611 1283 1665; x_wconf 86' lang='lat' dir='ltr'><strong><em>dico</em></strong></span> <span class='ocrx_word' id='word_1_113' title='bbox 1317 1611 1472 1676; x_wconf 83' lang='lat' dir='ltr'><strong><em>vobis,</em></strong></span> <span class='ocrx_word' id='word_1_114' title='bbox 1506 1627 1608 1666; x_wconf 85' lang='lat' dir='ltr'><strong><em>non</em></strong></span> <span class='ocrx_word' id='word_1_115' title='bbox 1627 1612 1816 1680; x_wconf 82' lang='lat' dir='ltr'><strong><em>juran-</em></strong></span> 
     </span>
    </p>
   </div>
   <div class='ocr_carea' id='block_1_15' title="bbox 213 1699 1810 1772">
    <p class='ocr_par' dir='ltr' id='par_1_15' title="bbox 213 1699 1810 1772">
     <span class='ocr_line' id='line_1_15' title="bbox 213 1699 1810 1772; baseline 0.002 -21"><span class='ocrx_word' id='word_1_116' title='bbox 213 1699 337 1752; x_wconf 77' lang='lat' dir='ltr'><strong><em>dunt</em></strong></span> <span class='ocrx_word' id='word_1_117' title='bbox 359 1701 569 1753; x_wconf 83' lang='lat' dir='ltr'><strong><em>omnino</em></strong></span> <span class='ocrx_word' id='word_1_118' title='bbox 593 1700 806 1772; x_wconf 75' lang='lat' dir='ltr'><strong><em>(Matth.</em></strong></span> <span class='ocrx_word' id='word_1_119' title='bbox 833 1702 886 1756; x_wconf 81' lang='grc'><strong>5.</strong></span> <span class='ocrx_word' id='word_1_120' title='bbox 911 1703 997 1756; x_wconf 80' lang='lat'><strong><em>55.</em></strong></span> <span class='ocrx_word' id='word_1_121' title='bbox 1021 1701 1136 1771; x_wconf 73' lang='grc' dir='ltr'><strong><em>δι).</em></strong></span> <span class='ocrx_word' id='word_1_122' title='bbox 1159 1701 1236 1756; x_wconf 85' lang='lat' dir='ltr'><strong><em>Ne</em></strong></span> <span class='ocrx_word' id='word_1_123' title='bbox 1262 1702 1419 1771; x_wconf 84' lang='lat' dir='ltr'><strong><em>igitur</em></strong></span> <span class='ocrx_word' id='word_1_124' title='bbox 1438 1702 1579 1756; x_wconf 81' lang='lat' dir='ltr'><strong><em>dicat</em></strong></span> <span class='ocrx_word' id='word_1_125' title='bbox 1598 1702 1810 1771; x_wconf 81' lang='lat' dir='ltr'><strong><em>aliquis,</em></strong></span> 
     </span>
    </p>
   </div>
   <div class='ocr_carea' id='block_1_16' title="bbox 213 1785 1810 1862">
    <p class='ocr_par' dir='ltr' id='par_1_16' title="bbox 213 1785 1810 1862">
     <span class='ocr_line' id='line_1_16' title="bbox 213 1785 1810 1862; baseline 0.003 -20"><span class='ocrx_word' id='word_1_126' title='bbox 213 1785 272 1842; x_wconf 82' lang='lat' dir='ltr'><strong><em>In</em></strong></span> <span class='ocrx_word' id='word_1_127' title='bbox 313 1804 377 1844; x_wconf 81' lang='lat' dir='ltr'><strong><em>re</em></strong></span> <span class='ocrx_word' id='word_1_128' title='bbox 412 1790 557 1858; x_wconf 86' lang='lat' dir='ltr'><strong><em>justa</em></strong></span> <span class='ocrx_word' id='word_1_129' title='bbox 597 1793 720 1860; x_wconf 88' lang='lat' dir='ltr'><strong><em>juro</em></strong></span> <span class='ocrx_word' id='word_1_130' title='bbox 753 1807 766 1843; x_wconf 89' lang='lat'><strong>:</strong></span> <span class='ocrx_word' id='word_1_131' title='bbox 799 1806 970 1860; x_wconf 86' lang='lat' dir='ltr'><strong><em>neque</em></strong></span> <span class='ocrx_word' id='word_1_132' title='bbox 1004 1793 1147 1846; x_wconf 87' lang='lat' dir='ltr'><strong><em>enim</em></strong></span> <span class='ocrx_word' id='word_1_133' title='bbox 1183 1793 1234 1846; x_wconf 89' lang='lat' dir='ltr'><strong><em>in</em></strong></span> <span class='ocrx_word' id='word_1_134' title='bbox 1272 1807 1332 1846; x_wconf 89' lang='lat' dir='ltr'><strong><em>re</em></strong></span> <span class='ocrx_word' id='word_1_135' title='bbox 1367 1793 1508 1860; x_wconf 84' lang='lat' dir='ltr'><strong><em>justa</em></strong></span> <span class='ocrx_word' id='word_1_136' title='bbox 1549 1807 1720 1862; x_wconf 90' lang='lat' dir='ltr'><strong><em>neque</em></strong></span> <span class='ocrx_word' id='word_1_137' title='bbox 1762 1796 1810 1846; x_wconf 90' lang='lat' dir='ltr'><strong><em>in</em></strong></span> 
     </span>
    </p>
   </div>
   <div class='ocr_carea' id='block_1_17' title="bbox 213 1879 1814 1951">
    <p class='ocr_par' dir='ltr' id='par_1_17' title="bbox 213 1879 1814 1951">
     <span class='ocr_line' id='line_1_17' title="bbox 213 1879 1814 1951; baseline 0.002 -19"><span class='ocrx_word' id='word_1_138' title='bbox 213 1879 412 1948; x_wconf 86' lang='lat' dir='ltr'><strong><em>injusta</em></strong></span> <span class='ocrx_word' id='word_1_139' title='bbox 433 1879 626 1950; x_wconf 78' lang='lat' dir='ltr'><strong><em>jurare</em></strong></span> <span class='ocrx_word' id='word_1_140' title='bbox 648 1881 790 1936; x_wconf 88' lang='lat' dir='ltr'><strong><em>licet.</em></strong></span> <span class='ocrx_word' id='word_1_141' title='bbox 819 1881 1016 1940; x_wconf 77' lang='lat' dir='ltr'><strong><em>Porum</em></strong></span> <span class='ocrx_word' id='word_1_142' title='bbox 1049 1883 1208 1951; x_wconf 78' lang='lat' dir='ltr'><strong><em>igitur</em></strong></span> <span class='ocrx_word' id='word_1_143' title='bbox 1227 1898 1256 1936; x_wconf 90' lang='lat' dir='ltr'><strong><em>a</em></strong></span> <span class='ocrx_word' id='word_1_144' title='bbox 1279 1883 1596 1951; x_wconf 89' lang='lat' dir='ltr'><strong><em>juramentis</em></strong></span> <span class='ocrx_word' id='word_1_145' title='bbox 1620 1898 1681 1937; x_wconf 93' lang='lat' dir='ltr'><strong><em>os</em></strong></span> <span class='ocrx_word' id='word_1_146' title='bbox 1709 1898 1814 1937; x_wconf 91' lang='lat' dir='ltr'><strong><em>ser-</em></strong></span> 
     </span>
    </p>
   </div>
   <div class='ocr_carea' id='block_1_18' title="bbox 212 1973 1809 2045">
    <p class='ocr_par' dir='ltr' id='par_1_18' title="bbox 212 1973 1809 2045">
     <span class='ocr_line' id='line_1_18' title="bbox 212 1973 1809 2045; baseline 0.004 -23"><span class='ocrx_word' id='word_1_147' title='bbox 212 1985 404 2026; x_wconf 86' lang='lat' dir='ltr'><strong><em>vemus</em></strong></span> <span class='ocrx_word' id='word_1_148' title='bbox 436 1990 450 2025; x_wconf 90' lang='lat'><strong>:</strong></span> <span class='ocrx_word' id='word_1_149' title='bbox 478 1981 536 2027; x_wconf 88' lang='lat' dir='ltr'><strong><em>et</em></strong></span> <span class='ocrx_word' id='word_1_150' title='bbox 571 1973 655 2027; x_wconf 87' lang='lat' dir='ltr'><strong><em>his</em></strong></span> <span class='ocrx_word' id='word_1_151' title='bbox 680 1973 930 2028; x_wconf 90' lang='lat' dir='ltr'><strong><em>omnibus</em></strong></span> <span class='ocrx_word' id='word_1_152' title='bbox 963 1974 1262 2029; x_wconf 83' lang='lat' dir='ltr'><strong><em>muniamus</em></strong></span> <span class='ocrx_word' id='word_1_153' title='bbox 1288 1987 1524 2029; x_wconf 89' lang='lat' dir='ltr'><strong><em>nostram</em></strong></span> <span class='ocrx_word' id='word_1_154' title='bbox 1555 1975 1809 2045; x_wconf 83' lang='lat' dir='ltr'><strong><em>linguam,</em></strong></span> 
     </span>
    </p>
   </div>
   <div class='ocr_carea' id='block_1_19' title="bbox 212 2061 1808 2136">
    <p class='ocr_par' dir='ltr' id='par_1_19' title="bbox 212 2061 1808 2136">
     <span class='ocr_line' id='line_1_19' title="bbox 212 2061 1808 2136; baseline 0.003 -21"><span class='ocrx_word' id='word_1_155' title='bbox 212 2061 375 2127; x_wconf 84' lang='lat' dir='ltr'><strong><em>labia,</em></strong></span> <span class='ocrx_word' id='word_1_156' title='bbox 405 2071 462 2117; x_wconf 89' lang='lat' dir='ltr'><strong><em>et</em></strong></span> <span class='ocrx_word' id='word_1_157' title='bbox 490 2073 743 2129; x_wconf 83' lang='lat' dir='ltr'><strong><em>mentem,</em></strong></span> <span class='ocrx_word' id='word_1_158' title='bbox 777 2079 842 2117; x_wconf 91' lang='lat' dir='ltr'><strong><em>ne</em></strong></span> <span class='ocrx_word' id='word_1_159' title='bbox 872 2063 1108 2134; x_wconf 74' lang='grc' dir='ltr'><strong><em>γει-(ιιιῑὰ</em></strong></span> <span class='ocrx_word' id='word_1_160' title='bbox 1141 2066 1397 2119; x_wconf 86' lang='lat' dir='ltr'><strong><em>malarum</em></strong></span> <span class='ocrx_word' id='word_1_161' title='bbox 1429 2067 1808 2136; x_wconf 88' lang='lat' dir='ltr'><strong><em>cogitationmn</em></strong></span> 
     </span>
    </p>
   </div>
   <div class='ocr_carea' id='block_1_20' title="bbox 212 2153 1810 2228">
    <p class='ocr_par' dir='ltr' id='par_1_20' title="bbox 212 2153 1810 2228">
     <span class='ocr_line' id='line_1_20' title="bbox 212 2153 1810 2228; baseline 0.003 -20"><span class='ocrx_word' id='word_1_162' title='bbox 212 2153 542 2210; x_wconf 81' lang='lat' dir='ltr'><strong><em>intrinsecus</em></strong></span> <span class='ocrx_word' id='word_1_163' title='bbox 581 2169 859 2221; x_wconf 87' lang='lat' dir='ltr'><strong><em>nascatur,</em></strong></span> <span class='ocrx_word' id='word_1_164' title='bbox 893 2159 972 2211; x_wconf 91' lang='lat' dir='ltr'><strong><em>vel</em></strong></span> <span class='ocrx_word' id='word_1_165' title='bbox 1003 2173 1100 2227; x_wconf 89' lang='lat' dir='ltr'><strong><em>per</em></strong></span> <span class='ocrx_word' id='word_1_166' title='bbox 1125 2157 1356 2227; x_wconf 79' lang='lat' dir='ltr'><strong><em>linguam</em></strong></span> <span class='ocrx_word' id='word_1_167' title='bbox 1390 2158 1530 2212; x_wconf 75' lang='lat' dir='ltr'><strong><em>[oras</em></strong></span> <span class='ocrx_word' id='word_1_168' title='bbox 1572 2157 1810 2228; x_wconf 80' lang='lat' dir='ltr'><strong><em>profera-</em></strong></span> 
     </span>
    </p>
   </div>
   <div class='ocr_carea' id='block_1_21' title="bbox 210 2248 1812 2318">
    <p class='ocr_par' dir='ltr' id='par_1_21' title="bbox 210 2248 1812 2318">
     <span class='ocr_line' id='line_1_21' title="bbox 210 2248 1812 2318; baseline 0.003 -20"><span class='ocrx_word' id='word_1_169' title='bbox 210 2254 317 2300; x_wconf 87' lang='lat' dir='ltr'><strong>tur.</strong></span> <span class='ocrx_word' id='word_1_170' title='bbox 348 2248 524 2300; x_wconf 81' lang='lat' dir='ltr'><strong>Aures</strong></span> <span class='ocrx_word' id='word_1_171' title='bbox 546 2261 762 2316; x_wconf 88' lang='lat' dir='ltr'><strong><em>quoquc</em></strong></span> <span class='ocrx_word' id='word_1_172' title='bbox 785 2248 1070 2316; x_wconf 79' lang='lat' dir='ltr'><strong><em>diligenter</em></strong></span> <span class='ocrx_word' id='word_1_173' title='bbox 1100 2249 1388 2318; x_wconf 85' lang='lat' dir='ltr'><strong><em>sepiamus,</em></strong></span> <span class='ocrx_word' id='word_1_174' title='bbox 1414 2264 1481 2304; x_wconf 90' lang='lat' dir='ltr'><strong><em>ne</em></strong></span> <span class='ocrx_word' id='word_1_175' title='bbox 1503 2264 1688 2303; x_wconf 88' lang='lat' dir='ltr'><strong><em>vanam</em></strong></span> <span class='ocrx_word' id='word_1_176' title='bbox 1717 2264 1812 2303; x_wconf 85' lang='lat' dir='ltr'><strong><em>au—</em></strong></span> 
     </span>
    </p>
   </div>
   <div class='ocr_carea' id='block_1_22' title="bbox 208 2334 1806 2410">
    <p class='ocr_par' dir='ltr' id='par_1_22' title="bbox 208 2334 1806 2410">
     <span class='ocr_line' id='line_1_22' title="bbox 208 2334 1806 2410; baseline 0.004 -22"><span class='ocrx_word' id='word_1_177' title='bbox 208 2334 474 2390; x_wconf 89' lang='lat' dir='ltr'><strong><em>ditionem</em></strong></span> <span class='ocrx_word' id='word_1_178' title='bbox 505 2338 796 2406; x_wconf 81' lang='lat' dir='ltr'><strong><em>suscipiant</em></strong></span> <span class='ocrx_word' id='word_1_179' title='bbox 821 2355 836 2391; x_wconf 88' lang='lat'><strong>:</strong></span> <span class='ocrx_word' id='word_1_180' title='bbox 861 2339 997 2393; x_wconf 69' lang='lat' dir='ltr'><strong><em>sicut</em></strong></span> <span class='ocrx_word' id='word_1_181' title='bbox 1022 2347 1076 2392; x_wconf 88' lang='lat' dir='ltr'><strong><em>et</em></strong></span> <span class='ocrx_word' id='word_1_182' title='bbox 1105 2339 1288 2393; x_wconf 85' lang='lat' dir='ltr'><strong><em>beatus</em></strong></span> <span class='ocrx_word' id='word_1_183' title='bbox 1313 2339 1488 2394; x_wconf 85' lang='lat' dir='ltr'><strong><em>Moses</em></strong></span> <span class='ocrx_word' id='word_1_184' title='bbox 1515 2341 1766 2410; x_wconf 69' lang='lat' dir='ltr'><strong><em>praecepit</em></strong></span> <span class='ocrx_word' id='word_1_185' title='bbox 1790 2382 1806 2407; x_wconf 92' lang='lat'><strong><em>,</em></strong></span> 
     </span>
    </p>
   </div>
   <div class='ocr_carea' id='block_1_23' title="bbox 208 2424 1806 2500">
    <p class='ocr_par' dir='ltr' id='par_1_23' title="bbox 208 2424 1806 2500">
     <span class='ocr_line' id='line_1_23' title="bbox 208 2424 1806 2500; baseline 0.003 -23"><span class='ocrx_word' id='word_1_186' title='bbox 208 2424 402 2500; x_wconf 82' lang='lat' dir='ltr'><strong><em>dicens</em></strong></span> <span class='ocrx_word' id='word_1_187' title='bbox 436 2444 449 2479; x_wconf 90' lang='lat'><strong>:</strong></span> <span class='ocrx_word' id='word_1_188' title='bbox 481 2426 807 2481; x_wconf 81' lang='lat' dir='ltr'><strong><em>Auditionent</em></strong></span> <span class='ocrx_word' id='word_1_189' title='bbox 845 2443 1028 2482; x_wconf 82' lang='lat' dir='ltr'><strong><em>vanam</em></strong></span> <span class='ocrx_word' id='word_1_190' title='bbox 1061 2439 1162 2482; x_wconf 87' lang='lat' dir='ltr'><strong><em>non</em></strong></span> <span class='ocrx_word' id='word_1_191' title='bbox 1203 2431 1444 2500; x_wconf 86' lang='lat' dir='ltr'><strong><em>suscipies</em></strong></span> <span class='ocrx_word' id='word_1_192' title='bbox 1474 2431 1620 2500; x_wconf 62' lang='lat' dir='ltr'><strong><em>(Exi</em></strong></span> <span class='ocrx_word' id='word_1_193' title='bbox 1637 2431 1685 2486; x_wconf 65' lang='lat' dir='ltr'><strong><em>tl.</em></strong></span> <span class='ocrx_word' id='word_1_194' title='bbox 1715 2430 1806 2486; x_wconf 74' lang='grc'><strong>25.</strong></span> 
     </span>
    </p>
   </div>
   <div class='ocr_carea' id='block_1_24' title="bbox 209 2514 1809 2582">
    <p class='ocr_par' dir='ltr' id='par_1_24' title="bbox 209 2514 1809 2582">
     <span class='ocr_line' id='line_1_24' title="bbox 209 2514 1809 2582; baseline 0.006 -15"><span class='ocrx_word' id='word_1_195' title='bbox 209 2514 308 2582; x_wconf 79' lang='lat' dir='ltr'><strong><em>I);</em></strong></span> <span class='ocrx_word' id='word_1_196' title='bbox 359 2526 416 2569; x_wconf 90' lang='lat' dir='ltr'><strong><em>et</em></strong></span> <span class='ocrx_word' id='word_1_197' title='bbox 457 2516 650 2571; x_wconf 79' lang='lat' dir='ltr'><strong><em>iterum</em></strong></span> <span class='ocrx_word' id='word_1_198' title='bbox 699 2518 885 2574; x_wconf 88' lang='lat' dir='ltr'><strong><em>beatus</em></strong></span> <span class='ocrx_word' id='word_1_199' title='bbox 932 2520 1094 2574; x_wconf 83' lang='lat' dir='ltr'><strong><em>David</em></strong></span> <span class='ocrx_word' id='word_1_200' title='bbox 1136 2521 1346 2575; x_wconf 86' lang='lat' dir='ltr'><strong><em>diccbat</em></strong></span> <span class='ocrx_word' id='word_1_201' title='bbox 1393 2540 1406 2574; x_wconf 89' lang='lat'><strong>:</strong></span> <span class='ocrx_word' id='word_1_202' title='bbox 1451 2519 1809 2577; x_wconf 81' lang='lat' dir='ltr'><strong><em>Detrahentem</em></strong></span> 
     </span>
    </p>
   </div>
   <div class='ocr_carea' id='block_1_25' title="bbox 205 2608 1804 2685">
    <p class='ocr_par' dir='ltr' id='par_1_25' title="bbox 205 2608 1804 2685">
     <span class='ocr_line' id='line_1_25' title="bbox 205 2608 1804 2685; baseline 0.007 -28"><span class='ocrx_word' id='word_1_203' title='bbox 205 2615 400 2674; x_wconf 75' lang='lat' dir='ltr'><strong><em>secreto</em></strong></span> <span class='ocrx_word' id='word_1_204' title='bbox 424 2608 657 2676; x_wconf 70' lang='lat' dir='ltr'><strong><em>proximo</em></strong></span> <span class='ocrx_word' id='word_1_205' title='bbox 693 2625 785 2663; x_wconf 82' lang='lat' dir='ltr'><strong><em>suo</em></strong></span> <span class='ocrx_word' id='word_1_206' title='bbox 808 2651 822 2674; x_wconf 90' lang='lat'><strong><em>,</em></strong></span> <span class='ocrx_word' id='word_1_207' title='bbox 849 2610 983 2664; x_wconf 72' lang='lat' dir='ltr'><strong><em>[tunc</em></strong></span> <span class='ocrx_word' id='word_1_208' title='bbox 1011 2613 1340 2681; x_wconf 83' lang='lat' dir='ltr'><strong><em>persequebar</em></strong></span> <span class='ocrx_word' id='word_1_209' title='bbox 1369 2612 1540 2684; x_wconf 86' lang='lat' dir='ltr'><strong><em>(Psal.</em></strong></span> <span class='ocrx_word' id='word_1_210' title='bbox 1570 2614 1691 2670; x_wconf 75' lang='lat'><strong><em>100.</em></strong></span> <span class='ocrx_word' id='word_1_211' title='bbox 1725 2614 1804 2685; x_wconf 81' lang='lat'><strong><em>5).</em></strong></span> 
     </span>
    </p>
   </div>
   <div class='ocr_carea' id='block_1_26' title="bbox 211 2693 1806 2774">
    <p class='ocr_par' dir='ltr' id='par_1_26' title="bbox 211 2693 1806 2774">
     <span class='ocr_line' id='line_1_26' title="bbox 211 2693 1806 2774; baseline 0.007 -26"><span class='ocrx_word' id='word_1_212' title='bbox 211 2693 427 2762; x_wconf 83' lang='lat' dir='ltr'><strong><em>Vidisti,</em></strong></span> <span class='ocrx_word' id='word_1_213' title='bbox 458 2696 670 2763; x_wconf 85' lang='lat' dir='ltr'><strong><em>dilecte,</em></strong></span> <span class='ocrx_word' id='word_1_214' title='bbox 700 2708 895 2768; x_wconf 88' lang='lat' dir='ltr'><strong><em>quanta</em></strong></span> <span class='ocrx_word' id='word_1_215' title='bbox 924 2702 1077 2755; x_wconf 91' lang='lat' dir='ltr'><strong><em>nobis</em></strong></span> <span class='ocrx_word' id='word_1_216' title='bbox 1114 2703 1476 2768; x_wconf 83' lang='lat' dir='ltr'><strong><em>contentione,</em></strong></span> <span class='ocrx_word' id='word_1_217' title='bbox 1509 2715 1702 2774; x_wconf 87' lang='lat' dir='ltr'><strong><em>quanta</em></strong></span> <span class='ocrx_word' id='word_1_218' title='bbox 1729 2705 1806 2759; x_wconf 88' lang='lat' dir='ltr'><strong><em>vi—</em></strong></span> 
     </span>
    </p>
   </div>
   <div class='ocr_carea' id='block_1_27' title="bbox 209 2788 1807 2865">
    <p class='ocr_par' dir='ltr' id='par_1_27' title="bbox 209 2788 1807 2865">
     <span class='ocr_line' id='line_1_27' title="bbox 209 2788 1807 2865; baseline 0.006 -24"><span class='ocrx_word' id='word_1_219' title='bbox 209 2788 432 2858; x_wconf 87' lang='lat' dir='ltr'><strong><em>gilantia</em></strong></span> <span class='ocrx_word' id='word_1_220' title='bbox 458 2789 525 2844; x_wconf 88' lang='lat' dir='ltr'><strong><em>ad</em></strong></span> <span class='ocrx_word' id='word_1_221' title='bbox 554 2792 801 2846; x_wconf 87' lang='lat' dir='ltr'><strong><em>virtutem</em></strong></span> <span class='ocrx_word' id='word_1_222' title='bbox 843 2794 1134 2862; x_wconf 83' lang='lat' dir='ltr'><strong><em>parandam</em></strong></span> <span class='ocrx_word' id='word_1_223' title='bbox 1161 2810 1296 2864; x_wconf 86' lang='lat' dir='ltr'><strong><em>opus</em></strong></span> <span class='ocrx_word' id='word_1_224' title='bbox 1327 2795 1434 2850; x_wconf 82' lang='lat' dir='ltr'><strong><em>sit?</em></strong></span> <span class='ocrx_word' id='word_1_225' title='bbox 1458 2798 1724 2865; x_wconf 92' lang='lat' dir='ltr'><strong><em>quomodo</em></strong></span> <span class='ocrx_word' id='word_1_226' title='bbox 1754 2806 1807 2852; x_wconf 86' lang='lat' dir='ltr'><strong><em>et</em></strong></span> 
     </span>
    </p>
   </div>
   <div class='ocr_carea' id='block_1_28' title="bbox 211 2884 1806 2955">
    <p class='ocr_par' dir='ltr' id='par_1_28' title="bbox 211 2884 1806 2955">
     <span class='ocr_line' id='line_1_28' title="bbox 211 2884 1806 2955; baseline 0.006 -22"><span class='ocrx_word' id='word_1_227' title='bbox 211 2896 375 2950; x_wconf 82' lang='lat' dir='ltr'><strong><em>parva</em></strong></span> <span class='ocrx_word' id='word_1_228' title='bbox 425 2884 683 2953; x_wconf 88' lang='lat' dir='ltr'><strong><em>particula</em></strong></span> <span class='ocrx_word' id='word_1_229' title='bbox 734 2885 1008 2954; x_wconf 88' lang='lat' dir='ltr'><strong><em>neglecta,</em></strong></span> <span class='ocrx_word' id='word_1_230' title='bbox 1059 2887 1220 2941; x_wconf 89' lang='lat' dir='ltr'><strong><em>totius</em></strong></span> <span class='ocrx_word' id='word_1_231' title='bbox 1265 2888 1556 2955; x_wconf 89' lang='lat' dir='ltr'><strong><em>periculum</em></strong></span> <span class='ocrx_word' id='word_1_232' title='bbox 1604 2889 1806 2943; x_wconf 83' lang='lat' dir='ltr'><strong><em>infert?</em></strong></span> 
     </span>
    </p>
   </div>
   <div class='ocr_carea' id='block_1_29' title="bbox 207 2971 1805 3043">
    <p class='ocr_par' dir='ltr' id='par_1_29' title="bbox 207 2971 1805 3043">
     <span class='ocr_line' id='line_1_29' title="bbox 207 2971 1805 3043; baseline 0.006 -19"><span class='ocrx_word' id='word_1_233' title='bbox 207 2971 472 3037; x_wconf 84' lang='lat' dir='ltr'><strong><em>Quocirca</em></strong></span> <span class='ocrx_word' id='word_1_234' title='bbox 501 2982 554 3027; x_wconf 88' lang='lat' dir='ltr'><strong><em>et</em></strong></span> <span class='ocrx_word' id='word_1_235' title='bbox 581 2973 705 3027; x_wconf 88' lang='lat' dir='ltr'><strong><em>alibi</em></strong></span> <span class='ocrx_word' id='word_1_236' title='bbox 735 2974 928 3029; x_wconf 87' lang='lat' dir='ltr'><strong><em>clamat</em></strong></span> <span class='ocrx_word' id='word_1_237' title='bbox 957 2976 1144 3030; x_wconf 87' lang='lat' dir='ltr'><strong><em>beatus</em></strong></span> <span class='ocrx_word' id='word_1_238' title='bbox 1181 2977 1342 3032; x_wconf 84' lang='lat' dir='ltr'><strong><em>David</em></strong></span> <span class='ocrx_word' id='word_1_239' title='bbox 1363 3020 1376 3043; x_wconf 85' lang='lat'><strong><em>,</em></strong></span> <span class='ocrx_word' id='word_1_240' title='bbox 1409 2993 1665 3034; x_wconf 82' lang='lat' dir='ltr'><strong><em>accusans</em></strong></span> <span class='ocrx_word' id='word_1_241' title='bbox 1705 2980 1805 3034; x_wconf 89' lang='lat' dir='ltr'><strong><em>hoc</em></strong></span> 
     </span>
    </p>
   </div>
   <div class='ocr_carea' id='block_1_30' title="bbox 209 3060 1801 3137">
    <p class='ocr_par' dir='ltr' id='par_1_30' title="bbox 209 3060 1801 3137">
     <span class='ocr_line' id='line_1_30' title="bbox 209 3060 1801 3137; baseline 0.008 -26"><span class='ocrx_word' id='word_1_242' title='bbox 209 3060 496 3115; x_wconf 77' lang='lat' dir='ltr'><strong><em>facientem</em></strong></span> <span class='ocrx_word' id='word_1_243' title='bbox 524 3080 539 3116; x_wconf 87' lang='lat'><strong>:</strong></span> <span class='ocrx_word' id='word_1_244' title='bbox 570 3063 763 3117; x_wconf 78' lang='lat' dir='ltr'><strong><em>Sedens</em></strong></span> <span class='ocrx_word' id='word_1_245' title='bbox 791 3066 1027 3118; x_wconf 82' lang='lat' dir='ltr'><strong><em>adversus</em></strong></span> <span class='ocrx_word' id='word_1_246' title='bbox 1057 3071 1266 3136; x_wconf 79' lang='lat' dir='ltr'><strong><em>fratrem</em></strong></span> <span class='ocrx_word' id='word_1_247' title='bbox 1301 3078 1443 3121; x_wconf 65' lang='lat' dir='ltr'><strong><em>tuum</em></strong></span> <span class='ocrx_word' id='word_1_248' title='bbox 1483 3069 1764 3137; x_wconf 81' lang='lat' dir='ltr'><strong><em>loquebaris</em></strong></span> <span class='ocrx_word' id='word_1_249' title='bbox 1785 3111 1801 3135; x_wconf 91' lang='lat'><strong><em>,</em></strong></span> 
     </span>
    </p>
   </div>
   <div class='ocr_carea' id='block_1_31' title="bbox 207 3153 1800 3231">
    <p class='ocr_par' dir='ltr' id='par_1_31' title="bbox 207 3153 1800 3231">
     <span class='ocr_line' id='line_1_31' title="bbox 207 3153 1800 3231; baseline 0.008 -30"><span class='ocrx_word' id='word_1_250' title='bbox 207 3159 251 3201; x_wconf 90' lang='lat' dir='ltr'><strong><em>et</em></strong></span> <span class='ocrx_word' id='word_1_251' title='bbox 289 3160 470 3203; x_wconf 86' lang='lat' dir='ltr'><strong><em>contra</em></strong></span> <span class='ocrx_word' id='word_1_252' title='bbox 509 3153 673 3219; x_wconf 75' lang='lat' dir='ltr'><strong><em>ﬁlium</em></strong></span> <span class='ocrx_word' id='word_1_253' title='bbox 714 3155 888 3208; x_wconf 85' lang='lat' dir='ltr'><strong><em>matris</em></strong></span> <span class='ocrx_word' id='word_1_254' title='bbox 917 3164 1016 3208; x_wconf 74' lang='lat' dir='ltr'><strong><em>tua:</em></strong></span> <span class='ocrx_word' id='word_1_255' title='bbox 1050 3157 1267 3224; x_wconf 81' lang='lat' dir='ltr'><strong><em>ponebas</em></strong></span> <span class='ocrx_word' id='word_1_256' title='bbox 1291 3159 1590 3211; x_wconf 74' lang='lat' dir='ltr'><strong><em>scandalum</em></strong></span> <span class='ocrx_word' id='word_1_257' title='bbox 1616 3159 1636 3231; x_wconf 93' lang='lat'>(</span> <span class='ocrx_word' id='word_1_258' title='bbox 1655 3160 1800 3214; x_wconf 88' lang='lat' dir='ltr'><strong><em>Psal.</em></strong></span> 
     </span>
    </p>
   </div>
   <div class='ocr_carea' id='block_1_32' title="bbox 208 3238 1800 3318">
    <p class='ocr_par' dir='ltr' id='par_1_32' title="bbox 208 3238 1800 3318">
     <span class='ocr_line' id='line_1_32' title="bbox 208 3238 1800 3318; baseline 0.009 -26"><span class='ocrx_word' id='word_1_259' title='bbox 208 3238 298 3294; x_wconf 70' lang='grc'><strong>49.</strong></span> <span class='ocrx_word' id='word_1_260' title='bbox 328 3240 444 3308; x_wconf 79' lang='lat'><strong><em>20).</em></strong></span> <span class='ocrx_word' id='word_1_261' title='bbox 483 3241 539 3294; x_wconf 88' lang='lat' dir='ltr'><strong><em>Si</em></strong></span> <span class='ocrx_word' id='word_1_262' title='bbox 575 3243 651 3296; x_wconf 91' lang='lat' dir='ltr'><strong><em>sic</em></strong></span> <span class='ocrx_word' id='word_1_263' title='bbox 690 3253 869 3297; x_wconf 88' lang='lat' dir='ltr'><strong><em>nostra</em></strong></span> <span class='ocrx_word' id='word_1_264' title='bbox 901 3247 1079 3300; x_wconf 89' lang='lat' dir='ltr'><strong><em>omnia</em></strong></span> <span class='ocrx_word' id='word_1_265' title='bbox 1107 3248 1345 3302; x_wconf 88' lang='lat' dir='ltr'><strong><em>membra</em></strong></span> <span class='ocrx_word' id='word_1_266' title='bbox 1371 3250 1761 3306; x_wconf 82' lang='lat' dir='ltr'><strong><em>muniverintus</em></strong></span> <span class='ocrx_word' id='word_1_267' title='bbox 1785 3292 1800 3318; x_wconf 91' lang='lat'><strong><em>,</em></strong></span> 
     </span>
    </p>
   </div>
   <div class='ocr_carea' id='block_1_33' title="bbox 207 3331 1801 3410">
    <p class='ocr_par' dir='ltr' id='par_1_33' title="bbox 207 3331 1801 3410">
     <span class='ocr_line' id='line_1_33' title="bbox 207 3331 1801 3410; baseline 0.008 -27"><span class='ocrx_word' id='word_1_268' title='bbox 207 3331 504 3398; x_wconf 84' lang='lat' dir='ltr'><strong><em>poterimus</em></strong></span> <span class='ocrx_word' id='word_1_269' title='bbox 537 3332 602 3385; x_wconf 90' lang='lat' dir='ltr'><strong><em>ad</em></strong></span> <span class='ocrx_word' id='word_1_270' title='bbox 643 3333 851 3388; x_wconf 89' lang='lat' dir='ltr'><strong><em>virtutis</em></strong></span> <span class='ocrx_word' id='word_1_271' title='bbox 883 3349 1044 3405; x_wconf 83' lang='lat' dir='ltr'><strong><em>Opera</em></strong></span> <span class='ocrx_word' id='word_1_272' title='bbox 1083 3338 1346 3402; x_wconf 83' lang='lat' dir='ltr'><strong><em>excitari,</em></strong></span> <span class='ocrx_word' id='word_1_273' title='bbox 1386 3348 1438 3393; x_wconf 89' lang='lat' dir='ltr'><strong><em>et</em></strong></span> <span class='ocrx_word' id='word_1_274' title='bbox 1477 3339 1709 3410; x_wconf 82' lang='lat' dir='ltr'><strong><em>linguam</em></strong></span> <span class='ocrx_word' id='word_1_275' title='bbox 1751 3342 1801 3395; x_wconf 92' lang='lat' dir='ltr'><strong><em>in</em></strong></span> 
     </span>
    </p>
   </div>
   <div class='ocr_carea' id='block_1_34' title="bbox 205 3421 1802 3496">
    <p class='ocr_par' dir='ltr' id='par_1_34' title="bbox 205 3421 1802 3496">
     <span class='ocr_line' id='line_1_34' title="bbox 205 3421 1802 3496; baseline 0.008 -23"><span class='ocrx_word' id='word_1_276' title='bbox 205 3421 458 3476; x_wconf 82' lang='lat' dir='ltr'><strong><em>laudibus</em></strong></span> <span class='ocrx_word' id='word_1_277' title='bbox 485 3431 540 3476; x_wconf 90' lang='lat' dir='ltr'><strong><em>et</em></strong></span> <span class='ocrx_word' id='word_1_278' title='bbox 564 3423 950 3492; x_wconf 81' lang='lat' dir='ltr'><strong><em>glorillcatione</em></strong></span> <span class='ocrx_word' id='word_1_279' title='bbox 992 3427 1083 3480; x_wconf 91' lang='lat' dir='ltr'><strong><em>Dei</em></strong></span> <span class='ocrx_word' id='word_1_280' title='bbox 1114 3441 1375 3496; x_wconf 89' lang='lat' dir='ltr'><strong><em>occupare</em></strong></span> <span class='ocrx_word' id='word_1_281' title='bbox 1399 3470 1413 3494; x_wconf 94' lang='lat'><strong><em>,</em></strong></span> <span class='ocrx_word' id='word_1_282' title='bbox 1437 3445 1595 3484; x_wconf 81' lang='lat' dir='ltr'><strong><em>aures</em></strong></span> <span class='ocrx_word' id='word_1_283' title='bbox 1623 3439 1802 3486; x_wconf 89' lang='lat' dir='ltr'><strong><em>autem</em></strong></span> 
     </span>
    </p>
   </div>
   <div class='ocr_carea' id='block_1_35' title="bbox 205 3509 1803 3588">
    <p class='ocr_par' dir='ltr' id='par_1_35' title="bbox 205 3509 1803 3588">
     <span class='ocr_line' id='line_1_35' title="bbox 205 3509 1803 3588; baseline 0.009 -25"><span class='ocrx_word' id='word_1_284' title='bbox 205 3509 259 3563; x_wconf 92' lang='lat' dir='ltr'><strong><em>in</em></strong></span> <span class='ocrx_word' id='word_1_285' title='bbox 285 3510 473 3565; x_wconf 87' lang='lat' dir='ltr'><strong><em>auditu</em></strong></span> <span class='ocrx_word' id='word_1_286' title='bbox 497 3522 552 3565; x_wconf 89' lang='lat' dir='ltr'><strong><em>et</em></strong></span> <span class='ocrx_word' id='word_1_287' title='bbox 578 3513 858 3582; x_wconf 84' lang='lat' dir='ltr'><strong><em>disciplina</em></strong></span> <span class='ocrx_word' id='word_1_288' title='bbox 878 3514 1177 3572; x_wconf 89' lang='lat' dir='ltr'><strong><em>divinorum</em></strong></span> <span class='ocrx_word' id='word_1_289' title='bbox 1201 3518 1554 3588; x_wconf 84' lang='lat' dir='ltr'><strong><em>eloquiorum,</em></strong></span> <span class='ocrx_word' id='word_1_290' title='bbox 1576 3530 1631 3576; x_wconf 90' lang='lat' dir='ltr'><strong><em>et</em></strong></span> <span class='ocrx_word' id='word_1_291' title='bbox 1654 3535 1803 3576; x_wconf 89' lang='lat' dir='ltr'><strong><em>men-</em></strong></span> 
     </span>
    </p>
   </div>
   <div class='ocr_carea' id='block_1_36' title="bbox 206 3602 1805 3678">
    <p class='ocr_par' dir='ltr' id='par_1_36' title="bbox 206 3602 1805 3678">
     <span class='ocr_line' id='line_1_36' title="bbox 206 3602 1805 3678; baseline 0.006 -22"><span class='ocrx_word' id='word_1_292' title='bbox 206 3609 317 3656; x_wconf 85' lang='lat' dir='ltr'><strong><em>tem</em></strong></span> <span class='ocrx_word' id='word_1_293' title='bbox 359 3602 414 3654; x_wconf 93' lang='lat' dir='ltr'><strong><em>in</em></strong></span> <span class='ocrx_word' id='word_1_294' title='bbox 443 3602 806 3674; x_wconf 88' lang='lat' dir='ltr'><strong><em>spiritualibus</em></strong></span> <span class='ocrx_word' id='word_1_295' title='bbox 837 3603 1170 3677; x_wconf 85' lang='lat' dir='ltr'><strong><em>dogmatibus</em></strong></span> <span class='ocrx_word' id='word_1_296' title='bbox 1202 3609 1658 3678; x_wconf 72' lang='lat' dir='ltr'><strong><em>contemplandis,</em></strong></span> <span class='ocrx_word' id='word_1_297' title='bbox 1688 3626 1805 3666; x_wconf 89' lang='lat' dir='ltr'><strong><em>ma-</em></strong></span> 
     </span>
    </p>
   </div>
   <div class='ocr_carea' id='block_1_37' title="bbox 206 3696 1801 3776">
    <p class='ocr_par' dir='ltr' id='par_1_37' title="bbox 206 3696 1801 3776">
     <span class='ocr_line' id='line_1_37' title="bbox 206 3696 1801 3776; baseline 0.009 -32"><span class='ocrx_word' id='word_1_298' title='bbox 206 3707 311 3745; x_wconf 83' lang='lat' dir='ltr'><strong><em>nus</em></strong></span> <span class='ocrx_word' id='word_1_299' title='bbox 336 3708 463 3748; x_wconf 87' lang='lat' dir='ltr'><strong><em>vero</em></strong></span> <span class='ocrx_word' id='word_1_300' title='bbox 491 3709 596 3749; x_wconf 88' lang='lat' dir='ltr'><strong><em>non</em></strong></span> <span class='ocrx_word' id='word_1_301' title='bbox 625 3696 680 3750; x_wconf 90' lang='lat' dir='ltr'><strong><em>in</em></strong></span> <span class='ocrx_word' id='word_1_302' title='bbox 710 3697 894 3767; x_wconf 83' lang='lat' dir='ltr'><strong><em>rapina</em></strong></span> <span class='ocrx_word' id='word_1_303' title='bbox 923 3708 978 3754; x_wconf 90' lang='lat' dir='ltr'><strong><em>et</em></strong></span> <span class='ocrx_word' id='word_1_304' title='bbox 1001 3701 1242 3768; x_wconf 88' lang='lat' dir='ltr'><strong><em>avaritia,</em></strong></span> <span class='ocrx_word' id='word_1_305' title='bbox 1267 3701 1362 3757; x_wconf 88' lang='lat' dir='ltr'><strong><em>sed</em></strong></span> <span class='ocrx_word' id='word_1_306' title='bbox 1388 3702 1439 3756; x_wconf 91' lang='lat' dir='ltr'><strong><em>in</em></strong></span> <span class='ocrx_word' id='word_1_307' title='bbox 1462 3703 1801 3776; x_wconf 82' lang='lat' dir='ltr'><strong><em>eleemosyna</em></strong></span> 
     </span>
    </p>
   </div>
   <div class='ocr_carea' id='block_1_38' title="bbox 203 3783 1802 3861">
    <p class='ocr_par' dir='ltr' id='par_1_38' title="bbox 203 3783 1802 3861">
     <span class='ocr_line' id='line_1_38' title="bbox 203 3783 1802 3861; baseline 0.009 -24"><span class='ocrx_word' id='word_1_308' title='bbox 203 3792 259 3838; x_wconf 89' lang='lat' dir='ltr'><strong><em>et</em></strong></span> <span class='ocrx_word' id='word_1_309' title='bbox 299 3783 455 3838; x_wconf 89' lang='lat' dir='ltr'><strong><em>bonis</em></strong></span> <span class='ocrx_word' id='word_1_310' title='bbox 481 3786 734 3854; x_wconf 86' lang='lat' dir='ltr'><strong><em>operibus</em></strong></span> <span class='ocrx_word' id='word_1_311' title='bbox 765 3787 1053 3859; x_wconf 79' lang='lat' dir='ltr'><strong><em>faciendis,</em></strong></span> <span class='ocrx_word' id='word_1_312' title='bbox 1081 3799 1134 3845; x_wconf 91' lang='lat' dir='ltr'><strong><em>et</em></strong></span> <span class='ocrx_word' id='word_1_313' title='bbox 1172 3791 1335 3861; x_wconf 86' lang='lat' dir='ltr'><strong><em>pedes</em></strong></span> <span class='ocrx_word' id='word_1_314' title='bbox 1365 3807 1469 3847; x_wconf 91' lang='lat' dir='ltr'><strong><em>non</em></strong></span> <span class='ocrx_word' id='word_1_315' title='bbox 1503 3793 1553 3848; x_wconf 82' lang='lat' dir='ltr'><strong><em>iit</em></strong></span> <span class='ocrx_word' id='word_1_316' title='bbox 1580 3793 1802 3852; x_wconf 83' lang='lat' dir='ltr'><strong><em>theatris</em></strong></span> 
     </span>
    </p>
   </div>
   <div class='ocr_carea' id='block_1_39' title="bbox 203 3877 1801 3952">
    <p class='ocr_par' dir='ltr' id='par_1_39' title="bbox 203 3877 1801 3952">
     <span class='ocr_line' id='line_1_39' title="bbox 203 3877 1801 3952; baseline 0.009 -25"><span class='ocrx_word' id='word_1_317' title='bbox 203 3884 259 3928; x_wconf 87' lang='lat' dir='ltr'><strong><em>et</em></strong></span> <span class='ocrx_word' id='word_1_318' title='bbox 289 3877 612 3943; x_wconf 83' lang='lat' dir='ltr'><strong><em>spectaculis</em></strong></span> <span class='ocrx_word' id='word_1_319' title='bbox 636 3878 928 3938; x_wconf 86' lang='lat' dir='ltr'><strong><em>damnosis.</em></strong></span> <span class='ocrx_word' id='word_1_320' title='bbox 961 3882 1400 3952; x_wconf 88' lang='lat' dir='ltr'><strong><em>equestribusque</em></strong></span> <span class='ocrx_word' id='word_1_321' title='bbox 1439 3883 1596 3951; x_wconf 90' lang='lat' dir='ltr'><strong><em>ludis,</em></strong></span> <span class='ocrx_word' id='word_1_322' title='bbox 1627 3886 1720 3941; x_wconf 90' lang='lat' dir='ltr'><strong><em>sed</em></strong></span> <span class='ocrx_word' id='word_1_323' title='bbox 1747 3888 1801 3941; x_wconf 88' lang='lat' dir='ltr'><strong><em>in</em></strong></span> 
     </span>
    </p>
   </div>
   <div class='ocr_carea' id='block_1_40' title="bbox 201 3967 1803 4042">
    <p class='ocr_par' dir='ltr' id='par_1_40' title="bbox 201 3967 1803 4042">
     <span class='ocr_line' id='line_1_40' title="bbox 201 3967 1803 4042; baseline 0.008 -23"><span class='ocrx_word' id='word_1_324' title='bbox 201 3967 471 4032; x_wconf 81' lang='lat' dir='ltr'><strong><em>ecclesiis,</em></strong></span> <span class='ocrx_word' id='word_1_325' title='bbox 497 3978 550 4022; x_wconf 87' lang='lat' dir='ltr'><strong><em>et</em></strong></span> <span class='ocrx_word' id='word_1_326' title='bbox 570 3969 814 4024; x_wconf 90' lang='lat' dir='ltr'><strong><em>domibus</em></strong></span> <span class='ocrx_word' id='word_1_327' title='bbox 839 3974 1226 4042; x_wconf 85' lang='lat' dir='ltr'><strong><em>precationum,</em></strong></span> <span class='ocrx_word' id='word_1_328' title='bbox 1256 3985 1310 4030; x_wconf 90' lang='lat' dir='ltr'><strong><em>et</em></strong></span> <span class='ocrx_word' id='word_1_329' title='bbox 1335 3986 1640 4032; x_wconf 87' lang='lat' dir='ltr'><strong><em>sanctorum</em></strong></span> <span class='ocrx_word' id='word_1_330' title='bbox 1668 3993 1803 4032; x_wconf 85' lang='lat' dir='ltr'><strong><em>mar-</em></strong></span> 
     </span>
    </p>
   </div>
   <div class='ocr_carea' id='block_1_41' title="bbox 203 4059 1801 4138">
    <p class='ocr_par' dir='ltr' id='par_1_41' title="bbox 203 4059 1801 4138">
     <span class='ocr_line' id='line_1_41' title="bbox 203 4059 1801 4138; baseline 0.009 -28"><span class='ocrx_word' id='word_1_331' title='bbox 203 4065 385 4126; x_wconf 75' lang='lat' dir='ltr'><strong><em>tyrum</em></strong></span> <span class='ocrx_word' id='word_1_332' title='bbox 420 4059 605 4115; x_wconf 90' lang='lat' dir='ltr'><strong><em>loculis</em></strong></span> <span class='ocrx_word' id='word_1_333' title='bbox 633 4061 708 4130; x_wconf 83' lang='grc' dir='ltr'><strong><em>(α)</em></strong></span> <span class='ocrx_word' id='word_1_334' title='bbox 737 4078 750 4124; x_wconf 88' lang='lat'>;</span> <span class='ocrx_word' id='word_1_335' title='bbox 782 4073 838 4116; x_wconf 93' lang='lat' dir='ltr'><strong><em>ut</em></strong></span> <span class='ocrx_word' id='word_1_336' title='bbox 871 4065 938 4118; x_wconf 89' lang='lat' dir='ltr'><strong><em>ab</em></strong></span> <span class='ocrx_word' id='word_1_337' title='bbox 965 4065 1069 4119; x_wconf 89' lang='lat' dir='ltr'><strong><em>illis</em></strong></span> <span class='ocrx_word' id='word_1_338' title='bbox 1095 4067 1519 4123; x_wconf 86' lang='lat' dir='ltr'><strong><em>benedictionem</em></strong></span> <span class='ocrx_word' id='word_1_339' title='bbox 1544 4068 1801 4138; x_wconf 55' lang='lat' dir='ltr'><strong><em>percipia-</em></strong></span> 
     </span>
    </p>
   </div>
   <div class='ocr_carea' id='block_1_42' title="bbox 203 4150 1796 4225">
    <p class='ocr_par' dir='ltr' id='par_1_42' title="bbox 203 4150 1796 4225">
     <span class='ocr_line' id='line_1_42' title="bbox 203 4150 1796 4225; baseline 0.009 -27"><span class='ocrx_word' id='word_1_340' title='bbox 203 4161 344 4207; x_wconf 87' lang='lat' dir='ltr'><strong><em>mus.</em></strong></span> <span class='ocrx_word' id='word_1_341' title='bbox 374 4157 428 4202; x_wconf 91' lang='lat' dir='ltr'><strong><em>et</em></strong></span> <span class='ocrx_word' id='word_1_342' title='bbox 453 4164 552 4203; x_wconf 89' lang='lat' dir='ltr'><strong><em>nos</em></strong></span> <span class='ocrx_word' id='word_1_343' title='bbox 575 4165 605 4204; x_wconf 87' lang='lat' dir='ltr'><strong><em>a</em></strong></span> <span class='ocrx_word' id='word_1_344' title='bbox 635 4150 913 4208; x_wconf 85' lang='lat' dir='ltr'><strong><em>diabolicis</em></strong></span> <span class='ocrx_word' id='word_1_345' title='bbox 942 4155 1143 4225; x_wconf 85' lang='lat' dir='ltr'><strong><em>laqueis</em></strong></span> <span class='ocrx_word' id='word_1_346' title='bbox 1170 4155 1366 4212; x_wconf 86' lang='lat' dir='ltr'><strong><em>irretiri</em></strong></span> <span class='ocrx_word' id='word_1_347' title='bbox 1401 4173 1506 4212; x_wconf 91' lang='lat' dir='ltr'><strong><em>non</em></strong></span> <span class='ocrx_word' id='word_1_348' title='bbox 1541 4159 1796 4215; x_wconf 88' lang='lat' dir='ltr'><strong><em>sinamus.</em></strong></span> 
     </span>
    </p>
   </div>
   <div class='ocr_carea' id='block_1_43' title="bbox 201 4233 1799 4318">
    <p class='ocr_par' dir='ltr' id='par_1_43' title="bbox 201 4233 1799 4318">
     <span class='ocr_line' id='line_1_43' title="bbox 201 4233 1799 4318; baseline 0.008 -27"><span class='ocrx_word' id='word_1_349' title='bbox 201 4233 258 4291; x_wconf 79' lang='lat' dir='ltr'><strong><em>Si</em></strong></span> <span class='ocrx_word' id='word_1_350' title='bbox 291 4237 371 4292; x_wconf 86' lang='lat' dir='ltr'><strong><em>sic</em></strong></span> <span class='ocrx_word' id='word_1_351' title='bbox 405 4238 617 4293; x_wconf 86' lang='lat' dir='ltr'><strong><em>solliciti</em></strong></span> <span class='ocrx_word' id='word_1_352' title='bbox 647 4250 884 4296; x_wconf 87' lang='lat' dir='ltr'><strong><em>nostram</em></strong></span> <span class='ocrx_word' id='word_1_353' title='bbox 923 4244 1147 4299; x_wconf 86' lang='lat' dir='ltr'><strong><em>salutem</em></strong></span> <span class='ocrx_word' id='word_1_354' title='bbox 1178 4248 1576 4315; x_wconf 87' lang='lat' dir='ltr'><strong><em>curaverimus,</em></strong></span> <span class='ocrx_word' id='word_1_355' title='bbox 1606 4250 1799 4318; x_wconf 89' lang='lat' dir='ltr'><strong><em>poteri-</em></strong></span> 
     </span>
    </p>
   </div>
   <div class='ocr_carea' id='block_1_44' title="bbox 203 4328 1800 4399">
    <p class='ocr_par' dir='ltr' id='par_1_44' title="bbox 203 4328 1800 4399">
     <span class='ocr_line' id='line_1_44' title="bbox 203 4328 1800 4399; baseline 0.009 -19"><span class='ocrx_word' id='word_1_356' title='bbox 203 4341 330 4381; x_wconf 89' lang='lat' dir='ltr'><strong><em>mus</em></strong></span> <span class='ocrx_word' id='word_1_357' title='bbox 353 4336 410 4383; x_wconf 89' lang='lat' dir='ltr'><strong><em>ct</em></strong></span> <span class='ocrx_word' id='word_1_358' title='bbox 434 4344 498 4383; x_wconf 79' lang='lat' dir='ltr'><strong><em>ex</em></strong></span> <span class='ocrx_word' id='word_1_359' title='bbox 523 4328 730 4399; x_wconf 85' lang='lat' dir='ltr'><strong><em>jejunio</em></strong></span> <span class='ocrx_word' id='word_1_360' title='bbox 759 4332 960 4387; x_wconf 89' lang='lat' dir='ltr'><strong><em>lucrum</em></strong></span> <span class='ocrx_word' id='word_1_361' title='bbox 993 4336 1185 4399; x_wconf 81' lang='lat' dir='ltr'><strong><em>facere,</em></strong></span> <span class='ocrx_word' id='word_1_362' title='bbox 1211 4346 1265 4390; x_wconf 88' lang='lat' dir='ltr'><strong><em>et</em></strong></span> <span class='ocrx_word' id='word_1_363' title='bbox 1292 4338 1550 4393; x_wconf 71' lang='lat' dir='ltr'><strong><em>dtemonis</em></strong></span> <span class='ocrx_word' id='word_1_364' title='bbox 1583 4339 1800 4394; x_wconf 79' lang='lat' dir='ltr'><strong><em>insidias</em></strong></span> 
     </span>
    </p>
   </div>
   <div class='ocr_carea' id='block_1_45' title="bbox 203 4419 1796 4500">
    <p class='ocr_par' dir='ltr' id='par_1_45' title="bbox 203 4419 1796 4500">
     <span class='ocr_line' id='line_1_45' title="bbox 203 4419 1796 4500; baseline 0.008 -27"><span class='ocrx_word' id='word_1_365' title='bbox 203 4419 461 4489; x_wconf 75' lang='lat' dir='ltr'><strong><em>effugere,</em></strong></span> <span class='ocrx_word' id='word_1_366' title='bbox 493 4429 550 4476; x_wconf 89' lang='lat' dir='ltr'><strong><em>et</em></strong></span> <span class='ocrx_word' id='word_1_367' title='bbox 576 4437 819 4493; x_wconf 87' lang='lat' dir='ltr'><strong><em>magnam</em></strong></span> <span class='ocrx_word' id='word_1_368' title='bbox 846 4439 1076 4495; x_wconf 86' lang='lat' dir='ltr'><strong><em>superne</em></strong></span> <span class='ocrx_word' id='word_1_369' title='bbox 1100 4429 1322 4498; x_wconf 82' lang='lat' dir='ltr'><strong><em>gratiam</em></strong></span> <span class='ocrx_word' id='word_1_370' title='bbox 1353 4431 1560 4500; x_wconf 88' lang='lat' dir='ltr'><strong><em>assequi</em></strong></span> <span class='ocrx_word' id='word_1_371' title='bbox 1595 4450 1607 4484; x_wconf 90' lang='lat'><strong>:</strong></span> <span class='ocrx_word' id='word_1_372' title='bbox 1636 4448 1796 4500; x_wconf 87' lang='lat' dir='ltr'><strong><em>quam</em></strong></span> 
     </span>
    </p>
   </div>
   <div class='ocr_carea' id='block_1_46' title="bbox 203 4518 1797 4590">
    <p class='ocr_par' dir='ltr' id='par_1_46' title="bbox 203 4518 1797 4590">
     <span class='ocr_line' id='line_1_46' title="bbox 203 4518 1797 4590; baseline 0.008 -26"><span class='ocrx_word' id='word_1_373' title='bbox 203 4521 262 4564; x_wconf 92' lang='lat' dir='ltr'><strong><em>ut</em></strong></span> <span class='ocrx_word' id='word_1_374' title='bbox 293 4526 394 4565; x_wconf 88' lang='lat' dir='ltr'><strong><em>nos</em></strong></span> <span class='ocrx_word' id='word_1_375' title='bbox 421 4527 608 4567; x_wconf 88' lang='lat' dir='ltr'><strong><em>omnes</em></strong></span> <span class='ocrx_word' id='word_1_376' title='bbox 646 4527 1010 4584; x_wconf 86' lang='lat' dir='ltr'><strong><em>assequamur,</em></strong></span> <span class='ocrx_word' id='word_1_377' title='bbox 1043 4518 1300 4573; x_wconf 88' lang='lat' dir='ltr'><strong><em>concedat</em></strong></span> <span class='ocrx_word' id='word_1_378' title='bbox 1335 4523 1502 4590; x_wconf 82' lang='lat' dir='ltr'><strong><em>gratia</em></strong></span> <span class='ocrx_word' id='word_1_379' title='bbox 1543 4530 1596 4576; x_wconf 89' lang='lat' dir='ltr'><strong><em>et</em></strong></span> <span class='ocrx_word' id='word_1_380' title='bbox 1635 4526 1797 4576; x_wconf 83' lang='lat' dir='ltr'><strong><em>mise-</em></strong></span> 
     </span>
    </p>
   </div>
   <div class='ocr_carea' id='block_1_47' title="bbox 200 4601 1794 4682">
    <p class='ocr_par' dir='ltr' id='par_1_47' title="bbox 200 4601 1794 4682">
     <span class='ocr_line' id='line_1_47' title="bbox 200 4601 1794 4682; baseline 0.008 -28"><span class='ocrx_word' id='word_1_381' title='bbox 200 4601 438 4655; x_wconf 87' lang='lat' dir='ltr'><strong><em>ricordia</em></strong></span> <span class='ocrx_word' id='word_1_382' title='bbox 468 4603 673 4658; x_wconf 84' lang='lat' dir='ltr'><strong><em>Domini</em></strong></span> <span class='ocrx_word' id='word_1_383' title='bbox 704 4605 876 4682; x_wconf 84' lang='lat' dir='ltr'><strong><em>nostri</em></strong></span> <span class='ocrx_word' id='word_1_384' title='bbox 915 4605 1040 4661; x_wconf 86' lang='lat' dir='ltr'><strong><em>Jesu</em></strong></span> <span class='ocrx_word' id='word_1_385' title='bbox 1067 4607 1260 4663; x_wconf 74' lang='lat' dir='ltr'><strong><em>Christi</em></strong></span> <span class='ocrx_word' id='word_1_386' title='bbox 1287 4649 1301 4673; x_wconf 93' lang='lat'><strong><em>,</em></strong></span> <span class='ocrx_word' id='word_1_387' title='bbox 1333 4625 1452 4663; x_wconf 90' lang='lat' dir='ltr'><strong><em>cum</em></strong></span> <span class='ocrx_word' id='word_1_388' title='bbox 1483 4625 1588 4680; x_wconf 88' lang='lat' dir='ltr'><strong><em>quo</em></strong></span> <span class='ocrx_word' id='word_1_389' title='bbox 1613 4611 1754 4666; x_wconf 83' lang='lat' dir='ltr'><strong><em>Patri</em></strong></span> <span class='ocrx_word' id='word_1_390' title='bbox 1780 4653 1794 4676; x_wconf 90' lang='lat'><strong><em>,</em></strong></span> 
     </span>
    </p>
   </div>
   <div class='ocr_carea' id='block_1_48' title="bbox 203 4691 1794 4767">
    <p class='ocr_par' dir='ltr' id='par_1_48' title="bbox 203 4691 1794 4767">
     <span class='ocr_line' id='line_1_48' title="bbox 203 4691 1794 4767; baseline 0.008 -23"><span class='ocrx_word' id='word_1_391' title='bbox 203 4700 503 4759; x_wconf 86' lang='lat' dir='ltr'><strong><em>sanctoque</em></strong></span> <span class='ocrx_word' id='word_1_392' title='bbox 527 4691 746 4761; x_wconf 88' lang='lat' dir='ltr'><strong><em>Spiritui</em></strong></span> <span class='ocrx_word' id='word_1_393' title='bbox 775 4695 844 4748; x_wconf 84' lang='lat' dir='ltr'><strong><em>sit</em></strong></span> <span class='ocrx_word' id='word_1_394' title='bbox 870 4696 1057 4764; x_wconf 88' lang='lat' dir='ltr'><strong><em>gloria,</em></strong></span> <span class='ocrx_word' id='word_1_395' title='bbox 1086 4697 1365 4767; x_wconf 88' lang='lat' dir='ltr'><strong><em>imperium</em></strong></span> <span class='ocrx_word' id='word_1_396' title='bbox 1390 4740 1405 4764; x_wconf 92' lang='lat'><strong><em>,</em></strong></span> <span class='ocrx_word' id='word_1_397' title='bbox 1432 4699 1621 4766; x_wconf 87' lang='lat' dir='ltr'><strong><em>honor,</em></strong></span> <span class='ocrx_word' id='word_1_398' title='bbox 1652 4717 1794 4757; x_wconf 90' lang='lat' dir='ltr'><strong><em>nunc</em></strong></span> 
     </span>
    </p>
   </div>
   <div class='ocr_carea' id='block_1_49' title="bbox 200 4783 1500 4851">
    <p class='ocr_par' dir='ltr' id='par_1_49' title="bbox 200 4783 1500 4851">
     <span class='ocr_line' id='line_1_49' title="bbox 200 4783 1500 4851; baseline 0.006 -16"><span class='ocrx_word' id='word_1_399' title='bbox 200 4789 258 4835; x_wconf 85' lang='lat' dir='ltr'><strong><em>et</em></strong></span> <span class='ocrx_word' id='word_1_400' title='bbox 285 4795 523 4851; x_wconf 82' lang='lat' dir='ltr'><strong><em>semper,</em></strong></span> <span class='ocrx_word' id='word_1_401' title='bbox 553 4791 608 4838; x_wconf 88' lang='lat' dir='ltr'><strong><em>et</em></strong></span> <span class='ocrx_word' id='word_1_402' title='bbox 638 4783 690 4837; x_wconf 88' lang='lat' dir='ltr'><strong><em>in</em></strong></span> <span class='ocrx_word' id='word_1_403' title='bbox 717 4785 908 4840; x_wconf 76' lang='lat' dir='ltr'><strong><em>szccula</em></strong></span> <span class='ocrx_word' id='word_1_404' title='bbox 938 4787 1281 4846; x_wconf 65' lang='lat' dir='ltr'><strong><em>surculorum.</em></strong></span> <span class='ocrx_word' id='word_1_405' title='bbox 1314 4791 1500 4846; x_wconf 72' lang='lat' dir='ltr'><strong><em>Amen.</em></strong></span> 
     </span>
    </p>
   </div>
   <div class='ocr_carea' id='block_1_50' title="bbox 771 4978 1228 5035">
    <p class='ocr_par' dir='ltr' id='par_1_50' title="bbox 771 4978 1228 5035">
     <span class='ocr_line' id='line_1_50' title="bbox 771 4978 1228 5035; baseline -0.002 -2"><span class='ocrx_word' id='word_1_406' title='bbox 771 4978 1047 5035; x_wconf 77' lang='lat' dir='ltr'><strong><em>HOMILIA</em></strong></span> <span class='ocrx_word' id='word_1_407' title='bbox 1090 4979 1228 5033; x_wconf 79' lang='lat' dir='ltr'><strong><em>XVI.</em></strong></span> 
     </span>
    </p>
   </div>
   <div class='ocr_carea' id='block_1_51' title="bbox 206 5049 1801 5145">
    <p class='ocr_par' dir='ltr' id='par_1_51' title="bbox 206 5049 1801 5138">
     <span class='ocr_line' id='line_1_51' title="bbox 206 5049 1801 5138; baseline 0.001 -16"><span class='ocrx_word' id='word_1_408' title='bbox 206 5067 265 5124; x_wconf 93' lang='lat' dir='ltr'><strong><em>In</em></strong></span> <span class='ocrx_word' id='word_1_409' title='bbox 299 5049 795 5138; x_wconf 62' lang='lat' dir='ltr'><strong><em>praevaricationem</em></strong></span> <span class='ocrx_word' id='word_1_410' title='bbox 824 5069 1051 5137; x_wconf 89' lang='lat' dir='ltr'><strong><em>primum</em></strong></span> <span class='ocrx_word' id='word_1_411' title='bbox 1079 5069 1436 5124; x_wconf 68' lang='lat' dir='ltr'><strong><em>creatorum’.</em></strong></span> <span class='ocrx_word' id='word_1_412' title='bbox 1456 5070 1518 5123; x_wconf 83' lang='lat' dir='ltr'><strong><em>Et</em></strong></span> <span class='ocrx_word' id='word_1_413' title='bbox 1535 5081 1675 5124; x_wconf 88' lang='lat' dir='ltr'><strong><em>erant</em></strong></span> <span class='ocrx_word' id='word_1_414' title='bbox 1691 5088 1801 5124; x_wconf 88' lang='lat' dir='ltr'><strong><em>am-</em></strong></span> 
     </span>
    </p>
   </div>
   <div class='ocr_carea' id='block_1_52' title="bbox 276 5160 1800 5227">
    <p class='ocr_par' dir='ltr' id='par_1_52' title="bbox 276 5160 1800 5227">
     <span class='ocr_line' id='line_1_52' title="bbox 276 5160 1800 5227; baseline 0.001 -13"><span class='ocrx_word' id='word_1_415' title='bbox 276 5165 347 5214; x_wconf 82' lang='lat' dir='ltr'><strong><em>bo</em></strong></span> <span class='ocrx_word' id='word_1_416' title='bbox 372 5162 498 5213; x_wconf 80' lang='lat' dir='ltr'><strong><em>nudi</em></strong></span> <span class='ocrx_word' id='word_1_417' title='bbox 514 5201 528 5219; x_wconf 85' lang='lat'><strong><em>,</em></strong></span> <span class='ocrx_word' id='word_1_418' title='bbox 559 5169 604 5212; x_wconf 81' lang='lat' dir='ltr'><strong><em>et</em></strong></span> <span class='ocrx_word' id='word_1_419' title='bbox 633 5160 825 5225; x_wconf 82' lang='lat' dir='ltr'><strong><em>Adam,</em></strong></span> <span class='ocrx_word' id='word_1_420' title='bbox 851 5169 897 5214; x_wconf 90' lang='lat' dir='ltr'><strong><em>et</em></strong></span> <span class='ocrx_word' id='word_1_421' title='bbox 923 5176 1052 5215; x_wconf 80' lang='lat' dir='ltr'><strong><em>uxor</em></strong></span> <span class='ocrx_word' id='word_1_422' title='bbox 1074 5162 1186 5227; x_wconf 85' lang='lat' dir='ltr'><strong><em>ejus</em></strong></span> <span class='ocrx_word' id='word_1_423' title='bbox 1204 5201 1218 5226; x_wconf 91' lang='lat'><strong><em>,</em></strong></span> <span class='ocrx_word' id='word_1_424' title='bbox 1245 5171 1290 5214; x_wconf 90' lang='lat' dir='ltr'><strong><em>et</em></strong></span> <span class='ocrx_word' id='word_1_425' title='bbox 1320 5177 1418 5214; x_wconf 89' lang='lat' dir='ltr'><strong><em>non</em></strong></span> <span class='ocrx_word' id='word_1_426' title='bbox 1451 5161 1800 5216; x_wconf 83' lang='lat' dir='ltr'><strong><em>erubescebant</em></strong></span> 
     </span>
    </p>
   </div>
   <div class='ocr_carea' id='block_1_53' title="bbox 282 5249 662 5320">
    <p class='ocr_par' dir='ltr' id='par_1_53' title="bbox 282 5249 662 5320">
     <span class='ocr_line' id='line_1_53' title="bbox 282 5249 662 5320; baseline -0.008 -15"><span class='ocrx_word' id='word_1_427' title='bbox 282 5249 439 5318; x_wconf 81' lang='lat' dir='ltr'><strong><em>(Gen.</em></strong></span> <span class='ocrx_word' id='word_1_428' title='bbox 467 5249 521 5305; x_wconf 77' lang='grc'><strong><em>2.</em></strong></span> <span class='ocrx_word' id='word_1_429' title='bbox 550 5249 662 5320; x_wconf 69' lang='grc'><strong>25).</strong></span> 
     </span>
    </p>
   </div>
   <div class='ocr_carea' id='block_1_54' title="bbox 284 5359 1801 5434">
    <p class='ocr_par' dir='ltr' id='par_1_54' title="bbox 284 5359 1801 5434">
     <span class='ocr_line' id='line_1_54' title="bbox 284 5359 1801 5434; baseline 0.001 -16"><span class='ocrx_word' id='word_1_430' title='bbox 284 5365 313 5418; x_wconf 77' lang='grc'><strong>1</strong></span> <span class='ocrx_word' id='word_1_431' title='bbox 327 5402 344 5416; x_wconf 93' lang='grc'><strong><em>.</em></strong></span> <span class='ocrx_word' id='word_1_432' title='bbox 371 5362 571 5430; x_wconf 75' lang='lat' dir='ltr'><strong><em>Aliquot</em></strong></span> <span class='ocrx_word' id='word_1_433' title='bbox 594 5361 657 5415; x_wconf 85' lang='lat' dir='ltr'><strong><em>de</em></strong></span> <span class='ocrx_word' id='word_1_434' title='bbox 681 5359 1062 5430; x_wconf 84' lang='lat' dir='ltr'><strong><em>Scripturarunt</em></strong></span> <span class='ocrx_word' id='word_1_435' title='bbox 1083 5362 1383 5418; x_wconf 76' lang='lat' dir='ltr'><strong><em>inexhausta</em></strong></span> <span class='ocrx_word' id='word_1_436' title='bbox 1404 5365 1549 5434; x_wconf 86' lang='lat' dir='ltr'><strong><em>copia</em></strong></span> <span class='ocrx_word' id='word_1_437' title='bbox 1570 5365 1714 5419; x_wconf 87' lang='lat' dir='ltr'><strong><em>dictis</em></strong></span> <span class='ocrx_word' id='word_1_438' title='bbox 1733 5361 1801 5420; x_wconf 86' lang='lat' dir='ltr'><strong><em>ad</em></strong></span> 
     </span>
    </p>
   </div>
   <div class='ocr_carea' id='block_1_55' title="bbox 204 5453 1802 5529">
    <p class='ocr_par' dir='ltr' id='par_1_55' title="bbox 204 5453 1802 5529">
     <span class='ocr_line' id='line_1_55' title="bbox 204 5453 1802 5529; baseline 0 -18"><span class='ocrx_word' id='word_1_439' title='bbox 204 5470 424 5525; x_wconf 73' lang='lat' dir='ltr'><strong><em>scopum</em></strong></span> <span class='ocrx_word' id='word_1_440' title='bbox 447 5455 626 5526; x_wconf 78' lang='lat' dir='ltr'><strong><em>pergit.</em></strong></span> <span class='ocrx_word' id='word_1_441' title='bbox 647 5484 720 5495; x_wconf 91' lang='lat'><strong><em>—</em></strong></span> <span class='ocrx_word' id='word_1_442' title='bbox 744 5453 912 5511; x_wconf 76' lang='lat' dir='ltr'><strong><em>Hodie</em></strong></span> <span class='ocrx_word' id='word_1_443' title='bbox 939 5455 1089 5510; x_wconf 86' lang='lat' dir='ltr'><strong><em>vobis</em></strong></span> <span class='ocrx_word' id='word_1_444' title='bbox 1113 5495 1126 5519; x_wconf 89' lang='lat'><strong><em>,</em></strong></span> <span class='ocrx_word' id='word_1_445' title='bbox 1155 5455 1483 5513; x_wconf 71' lang='lat' dir='ltr'><strong><em>dilectissimi</em></strong></span> <span class='ocrx_word' id='word_1_446' title='bbox 1509 5499 1523 5525; x_wconf 93' lang='lat'><strong><em>,</em></strong></span> <span class='ocrx_word' id='word_1_447' title='bbox 1554 5458 1802 5529; x_wconf 87' lang='lat' dir='ltr'><strong><em>spiritua-</em></strong></span> 
     </span>
    </p>
   </div>
   <div class='ocr_carea' id='block_1_56' title="bbox 270 5649 1793 5719">
    <p class='ocr_par' dir='ltr' id='par_1_56' title="bbox 270 5649 1793 5719">
     <span class='ocr_line' id='line_1_56' title="bbox 270 5649 1793 5719; baseline 0.007 -21"><span class='ocrx_word' id='word_1_448' title='bbox 270 5649 351 5710; x_wconf 73' lang='grc' dir='ltr'><strong><em>(α)</em></strong></span> <span class='ocrx_word' id='word_1_449' title='bbox 379 5655 655 5719; x_wconf 61' lang='lat' dir='ltr'><strong><em>senatumin</em></strong></span> <span class='ocrx_word' id='word_1_450' title='bbox 676 5657 938 5719; x_wconf 81' lang='lat' dir='ltr'><strong><em>martyrum</em></strong></span> <span class='ocrx_word' id='word_1_451' title='bbox 961 5652 1104 5703; x_wconf 81' lang='lat' dir='ltr'><strong><em>loculi</em></strong></span> <span class='ocrx_word' id='word_1_452' title='bbox 1125 5660 1186 5719; x_wconf 89' lang='lat' dir='ltr'><strong><em>et</em></strong></span> <span class='ocrx_word' id='word_1_453' title='bbox 1201 5654 1354 5719; x_wconf 72' lang='lat' dir='ltr'><strong><em>thecae</em></strong></span> <span class='ocrx_word' id='word_1_454' title='bbox 1379 5655 1666 5719; x_wconf 83' lang='lat' dir='ltr'><strong><em>frequenter</em></strong></span> <span class='ocrx_word' id='word_1_455' title='bbox 1689 5673 1793 5709; x_wconf 83' lang='lat' dir='ltr'><strong><em>me—</em></strong></span> 
     </span>
    </p>
   </div>
   <div class='ocr_carea' id='block_1_57' title="bbox 209 5712 1786 5780">
    <p class='ocr_par' dir='ltr' id='par_1_57' title="bbox 209 5712 1786 5780">
     <span class='ocr_line' id='line_1_57' title="bbox 209 5712 1786 5780; baseline 0.008 -21"><span class='ocrx_word' id='word_1_456' title='bbox 209 5718 458 5780; x_wconf 61' lang='lat' dir='ltr'><strong><em>morantur</em></strong></span> <span class='ocrx_word' id='word_1_457' title='bbox 478 5715 507 5760; x_wconf 79' lang='lat' dir='ltr'><strong><em>&#39;a</em></strong></span> <span class='ocrx_word' id='word_1_458' title='bbox 528 5712 868 5780; x_wconf 71' lang='lat' dir='ltr'><strong><em>Chrysostomo</em></strong></span> <span class='ocrx_word' id='word_1_459' title='bbox 886 5716 933 5780; x_wconf 78' lang='lat' dir='ltr'><strong><em>tu</em></strong></span> <span class='ocrx_word' id='word_1_460' title='bbox 957 5718 1260 5780; x_wconf 78' lang='lat' dir='ltr'><strong><em>Paucgyricis</em></strong></span> <span class='ocrx_word' id='word_1_461' title='bbox 1283 5725 1426 5767; x_wconf 74' lang='lat' dir='ltr'><strong><em>“romo</em></strong></span> <span class='ocrx_word' id='word_1_462' title='bbox 1449 5712 1499 5780; x_wconf 84' lang='lat' dir='ltr'><strong><em>ti,</em></strong></span> <span class='ocrx_word' id='word_1_463' title='bbox 1523 5721 1608 5769; x_wconf 87' lang='lat' dir='ltr'><strong><em>ubi</em></strong></span> <span class='ocrx_word' id='word_1_464' title='bbox 1622 5720 1685 5770; x_wconf 89' lang='lat' dir='ltr'><strong><em>iis</em></strong></span> <span class='ocrx_word' id='word_1_465' title='bbox 1704 5722 1786 5771; x_wconf 85' lang='lat' dir='ltr'><strong><em>ha-</em></strong></span> 
     </span>
    </p>
   </div>
   <div class='ocr_carea' id='block_1_58' title="bbox 207 5773 1003 5842">
    <p class='ocr_par' dir='ltr' id='par_1_58' title="bbox 207 5773 1003 5842">
     <span class='ocr_line' id='line_1_58' title="bbox 207 5773 1003 5842; baseline -0.004 -13"><span class='ocrx_word' id='word_1_466' title='bbox 207 5775 344 5829; x_wconf 72' lang='lat' dir='ltr'><strong><em>bitus</em></strong></span> <span class='ocrx_word' id='word_1_467' title='bbox 363 5777 516 5830; x_wconf 83' lang='lat' dir='ltr'><strong><em>bonos</em></strong></span> <span class='ocrx_word' id='word_1_468' title='bbox 537 5791 672 5842; x_wconf 67' lang='lat' dir='ltr'><strong><em>saepe</em></strong></span> <span class='ocrx_word' id='word_1_469' title='bbox 692 5773 1003 5829; x_wconf 81' lang='lat' dir='ltr'><strong><em>describitur.</em></strong></span> 
     </span>
    </p>
   </div>
   <div class='ocr_carea' id='block_1_59' title="bbox 1337 390 2381 455">
    <p class='ocr_par' dir='ltr' id='par_1_59' title="bbox 1337 390 2381 455">
     <span class='ocr_line' id='line_1_59' title="bbox 1337 390 2381 455; baseline -0.01 1"><span class='ocrx_word' id='word_1_470' title='bbox 1337 399 1402 455; x_wconf 79' lang='grc' dir='ltr'><strong><em>ΙΝ</em></strong></span> <span class='ocrx_word' id='word_1_471' title='bbox 1438 394 1674 455; x_wconf 71' lang='lat' dir='ltr'><strong><em>CAPJI.</em></strong></span> <span class='ocrx_word' id='word_1_472' title='bbox 1707 391 1944 453; x_wconf 74' lang='lat' dir='ltr'><strong>CENES.</strong></span> <span class='ocrx_word' id='word_1_473' title='bbox 1993 390 2225 446; x_wconf 65' lang='lat' dir='ltr'><strong><em>llOillL.</em></strong></span> <span class='ocrx_word' id='word_1_474' title='bbox 2263 390 2381 447; x_wconf 76' lang='lat' dir='ltr'><strong><em>XVI</em></strong></span> 
     </span>
    </p>
   </div>
   <div class='ocr_carea' id='block_1_60' title="bbox 3418 390 3518 446">
    <p class='ocr_par' dir='ltr' id='par_1_60' title="bbox 3418 390 3518 446">
     <span class='ocr_line' id='line_1_60' title="bbox 3418 390 3518 446; baseline -0.04 0"><span class='ocrx_word' id='word_1_475' title='bbox 3418 390 3518 446; x_wconf 66' lang='lat'><strong><em>136</em></strong></span> 
     </span>
    </p>
   </div>
   <div class='ocr_carea' id='block_1_61' title="bbox 1931 502 3519 573">
    <p class='ocr_par' dir='ltr' id='par_1_61' title="bbox 1931 502 3519 573">
     <span class='ocr_line' id='line_1_61' title="bbox 1931 502 3519 573; baseline 0.001 -14"><span class='ocrx_word' id='word_1_476' title='bbox 1931 505 2032 559; x_wconf 87' lang='lat' dir='ltr'><strong><em>lem</em></strong></span> <span class='ocrx_word' id='word_1_477' title='bbox 2073 505 2383 560; x_wconf 88' lang='lat' dir='ltr'><strong><em>thesaurum</em></strong></span> <span class='ocrx_word' id='word_1_478' title='bbox 2412 505 2619 573; x_wconf 82' lang='lat' dir='ltr'><strong><em>aperire</em></strong></span> <span class='ocrx_word' id='word_1_479' title='bbox 2664 503 2817 567; x_wconf 81' lang='lat' dir='ltr'><strong><em>volo,</em></strong></span> <span class='ocrx_word' id='word_1_480' title='bbox 2846 502 2934 572; x_wconf 91' lang='lat' dir='ltr'><strong><em>qui</em></strong></span> <span class='ocrx_word' id='word_1_481' title='bbox 2959 545 2975 569; x_wconf 94' lang='lat'><strong><em>,</em></strong></span> <span class='ocrx_word' id='word_1_482' title='bbox 3003 504 3127 560; x_wconf 89' lang='lat' dir='ltr'><strong><em>licet</em></strong></span> <span class='ocrx_word' id='word_1_483' title='bbox 3153 504 3293 560; x_wconf 88' lang='lat' dir='ltr'><strong><em>inter</em></strong></span> <span class='ocrx_word' id='word_1_484' title='bbox 3320 507 3519 562; x_wconf 78' lang='lat' dir='ltr'><strong><em>multos</em></strong></span> 
     </span>
    </p>
   </div>
   <div class='ocr_carea' id='block_1_62' title="bbox 1924 595 3517 665">
    <p class='ocr_par' dir='ltr' id='par_1_62' title="bbox 1924 595 3517 665">
     <span class='ocr_line' id='line_1_62' title="bbox 1924 595 3517 665; baseline 0.001 -15"><span class='ocrx_word' id='word_1_485' title='bbox 1924 595 2226 658; x_wconf 85' lang='lat' dir='ltr'><strong><em>dividatur,</em></strong></span> <span class='ocrx_word' id='word_1_486' title='bbox 2270 610 2556 664; x_wconf 86' lang='lat' dir='ltr'><strong><em>numquam</em></strong></span> <span class='ocrx_word' id='word_1_487' title='bbox 2600 605 2776 651; x_wconf 87' lang='lat' dir='ltr'><strong><em>tamen</em></strong></span> <span class='ocrx_word' id='word_1_488' title='bbox 2820 595 3162 653; x_wconf 87' lang='lat' dir='ltr'><strong><em>absumitur:</em></strong></span> <span class='ocrx_word' id='word_1_489' title='bbox 3194 597 3284 665; x_wconf 90' lang='lat' dir='ltr'><strong><em>qui</em></strong></span> <span class='ocrx_word' id='word_1_490' title='bbox 3327 611 3517 652; x_wconf 87' lang='lat' dir='ltr'><strong><em>omnes</em></strong></span> 
     </span>
    </p>
   </div>
   <div class='ocr_carea' id='block_1_63' title="bbox 1925 686 3512 758">
    <p class='ocr_par' dir='ltr' id='par_1_63' title="bbox 1925 686 3512 758">
     <span class='ocr_line' id='line_1_63' title="bbox 1925 686 3512 758; baseline -0.002 -17"><span class='ocrx_word' id='word_1_491' title='bbox 1925 686 2254 756; x_wconf 88' lang='lat' dir='ltr'><strong><em>locupletat,</em></strong></span> <span class='ocrx_word' id='word_1_492' title='bbox 2286 696 2341 741; x_wconf 89' lang='lat' dir='ltr'><strong><em>et</em></strong></span> <span class='ocrx_word' id='word_1_493' title='bbox 2379 687 2431 741; x_wconf 90' lang='lat' dir='ltr'><strong><em>in</em></strong></span> <span class='ocrx_word' id='word_1_494' title='bbox 2475 686 2623 741; x_wconf 90' lang='lat' dir='ltr'><strong><em>nullo</em></strong></span> <span class='ocrx_word' id='word_1_495' title='bbox 2663 686 2995 741; x_wconf 88' lang='lat' dir='ltr'><strong><em>imminuitur</em></strong></span> <span class='ocrx_word' id='word_1_496' title='bbox 3017 728 3032 754; x_wconf 94' lang='lat'><strong><em>,</em></strong></span> <span class='ocrx_word' id='word_1_497' title='bbox 3065 686 3160 742; x_wconf 87' lang='lat' dir='ltr'><strong><em>sed</em></strong></span> <span class='ocrx_word' id='word_1_498' title='bbox 3189 697 3244 742; x_wconf 88' lang='lat' dir='ltr'><strong><em>et</em></strong></span> <span class='ocrx_word' id='word_1_499' title='bbox 3272 700 3512 758; x_wconf 81' lang='lat' dir='ltr'><strong><em>augetur.</em></strong></span> 
     </span>
    </p>
   </div>
   <div class='ocr_carea' id='block_1_64' title="bbox 1924 778 3518 847">
    <p class='ocr_par' dir='ltr' id='par_1_64' title="bbox 1924 778 3518 847">
     <span class='ocr_line' id='line_1_64' title="bbox 1924 778 3518 847; baseline 0.003 -17"><span class='ocrx_word' id='word_1_500' title='bbox 1924 778 2385 844; x_wconf 87' lang='lat' dir='ltr'><strong><em>Quemadmodum</em></strong></span> <span class='ocrx_word' id='word_1_501' title='bbox 2413 778 2554 832; x_wconf 90' lang='lat' dir='ltr'><strong><em>enim</em></strong></span> <span class='ocrx_word' id='word_1_502' title='bbox 2583 778 2634 832; x_wconf 91' lang='lat' dir='ltr'><strong><em>in</em></strong></span> <span class='ocrx_word' id='word_1_503' title='bbox 2667 778 2902 833; x_wconf 87' lang='lat' dir='ltr'><strong><em>sensibili</em></strong></span> <span class='ocrx_word' id='word_1_504' title='bbox 2933 778 3184 833; x_wconf 84' lang='lat' dir='ltr'><strong><em>thesauro</em></strong></span> <span class='ocrx_word' id='word_1_505' title='bbox 3211 780 3254 833; x_wconf 91' lang='lat' dir='ltr'><strong><em>si</em></strong></span> <span class='ocrx_word' id='word_1_506' title='bbox 3282 781 3404 847; x_wconf 86' lang='lat' dir='ltr'><strong><em>quis</em></strong></span> <span class='ocrx_word' id='word_1_507' title='bbox 3435 780 3518 834; x_wconf 86' lang='lat' dir='ltr'><strong><em>vel</em></strong></span> 
     </span>
    </p>
   </div>
   <div class='ocr_carea' id='block_1_65' title="bbox 1872 869 3517 940">
    <p class='ocr_par' dir='ltr' id='par_1_65' title="bbox 1872 869 3517 940">
     <span class='ocr_line' id='line_1_65' title="bbox 1872 869 3517 940; baseline -0.002 -15"><span class='ocrx_word' id='word_1_508' title='bbox 1872 881 1875 884; x_wconf 84' lang='grc'><em>’</em></span> <span class='ocrx_word' id='word_1_509' title='bbox 1926 885 2138 938; x_wconf 87' lang='lat' dir='ltr'><strong><em>parvam</em></strong></span> <span class='ocrx_word' id='word_1_510' title='bbox 2168 871 2439 940; x_wconf 88' lang='lat' dir='ltr'><strong><em>acceperit</em></strong></span> <span class='ocrx_word' id='word_1_511' title='bbox 2476 870 2814 939; x_wconf 84' lang='lat' dir='ltr'><strong><em>portionem.</em></strong></span> <span class='ocrx_word' id='word_1_512' title='bbox 2859 871 3053 924; x_wconf 88' lang='lat' dir='ltr'><strong><em>multas</em></strong></span> <span class='ocrx_word' id='word_1_513' title='bbox 3086 883 3264 924; x_wconf 82' lang='lat' dir='ltr'><strong><em>tamen</em></strong></span> <span class='ocrx_word' id='word_1_514' title='bbox 3308 869 3517 925; x_wconf 80' lang='lat' dir='ltr'><strong><em>divitias</em></strong></span> 
     </span>
    </p>
   </div>
   <div class='ocr_carea' id='block_1_66' title="bbox 1924 961 3516 1032">
    <p class='ocr_par' dir='ltr' id='par_1_66' title="bbox 1924 961 3516 1032">
     <span class='ocr_line' id='line_1_66' title="bbox 1924 961 3516 1032; baseline 0 -14"><span class='ocrx_word' id='word_1_515' title='bbox 1924 965 2048 1020; x_wconf 87' lang='lat' dir='ltr'><strong><em>inde</em></strong></span> <span class='ocrx_word' id='word_1_516' title='bbox 2087 963 2186 1018; x_wconf 89' lang='lat' dir='ltr'><strong><em>sibi</em></strong></span> <span class='ocrx_word' id='word_1_517' title='bbox 2227 965 2432 1032; x_wconf 82' lang='lat' dir='ltr'><strong><em>parabit</em></strong></span> <span class='ocrx_word' id='word_1_518' title='bbox 2462 981 2474 1018; x_wconf 94' lang='lat'><strong>:</strong></span> <span class='ocrx_word' id='word_1_519' title='bbox 2505 963 2576 1017; x_wconf 89' lang='lat' dir='ltr'><strong><em>ita</em></strong></span> <span class='ocrx_word' id='word_1_520' title='bbox 2605 972 2660 1018; x_wconf 90' lang='lat' dir='ltr'><strong><em>et</em></strong></span> <span class='ocrx_word' id='word_1_521' title='bbox 2689 963 2740 1016; x_wconf 92' lang='lat' dir='ltr'><strong><em>in</em></strong></span> <span class='ocrx_word' id='word_1_522' title='bbox 2771 963 2964 1017; x_wconf 83' lang='lat' dir='ltr'><strong><em>divinis</em></strong></span> <span class='ocrx_word' id='word_1_523' title='bbox 3003 961 3327 1032; x_wconf 88' lang='lat' dir='ltr'><strong><em>Scripturis,</em></strong></span> <span class='ocrx_word' id='word_1_524' title='bbox 3355 962 3516 1018; x_wconf 85' lang='lat' dir='ltr'><strong><em>etiam</em></strong></span> 
     </span>
    </p>
   </div>
   <div class='ocr_carea' id='block_1_67' title="bbox 1923 1053 3518 1124">
    <p class='ocr_par' dir='ltr' id='par_1_67' title="bbox 1923 1053 3518 1124">
     <span class='ocr_line' id='line_1_67' title="bbox 1923 1053 3518 1124; baseline 0 -16"><span class='ocrx_word' id='word_1_525' title='bbox 1923 1057 1974 1109; x_wconf 87' lang='lat' dir='ltr'><strong><em>in</em></strong></span> <span class='ocrx_word' id='word_1_526' title='bbox 2005 1069 2164 1124; x_wconf 78' lang='lat' dir='ltr'><strong><em>parva</em></strong></span> <span class='ocrx_word' id='word_1_527' title='bbox 2192 1055 2424 1109; x_wconf 89' lang='lat' dir='ltr'><strong><em>dictione</em></strong></span> <span class='ocrx_word' id='word_1_528' title='bbox 2449 1069 2700 1108; x_wconf 88' lang='lat' dir='ltr'><strong><em>sensuum</em></strong></span> <span class='ocrx_word' id='word_1_529' title='bbox 2728 1053 2960 1124; x_wconf 83' lang='lat' dir='ltr'><strong><em>gravitas</em></strong></span> <span class='ocrx_word' id='word_1_530' title='bbox 2984 1063 3039 1108; x_wconf 91' lang='lat' dir='ltr'><strong><em>et</em></strong></span> <span class='ocrx_word' id='word_1_531' title='bbox 3061 1053 3338 1108; x_wconf 70' lang='lat' dir='ltr'><strong><em>immensae</em></strong></span> <span class='ocrx_word' id='word_1_532' title='bbox 3366 1053 3518 1109; x_wconf 86' lang='lat' dir='ltr'><strong><em>inve-</em></strong></span> 
     </span>
    </p>
   </div>
   <div class='ocr_carea' id='block_1_68' title="bbox 1923 1139 3518 1215">
    <p class='ocr_par' dir='ltr' id='par_1_68' title="bbox 1923 1139 3518 1215">
     <span class='ocr_line' id='line_1_68' title="bbox 1923 1139 3518 1215; baseline -0.001 -15"><span class='ocrx_word' id='word_1_533' title='bbox 1923 1148 2140 1200; x_wconf 89' lang='lat' dir='ltr'><strong><em>niuntur</em></strong></span> <span class='ocrx_word' id='word_1_534' title='bbox 2161 1146 2379 1200; x_wconf 66' lang='lat' dir='ltr'><strong><em>divitiae.</em></strong></span> <span class='ocrx_word' id='word_1_535' title='bbox 2409 1146 2553 1200; x_wconf 89' lang='lat' dir='ltr'><strong><em>Talis</em></strong></span> <span class='ocrx_word' id='word_1_536' title='bbox 2581 1146 2722 1200; x_wconf 81' lang='lat' dir='ltr'><strong><em>enim</em></strong></span> <span class='ocrx_word' id='word_1_537' title='bbox 2754 1154 2941 1200; x_wconf 88' lang='lat' dir='ltr'><strong><em>natura</em></strong></span> <span class='ocrx_word' id='word_1_538' title='bbox 2973 1145 3129 1215; x_wconf 87' lang='lat' dir='ltr'><strong><em>hujus</em></strong></span> <span class='ocrx_word' id='word_1_539' title='bbox 3157 1139 3430 1211; x_wconf 84' lang='lat' dir='ltr'><strong><em>thesauri,</em></strong></span> <span class='ocrx_word' id='word_1_540' title='bbox 3463 1157 3518 1201; x_wconf 89' lang='lat' dir='ltr'><strong><em>ut</em></strong></span> 
     </span>
    </p>
   </div>
   <div class='ocr_carea' id='block_1_69' title="bbox 1920 1237 3515 1309">
    <p class='ocr_par' dir='ltr' id='par_1_69' title="bbox 1920 1237 3515 1309">
     <span class='ocr_line' id='line_1_69' title="bbox 1920 1237 3515 1309; baseline 0 -16"><span class='ocrx_word' id='word_1_541' title='bbox 1920 1239 2201 1309; x_wconf 88' lang='lat' dir='ltr'><strong><em>cpulcntos</em></strong></span> <span class='ocrx_word' id='word_1_542' title='bbox 2247 1237 2406 1292; x_wconf 79' lang='lat' dir='ltr'><strong><em>faciat</em></strong></span> <span class='ocrx_word' id='word_1_543' title='bbox 2444 1253 2537 1292; x_wconf 89' lang='lat' dir='ltr'><strong><em>eos</em></strong></span> <span class='ocrx_word' id='word_1_544' title='bbox 2573 1239 2663 1308; x_wconf 91' lang='lat' dir='ltr'><strong><em>qui</em></strong></span> <span class='ocrx_word' id='word_1_545' title='bbox 2704 1253 2764 1294; x_wconf 88' lang='lat' dir='ltr'><strong><em>se</em></strong></span> <span class='ocrx_word' id='word_1_546' title='bbox 2809 1239 3115 1302; x_wconf 85' lang='lat' dir='ltr'><strong><em>inveniunt,</em></strong></span> <span class='ocrx_word' id='word_1_547' title='bbox 3147 1248 3200 1294; x_wconf 89' lang='lat' dir='ltr'><strong><em>et</em></strong></span> <span class='ocrx_word' id='word_1_548' title='bbox 3228 1253 3515 1309; x_wconf 89' lang='lat' dir='ltr'><strong><em>numquam</em></strong></span> 
     </span>
    </p>
   </div>
   <div class='ocr_carea' id='block_1_70' title="bbox 1919 1324 3515 1400">
    <p class='ocr_par' dir='ltr' id='par_1_70' title="bbox 1919 1324 3515 1400">
     <span class='ocr_line' id='line_1_70' title="bbox 1919 1324 3515 1400; baseline 0 -18"><span class='ocrx_word' id='word_1_549' title='bbox 1919 1327 2132 1382; x_wconf 80' lang='lat' dir='ltr'><strong><em>deﬁciat</em></strong></span> <span class='ocrx_word' id='word_1_550' title='bbox 2155 1347 2166 1378; x_wconf 86' lang='lat'><strong>:</strong></span> <span class='ocrx_word' id='word_1_551' title='bbox 2194 1327 2311 1382; x_wconf 80' lang='lat' dir='ltr'><strong><em>fons</em></strong></span> <span class='ocrx_word' id='word_1_552' title='bbox 2332 1328 2478 1382; x_wconf 88' lang='lat' dir='ltr'><strong><em>enim</em></strong></span> <span class='ocrx_word' id='word_1_553' title='bbox 2497 1327 2728 1398; x_wconf 85' lang='lat' dir='ltr'><strong><em>Spiritus</em></strong></span> <span class='ocrx_word' id='word_1_554' title='bbox 2752 1328 2920 1382; x_wconf 88' lang='lat' dir='ltr'><strong><em>sancti</em></strong></span> <span class='ocrx_word' id='word_1_555' title='bbox 2946 1324 3102 1397; x_wconf 84' lang='lat' dir='ltr'><strong><em>hujus</em></strong></span> <span class='ocrx_word' id='word_1_556' title='bbox 3121 1327 3389 1400; x_wconf 86' lang='lat' dir='ltr'><strong><em>scaturigo</em></strong></span> <span class='ocrx_word' id='word_1_557' title='bbox 3412 1338 3515 1384; x_wconf 89' lang='lat' dir='ltr'><strong><em>est.</em></strong></span> 
     </span>
    </p>
   </div>
   <div class='ocr_carea' id='block_1_71' title="bbox 1919 1417 3511 1487">
    <p class='ocr_par' dir='ltr' id='par_1_71' title="bbox 1919 1417 3511 1487">
     <span class='ocr_line' id='line_1_71' title="bbox 1919 1417 3511 1487; baseline 0.003 -17"><span class='ocrx_word' id='word_1_558' title='bbox 1919 1417 2202 1485; x_wconf 79' lang='lat' dir='ltr'><strong><em>Reliquum</em></strong></span> <span class='ocrx_word' id='word_1_559' title='bbox 2231 1417 2390 1472; x_wconf 79' lang='lat' dir='ltr'><strong><em>fuerit</em></strong></span> <span class='ocrx_word' id='word_1_560' title='bbox 2413 1458 2427 1480; x_wconf 91' lang='lat'><strong><em>,</em></strong></span> <span class='ocrx_word' id='word_1_561' title='bbox 2465 1433 2562 1472; x_wconf 91' lang='lat' dir='ltr'><strong><em>vos</em></strong></span> <span class='ocrx_word' id='word_1_562' title='bbox 2587 1433 2707 1487; x_wconf 68' lang='lat' dir='ltr'><strong><em>quae</em></strong></span> <span class='ocrx_word' id='word_1_563' title='bbox 2739 1418 3006 1487; x_wconf 81' lang='lat' dir='ltr'><strong><em>preposita</em></strong></span> <span class='ocrx_word' id='word_1_564' title='bbox 3036 1427 3161 1472; x_wconf 84' lang='lat' dir='ltr'><strong><em>sunt</em></strong></span> <span class='ocrx_word' id='word_1_565' title='bbox 3194 1434 3403 1474; x_wconf 87' lang='lat' dir='ltr'><strong><em>summa</em></strong></span> <span class='ocrx_word' id='word_1_566' title='bbox 3431 1419 3511 1474; x_wconf 49' lang='lat' dir='ltr'><strong><em>di.</em></strong></span> 
     </span>
    </p>
   </div>
   <div class='ocr_carea' id='block_1_72' title="bbox 1919 1508 3520 1577">
    <p class='ocr_par' dir='ltr' id='par_1_72' title="bbox 1919 1508 3520 1577">
     <span class='ocr_line' id='line_1_72' title="bbox 1919 1508 3520 1577; baseline 0.002 -17"><span class='ocrx_word' id='word_1_567' title='bbox 1919 1509 2130 1577; x_wconf 83' lang='lat' dir='ltr'><strong><em>ligentia</em></strong></span> <span class='ocrx_word' id='word_1_568' title='bbox 2160 1509 2211 1561; x_wconf 88' lang='lat' dir='ltr'><strong><em>in</em></strong></span> <span class='ocrx_word' id='word_1_569' title='bbox 2244 1508 2499 1562; x_wconf 84' lang='lat' dir='ltr'><strong><em>memoria</em></strong></span> <span class='ocrx_word' id='word_1_570' title='bbox 2532 1516 2787 1577; x_wconf 89' lang='lat' dir='ltr'><strong><em>perpetuo</em></strong></span> <span class='ocrx_word' id='word_1_571' title='bbox 2808 1523 3054 1573; x_wconf 86' lang='lat' dir='ltr'><strong><em>servare;</em></strong></span> <span class='ocrx_word' id='word_1_572' title='bbox 3081 1518 3136 1562; x_wconf 91' lang='lat' dir='ltr'><strong><em>ut</em></strong></span> <span class='ocrx_word' id='word_1_573' title='bbox 3159 1517 3336 1566; x_wconf 88' lang='lat' dir='ltr'><strong><em>autem</em></strong></span> <span class='ocrx_word' id='word_1_574' title='bbox 3363 1509 3520 1565; x_wconf 79' lang='lat' dir='ltr'><strong><em>facile</em></strong></span> 
     </span>
    </p>
   </div>
   <div class='ocr_carea' id='block_1_73' title="bbox 1916 1599 3514 1670">
    <p class='ocr_par' dir='ltr' id='par_1_73' title="bbox 1916 1599 3514 1670">
     <span class='ocr_line' id='line_1_73' title="bbox 1916 1599 3514 1670; baseline 0.003 -17"><span class='ocrx_word' id='word_1_575' title='bbox 1916 1599 2059 1654; x_wconf 84' lang='lat' dir='ltr'><strong><em>dicta</em></strong></span> <span class='ocrx_word' id='word_1_576' title='bbox 2093 1601 2304 1668; x_wconf 88' lang='lat' dir='ltr'><strong><em>assequi</em></strong></span> <span class='ocrx_word' id='word_1_577' title='bbox 2337 1600 2575 1668; x_wconf 88' lang='lat' dir='ltr'><strong><em>possitis,</em></strong></span> <span class='ocrx_word' id='word_1_578' title='bbox 2611 1608 2813 1653; x_wconf 89' lang='lat' dir='ltr'><strong><em>tantum</em></strong></span> <span class='ocrx_word' id='word_1_579' title='bbox 2845 1600 2985 1670; x_wconf 87' lang='lat' dir='ltr'><strong><em>quod</em></strong></span> <span class='ocrx_word' id='word_1_580' title='bbox 3018 1609 3258 1656; x_wconf 86' lang='lat' dir='ltr'><strong><em>nostrum</em></strong></span> <span class='ocrx_word' id='word_1_581' title='bbox 3287 1612 3371 1658; x_wconf 89' lang='lat' dir='ltr'><strong><em>est</em></strong></span> <span class='ocrx_word' id='word_1_582' title='bbox 3399 1618 3514 1658; x_wconf 81' lang='lat' dir='ltr'><strong><em>ma-</em></strong></span> 
     </span>
    </p>
   </div>
   <div class='ocr_carea' id='block_1_74' title="bbox 1917 1690 3518 1761">
    <p class='ocr_par' dir='ltr' id='par_1_74' title="bbox 1917 1690 3518 1761">
     <span class='ocr_line' id='line_1_74' title="bbox 1917 1690 3518 1761; baseline 0.004 -17"><span class='ocrx_word' id='word_1_583' title='bbox 1917 1706 2022 1760; x_wconf 91' lang='lat' dir='ltr'><strong><em>gno</em></strong></span> <span class='ocrx_word' id='word_1_584' title='bbox 2052 1691 2228 1745; x_wconf 88' lang='lat' dir='ltr'><strong><em>studio</em></strong></span> <span class='ocrx_word' id='word_1_585' title='bbox 2253 1690 2558 1745; x_wconf 82' lang='lat' dir='ltr'><strong><em>all‘erainus.</em></strong></span> <span class='ocrx_word' id='word_1_586' title='bbox 2593 1691 2770 1746; x_wconf 86' lang='lat' dir='ltr'><strong><em>Gratia</em></strong></span> <span class='ocrx_word' id='word_1_587' title='bbox 2805 1695 2945 1746; x_wconf 89' lang='lat' dir='ltr'><strong><em>cnim</em></strong></span> <span class='ocrx_word' id='word_1_588' title='bbox 2978 1704 3159 1761; x_wconf 88' lang='lat' dir='ltr'><strong><em>parata</em></strong></span> <span class='ocrx_word' id='word_1_589' title='bbox 3189 1704 3309 1759; x_wconf 89' lang='lat' dir='ltr'><strong><em>est,</em></strong></span> <span class='ocrx_word' id='word_1_590' title='bbox 3341 1705 3396 1750; x_wconf 91' lang='lat' dir='ltr'><strong><em>et</em></strong></span> <span class='ocrx_word' id='word_1_591' title='bbox 3427 1710 3518 1751; x_wconf 82' lang='lat' dir='ltr'><strong><em>re-</em></strong></span> 
     </span>
    </p>
   </div>
   <div class='ocr_carea' id='block_1_75' title="bbox 1917 1782 3516 1854">
    <p class='ocr_par' dir='ltr' id='par_1_75' title="bbox 1917 1782 3516 1854">
     <span class='ocr_line' id='line_1_75' title="bbox 1917 1782 3516 1854; baseline 0.006 -23"><span class='ocrx_word' id='word_1_592' title='bbox 1917 1782 2077 1850; x_wconf 89' lang='lat' dir='ltr'><strong><em>quirit</em></strong></span> <span class='ocrx_word' id='word_1_593' title='bbox 2121 1795 2214 1835; x_wconf 88' lang='lat' dir='ltr'><strong><em>eos</em></strong></span> <span class='ocrx_word' id='word_1_594' title='bbox 2256 1783 2345 1850; x_wconf 90' lang='lat' dir='ltr'><strong><em>qui</em></strong></span> <span class='ocrx_word' id='word_1_595' title='bbox 2391 1782 2558 1850; x_wconf 88' lang='lat' dir='ltr'><strong><em>ipsam</em></strong></span> <span class='ocrx_word' id='word_1_596' title='bbox 2607 1782 2824 1852; x_wconf 82' lang='lat' dir='ltr'><strong><em>largiter</em></strong></span> <span class='ocrx_word' id='word_1_597' title='bbox 2861 1785 3176 1854; x_wconf 81' lang='lat' dir='ltr'><strong><em>suscipiant.</em></strong></span> <span class='ocrx_word' id='word_1_598' title='bbox 3223 1785 3516 1842; x_wconf 81' lang='lat' dir='ltr'><strong><em>Audiamus</em></strong></span> 
     </span>
    </p>
   </div>
   <div class='ocr_carea' id='block_1_76' title="bbox 1919 1872 3514 1942">
    <p class='ocr_par' dir='ltr' id='par_1_76' title="bbox 1919 1872 3514 1942">
     <span class='ocr_line' id='line_1_76' title="bbox 1919 1872 3514 1942; baseline 0.005 -17"><span class='ocrx_word' id='word_1_599' title='bbox 1919 1873 2077 1941; x_wconf 87' lang='lat' dir='ltr'><strong><em>igitur</em></strong></span> <span class='ocrx_word' id='word_1_600' title='bbox 2100 1888 2220 1942; x_wconf 64' lang='lat' dir='ltr'><strong><em>quae</em></strong></span> <span class='ocrx_word' id='word_1_601' title='bbox 2257 1872 2417 1928; x_wconf 86' lang='lat' dir='ltr'><strong><em>hodie</em></strong></span> <span class='ocrx_word' id='word_1_602' title='bbox 2454 1882 2577 1928; x_wconf 88' lang='lat' dir='ltr'><strong><em>sunt</em></strong></span> <span class='ocrx_word' id='word_1_603' title='bbox 2620 1875 2755 1929; x_wconf 88' lang='lat' dir='ltr'><strong><em>lecta</em></strong></span> <span class='ocrx_word' id='word_1_604' title='bbox 2776 1917 2790 1941; x_wconf 84' lang='lat'><strong><em>,</em></strong></span> <span class='ocrx_word' id='word_1_605' title='bbox 2819 1884 2877 1931; x_wconf 90' lang='lat' dir='ltr'><strong><em>ut</em></strong></span> <span class='ocrx_word' id='word_1_606' title='bbox 2904 1875 3175 1931; x_wconf 87' lang='lat' dir='ltr'><strong><em>discamus</em></strong></span> <span class='ocrx_word' id='word_1_607' title='bbox 3199 1877 3514 1933; x_wconf 84' lang='lat' dir='ltr'><strong><em>immensam</em></strong></span> 
     </span>
    </p>
   </div>
   <div class='ocr_carea' id='block_1_77' title="bbox 1918 1953 3515 2038">
    <p class='ocr_par' dir='ltr' id='par_1_77' title="bbox 1918 1953 3515 2038">
     <span class='ocr_line' id='line_1_77' title="bbox 1918 1953 3515 2038; baseline 0.006 -23"><span class='ocrx_word' id='word_1_608' title='bbox 1918 1953 2010 2017; x_wconf 82' lang='lat' dir='ltr'><strong><em>Dei</em></strong></span> <span class='ocrx_word' id='word_1_609' title='bbox 2037 1963 2438 2033; x_wconf 89' lang='lat' dir='ltr'><strong><em>benignitatem,</em></strong></span> <span class='ocrx_word' id='word_1_610' title='bbox 2469 1974 2522 2018; x_wconf 89' lang='lat' dir='ltr'><strong><em>et</em></strong></span> <span class='ocrx_word' id='word_1_611' title='bbox 2546 1973 2744 2035; x_wconf 91' lang='lat' dir='ltr'><strong><em>quanto</em></strong></span> <span class='ocrx_word' id='word_1_612' title='bbox 2769 1965 2955 2021; x_wconf 87' lang='lat' dir='ltr'><strong><em>salutis</em></strong></span> <span class='ocrx_word' id='word_1_613' title='bbox 2983 1976 3179 2022; x_wconf 70' lang='lat' dir='ltr'><strong><em>nostra:</em></strong></span> <span class='ocrx_word' id='word_1_614' title='bbox 3203 1969 3373 2038; x_wconf 87' lang='lat' dir='ltr'><strong><em>gratia</em></strong></span> <span class='ocrx_word' id='word_1_615' title='bbox 3403 1985 3515 2026; x_wconf 88' lang='lat' dir='ltr'><strong><em>ser-</em></strong></span> 
     </span>
    </p>
   </div>
   <div class='ocr_carea' id='block_1_78' title="bbox 1916 2055 3510 2126">
    <p class='ocr_par' dir='ltr' id='par_1_78' title="bbox 1916 2055 3510 2126">
     <span class='ocr_line' id='line_1_78' title="bbox 1916 2055 3510 2126; baseline 0.005 -18"><span class='ocrx_word' id='word_1_616' title='bbox 1916 2055 2090 2109; x_wconf 91' lang='lat' dir='ltr'><strong><em>monis</em></strong></span> <span class='ocrx_word' id='word_1_617' title='bbox 2114 2065 2537 2125; x_wconf 88' lang='lat' dir='ltr'><strong><em>temperamento</em></strong></span> <span class='ocrx_word' id='word_1_618' title='bbox 2560 2057 2630 2112; x_wconf 89' lang='lat' dir='ltr'><strong><em>sit</em></strong></span> <span class='ocrx_word' id='word_1_619' title='bbox 2654 2073 2802 2114; x_wconf 90' lang='lat' dir='ltr'><strong><em>usus.</em></strong></span> <span class='ocrx_word' id='word_1_620' title='bbox 2829 2058 2920 2114; x_wconf 81' lang='lat'><strong><em>25.</em></strong></span> <span class='ocrx_word' id='word_1_621' title='bbox 2949 2058 3016 2113; x_wconf 88' lang='lat' dir='ltr'><strong><em>Et</em></strong></span> <span class='ocrx_word' id='word_1_622' title='bbox 3035 2071 3180 2114; x_wconf 84' lang='lat' dir='ltr'><strong><em>erant</em></strong></span> <span class='ocrx_word' id='word_1_623' title='bbox 3198 2062 3346 2116; x_wconf 88' lang='lat' dir='ltr'><strong><em>ambo</em></strong></span> <span class='ocrx_word' id='word_1_624' title='bbox 3368 2063 3510 2126; x_wconf 84' lang='lat' dir='ltr'><strong><em>nudi,</em></strong></span> 
     </span>
    </p>
   </div>
   <div class='ocr_carea' id='block_1_79' title="bbox 1916 2145 3514 2220">
    <p class='ocr_par' dir='ltr' id='par_1_79' title="bbox 1916 2145 3514 2220">
     <span class='ocr_line' id='line_1_79' title="bbox 1916 2145 3514 2220; baseline 0.006 -22"><span class='ocrx_word' id='word_1_625' title='bbox 1916 2155 2019 2198; x_wconf 90' lang='lat' dir='ltr'><strong><em>tam</em></strong></span> <span class='ocrx_word' id='word_1_626' title='bbox 2041 2145 2236 2208; x_wconf 84' lang='lat' dir='ltr'><strong><em>Adam,</em></strong></span> <span class='ocrx_word' id='word_1_627' title='bbox 2265 2163 2418 2216; x_wconf 81' lang='lat' dir='ltr'><strong><em>quant</em></strong></span> <span class='ocrx_word' id='word_1_628' title='bbox 2438 2163 2570 2201; x_wconf 68' lang='lat' dir='ltr'><strong><em>uxor</em></strong></span> <span class='ocrx_word' id='word_1_629' title='bbox 2591 2149 2701 2220; x_wconf 85' lang='lat' dir='ltr'><strong><em>ejus</em></strong></span> <span class='ocrx_word' id='word_1_630' title='bbox 2721 2190 2735 2213; x_wconf 91' lang='lat'><strong><em>,</em></strong></span> <span class='ocrx_word' id='word_1_631' title='bbox 2761 2159 2808 2202; x_wconf 89' lang='lat' dir='ltr'><strong><em>et</em></strong></span> <span class='ocrx_word' id='word_1_632' title='bbox 2840 2165 2942 2202; x_wconf 86' lang='lat' dir='ltr'><strong><em>non</em></strong></span> <span class='ocrx_word' id='word_1_633' title='bbox 2967 2150 3341 2206; x_wconf 86' lang='lat' dir='ltr'><strong><em>erubescebant.</em></strong></span> <span class='ocrx_word' id='word_1_634' title='bbox 3369 2150 3514 2206; x_wconf 88' lang='lat' dir='ltr'><strong><em>Con-</em></strong></span> 
     </span>
    </p>
   </div>
   <div class='ocr_carea' id='block_1_80' title="bbox 1915 2237 3514 2313">
    <p class='ocr_par' dir='ltr' id='par_1_80' title="bbox 1915 2237 3514 2313">
     <span class='ocr_line' id='line_1_80' title="bbox 1915 2237 3514 2313; baseline 0.004 -24"><span class='ocrx_word' id='word_1_635' title='bbox 1915 2237 2088 2290; x_wconf 85' lang='lat' dir='ltr'><strong><em>sidera</em></strong></span> <span class='ocrx_word' id='word_1_636' title='bbox 2110 2278 2124 2303; x_wconf 95' lang='lat'><strong><em>,</em></strong></span> <span class='ocrx_word' id='word_1_637' title='bbox 2152 2252 2336 2307; x_wconf 64' lang='lat' dir='ltr'><strong><em>quarso</em></strong></span> <span class='ocrx_word' id='word_1_638' title='bbox 2359 2279 2373 2302; x_wconf 89' lang='lat'><strong><em>,</em></strong></span> <span class='ocrx_word' id='word_1_639' title='bbox 2418 2238 2744 2294; x_wconf 89' lang='lat' dir='ltr'><strong><em>eminentem</em></strong></span> <span class='ocrx_word' id='word_1_640' title='bbox 2788 2239 3169 2297; x_wconf 89' lang='lat' dir='ltr'><strong><em>beatitudinem</em></strong></span> <span class='ocrx_word' id='word_1_641' title='bbox 3194 2283 3211 2310; x_wconf 91' lang='lat'><strong><em>,</em></strong></span> <span class='ocrx_word' id='word_1_642' title='bbox 3246 2243 3514 2313; x_wconf 84' lang='lat' dir='ltr'><strong><em>quomodo</em></strong></span> 
     </span>
    </p>
   </div>
   <div class='ocr_carea' id='block_1_81' title="bbox 1914 2328 3514 2404">
    <p class='ocr_par' dir='ltr' id='par_1_81' title="bbox 1914 2328 3514 2404">
     <span class='ocr_line' id='line_1_81' title="bbox 1914 2328 3514 2404; baseline 0.004 -23"><span class='ocrx_word' id='word_1_643' title='bbox 1914 2329 2216 2397; x_wconf 76' lang='lat' dir='ltr'><strong><em>Superiores</em></strong></span> <span class='ocrx_word' id='word_1_644' title='bbox 2257 2328 2455 2384; x_wconf 77' lang='lat' dir='ltr'><strong><em>fuerint</em></strong></span> <span class='ocrx_word' id='word_1_645' title='bbox 2497 2331 2746 2385; x_wconf 90' lang='lat' dir='ltr'><strong><em>omnibus</em></strong></span> <span class='ocrx_word' id='word_1_646' title='bbox 2789 2333 3198 2402; x_wconf 88' lang='lat' dir='ltr'><strong><em>corporalibus,</em></strong></span> <span class='ocrx_word' id='word_1_647' title='bbox 3246 2335 3514 2404; x_wconf 88' lang='lat' dir='ltr'><strong><em>quomodo</em></strong></span> 
     </span>
    </p>
   </div>
   <div class='ocr_carea' id='block_1_82' title="bbox 1916 2419 3511 2489">
    <p class='ocr_par' dir='ltr' id='par_1_82' title="bbox 1916 2419 3511 2489">
     <span class='ocr_line' id='line_1_82' title="bbox 1916 2419 3511 2489; baseline 0.006 -18"><span class='ocrx_word' id='word_1_648' title='bbox 1916 2427 2108 2472; x_wconf 88' lang='lat' dir='ltr'><strong><em>terram</em></strong></span> <span class='ocrx_word' id='word_1_649' title='bbox 2148 2419 2298 2488; x_wconf 87' lang='lat' dir='ltr'><strong><em>quasi</em></strong></span> <span class='ocrx_word' id='word_1_650' title='bbox 2344 2419 2530 2474; x_wconf 67' lang='lat' dir='ltr'><strong><em>cazlum</em></strong></span> <span class='ocrx_word' id='word_1_651' title='bbox 2575 2421 2937 2489; x_wconf 86' lang='lat' dir='ltr'><strong><em>incoluerint;</em></strong></span> <span class='ocrx_word' id='word_1_652' title='bbox 2978 2433 3032 2479; x_wconf 91' lang='lat' dir='ltr'><strong><em>ct</em></strong></span> <span class='ocrx_word' id='word_1_653' title='bbox 3071 2439 3192 2480; x_wconf 91' lang='lat' dir='ltr'><strong><em>cum</em></strong></span> <span class='ocrx_word' id='word_1_654' title='bbox 3237 2437 3420 2481; x_wconf 90' lang='lat' dir='ltr'><strong><em>essent</em></strong></span> <span class='ocrx_word' id='word_1_655' title='bbox 3458 2428 3511 2483; x_wconf 89' lang='lat' dir='ltr'><strong><em>in</em></strong></span> 
     </span>
    </p>
   </div>
   <div class='ocr_carea' id='block_1_83' title="bbox 1912 2508 3512 2588">
    <p class='ocr_par' dir='ltr' id='par_1_83' title="bbox 1912 2508 3512 2588">
     <span class='ocr_line' id='line_1_83' title="bbox 1912 2508 3512 2588; baseline 0.008 -26"><span class='ocrx_word' id='word_1_656' title='bbox 1912 2523 2139 2578; x_wconf 89' lang='lat' dir='ltr'><strong><em>corpore</em></strong></span> <span class='ocrx_word' id='word_1_657' title='bbox 2171 2508 2299 2563; x_wconf 88' lang='lat' dir='ltr'><strong><em>nihil</em></strong></span> <span class='ocrx_word' id='word_1_658' title='bbox 2328 2510 2606 2579; x_wconf 84' lang='lat' dir='ltr'><strong><em>corporale</em></strong></span> <span class='ocrx_word' id='word_1_659' title='bbox 2637 2513 2855 2568; x_wconf 89' lang='lat' dir='ltr'><strong><em>tulerint</em></strong></span> <span class='ocrx_word' id='word_1_660' title='bbox 2882 2533 2897 2569; x_wconf 89' lang='lat'><strong>:</strong></span> <span class='ocrx_word' id='word_1_661' title='bbox 2926 2529 3101 2585; x_wconf 89' lang='lat' dir='ltr'><strong><em>neque</em></strong></span> <span class='ocrx_word' id='word_1_662' title='bbox 3129 2525 3269 2572; x_wconf 90' lang='lat' dir='ltr'><strong><em>tecto</em></strong></span> <span class='ocrx_word' id='word_1_663' title='bbox 3289 2558 3305 2586; x_wconf 93' lang='lat'><strong><em>,</em></strong></span> <span class='ocrx_word' id='word_1_664' title='bbox 3336 2532 3512 2588; x_wconf 89' lang='lat' dir='ltr'><strong><em>neque</em></strong></span> 
     </span>
    </p>
   </div>
   <div class='ocr_carea' id='block_1_84' title="bbox 1910 2601 3508 2674">
    <p class='ocr_par' dir='ltr' id='par_1_84' title="bbox 1910 2601 3508 2674">
     <span class='ocr_line' id='line_1_84' title="bbox 1910 2601 3508 2674; baseline 0.005 -20"><span class='ocrx_word' id='word_1_665' title='bbox 1910 2611 2063 2657; x_wconf 85' lang='lat' dir='ltr'><strong><em>veste</em></strong></span> <span class='ocrx_word' id='word_1_666' title='bbox 2089 2643 2103 2666; x_wconf 93' lang='lat'><strong><em>,</em></strong></span> <span class='ocrx_word' id='word_1_667' title='bbox 2137 2617 2312 2670; x_wconf 87' lang='lat' dir='ltr'><strong><em>neque</em></strong></span> <span class='ocrx_word' id='word_1_668' title='bbox 2342 2601 2448 2656; x_wconf 90' lang='lat' dir='ltr'><strong><em>alio</em></strong></span> <span class='ocrx_word' id='word_1_669' title='bbox 2488 2602 2578 2658; x_wconf 88' lang='lat' dir='ltr'><strong><em>tali</em></strong></span> <span class='ocrx_word' id='word_1_670' title='bbox 2622 2618 2758 2674; x_wconf 89' lang='lat' dir='ltr'><strong><em>opus</em></strong></span> <span class='ocrx_word' id='word_1_671' title='bbox 2803 2605 3080 2662; x_wconf 86' lang='lat' dir='ltr'><strong><em>habentes.</em></strong></span> <span class='ocrx_word' id='word_1_672' title='bbox 3123 2608 3291 2664; x_wconf 90' lang='lat' dir='ltr'><strong><em>Porro</em></strong></span> <span class='ocrx_word' id='word_1_673' title='bbox 3327 2609 3508 2665; x_wconf 74' lang='lat' dir='ltr'><strong><em>divina</em></strong></span> 
     </span>
    </p>
   </div>
   <div class='ocr_carea' id='block_1_85' title="bbox 1912 2692 3511 2770">
    <p class='ocr_par' dir='ltr' id='par_1_85' title="bbox 1912 2692 3511 2770">
     <span class='ocr_line' id='line_1_85' title="bbox 1912 2692 3511 2770; baseline 0.008 -23"><span class='ocrx_word' id='word_1_674' title='bbox 1912 2692 2182 2761; x_wconf 88' lang='lat' dir='ltr'><strong><em>Scriptura</em></strong></span> <span class='ocrx_word' id='word_1_675' title='bbox 2213 2709 2318 2748; x_wconf 89' lang='lat' dir='ltr'><strong><em>non</em></strong></span> <span class='ocrx_word' id='word_1_676' title='bbox 2348 2695 2663 2764; x_wconf 88' lang='lat' dir='ltr'><strong><em>simpliciter</em></strong></span> <span class='ocrx_word' id='word_1_677' title='bbox 2686 2705 2741 2752; x_wconf 90' lang='lat' dir='ltr'><strong><em>et</em></strong></span> <span class='ocrx_word' id='word_1_678' title='bbox 2766 2697 2968 2770; x_wconf 88' lang='lat' dir='ltr'><strong><em>absque</em></strong></span> <span class='ocrx_word' id='word_1_679' title='bbox 2993 2701 3201 2757; x_wconf 88' lang='lat' dir='ltr'><strong><em>ratione</em></strong></span> <span class='ocrx_word' id='word_1_680' title='bbox 3231 2702 3511 2760; x_wconf 65' lang='lat' dir='ltr'><strong><em>hoclnobis</em></strong></span> 
     </span>
    </p>
   </div>
   <div class='ocr_carea' id='block_1_86' title="bbox 1911 2784 3507 2854">
    <p class='ocr_par' dir='ltr' id='par_1_86' title="bbox 1911 2784 3507 2854">
     <span class='ocr_line' id='line_1_86' title="bbox 1911 2784 3507 2854; baseline 0.008 -17"><span class='ocrx_word' id='word_1_681' title='bbox 1911 2784 2265 2854; x_wconf 79' lang='lat' dir='ltr'><strong><em>significavit,</em></strong></span> <span class='ocrx_word' id='word_1_682' title='bbox 2307 2786 2402 2840; x_wconf 89' lang='lat' dir='ltr'><strong><em>sed</em></strong></span> <span class='ocrx_word' id='word_1_683' title='bbox 2441 2797 2499 2842; x_wconf 92' lang='lat' dir='ltr'><strong><em>ut</em></strong></span> <span class='ocrx_word' id='word_1_684' title='bbox 2539 2803 2658 2843; x_wconf 89' lang='lat' dir='ltr'><strong><em>cum</em></strong></span> <span class='ocrx_word' id='word_1_685' title='bbox 2703 2789 3047 2846; x_wconf 88' lang='lat' dir='ltr'><strong><em>didicerimus</em></strong></span> <span class='ocrx_word' id='word_1_686' title='bbox 3085 2794 3250 2849; x_wconf 89' lang='lat' dir='ltr'><strong><em>vitam</em></strong></span> <span class='ocrx_word' id='word_1_687' title='bbox 3297 2796 3507 2851; x_wconf 89' lang='lat' dir='ltr'><strong><em>illorum</em></strong></span> 
     </span>
    </p>
   </div>
   <div class='ocr_carea' id='block_1_87' title="bbox 1915 2873 3504 2955">
    <p class='ocr_par' dir='ltr' id='par_1_87' title="bbox 1915 2873 3504 2955">
     <span class='ocr_line' id='line_1_87' title="bbox 1915 2873 3504 2955; baseline 0.009 -28"><span class='ocrx_word' id='word_1_688' title='bbox 1915 2873 2141 2928; x_wconf 68' lang='lat' dir='ltr'><strong><em>tristitiae</em></strong></span> <span class='ocrx_word' id='word_1_689' title='bbox 2167 2874 2476 2945; x_wconf 90' lang='lat' dir='ltr'><strong><em>dolorisque</em></strong></span> <span class='ocrx_word' id='word_1_690' title='bbox 2504 2887 2799 2946; x_wconf 84' lang='lat' dir='ltr'><strong><em>expertem,</em></strong></span> <span class='ocrx_word' id='word_1_691' title='bbox 2823 2889 2879 2935; x_wconf 89' lang='lat' dir='ltr'><strong><em>et</em></strong></span> <span class='ocrx_word' id='word_1_692' title='bbox 2903 2883 3198 2952; x_wconf 89' lang='lat' dir='ltr'><strong><em>angelicum</em></strong></span> <span class='ocrx_word' id='word_1_693' title='bbox 3221 2887 3504 2955; x_wconf 59' lang='lat' dir='ltr'><strong><em>quemdam</em></strong></span> 
     </span>
    </p>
   </div>
   <div class='ocr_carea' id='block_1_88' title="bbox 1910 2965 3508 3037">
    <p class='ocr_par' dir='ltr' id='par_1_88' title="bbox 1910 2965 3508 3037">
     <span class='ocr_line' id='line_1_88' title="bbox 1910 2965 3508 3037; baseline 0.01 -21"><span class='ocrx_word' id='word_1_694' title='bbox 1910 2973 2127 3029; x_wconf 84' lang='lat' dir='ltr'><strong><em>statum,</em></strong></span> <span class='ocrx_word' id='word_1_695' title='bbox 2163 2974 2220 3018; x_wconf 90' lang='lat' dir='ltr'><strong><em>ut</em></strong></span> <span class='ocrx_word' id='word_1_696' title='bbox 2258 2965 2327 3018; x_wconf 90' lang='lat' dir='ltr'><strong><em>ita</em></strong></span> <span class='ocrx_word' id='word_1_697' title='bbox 2358 2966 2552 3032; x_wconf 88' lang='lat' dir='ltr'><strong><em>dicam,</em></strong></span> <span class='ocrx_word' id='word_1_698' title='bbox 2583 2978 2638 3022; x_wconf 89' lang='lat' dir='ltr'><strong><em>et</em></strong></span> <span class='ocrx_word' id='word_1_699' title='bbox 2679 2980 2862 3037; x_wconf 77' lang='lat' dir='ltr'><strong><em>pcatea</em></strong></span> <span class='ocrx_word' id='word_1_700' title='bbox 2892 2973 3182 3030; x_wconf 89' lang='lat' dir='ltr'><strong><em>viderimus</em></strong></span> <span class='ocrx_word' id='word_1_701' title='bbox 3212 2991 3306 3030; x_wconf 90' lang='lat' dir='ltr'><strong><em>eos</em></strong></span> <span class='ocrx_word' id='word_1_702' title='bbox 3334 2982 3508 3032; x_wconf 86' lang='lat' dir='ltr'><strong><em>omni-</em></strong></span> 
     </span>
    </p>
   </div>
   <div class='ocr_carea' id='block_1_89' title="bbox 1909 3053 3507 3131">
    <p class='ocr_par' dir='ltr' id='par_1_89' title="bbox 1909 3053 3507 3131">
     <span class='ocr_line' id='line_1_89' title="bbox 1909 3053 3507 3131; baseline 0.013 -26"><span class='ocrx_word' id='word_1_703' title='bbox 1909 3053 2011 3106; x_wconf 86' lang='lat' dir='ltr'><strong><em>bus</em></strong></span> <span class='ocrx_word' id='word_1_704' title='bbox 2045 3054 2150 3107; x_wconf 91' lang='lat' dir='ltr'><strong><em>illis</em></strong></span> <span class='ocrx_word' id='word_1_705' title='bbox 2186 3053 2437 3119; x_wconf 88' lang='lat' dir='ltr'><strong><em>destitui,</em></strong></span> <span class='ocrx_word' id='word_1_706' title='bbox 2469 3065 2524 3110; x_wconf 92' lang='lat' dir='ltr'><strong><em>ct</em></strong></span> <span class='ocrx_word' id='word_1_707' title='bbox 2549 3058 2699 3126; x_wconf 86' lang='lat' dir='ltr'><strong><em>quasi</em></strong></span> <span class='ocrx_word' id='word_1_708' title='bbox 2727 3074 2757 3113; x_wconf 80' lang='grc' dir='ltr'>ο</span> <span class='ocrx_word' id='word_1_709' title='bbox 2786 3061 2993 3131; x_wconf 87' lang='lat' dir='ltr'><strong><em>magnis</em></strong></span> <span class='ocrx_word' id='word_1_710' title='bbox 3017 3063 3216 3119; x_wconf 88' lang='lat' dir='ltr'><strong><em>divitiis</em></strong></span> <span class='ocrx_word' id='word_1_711' title='bbox 3247 3066 3298 3120; x_wconf 90' lang='lat' dir='ltr'><strong><em>in</em></strong></span> <span class='ocrx_word' id='word_1_712' title='bbox 3326 3079 3507 3126; x_wconf 82' lang='lat' dir='ltr'><strong><em>extre-</em></strong></span> 
     </span>
    </p>
   </div>
   <div class='ocr_carea' id='block_1_90' title="bbox 1909 3143 3500 3230">
    <p class='ocr_par' dir='ltr' id='par_1_90' title="bbox 1909 3143 3500 3230">
     <span class='ocr_line' id='line_1_90' title="bbox 1909 3143 3500 3230; baseline 0.013 -35"><span class='ocrx_word' id='word_1_713' title='bbox 1909 3158 2048 3196; x_wconf 89' lang='lat' dir='ltr'><strong><em>mam</em></strong></span> <span class='ocrx_word' id='word_1_714' title='bbox 2075 3143 2304 3212; x_wconf 88' lang='lat' dir='ltr'><strong><em>inopiam</em></strong></span> <span class='ocrx_word' id='word_1_715' title='bbox 2332 3146 2522 3215; x_wconf 78' lang='lat' dir='ltr'><strong><em>rctligi,</em></strong></span> <span class='ocrx_word' id='word_1_716' title='bbox 2549 3147 2786 3216; x_wconf 88' lang='lat' dir='ltr'><strong><em>ipsorum</em></strong></span> <span class='ocrx_word' id='word_1_717' title='bbox 2810 3153 3146 3223; x_wconf 75' lang='lat' dir='ltr'><strong><em>negligentia:</em></strong></span> <span class='ocrx_word' id='word_1_718' title='bbox 3169 3164 3338 3213; x_wconf 90' lang='lat' dir='ltr'><strong><em>totum</em></strong></span> <span class='ocrx_word' id='word_1_719' title='bbox 3361 3163 3500 3230; x_wconf 87' lang='lat' dir='ltr'><strong><em>quod</em></strong></span> 
     </span>
    </p>
   </div>
   <div class='ocr_carea' id='block_1_91' title="bbox 1909 3234 3496 3321">
    <p class='ocr_par' dir='ltr' id='par_1_91' title="bbox 1909 3234 3496 3321">
     <span class='ocr_line' id='line_1_91' title="bbox 1909 3234 3496 3321; baseline 0.014 -34"><span class='ocrx_word' id='word_1_720' title='bbox 1909 3234 1964 3287; x_wconf 84' lang='lat' dir='ltr'><strong><em>lit</em></strong></span> <span class='ocrx_word' id='word_1_721' title='bbox 1992 3236 2339 3291; x_wconf 82' lang='lat' dir='ltr'><strong><em>ascribamus.</em></strong></span> <span class='ocrx_word' id='word_1_722' title='bbox 2372 3239 2561 3308; x_wconf 63' lang='lat' dir='ltr'><strong><em>Operte</em></strong></span> <span class='ocrx_word' id='word_1_723' title='bbox 2605 3243 2832 3310; x_wconf 86' lang='lat' dir='ltr'><strong><em>pretium</em></strong></span> <span class='ocrx_word' id='word_1_724' title='bbox 2864 3254 3043 3301; x_wconf 86' lang='lat' dir='ltr'><strong><em>autem</em></strong></span> <span class='ocrx_word' id='word_1_725' title='bbox 3085 3247 3217 3304; x_wconf 84' lang='lat' dir='ltr'><strong><em>lecta</em></strong></span> <span class='ocrx_word' id='word_1_726' title='bbox 3258 3251 3370 3321; x_wconf 87' lang='lat' dir='ltr'><strong><em>ipsa</em></strong></span> <span class='ocrx_word' id='word_1_727' title='bbox 3405 3269 3496 3308; x_wconf 90' lang='lat' dir='ltr'><strong><em>au-</em></strong></span> 
     </span>
    </p>
   </div>
   <div class='ocr_carea' id='block_1_92' title="bbox 1907 3325 3502 3410">
    <p class='ocr_par' dir='ltr' id='par_1_92' title="bbox 1907 3325 3502 3410">
     <span class='ocr_line' id='line_1_92' title="bbox 1907 3325 3502 3410; baseline 0.014 -32"><span class='ocrx_word' id='word_1_728' title='bbox 1907 3325 2040 3380; x_wconf 89' lang='lat' dir='ltr'><strong><em>dire.</em></strong></span> <span class='ocrx_word' id='word_1_729' title='bbox 2071 3325 2235 3391; x_wconf 84' lang='lat' dir='ltr'><strong><em>Nam,</em></strong></span> <span class='ocrx_word' id='word_1_730' title='bbox 2265 3337 2324 3382; x_wconf 90' lang='lat' dir='ltr'><strong><em>ut</em></strong></span> <span class='ocrx_word' id='word_1_731' title='bbox 2350 3328 2483 3384; x_wconf 85' lang='lat' dir='ltr'><strong><em>dixit</em></strong></span> <span class='ocrx_word' id='word_1_732' title='bbox 2524 3330 2715 3388; x_wconf 86' lang='lat' dir='ltr'><strong><em>beatus</em></strong></span> <span class='ocrx_word' id='word_1_733' title='bbox 2744 3333 2918 3390; x_wconf 80' lang='lat' dir='ltr'><strong><em>Moses</em></strong></span> <span class='ocrx_word' id='word_1_734' title='bbox 2939 3378 2953 3404; x_wconf 91' lang='lat'><strong><em>,</em></strong></span> <span class='ocrx_word' id='word_1_735' title='bbox 2982 3340 3124 3408; x_wconf 90' lang='lat' dir='ltr'><strong><em>quod</em></strong></span> <span class='ocrx_word' id='word_1_736' title='bbox 3156 3342 3278 3396; x_wconf 91' lang='lat' dir='ltr'><strong><em>nudi</em></strong></span> <span class='ocrx_word' id='word_1_737' title='bbox 3311 3353 3468 3400; x_wconf 88' lang='lat' dir='ltr'><strong><em>erant</em></strong></span> <span class='ocrx_word' id='word_1_738' title='bbox 3488 3388 3502 3410; x_wconf 84' lang='lat'><strong><em>,</em></strong></span> 
     </span>
    </p>
   </div>
   <div class='ocr_carea' id='block_1_93' title="bbox 1906 3419 3504 3494">
    <p class='ocr_par' dir='ltr' id='par_1_93' title="bbox 1906 3419 3504 3494">
     <span class='ocr_line' id='line_1_93' title="bbox 1906 3419 3504 3494; baseline 0.013 -22"><span class='ocrx_word' id='word_1_739' title='bbox 1906 3428 1958 3472; x_wconf 90' lang='lat' dir='ltr'><strong><em>et</em></strong></span> <span class='ocrx_word' id='word_1_740' title='bbox 1990 3433 2092 3473; x_wconf 91' lang='lat' dir='ltr'><strong><em>non</em></strong></span> <span class='ocrx_word' id='word_1_741' title='bbox 2133 3419 2522 3476; x_wconf 88' lang='lat' dir='ltr'><strong><em>erubescebant</em></strong></span> <span class='ocrx_word' id='word_1_742' title='bbox 2554 3422 2761 3494; x_wconf 88' lang='lat' dir='ltr'><strong><em>(neque</em></strong></span> <span class='ocrx_word' id='word_1_743' title='bbox 2797 3427 2940 3482; x_wconf 90' lang='lat' dir='ltr'><strong><em>enim</em></strong></span> <span class='ocrx_word' id='word_1_744' title='bbox 2981 3429 3220 3486; x_wconf 90' lang='lat' dir='ltr'><strong><em>sciebant</em></strong></span> <span class='ocrx_word' id='word_1_745' title='bbox 3246 3449 3305 3489; x_wconf 87' lang='lat' dir='ltr'><strong><em>se</em></strong></span> <span class='ocrx_word' id='word_1_746' title='bbox 3331 3436 3504 3492; x_wconf 88' lang='lat' dir='ltr'><strong><em>nudos</em></strong></span> 
     </span>
    </p>
   </div>
   <div class='ocr_carea' id='block_1_94' title="bbox 1905 3511 3502 3594">
    <p class='ocr_par' dir='ltr' id='par_1_94' title="bbox 1905 3511 3502 3594">
     <span class='ocr_line' id='line_1_94' title="bbox 1905 3511 3502 3594; baseline 0.011 -30"><span class='ocrx_word' id='word_1_747' title='bbox 1905 3525 2025 3565; x_wconf 88' lang='lat' dir='ltr'><strong><em>esse</em></strong></span> <span class='ocrx_word' id='word_1_748' title='bbox 2051 3553 2065 3576; x_wconf 95' lang='lat'><strong><em>,</em></strong></span> <span class='ocrx_word' id='word_1_749' title='bbox 2100 3511 2231 3564; x_wconf 88' lang='lat' dir='ltr'><strong><em>mira</em></strong></span> <span class='ocrx_word' id='word_1_750' title='bbox 2259 3512 2424 3581; x_wconf 89' lang='lat' dir='ltr'><strong><em>gloria</em></strong></span> <span class='ocrx_word' id='word_1_751' title='bbox 2458 3513 2574 3568; x_wconf 90' lang='lat' dir='ltr'><strong><em>illos</em></strong></span> <span class='ocrx_word' id='word_1_752' title='bbox 2604 3516 2866 3572; x_wconf 89' lang='lat' dir='ltr'><strong><em>vestiente</em></strong></span> <span class='ocrx_word' id='word_1_753' title='bbox 2893 3528 2946 3573; x_wconf 90' lang='lat' dir='ltr'><strong><em>et</em></strong></span> <span class='ocrx_word' id='word_1_754' title='bbox 2975 3523 3144 3591; x_wconf 82' lang='lat' dir='ltr'><strong><em>magis</em></strong></span> <span class='ocrx_word' id='word_1_755' title='bbox 3173 3541 3332 3594; x_wconf 90' lang='lat' dir='ltr'><strong><em>quam</em></strong></span> <span class='ocrx_word' id='word_1_756' title='bbox 3365 3528 3502 3582; x_wconf 69' lang='lat' dir='ltr'><strong><em>ullus</em></strong></span> 
     </span>
    </p>
   </div>
   <div class='ocr_carea' id='block_1_95' title="bbox 1905 3603 3489 3686">
    <p class='ocr_par' dir='ltr' id='par_1_95' title="bbox 1905 3603 3489 3686">
     <span class='ocr_line' id='line_1_95' title="bbox 1905 3603 3489 3686; baseline 0.009 -30"><span class='ocrx_word' id='word_1_757' title='bbox 1905 3603 2130 3656; x_wconf 88' lang='lat' dir='ltr'><strong><em>vestitus</em></strong></span> <span class='ocrx_word' id='word_1_758' title='bbox 2157 3603 2437 3671; x_wconf 85' lang='lat' dir='ltr'><strong><em>ornante),</em></strong></span> <span class='ocrx_word' id='word_1_759' title='bbox 2470 3604 2668 3674; x_wconf 85' lang='lat' dir='ltr'><strong><em>inquit,</em></strong></span> <span class='ocrx_word' id='word_1_760' title='bbox 2704 3608 2756 3662; x_wconf 81' lang='grc'><strong>1.</strong></span> <span class='ocrx_word' id='word_1_761' title='bbox 2793 3607 3017 3678; x_wconf 83' lang='lat' dir='ltr'><strong><em>Serpens</em></strong></span> <span class='ocrx_word' id='word_1_762' title='bbox 3053 3624 3219 3667; x_wconf 86' lang='lat' dir='ltr'><strong><em>autem</em></strong></span> <span class='ocrx_word' id='word_1_763' title='bbox 3243 3627 3351 3670; x_wconf 85' lang='lat' dir='ltr'><strong><em>erat</em></strong></span> <span class='ocrx_word' id='word_1_764' title='bbox 3379 3635 3489 3686; x_wconf 68' lang='lat' dir='ltr'><strong><em>prw</em></strong></span> 
     </span>
    </p>
   </div>
   <div class='ocr_carea' id='block_1_96' title="bbox 1905 3691 3496 3779">
    <p class='ocr_par' dir='ltr' id='par_1_96' title="bbox 1905 3691 3496 3779">
     <span class='ocr_line' id='line_1_96' title="bbox 1905 3691 3496 3779; baseline 0.012 -35"><span class='ocrx_word' id='word_1_765' title='bbox 1905 3691 2225 3747; x_wconf 85' lang='lat' dir='ltr'><strong><em>detttissimus</em></strong></span> <span class='ocrx_word' id='word_1_766' title='bbox 2252 3694 2476 3747; x_wconf 88' lang='lat' dir='ltr'><strong><em>omnium</em></strong></span> <span class='ocrx_word' id='word_1_767' title='bbox 2507 3697 2796 3764; x_wconf 89' lang='lat' dir='ltr'><strong><em>bestiarum,</em></strong></span> <span class='ocrx_word' id='word_1_768' title='bbox 2825 3717 2938 3769; x_wconf 69' lang='lat' dir='ltr'><strong><em>qua:</em></strong></span> <span class='ocrx_word' id='word_1_769' title='bbox 2964 3717 3116 3769; x_wconf 83' lang='lat' dir='ltr'><strong><em>super</em></strong></span> <span class='ocrx_word' id='word_1_770' title='bbox 3145 3715 3349 3775; x_wconf 88' lang='lat' dir='ltr'><strong><em>terram,</em></strong></span> <span class='ocrx_word' id='word_1_771' title='bbox 3376 3726 3496 3779; x_wconf 75' lang='lat' dir='ltr'><strong><em>quas</em></strong></span> 
     </span>
    </p>
   </div>
   <div class='ocr_carea' id='block_1_97' title="bbox 1906 3785 3504 3867">
    <p class='ocr_par' dir='ltr' id='par_1_97' title="bbox 1906 3785 3504 3867">
     <span class='ocr_line' id='line_1_97' title="bbox 1906 3785 3504 3867; baseline 0.011 -31"><span class='ocrx_word' id='word_1_772' title='bbox 1906 3787 2091 3855; x_wconf 79' lang='lat' dir='ltr'><strong><em>fecerat</em></strong></span> <span class='ocrx_word' id='word_1_773' title='bbox 2125 3785 2368 3840; x_wconf 86' lang='lat' dir='ltr'><strong><em>Dominus</em></strong></span> <span class='ocrx_word' id='word_1_774' title='bbox 2397 3786 2554 3842; x_wconf 86' lang='lat' dir='ltr'><strong><em>Deus.</em></strong></span> <span class='ocrx_word' id='word_1_775' title='bbox 2591 3788 2658 3842; x_wconf 86' lang='lat' dir='ltr'><strong><em>Et</em></strong></span> <span class='ocrx_word' id='word_1_776' title='bbox 2687 3789 2814 3844; x_wconf 76' lang='lat' dir='ltr'><strong><em>dixit</em></strong></span> <span class='ocrx_word' id='word_1_777' title='bbox 2843 3808 3051 3863; x_wconf 83' lang='lat' dir='ltr'><strong><em>serpens</em></strong></span> <span class='ocrx_word' id='word_1_778' title='bbox 3089 3797 3286 3853; x_wconf 82' lang='lat' dir='ltr'><strong><em>mulieri</em></strong></span> <span class='ocrx_word' id='word_1_779' title='bbox 3317 3814 3337 3854; x_wconf 88' lang='lat'><strong><em>:</em></strong></span> <span class='ocrx_word' id='word_1_780' title='bbox 3366 3801 3504 3867; x_wconf 83' lang='lat' dir='ltr'><strong><em>Quid</em></strong></span> 
     </span>
    </p>
   </div>
   <div class='ocr_carea' id='block_1_98' title="bbox 1904 3874 3500 3958">
    <p class='ocr_par' dir='ltr' id='par_1_98' title="bbox 1904 3874 3500 3958">
     <span class='ocr_line' id='line_1_98' title="bbox 1904 3874 3500 3958; baseline 0.015 -33"><span class='ocrx_word' id='word_1_781' title='bbox 1904 3875 2038 3939; x_wconf 88' lang='lat' dir='ltr'><strong><em>quod</em></strong></span> <span class='ocrx_word' id='word_1_782' title='bbox 2066 3875 2194 3928; x_wconf 76' lang='lat' dir='ltr'><strong><em>dixit</em></strong></span> <span class='ocrx_word' id='word_1_783' title='bbox 2237 3874 2374 3929; x_wconf 87' lang='lat' dir='ltr'><strong><em>Deus</em></strong></span> <span class='ocrx_word' id='word_1_784' title='bbox 2395 3917 2410 3940; x_wconf 83' lang='lat'><strong><em>,</em></strong></span> <span class='ocrx_word' id='word_1_785' title='bbox 2445 3875 2528 3931; x_wconf 85' lang='lat' dir='ltr'><strong><em>Ne</em></strong></span> <span class='ocrx_word' id='word_1_786' title='bbox 2554 3881 2824 3934; x_wconf 87' lang='lat' dir='ltr'><strong><em>comedatis</em></strong></span> <span class='ocrx_word' id='word_1_787' title='bbox 2850 3899 2914 3937; x_wconf 78' lang='lat' dir='ltr'><strong><em>ea:</em></strong></span> <span class='ocrx_word' id='word_1_788' title='bbox 2940 3885 3078 3939; x_wconf 87' lang='lat' dir='ltr'><strong><em>omni</em></strong></span> <span class='ocrx_word' id='word_1_789' title='bbox 3105 3887 3243 3958; x_wconf 88' lang='lat' dir='ltr'><strong><em>ligno</em></strong></span> <span class='ocrx_word' id='word_1_790' title='bbox 3266 3891 3404 3955; x_wconf 85' lang='lat' dir='ltr'><strong><em>quod</em></strong></span> <span class='ocrx_word' id='word_1_791' title='bbox 3430 3907 3500 3948; x_wconf 83' lang='lat' dir='ltr'><strong><em>est</em></strong></span> 
     </span>
    </p>
   </div>
   <div class='ocr_carea' id='block_1_99' title="bbox 1903 3964 3500 4043">
    <p class='ocr_par' dir='ltr' id='par_1_99' title="bbox 1903 3964 3500 4043">
     <span class='ocr_line' id='line_1_99' title="bbox 1903 3964 3500 4043; baseline 0.013 -26"><span class='ocrx_word' id='word_1_792' title='bbox 1903 3965 1956 4018; x_wconf 87' lang='lat' dir='ltr'><strong><em>in</em></strong></span> <span class='ocrx_word' id='word_1_793' title='bbox 1983 3966 2221 4034; x_wconf 86' lang='lat' dir='ltr'><strong><em>paradiso</em></strong></span> <span class='ocrx_word' id='word_1_794' title='bbox 2251 3964 2404 4034; x_wconf 89' lang='lat' dir='ltr'><strong><em>(Gen.</em></strong></span> <span class='ocrx_word' id='word_1_795' title='bbox 2433 3967 2535 4037; x_wconf 77' lang='lat'><strong><em>5)?</em></strong></span> <span class='ocrx_word' id='word_1_796' title='bbox 2567 3969 2698 4025; x_wconf 85' lang='lat' dir='ltr'><strong><em>Vide</em></strong></span> <span class='ocrx_word' id='word_1_797' title='bbox 2728 3972 2947 4043; x_wconf 89' lang='lat' dir='ltr'><strong><em>maligni</em></strong></span> <span class='ocrx_word' id='word_1_798' title='bbox 2972 3974 3231 4032; x_wconf 70' lang='lat' dir='ltr'><strong><em>daemonis</em></strong></span> <span class='ocrx_word' id='word_1_799' title='bbox 3261 3979 3500 4037; x_wconf 84' lang='lat' dir='ltr'><strong><em>inviden-</em></strong></span> 
     </span>
    </p>
   </div>
   <div class='ocr_carea' id='block_1_100' title="bbox 1905 4054 3501 4138">
    <p class='ocr_par' dir='ltr' id='par_1_100' title="bbox 1905 4054 3501 4138">
     <span class='ocr_line' id='line_1_100' title="bbox 1905 4054 3501 4138; baseline 0.011 -28"><span class='ocrx_word' id='word_1_800' title='bbox 1905 4054 2069 4119; x_wconf 89' lang='lat' dir='ltr'><strong><em>tiam,</em></strong></span> <span class='ocrx_word' id='word_1_801' title='bbox 2113 4066 2163 4112; x_wconf 88' lang='lat' dir='ltr'><strong><em>et</em></strong></span> <span class='ocrx_word' id='word_1_802' title='bbox 2213 4057 2537 4128; x_wconf 87' lang='lat' dir='ltr'><strong><em>multiplices</em></strong></span> <span class='ocrx_word' id='word_1_803' title='bbox 2582 4061 2823 4117; x_wconf 88' lang='lat' dir='ltr'><strong><em>technas.</em></strong></span> <span class='ocrx_word' id='word_1_804' title='bbox 2864 4064 3305 4138; x_wconf 87' lang='lat' dir='ltr'><strong><em>Quandoquidem</em></strong></span> <span class='ocrx_word' id='word_1_805' title='bbox 3344 4071 3501 4128; x_wconf 86' lang='lat' dir='ltr'><strong><em>scivit</em></strong></span> 
     </span>
    </p>
   </div>
   <div class='ocr_carea' id='block_1_101' title="bbox 1904 4145 3500 4231">
    <p class='ocr_par' dir='ltr' id='par_1_101' title="bbox 1904 4145 3500 4231">
     <span class='ocr_line' id='line_1_101' title="bbox 1904 4145 3500 4231; baseline 0.013 -33"><span class='ocrx_word' id='word_1_806' title='bbox 1904 4145 2173 4200; x_wconf 88' lang='lat' dir='ltr'><strong><em>hominem</em></strong></span> <span class='ocrx_word' id='word_1_807' title='bbox 2209 4146 2500 4203; x_wconf 80' lang='lat' dir='ltr'><strong><em>formatum</em></strong></span> <span class='ocrx_word' id='word_1_808' title='bbox 2528 4149 2582 4204; x_wconf 89' lang='lat' dir='ltr'><strong><em>in</em></strong></span> <span class='ocrx_word' id='word_1_809' title='bbox 2607 4165 2818 4206; x_wconf 87' lang='lat' dir='ltr'><strong><em>summo</em></strong></span> <span class='ocrx_word' id='word_1_810' title='bbox 2843 4168 2963 4209; x_wconf 88' lang='lat' dir='ltr'><strong><em>esse</em></strong></span> <span class='ocrx_word' id='word_1_811' title='bbox 2991 4155 3253 4224; x_wconf 75' lang='lat' dir='ltr'><strong><em>honoro‘,</em></strong></span> <span class='ocrx_word' id='word_1_812' title='bbox 3282 4169 3336 4215; x_wconf 89' lang='lat' dir='ltr'><strong><em>et</em></strong></span> <span class='ocrx_word' id='word_1_813' title='bbox 3371 4176 3469 4231; x_wconf 88' lang='lat' dir='ltr'><strong><em>pro</em></strong></span> <span class='ocrx_word' id='word_1_814' title='bbox 3487 4191 3500 4202; x_wconf 88' lang='lat'><strong>-</strong></span> 
     </span>
    </p>
   </div>
   <div class='ocr_carea' id='block_1_102' title="bbox 1903 4239 3500 4319">
    <p class='ocr_par' dir='ltr' id='par_1_102' title="bbox 1903 4239 3500 4319">
     <span class='ocr_line' id='line_1_102' title="bbox 1903 4239 3500 4319; baseline 0.012 -29"><span class='ocrx_word' id='word_1_815' title='bbox 1903 4239 2188 4306; x_wconf 89' lang='lat' dir='ltr'><strong><em>pemodum</em></strong></span> <span class='ocrx_word' id='word_1_816' title='bbox 2221 4240 2353 4294; x_wconf 90' lang='lat' dir='ltr'><strong><em>nihil</em></strong></span> <span class='ocrx_word' id='word_1_817' title='bbox 2386 4241 2562 4296; x_wconf 82' lang='lat' dir='ltr'><strong><em>minus</em></strong></span> <span class='ocrx_word' id='word_1_818' title='bbox 2604 4241 2801 4298; x_wconf 89' lang='lat' dir='ltr'><strong><em>habere</em></strong></span> <span class='ocrx_word' id='word_1_819' title='bbox 2840 4245 3042 4315; x_wconf 87' lang='lat' dir='ltr'><strong><em>angelis</em></strong></span> <span class='ocrx_word' id='word_1_820' title='bbox 3082 4249 3210 4319; x_wconf 86' lang='lat' dir='ltr'><strong><em>ipsis</em></strong></span> <span class='ocrx_word' id='word_1_821' title='bbox 3235 4290 3249 4316; x_wconf 94' lang='lat'><strong><em>,</em></strong></span> <span class='ocrx_word' id='word_1_822' title='bbox 3280 4251 3418 4308; x_wconf 90' lang='lat' dir='ltr'><strong><em>sicut</em></strong></span> <span class='ocrx_word' id='word_1_823' title='bbox 3447 4263 3500 4309; x_wconf 89' lang='lat' dir='ltr'><strong><em>et</em></strong></span> 
     </span>
    </p>
   </div>
   <div class='ocr_carea' id='block_1_103' title="bbox 1903 4330 3498 4406">
    <p class='ocr_par' dir='ltr' id='par_1_103' title="bbox 1903 4330 3498 4406">
     <span class='ocr_line' id='line_1_103' title="bbox 1903 4330 3498 4406; baseline 0.007 -22"><span class='ocrx_word' id='word_1_824' title='bbox 1903 4331 2087 4384; x_wconf 88' lang='lat' dir='ltr'><strong><em>beatus</em></strong></span> <span class='ocrx_word' id='word_1_825' title='bbox 2117 4330 2278 4384; x_wconf 82' lang='lat' dir='ltr'><strong><em>David</em></strong></span> <span class='ocrx_word' id='word_1_826' title='bbox 2307 4332 2477 4399; x_wconf 90' lang='lat' dir='ltr'><strong><em>inquit</em></strong></span> <span class='ocrx_word' id='word_1_827' title='bbox 2501 4350 2513 4385; x_wconf 88' lang='lat'><strong>:</strong></span> <span class='ocrx_word' id='word_1_828' title='bbox 2543 4331 2776 4387; x_wconf 72' lang='lat' dir='ltr'><strong><em>Miuuisti</em></strong></span> <span class='ocrx_word' id='word_1_829' title='bbox 2802 4351 2914 4387; x_wconf 89' lang='lat' dir='ltr'><strong><em>eum</em></strong></span> <span class='ocrx_word' id='word_1_830' title='bbox 2939 4337 3092 4406; x_wconf 87' lang='lat' dir='ltr'><strong><em>paulo</em></strong></span> <span class='ocrx_word' id='word_1_831' title='bbox 3127 4340 3292 4394; x_wconf 85' lang='lat' dir='ltr'><strong><em>minus</em></strong></span> <span class='ocrx_word' id='word_1_832' title='bbox 3314 4343 3377 4394; x_wconf 92' lang='lat' dir='ltr'><strong><em>ab</em></strong></span> <span class='ocrx_word' id='word_1_833' title='bbox 3396 4357 3498 4395; x_wconf 69' lang='lat' dir='ltr'><strong><em>auo</em></strong></span> 
     </span>
    </p>
   </div>
   <div class='ocr_carea' id='block_1_104' title="bbox 1901 4419 3496 4494">
    <p class='ocr_par' dir='ltr' id='par_1_104' title="bbox 1901 4419 3496 4494">
     <span class='ocr_line' id='line_1_104' title="bbox 1901 4419 3496 4494; baseline 0.009 -20"><span class='ocrx_word' id='word_1_834' title='bbox 1901 4422 2025 4490; x_wconf 82' lang='lat' dir='ltr'><strong><em>gelis</em></strong></span> <span class='ocrx_word' id='word_1_835' title='bbox 2054 4419 2223 4492; x_wconf 88' lang='lat' dir='ltr'><strong><em>(Psal.</em></strong></span> <span class='ocrx_word' id='word_1_836' title='bbox 2250 4422 2300 4476; x_wconf 92' lang='lat'><strong><em>8.</em></strong></span> <span class='ocrx_word' id='word_1_837' title='bbox 2335 4422 2391 4492; x_wconf 88' lang='lat'><strong><em>6)</em></strong></span> <span class='ocrx_word' id='word_1_838' title='bbox 2422 4439 2434 4475; x_wconf 92' lang='lat'><strong>:</strong></span> <span class='ocrx_word' id='word_1_839' title='bbox 2466 4431 2624 4493; x_wconf 87' lang='lat' dir='ltr'><strong><em>atque</em></strong></span> <span class='ocrx_word' id='word_1_840' title='bbox 2653 4423 2754 4479; x_wconf 86' lang='lat' dir='ltr'><strong><em>hoc</em></strong></span> <span class='ocrx_word' id='word_1_841' title='bbox 2785 4425 2956 4494; x_wconf 88' lang='lat' dir='ltr'><strong><em>ipsum</em></strong></span> <span class='ocrx_word' id='word_1_842' title='bbox 2983 4426 3153 4482; x_wconf 84' lang='lat' dir='ltr'><strong><em>Paulo</em></strong></span> <span class='ocrx_word' id='word_1_843' title='bbox 3189 4430 3353 4485; x_wconf 83' lang='lat' dir='ltr'><strong><em>minus</em></strong></span> <span class='ocrx_word' id='word_1_844' title='bbox 3383 4433 3496 4487; x_wconf 87' lang='lat' dir='ltr'><strong><em>ino-</em></strong></span> 
     </span>
    </p>
   </div>
   <div class='ocr_carea' id='block_1_105' title="bbox 1901 4511 3487 4590">
    <p class='ocr_par' dir='ltr' id='par_1_105' title="bbox 1901 4511 3487 4590">
     <span class='ocr_line' id='line_1_105' title="bbox 1901 4511 3487 4590; baseline 0.008 -24"><span class='ocrx_word' id='word_1_845' title='bbox 1901 4511 2183 4567; x_wconf 74' lang='lat' dir='ltr'><strong><em>bedicntia:</em></strong></span> <span class='ocrx_word' id='word_1_846' title='bbox 2213 4521 2489 4582; x_wconf 89' lang='lat' dir='ltr'><strong><em>peccatum</em></strong></span> <span class='ocrx_word' id='word_1_847' title='bbox 2521 4515 2810 4570; x_wconf 80' lang='lat' dir='ltr'><strong><em>introduxit</em></strong></span> <span class='ocrx_word' id='word_1_848' title='bbox 2835 4533 2850 4578; x_wconf 87' lang='lat'><strong>;</strong></span> <span class='ocrx_word' id='word_1_849' title='bbox 2883 4533 3002 4572; x_wconf 88' lang='lat' dir='ltr'><strong><em>nam</em></strong></span> <span class='ocrx_word' id='word_1_850' title='bbox 3033 4531 3154 4589; x_wconf 89' lang='lat' dir='ltr'><strong><em>post</em></strong></span> <span class='ocrx_word' id='word_1_851' title='bbox 3181 4523 3487 4590; x_wconf 24' lang='lat' dir='ltr'><strong><em>przcvaricar</em></strong></span> 
     </span>
    </p>
   </div>
   <div class='ocr_carea' id='block_1_106' title="bbox 1902 4603 3486 4686">
    <p class='ocr_par' dir='ltr' id='par_1_106' title="bbox 1902 4603 3486 4686">
     <span class='ocr_line' id='line_1_106' title="bbox 1902 4603 3486 4686; baseline 0.009 -30"><span class='ocrx_word' id='word_1_852' title='bbox 1902 4603 2102 4658; x_wconf 89' lang='lat' dir='ltr'><strong><em>tionem</em></strong></span> <span class='ocrx_word' id='word_1_853' title='bbox 2149 4605 2250 4657; x_wconf 87' lang='lat' dir='ltr'><strong><em>hoc</em></strong></span> <span class='ocrx_word' id='word_1_854' title='bbox 2301 4603 2548 4674; x_wconf 76' lang='lat' dir='ltr'><strong><em>loquutus</em></strong></span> <span class='ocrx_word' id='word_1_855' title='bbox 2593 4616 2675 4661; x_wconf 87' lang='lat' dir='ltr'><strong><em>est</em></strong></span> <span class='ocrx_word' id='word_1_856' title='bbox 2719 4607 2980 4678; x_wconf 87' lang='lat' dir='ltr'><strong><em>propheta</em></strong></span> <span class='ocrx_word' id='word_1_857' title='bbox 3025 4630 3038 4666; x_wconf 93' lang='lat'><strong>:</strong></span> <span class='ocrx_word' id='word_1_858' title='bbox 3080 4613 3293 4669; x_wconf 87' lang='lat' dir='ltr'><strong><em>videbat</em></strong></span> <span class='ocrx_word' id='word_1_859' title='bbox 3338 4616 3486 4686; x_wconf 81' lang='lat' dir='ltr'><strong><em>igitu:</em></strong></span> 
     </span>
    </p>
   </div>
   <div class='ocr_carea' id='block_1_107' title="bbox 1901 4686 3498 4768">
    <p class='ocr_par' dir='ltr' id='par_1_107' title="bbox 1901 4686 3498 4768">
     <span class='ocr_line' id='line_1_107' title="bbox 1901 4686 3498 4768; baseline 0.009 -20"><span class='ocrx_word' id='word_1_860' title='bbox 1901 4709 2065 4765; x_wconf 87' lang='lat' dir='ltr'><strong><em>super</em></strong></span> <span class='ocrx_word' id='word_1_861' title='bbox 2094 4704 2290 4750; x_wconf 85' lang='lat' dir='ltr'><strong><em>terram</em></strong></span> <span class='ocrx_word' id='word_1_862' title='bbox 2317 4696 2563 4766; x_wconf 87' lang='lat' dir='ltr'><strong><em>angelum</em></strong></span> <span class='ocrx_word' id='word_1_863' title='bbox 2593 4686 2924 4768; x_wconf 79' lang='lat' dir='ltr'><strong><em>terrestrem,</em></strong></span> <span class='ocrx_word' id='word_1_864' title='bbox 2947 4712 3000 4757; x_wconf 88' lang='lat' dir='ltr'><strong><em>et</em></strong></span> <span class='ocrx_word' id='word_1_865' title='bbox 3026 4717 3057 4756; x_wconf 84' lang='lat' dir='ltr'><strong><em>a</em></strong></span> <span class='ocrx_word' id='word_1_866' title='bbox 3085 4717 3179 4758; x_wconf 88' lang='lat' dir='ltr'><strong><em>sua</em></strong></span> <span class='ocrx_word' id='word_1_867' title='bbox 3208 4704 3498 4763; x_wconf 85' lang='lat' dir='ltr'><strong><em>rodebatur</em></strong></span> 
     </span>
    </p>
   </div>
   <div class='ocr_carea' id='block_1_108' title="bbox 1903 4785 3496 4868">
    <p class='ocr_par' dir='ltr' id='par_1_108' title="bbox 1903 4785 3496 4868">
     <span class='ocr_line' id='line_1_108' title="bbox 1903 4785 3496 4868; baseline 0.009 -30"><span class='ocrx_word' id='word_1_868' title='bbox 1903 4785 2097 4839; x_wconf 86' lang='lat' dir='ltr'><strong><em>invidia</em></strong></span> <span class='ocrx_word' id='word_1_869' title='bbox 2128 4785 2339 4840; x_wconf 73' lang='lat' dir='ltr'><strong><em>daemon</em></strong></span> <span class='ocrx_word' id='word_1_870' title='bbox 2376 4787 2640 4842; x_wconf 85' lang='lat' dir='ltr'><strong><em>malorum</em></strong></span> <span class='ocrx_word' id='word_1_871' title='bbox 2682 4801 2870 4846; x_wconf 81' lang='lat' dir='ltr'><strong><em>auctor</em></strong></span> <span class='ocrx_word' id='word_1_872' title='bbox 2899 4809 2914 4846; x_wconf 89' lang='lat'><strong>:</strong></span> <span class='ocrx_word' id='word_1_873' title='bbox 2944 4795 3196 4862; x_wconf 88' lang='lat' dir='ltr'><strong><em>quoniam</em></strong></span> <span class='ocrx_word' id='word_1_874' title='bbox 3223 4811 3347 4851; x_wconf 91' lang='lat' dir='ltr'><strong><em>cum</em></strong></span> <span class='ocrx_word' id='word_1_875' title='bbox 3383 4798 3496 4868; x_wconf 87' lang='lat' dir='ltr'><strong><em>ipso</em></strong></span> 
     </span>
    </p>
   </div>
   <div class='ocr_carea' id='block_1_109' title="bbox 1903 4876 3497 4946">
    <p class='ocr_par' dir='ltr' id='par_1_109' title="bbox 1903 4876 3497 4946">
     <span class='ocr_line' id='line_1_109' title="bbox 1903 4876 3497 4946; baseline 0.01 -18"><span class='ocrx_word' id='word_1_876' title='bbox 1903 4876 2041 4929; x_wconf 89' lang='lat' dir='ltr'><strong><em>inter</em></strong></span> <span class='ocrx_word' id='word_1_877' title='bbox 2080 4889 2340 4945; x_wconf 84' lang='lat' dir='ltr'><strong><em>supernas</em></strong></span> <span class='ocrx_word' id='word_1_878' title='bbox 2383 4878 2608 4934; x_wconf 87' lang='lat' dir='ltr'><strong><em>virtutes</em></strong></span> <span class='ocrx_word' id='word_1_879' title='bbox 2644 4889 2824 4946; x_wconf 84' lang='lat' dir='ltr'><strong><em>esset,</em></strong></span> <span class='ocrx_word' id='word_1_880' title='bbox 2857 4890 2913 4937; x_wconf 86' lang='lat' dir='ltr'><strong><em>et</em></strong></span> <span class='ocrx_word' id='word_1_881' title='bbox 2949 4883 3019 4938; x_wconf 92' lang='lat' dir='ltr'><strong><em>ob</em></strong></span> <span class='ocrx_word' id='word_1_882' title='bbox 3057 4886 3349 4942; x_wconf 85' lang='lat' dir='ltr'><strong><em>voluntatis</em></strong></span> <span class='ocrx_word' id='word_1_883' title='bbox 3385 4903 3497 4944; x_wconf 64' lang='lat' dir='ltr'><strong><em>suae</em></strong></span> 
     </span>
    </p>
   </div>
   <div class='ocr_carea' id='block_1_110' title="bbox 1902 4967 3491 5051">
    <p class='ocr_par' dir='ltr' id='par_1_110' title="bbox 1902 4967 3491 5051">
     <span class='ocr_line' id='line_1_110' title="bbox 1902 4967 3491 5051; baseline 0.012 -31"><span class='ocrx_word' id='word_1_884' title='bbox 1902 4967 2209 5037; x_wconf 83' lang='lat' dir='ltr'><strong><em>nequitiam,</em></strong></span> <span class='ocrx_word' id='word_1_885' title='bbox 2238 4976 2293 5023; x_wconf 89' lang='lat' dir='ltr'><strong><em>et</em></strong></span> <span class='ocrx_word' id='word_1_886' title='bbox 2324 4967 2593 5038; x_wconf 90' lang='lat' dir='ltr'><strong><em>ingentem</em></strong></span> <span class='ocrx_word' id='word_1_887' title='bbox 2619 4971 2897 5040; x_wconf 85' lang='lat' dir='ltr'><strong><em>malitiam,</em></strong></span> <span class='ocrx_word' id='word_1_888' title='bbox 2924 4989 2955 5029; x_wconf 92' lang='lat' dir='ltr'><strong><em>e</em></strong></span> <span class='ocrx_word' id='word_1_889' title='bbox 2979 4989 3190 5033; x_wconf 88' lang='lat' dir='ltr'><strong><em>summo</em></strong></span> <span class='ocrx_word' id='word_1_890' title='bbox 3216 4981 3349 5037; x_wconf 81' lang='lat' dir='ltr'><strong><em>caelo</em></strong></span> <span class='ocrx_word' id='word_1_891' title='bbox 3375 4997 3491 5051; x_wconf 90' lang='lat' dir='ltr'><strong><em>pro-</em></strong></span> 
     </span>
    </p>
   </div>
   <div class='ocr_carea' id='block_1_111' title="bbox 1897 5057 3472 5138">
    <p class='ocr_par' dir='ltr' id='par_1_111' title="bbox 1897 5057 3472 5138">
     <span class='ocr_line' id='line_1_111' title="bbox 1897 5057 3472 5138; baseline 0.012 -25"><span class='ocrx_word' id='word_1_892' title='bbox 1897 5057 2073 5127; x_wconf 80' lang='lat' dir='ltr'><strong><em>iectus</em></strong></span> <span class='ocrx_word' id='word_1_893' title='bbox 2098 5061 2273 5127; x_wconf 79' lang='lat' dir='ltr'><strong><em>fuerit,</em></strong></span> <span class='ocrx_word' id='word_1_894' title='bbox 2301 5077 2492 5132; x_wconf 82' lang='lat' dir='ltr'><strong><em>magna</em></strong></span> <span class='ocrx_word' id='word_1_895' title='bbox 2519 5078 2646 5118; x_wconf 89' lang='lat' dir='ltr'><strong><em>usus</em></strong></span> <span class='ocrx_word' id='word_1_896' title='bbox 2675 5075 2758 5122; x_wconf 89' lang='lat' dir='ltr'><strong><em>est</em></strong></span> <span class='ocrx_word' id='word_1_897' title='bbox 2788 5069 3203 5138; x_wconf 89' lang='lat' dir='ltr'><strong><em>machinatione,</em></strong></span> <span class='ocrx_word' id='word_1_898' title='bbox 3233 5083 3292 5130; x_wconf 91' lang='lat' dir='ltr'><strong><em>ut</em></strong></span> <span class='ocrx_word' id='word_1_899' title='bbox 3318 5085 3370 5130; x_wconf 88' lang='lat' dir='ltr'><strong><em>et</em></strong></span> <span class='ocrx_word' id='word_1_900' title='bbox 3402 5077 3472 5132; x_wconf 89' lang='lat' dir='ltr'><strong><em>ho</em></strong></span> 
     </span>
    </p>
   </div>
   <div class='ocr_carea' id='block_1_112' title="bbox 1901 5151 3494 5229">
    <p class='ocr_par' dir='ltr' id='par_1_112' title="bbox 1901 5151 3494 5229">
     <span class='ocr_line' id='line_1_112' title="bbox 1901 5151 3494 5229; baseline 0.011 -25"><span class='ocrx_word' id='word_1_901' title='bbox 1901 5151 2099 5206; x_wconf 87' lang='lat' dir='ltr'><strong><em>minem</em></strong></span> <span class='ocrx_word' id='word_1_902' title='bbox 2126 5152 2297 5222; x_wconf 87' lang='lat' dir='ltr'><strong><em>gratia</em></strong></span> <span class='ocrx_word' id='word_1_903' title='bbox 2325 5153 2418 5208; x_wconf 91' lang='lat' dir='ltr'><strong><em>Dei</em></strong></span> <span class='ocrx_word' id='word_1_904' title='bbox 2450 5155 2679 5224; x_wconf 88' lang='lat' dir='ltr'><strong><em>privare,</em></strong></span> <span class='ocrx_word' id='word_1_905' title='bbox 2710 5165 2764 5212; x_wconf 90' lang='lat' dir='ltr'><strong><em>et</em></strong></span> <span class='ocrx_word' id='word_1_906' title='bbox 2793 5157 3057 5228; x_wconf 86' lang='lat' dir='ltr'><strong><em>ingratum</em></strong></span> <span class='ocrx_word' id='word_1_907' title='bbox 3083 5162 3304 5229; x_wconf 81' lang='lat' dir='ltr'><strong><em>factum,</em></strong></span> <span class='ocrx_word' id='word_1_908' title='bbox 3337 5169 3494 5222; x_wconf 86' lang='lat' dir='ltr'><strong><em>tantis</em></strong></span> 
     </span>
    </p>
   </div>
   <div class='ocr_carea' id='block_1_113' title="bbox 1902 5237 3496 5316">
    <p class='ocr_par' dir='ltr' id='par_1_113' title="bbox 1902 5237 3496 5316">
     <span class='ocr_line' id='line_1_113' title="bbox 1902 5237 3496 5316; baseline 0.012 -23"><span class='ocrx_word' id='word_1_909' title='bbox 1902 5237 2056 5294; x_wconf 90' lang='lat' dir='ltr'><strong><em>bonis</em></strong></span> <span class='ocrx_word' id='word_1_910' title='bbox 2099 5255 2195 5311; x_wconf 90' lang='lat' dir='ltr'><strong><em>per</em></strong></span> <span class='ocrx_word' id='word_1_911' title='bbox 2228 5241 2463 5297; x_wconf 89' lang='lat' dir='ltr'><strong><em>divinam</em></strong></span> <span class='ocrx_word' id='word_1_912' title='bbox 2507 5243 2799 5300; x_wconf 88' lang='lat' dir='ltr'><strong><em>bonitatem</em></strong></span> <span class='ocrx_word' id='word_1_913' title='bbox 2841 5247 2969 5316; x_wconf 86' lang='lat' dir='ltr'><strong><em>ipsis</em></strong></span> <span class='ocrx_word' id='word_1_914' title='bbox 2994 5253 3269 5307; x_wconf 88' lang='lat' dir='ltr'><strong><em>concessis</em></strong></span> <span class='ocrx_word' id='word_1_915' title='bbox 3295 5255 3496 5311; x_wconf 76' lang='lat' dir='ltr'><strong><em>nudare</em></strong></span> 
     </span>
    </p>
   </div>
   <div class='ocr_carea' id='block_1_114' title="bbox 1903 5332 3494 5414">
    <p class='ocr_par' dir='ltr' id='par_1_114' title="bbox 1903 5332 3494 5414">
     <span class='ocr_line' id='line_1_114' title="bbox 1903 5332 3494 5414; baseline 0.011 -30"><span class='ocrx_word' id='word_1_916' title='bbox 1903 5338 2100 5400; x_wconf 80' lang='lat' dir='ltr'><strong><em>posset.</em></strong></span> <span class='ocrx_word' id='word_1_917' title='bbox 2133 5332 2199 5388; x_wconf 86' lang='lat' dir='ltr'><strong><em>Et</em></strong></span> <span class='ocrx_word' id='word_1_918' title='bbox 2222 5333 2349 5402; x_wconf 91' lang='lat' dir='ltr'><strong><em>quid</em></strong></span> <span class='ocrx_word' id='word_1_919' title='bbox 2376 5333 2536 5390; x_wconf 81' lang='lat' dir='ltr'><strong><em>fecit?</em></strong></span> <span class='ocrx_word' id='word_1_920' title='bbox 2561 5334 2781 5392; x_wconf 90' lang='lat' dir='ltr'><strong><em>lnvento</em></strong></span> <span class='ocrx_word' id='word_1_921' title='bbox 2805 5340 3021 5395; x_wconf 90' lang='lat' dir='ltr'><strong><em>animali</em></strong></span> <span class='ocrx_word' id='word_1_922' title='bbox 3046 5342 3166 5409; x_wconf 89' lang='lat' dir='ltr'><strong><em>hoc,</em></strong></span> <span class='ocrx_word' id='word_1_923' title='bbox 3191 5356 3494 5414; x_wconf 79' lang='lat' dir='ltr'><strong><em>serpentem</em></strong></span> 
     </span>
    </p>
   </div>
   <div class='ocr_carea' id='block_1_115' title="bbox 1901 5422 3495 5501">
    <p class='ocr_par' dir='ltr' id='par_1_115' title="bbox 1901 5422 3495 5501">
     <span class='ocr_line' id='line_1_115' title="bbox 1901 5422 3495 5501; baseline 0.011 -24"><span class='ocrx_word' id='word_1_924' title='bbox 1901 5422 2043 5491; x_wconf 90' lang='lat' dir='ltr'><strong><em>dico,</em></strong></span> <span class='ocrx_word' id='word_1_925' title='bbox 2074 5425 2163 5494; x_wconf 89' lang='lat' dir='ltr'><strong><em>qui</em></strong></span> <span class='ocrx_word' id='word_1_926' title='bbox 2193 5435 2383 5480; x_wconf 66' lang='lat' dir='ltr'><strong><em>caetera</em></strong></span> <span class='ocrx_word' id='word_1_927' title='bbox 2411 5427 2701 5482; x_wconf 87' lang='lat' dir='ltr'><strong><em>calliditate</em></strong></span> <span class='ocrx_word' id='word_1_928' title='bbox 2724 5444 2820 5484; x_wconf 90' lang='lat' dir='ltr'><strong><em>sua</em></strong></span> <span class='ocrx_word' id='word_1_929' title='bbox 2847 5431 3113 5501; x_wconf 68' lang='lat' dir='ltr'><strong><em>vincebat,</em></strong></span> <span class='ocrx_word' id='word_1_930' title='bbox 3142 5435 3279 5490; x_wconf 90' lang='lat' dir='ltr'><strong><em>sicut</em></strong></span> <span class='ocrx_word' id='word_1_931' title='bbox 3300 5448 3354 5492; x_wconf 90' lang='lat' dir='ltr'><strong><em>ct</em></strong></span> <span class='ocrx_word' id='word_1_932' title='bbox 3381 5437 3495 5494; x_wconf 74' lang='lat' dir='ltr'><strong><em>Mo-</em></strong></span> 
     </span>
    </p>
   </div>
   <div class='ocr_carea' id='block_1_116' title="bbox 1901 5519 3494 5599">
    <p class='ocr_par' dir='ltr' id='par_1_116' title="bbox 1901 5519 3494 5599">
     <span class='ocr_line' id='line_1_116' title="bbox 1901 5519 3494 5599; baseline 0.008 -29"><span class='ocrx_word' id='word_1_933' title='bbox 1901 5531 1990 5573; x_wconf 85' lang='lat' dir='ltr'><strong><em>ses</em></strong></span> <span class='ocrx_word' id='word_1_934' title='bbox 2020 5525 2244 5572; x_wconf 90' lang='lat' dir='ltr'><strong><em>testatus</em></strong></span> <span class='ocrx_word' id='word_1_935' title='bbox 2270 5524 2385 5584; x_wconf 89' lang='lat' dir='ltr'><strong><em>est,</em></strong></span> <span class='ocrx_word' id='word_1_936' title='bbox 2412 5533 2532 5572; x_wconf 92' lang='lat' dir='ltr'><strong><em>cum</em></strong></span> <span class='ocrx_word' id='word_1_937' title='bbox 2562 5519 2724 5587; x_wconf 79' lang='lat' dir='ltr'><strong><em>dixit,</em></strong></span> <span class='ocrx_word' id='word_1_938' title='bbox 2769 5519 2895 5575; x_wconf 83' lang='lat' dir='ltr'><strong><em>Erat</em></strong></span> <span class='ocrx_word' id='word_1_939' title='bbox 2929 5534 3098 5578; x_wconf 88' lang='lat' dir='ltr'><strong><em>autem</em></strong></span> <span class='ocrx_word' id='word_1_940' title='bbox 3137 5542 3340 5597; x_wconf 84' lang='lat' dir='ltr'><strong><em>serpens</em></strong></span> <span class='ocrx_word' id='word_1_941' title='bbox 3368 5546 3494 5599; x_wconf 80' lang='lat' dir='ltr'><strong><em>pru-</em></strong></span> 
     </span>
    </p>
   </div>
   <div class='ocr_carea' id='block_1_117' title="bbox 1902 5611 3494 5691">
    <p class='ocr_par' dir='ltr' id='par_1_117' title="bbox 1902 5611 3494 5691">
     <span class='ocr_line' id='line_1_117' title="bbox 1902 5611 3494 5691; baseline 0.008 -29"><span class='ocrx_word' id='word_1_942' title='bbox 1902 5611 2219 5665; x_wconf 87' lang='lat' dir='ltr'><strong><em>dentissimus</em></strong></span> <span class='ocrx_word' id='word_1_943' title='bbox 2248 5612 2471 5666; x_wconf 87' lang='lat' dir='ltr'><strong><em>omnium</em></strong></span> <span class='ocrx_word' id='word_1_944' title='bbox 2498 5612 2767 5669; x_wconf 86' lang='lat' dir='ltr'><strong><em>bestiarum</em></strong></span> <span class='ocrx_word' id='word_1_945' title='bbox 2799 5631 2912 5686; x_wconf 78' lang='lat' dir='ltr'><strong><em>quc</em></strong></span> <span class='ocrx_word' id='word_1_946' title='bbox 2937 5633 3089 5687; x_wconf 78' lang='lat' dir='ltr'><strong><em>super</em></strong></span> <span class='ocrx_word' id='word_1_947' title='bbox 3116 5627 3300 5674; x_wconf 80' lang='lat' dir='ltr'><strong><em>terram</em></strong></span> <span class='ocrx_word' id='word_1_948' title='bbox 3324 5662 3339 5689; x_wconf 98' lang='lat'><strong><em>,</em></strong></span> <span class='ocrx_word' id='word_1_949' title='bbox 3360 5636 3494 5691; x_wconf 87' lang='lat' dir='ltr'><strong><em>quas</em></strong></span> 
     </span>
    </p>
   </div>
   <div class='ocr_carea' id='block_1_118' title="bbox 1967 5762 3248 5832">
    <p class='ocr_par' dir='ltr' id='par_1_118' title="bbox 1967 5762 3248 5832">
     <span class='ocr_line' id='line_1_118' title="bbox 1967 5762 3248 5832; baseline 0.009 -23"><span class='ocrx_word' id='word_1_950' title='bbox 1967 5765 1981 5795; x_wconf 78' lang='grc' dir='ltr'>ι</span> <span class='ocrx_word' id='word_1_951' title='bbox 2017 5762 2230 5825; x_wconf 86' lang='lat' dir='ltr'><strong><em>coislin.,</em></strong></span> <span class='ocrx_word' id='word_1_952' title='bbox 2255 5763 2320 5814; x_wconf 86' lang='lat' dir='ltr'><strong><em>ad</em></strong></span> <span class='ocrx_word' id='word_1_953' title='bbox 2344 5778 2582 5815; x_wconf 82' lang='lat' dir='ltr'><strong><em>summum</em></strong></span> <span class='ocrx_word' id='word_1_954' title='bbox 2606 5767 2829 5819; x_wconf 81' lang='lat' dir='ltr'><strong><em>honorem</em></strong></span> <span class='ocrx_word' id='word_1_955' title='bbox 2848 5767 2995 5832; x_wconf 76' lang='lat' dir='ltr'><strong><em>fuisse</em></strong></span> <span class='ocrx_word' id='word_1_956' title='bbox 3017 5779 3248 5823; x_wconf 81' lang='lat' dir='ltr'><strong><em>evectum.</em></strong></span> 
     </span>
    </p>
   </div>
  </div>
