4058 6302
537 407 647 464 ίῖΐ

537 521 649 576 fecit
694 517 941 573 Dominus
981 514 1116 570 Deus
1154 528 1264 568 :co
1302 511 1453 580 quasi
1498 509 1846 564 instrumento
1880 503 2106 576 quodam

533 623 667 663 usus
688 618 791 671 est,
824 623 918 677 per
943 607 1086 676 quod
1113 605 1405 667 mulierem,
1434 608 1614 669 utpote
1641 596 1931 666 simplicius
1958 604 2012 649 et
2038 596 2117 648 in-

539 700 740 754 llrmius
761 713 874 764 vas,
896 697 1040 764 illius
1059 686 1412 751 familiaritate
1434 692 1484 744 in
1512 694 1752 744 errorem
1773 696 1828 741 ct
1847 685 2116 753 deceptio-

538 803 659 844 nem
686 797 1016 859 provocarat.
1041 784 1108 840 Et
1131 785 1276 848 dixit,
1303 781 1717 851 inqttil,~serpcns
1741 778 1959 830 malim.
1984 774 2118 830 llinc

534 878 727 949 collige
753 878 821 932 ab
848 877 999 932 initio
1027 875 1222 930 nullam
1262 873 1552 929 bestiarum
1581 871 1748 924 virum
1770 909 1785 933 ,
1813 871 1896 921 vel
1926 866 2116 921 mulie-

540 984 652 1024 rem
693 970 981 1032 terruisse,
1011 965 1102 1020 sed
1127 957 1419 1020 dominium
1454 972 1504 1016 et
1541 960 1922 1029 subiectionem
1949 973 2115 1029 agno-

540 1065 701 1125 visse,
727 1070 782 1116 et
804 1061 941 1115 sicut
974 1073 1113 1112 nunc
1138 1057 1429 1111 dotnestica
1456 1052 1722 1116 animalia,
1754 1051 1823 1106 ita
1851 1059 1906 1104 ot
1935 1049 2040 1103 fera
2063 1059 2116 1104 et

541 1158 890 1209 immansueta
920 1161 1047 1205 tunc
1073 1150 1218 1205 mitia
1249 1147 1430 1202 fuisse.

612 1245 666 1299 Ω.
690 1244 908 1312 δαμείη
923 1243 1009 1314 qui
1029 1241 1186 1295 anm
1199 1238 1387 1309 decepit
1403 1239 1502 1290 noti
1523 1243 1632 1288 erat
1645 1234 1838 1287 ratione
1854 1232 2114 1302 pra-ditus.

539 1340 678 1392 —-At
697 1336 830 1391 forte
853 1337 936 1389 hic
954 1331 1268 1388 dubitaverit
1287 1330 1405 1399 quis
1419 1338 1472 1383 et
1491 1325 1780 1396 quaesierit,
1801 1339 1924 1377 num
1945 1322 2115 1376 ethoc

540 1427 734 1482 animal
771 1424 992 1480 rationis
1031 1422 1190 1478 fuerit
1227 1421 1510 1490 particeps.
1551 1415 1664 1470 Non
1691 1415 1761 1469 ita
1791 1422 1911 1467 est:
1942 1411 2110 1475 absit;

537 1517 632 1574 sed
659 1518 692 1571 ii
730 1517 818 1587 qui
866 1514 1168 1584 Scripturas
1211 1519 1505 1580 sequuntur
1550 1505 1841 1575 intelligant
1883 1508 2112 1571 oportet,

541 1611 700 1664 verba
729 1607 944 1679 quidem
971 1620 1091 1661 esse
1115 1602 1334 1668 diaboli,
1351 1615 1508 1671 quem
1558 1595 1750 1652 invidia
1791 1591 2114 1658 concitabat,

542 1711 599 1754 ut
629 1701 697 1753 ita
719 1699 986 1753 hominem
1031 1695 1236 1749 falleret
1267 1709 1283 1747 :
1311 1689 1521 1744 animali
1547 1696 1725 1742 autem
1754 1685 1856 1740 hoc
1897 1695 1954 1738 ut
1996 1683 2114 1738 ido-

543 1806 646 1847 neo
667 1793 1018 1846 instrumento
1041 1783 1284 1841 utebatur
1313 1780 1578 1842 diabolus,
1605 1793 1712 1849 quo
1738 1791 1954 1831 suarum
1979 1775 2117 1830 frau-

537 1881 686 1936 dium
711 1893 832 1936 esea
861 1879 1116 1940 immissa,
1147 1873 1488 1942 supplantare
1517 1868 1742 1940 primum
1787 1876 1968 1936 posset
1995 1881 2114 1920 mu-

539 1972 754 2036 lierem,
804 1983 922 2040 qua:
962 1967 1165 2021 facilius
1200 1963 1372 2032 decipi
1412 1969 1660 2031 poterat;
1698 1968 1752 2012 et
1791 1967 1974 2026 postea
2024 1970 2117 2024 per

538 2063 680 2117 illam
729 2060 888 2114 etiam
947 2055 1326 2126 protoplastum
1370 2049 1750 2119 supplantaret.
1796 2047 1973 2114 Itaque
2017 2044 2120 2098 hoc

539 2153 696 2207 bruto
717 2151 878 2205 utitur
896 2149 962 2202 ad
990 2145 1207 2201 insidias
1251 2141 1632 2201 struendas;et
1657 2153 1752 2208 per
1791 2138 1960 2206 ipsum
1998 2151 2116 2190 mu-

539 2241 660 2296 lieri
707 2239 959 2308 loquitur,
1003 2245 1056 2292 et
1097 2235 1169 2289 ait
1199 2251 1213 2287 :
1243 2232 1414 2298 Quare
1457 2229 1583 2282 dixit
1627 2226 1792 2289 Deus,
1835 2223 1919 2278 Ne
1954 2241 2118 2279 come-

537 2329 670 2384 dutis
684 2345 749 2382 ea:
776 2328 912 2382 omni
940 2327 1077 2396 ligno
1099 2322 1236 2394 quod
1259 2330 1331 2375 est
1356 2321 1408 2373 in
1437 2316 1714 2389 paradiso?
1745 2312 2114 2380 Considerate,

536 2422 781 2485 obsecro,
809 2415 1148 2488 malignitatis
1164 2412 1560 2468 callidissimam
1587 2406 1949 2461 subtilitatem.
1970 2402 2121 2458 Indu-

535 2511 612 2565 cit
654 2510 797 2565 enim
842 2508 1048 2562 ratione
1092 2501 1322 2566 consilii,
1367 2511 1423 2554 et
1464 2494 1913 2567 interrogationis,
1957 2495 2118 2549 etiam

543 2600 685 2672 quod
714 2615 745 2654 a
769 2600 876 2654 Deo
922 2597 1122 2652 dictum
1171 2607 1277 2648 non
1322 2600 1459 2657 erat,
1504 2588 1654 2659 quasi
1697 2586 1900 2641 scilicet
1934 2599 2116 2640 curam

544 2695 779 2762 ipsorum
810 2690 1030 2745 haberet
1055 2706 1070 2742 :
1101 2686 1153 2742 id
1174 2684 1315 2756 quod
1337 2680 1781 2744 ostenditur,cum
1798 2676 1967 2748 inquit
1987 2693 1999 2729 :
2017 2674 2120 2731 Cur

540 2784 670 2837 dixit
698 2780 853 2847 Deus,
879 2779 962 2833 Ne
979 2769 1252 2832 comedetis
1286 2774 1349 2829 de
1385 2774 1522 2828 omni
1549 2773 1686 2844 ligno
1709 2771 1843 2841 quod
1857 2780 1929 2824 est
1948 2771 2000 2824 in
2025 2787 2118 2840 pa-

537 2870 753 2926 οναάὶωῖ
795 2868 944 2940 quasi
991 2867 1191 2922 diceret
1232 2863 1494 2935 malignus
1535 2861 1624 2917 ille
1663 2860 1874 2915 dmon
1904 2878 1916 2913 :
1947 2858 2123 2927 Quare

546 2962 686 3016 Deus
715 2960 945 3030 privavit
964 2972 1060 3012 vos
1089 2963 1234 3010 tanta
1266 2952 1558 3016 fruitione?
1593 2965 1691 3006 cur
1729 2965 1835 3004 non
1878 2949 2123 3004 concedit

544 3059 603 3106 ut
619 3051 905 3124 participes
929 3049 1046 3104 sitis
1069 3047 1328 3104 bonorum
1356 3059 1476 3115 quas
1500 3051 1624 3097 sunt
1648 3041 1700 3095 in
1723 3041 1996 3113 paradiso;
2026 3040 2121 3096 sed

549 3142 792 3213 pmtitit
833 3140 1050 3210 quidem
1089 3144 1148 3192 ut
1172 3135 1288 3192 visu
1333 3133 1660 3197 frueremini,
1701 3147 1809 3186 non
1851 3139 2029 3186 tamen
2056 3146 2123 3185 eo

549 3233 648 3288 frui
694 3232 840 3298 sinit,
868 3239 924 3286 et
959 3227 1149 3299 majori
1201 3226 1472 3296 voluptate
1521 3221 1808 3278 interdicit.
1854 3218 1958 3275 Cur
1999 3220 2125 3274 dixit

553 3325 688 3380 Deus
704 3323 730 3377 .’
747 3324 942 3391 Quare,
974 3321 1166 3390 inquit,
1196 3319 1328 3374 hoc?
1350 3332 1468 3386 qua:
1504 3315 1700 3369 utilitas
1724 3310 1924 3368 versari
1953 3312 2006 3366 in
2027 3325 2124 3381 pa-

551 3414 748 3473 radiso.
775 3422 829 3468 et
857 3427 962 3467 non
979 3410 1080 3466 frui
1109 3410 1194 3465 his
1218 3423 1337 3478 quae
1363 3407 1417 3461 in
1449 3405 1540 3460 illo
1564 3413 1708 3469 sunt,
1730 3402 1826 3457 sed
1866 3401 1987 3456 ideo
2013 3415 2122 3454 ma-

544 3512 716 3577 jorem
765 3507 902 3561 farre
940 3504 1216 3565 dolorem,
1253 3498 1394 3571 quod
1439 3504 1681 3568 spectare
1725 3493 1938 3564 quidem
1977 3492 2126 3546 vobis

548 3601 722 3664 liceat,
771 3598 874 3653 frui
911 3612 1014 3652 non
1057 3592 1247 3650 liceat?
1295 3591 1484 3646 Vidisti
1525 3587 1796 3660 quomodo
1820 3601 1914 3657 per
1942 3585 2122 3652 verba,

550 3691 699 3761 quasi
723 3706 817 3761 per
857 3704 1032 3744 escam
1073 3687 1217 3741 virus
1254 3699 1407 3739 suum
1452 3678 1720 3736 immittit?
1748 3677 1979 3733 Debebat
2007 3692 2127 3730 mu-

551 3782 649 3836 lier
672 3796 737 3836 ex
761 3782 875 3850 ipso
901 3791 1150 3848 aggressu
1172 3773 1494 3830 eminentem
1517 3770 1819 3838 conjectare
1852 3767 2125 3832 malitiam,

559 3881 668 3926 tum
693 3870 834 3942 quod
858 3869 926 3923 de
957 3867 1211 3922 industria
1241 3879 1360 3934 qua:
1399 3878 1504 3917 non
1553 3871 1705 3916 erant
1751 3859 1971 3925 diceret,
2017 3867 2127 3912 tum

554 3962 696 4032 quod
723 3959 871 4030 quasi
908 3972 1096 4014 curam
1139 3955 1373 4024 ipsorum
1417 3959 1647 4022 gereret,
1677 3958 1736 4003 ut
1777 3948 1913 4002 scire
1956 3956 2133 4016 posset

555 4069 672 4122 qua:
713 4052 816 4106 illis
838 4065 868 4104 a
900 4049 1009 4105 Deo
1050 4056 1334 4118 prtecepta,
1367 4053 1420 4099 ct
1454 4043 1530 4097 sic
1555 4041 1620 4095 ad
1641 4039 2130 4111 przevaricationem

555 4148 697 4214 ipsus
723 4143 973 4198 traheret.
1005 4141 1163 4210 igitur
1187 4153 1306 4193 cum
1341 4144 1523 4207 posset
1564 4134 1740 4188 statim
1785 4133 2129 4200 imposturam

556 4236 762 4300 videre,
793 4243 848 4288 et
883 4233 1115 4288 aversari
1162 4230 1319 4285 verba
1357 4229 1435 4282 uti
1465 4227 1703 4295 nugaeia,
1734 4233 1788 4278 et
1825 4223 2054 4290 seipsam
2081 4224 2132 4277 in

557 4334 752 4379 tantam
797 4322 1050 4377 vilitatem
1081 4335 1185 4373 non
1213 4318 1466 4386 dejicere.
1494 4315 1682 4368 noluit.
1706 4312 2017 4382 Oportebat,
2049 4313 2133 4365 in-

557 4431 736 4486 quam,
757 4414 904 4468 initio
929 4411 1253 4480 colloquium
1284 4409 1420 4463 illius
1465 4421 1570 4460 non
1611 4404 1771 4470 ferre,
1806 4403 1899 4458 sed
1935 4404 2007 4457 illi
2035 4404 2134 4458 soli

561 4503 724 4574 loqui,
752 4512 963 4572 propter
991 4515 1171 4570 quem,
1191 4508 1244 4552 et
1273 4501 1323 4552 in
1354 4497 1504 4566 cuius
1533 4495 1850 4565 adjutorium
1882 4493 2136 4562 producta

558 4602 693 4659 erat,
723 4593 981 4661 particeps
1003 4589 1271 4660 dignitatis
1300 4589 1437 4642 illius
1463 4587 1614 4640 facta.
1646 4586 1776 4652 Quia
1805 4594 2004 4648 autem,
2035 4599 2132 4639 ne-

558 4683 670 4737 scio
689 4681 955 4752 quomodo
983 4679 1191 4743 allecta,
1218 4678 1534 4746 colloquium
1585 4675 1845 4745 serpentis
1881 4675 2020 4741 tulit,
2043 4689 2137 4743 per

559 4789 717 4842 quem
743 4814 758 4837 ,
807 4781 862 4826 ut
906 4773 1345 4834 instrumentum,
1396 4767 1690 4840 perniciosa
1732 4767 1928 4821 diaboli
1971 4766 2136 4822 verba

563 4864 814 4935 suscepit,
831 4878 1118 4932 congruum
1144 4870 1259 4916 erat
1279 4861 1454 4914 statim
1479 4874 1598 4913 cum
1620 4858 1850 4913 disceret
1873 4873 1936 4911 ex
1961 4857 2137 4912 verbis

558 4973 695 5026 eius,
725 4970 842 5011 esse
871 4955 957 5009 illa
979 4970 1100 5008 eum
1131 4955 1354 5008 veritate
1380 4951 1664 5021 pugnantia
1689 4959 1743 5004 et
1777 4949 1881 5003 alia
1925 4949 2136 5018 quidem

559 5047 897 5102 Conditorem
948 5046 1255 5115 imperasse,
1304 5043 1406 5096 alia
1449 5048 1626 5096 autem
1675 5039 1844 5104 illum,
1889 5051 1944 5094 ct
1984 5039 2138 5109 plane

561 5138 826 5191 contraria
857 5135 961 5189 Deo
1005 5135 1203 5199 dicere,
1227 5141 1285 5187 ut
1310 5132 1422 5202 ipsa
1468 5139 1821 5193 aversaretur,
1853 5139 1906 5182 et
1935 5128 2140 5199 fugeret

565 5226 706 5280 illius
751 5223 1183 5278 consuetudinem
1210 5262 1224 5287 ,
1275 5220 1771 5288 abominareturque
1812 5219 1957 5272 illum
1983 5258 1997 5282 ,
2047 5218 2138 5288 qui

565 5317 815 5385 linguam,
844 5323 1025 5369 contra
1053 5313 1232 5366 datum
1255 5312 1358 5367 illis
1395 5309 1700 5366 mandatum
1739 5325 1928 5363 acuere
1972 5309 2138 5365 audc—

563 5415 660 5458 ret.
697 5404 889 5459 Verum
912 5405 1031 5473 quia
1057 5418 1162 5471 prie
1192 5415 1378 5471 magna
1401 5399 1717 5471 negligentia
1749 5414 1853 5461 non
1890 5399 2136 5453 attende-

567 5496 680 5561 bat,
709 5512 810 5550 non
864 5495 1034 5550 solum
1080 5509 1186 5548 non
1230 5504 1312 5548 est
1361 5494 1505 5547 illum
1554 5499 1811 5555 aversata,
1843 5491 1937 5544 sed
1982 5505 2139 5545 onme

565 5583 871 5639 mandatum
919 5585 992 5638 illi
1033 5584 1254 5650 detexit,
1286 5591 1338 5638 et
1367 5597 1528 5652 porco
1574 5581 1886 5652 margaritas
1923 5579 2134 5649 obiecit,

568 5673 905 5751 implevitque
926 5677 1064 5745 quod
1086 5691 1116 5728 a
1143 5675 1358 5729 Christo
1400 5673 1597 5727 dictum
1639 5681 1722 5725 est
1754 5688 1766 5723 :
1802 5669 1884 5723 Ne
1932 5671 2139 5724 mittatis

568 5769 883 5838 margaritas
896 5775 1078 5818 restras
1099 5777 1214 5818 ante
1244 5779 1438 5832 porcos,
1474 5776 1534 5816 ne
1558 5766 1685 5832 forte
1711 5760 2137 5812 consolantium

1279 399 1334 467 8.
1374 393 1650 453 JOANNIS
1685 389 2158 448 CflRYSOS'I'OMI
2198 388 2511 446 ABCIIIEP.
2549 388 3083 448 CONSTANTINOP.

3708 392 3810 449 lSB

2221 505 2432 577 pedibus
2459 505 2585 568 suis,
2610 513 2657 559 et
2680 506 2903 560 conversi
2928 521 3014 560 eos
3043 505 3359 574 disrumpunt
3384 504 3594 574 (Matth.
3626 507 3679 560 7.
3702 508 3758 571 ο)
3787 527 3801 562 :

2222 593 2274 650 id
2304 596 2444 666 quod
2474 605 2530 650 et
2549 596 2634 652 hic
2659 596 2853 651 factum
2880 606 2980 650 est.
3012 596 3270 666 Apposuit
3297 597 3438 650 enim
3467 610 3648 665 porco,
3681 596 3806 650 huic

2222 685 2376 741 malae
2416 687 2620 752 bestize,
2661 685 2890 742 dmmoni
2932 686 3199 752 videlicet,
3221 687 3312 756 qui
3356 701 3451 757 per
3496 695 3804 755 serpentem

2221 777 2561 846 operabatur,
2615 777 2824 833 divinas
2870 778 3205 847 margaritas,
3240 787 3294 832 ct
3324 793 3429 831 non
3471 778 3644 832 solum
3685 776 3807 830 illas

2219 867 2572 934 conculcavit,
2601 878 2656 924 et
2683 868 2838 924 dictis
2875 882 2934 924 se
2977 869 3244 938 opposuit,
3276 868 3371 923 sed
3403 876 3458 923 et
3489 881 3803 930 conversus.

2221 971 2324 1012 non
2367 959 2535 1028 ipsam
2577 959 2772 1026 solum,
2798 957 2893 1014 sed
2918 974 3042 1014 cum
3073 960 3186 1030 ipsa
3215 958 3588 1030 primigenium
3633 958 3809 1012 lmini-

2221 1066 2341 1106 nem
2386 1067 2597 1123 quoque
2636 1054 2689 1108 in
2719 1054 3068 1124 przecipitium
3110 1052 3486 1109 inobedientia:
3531 1052 3800 1122 perduxit.

2219 1141 2447 1198 Tantum
2497 1145 2693 1199 malum
2726 1155 2825 1201 est
2857 1145 3058 1216 absque
3085 1143 3294 1200 delectu
3322 1144 3490 1200 cuivis
3517 1154 3570 1198 et
3601 1147 3805 1214 promi-

2218 1249 2346 1290 scue
2383 1235 2561 1290 divina
2603 1237 2852 1308 mysteria
2872 1236 3140 1308 detegere.
3167 1237 3401 1293 Audiam
3429 1236 3520 1307 qui
3547 1237 3663 1292 sine
3685 1236 3770 1291 dis
3787 1265 3810 1276 -

2205 1326 2441 1380 crimine
2492 1325 2805 1398 simpliciter
2835 1341 2956 1383 cum
2985 1326 3235 1382 omnibus
3262 1327 3668 1396 «colloquuntur.
3696 1324 3807 1380 Ne-

2219 1431 2322 1486 que
2342 1419 2485 1472 enim
2527 1417 2597 1473 ibi
2643 1419 2889 1474 Christus
2925 1418 2995 1475 de
3037 1418 3272 1475 sensibili
3317 1434 3482 1490 porco
3527 1419 3806 1491 pmepit.

2219 1508 2581 1565 sedbomines
2626 1511 2858 1580 porcinis
2899 1511 3140 1568 moribus
3169 1510 3621 1582 subindicat,-qui
3665 1512 3810 1568 sicut

2221 1600 2373 1655 bruta
2403 1601 2490 1656 illa
2521 1602 2574 1656 in
2605 1603 2806 1671 peccati
2831 1602 2946 1658 luto
2982 1602 3343 1666 involvuntur,
3371 1601 3572 1658 docens
3598 1617 3718 1667 nos,
3749 1611 3811 1656 ut

2222 1704 2572 1760 personarum
2593 1691 2953 1748 diversitatem
2983 1692 3378 1762 dignoscamus,
3404 1703 3460 1747 et
3488 1693 3607 1749 vita:
3635 1691 3810 1748 ratio-

2221 1794 2318 1835 nes
2345 1781 2693 1850 inqniramus,
2717 1781 2931 1852 quando
2971 1781 3170 1851 aliquid
3199 1781 3515 1837 divinorum
3562 1781 3810 1852 eloquio‘

2223 1887 2341 1926 rum
2369 1887 2643 1942 exponere
2666 1887 2806 1943 opus
2830 1872 3018 1939 fuerit,
3054 1889 3119 1927 ne
3138 1883 3192 1929 et
3223 1873 3342 1928 illos
3371 1883 3423 1928 et
3452 1875 3812 1944 nosmetipsos

2224 1962 2498 2018 ltedamus.
2530 1963 2660 2018 Nam
2689 1965 2781 2034 qui
2807 1965 2939 2021 tales
2953 1974 3101 2032 sunt,
3134 1981 3240 2020 non
3275 1965 3445 2019 solum
3492 1965 3624 2020 nihil
3671 1966 3813 2021 lucri

2223 2068 2289 2108 ex
2313 2053 2472 2108 dictis
2508 2055 2742 2124 capiunt,
2775 2054 2869 2110 sed
2897 2063 2954 2110 et
2974 2069 3069 2110 eos
3088 2055 3178 2125 qui
3205 2054 3372 2116 bonas
3403 2055 3521 2109 illas
3546 2055 3814 2126 margari-

2224 2153 2304 2198 tas
2331 2144 2532 2214 absque
2560 2144 2927 2215 disquisitione
2965 2145 3069 2200 illis
3111 2154 3517 2217 proposuerant.
3549 2159 3731 2201 secum
3757 2146 3814 2201 in

2223 2248 2335 2287 suae
2360 2234 2674 2304 perditionis
2703 2235 3021 2305 profundum
3050 2249 3195 2306 θωνα
3241 2244 3630 2306 pertraxerunt.
3682 2235 3815 2291 ideo

2220 2340 2342 2381 cum
2383 2326 2655 2398 diligentia
2703 2327 3034 2383 observanda
3077 2338 3202 2383 sunt
3228 2328 3366 2393 haec,
3397 2343 3465 2383 ne
3491 2327 3677 2384 eadem
3709 2343 3814 2399 pa-

2223 2418 2416 2473 tiamur
2433 2434 2552 2488 quae
2577 2419 2652 2473 illi
2674 2419 2764 2490 qui
2794 2417 2880 2476 hic
2904 2419 3114 2489 decepti
3157 2429 3302 2475 sunt.
3353 2417 3485 2474 Nam
3513 2428 3570 2475 et
3595 2435 3741 2475 nunc
3767 2422 3816 2474 si

2223 2511 2479 2566 voluisset
2519 2511 2711 2566 mulier
2755 2526 2860 2567 non
2909 2526 3213 2583 proponere
3261 2512 3575 2583 margaritas
3622 2525 3813 2580 porca.

2226 2614 2398 2669 neque
2427 2601 2541 2670 ipsa
2566 2600 2618 2655 in
2661 2601 3011 2671 pmcipitium
3059 2600 3273 2669 ruisset,
3297 2615 3472 2672 neque
3514 2601 3684 2655 virum
3716 2616 3815 2654 se-

2222 2704 2345 2744 cum
2378 2693 2641 2748 traxisset.

2294 2783 2348 2837 ‘5.
2387 2783 2490 2837 Sed
2529 2784 2805 2839 audiamus
2832 2783 2958 2854 quid
2989 2785 3060 2840 illi
3091 2784 3430 2856 respondeat.
3479 2783 3611 2840 Nam
3639 2795 3698 2841 ut
3724 2786 3817 2840 di-

2225 2881 2398 2936 xerat,
2425 2872 2525 2928 Cur
2550 2873 2676 2928 dixit
2701 2872 2861 2941 Deus,
2889 2873 2966 2929 De
2985 2877 3120 2930 omni
3141 2874 3279 2946 ligno
3308 2876 3535 2944 paradisi
3559 2893 3624 2930 ne
3644 2892 3822 2929 come-

2227 2964 2400 3018 datis.’
2425 2965 2595 3035 inquit
2618 2966 2807 3020 mulier
2827 2965 3062 3035 serpenti
3095 2984 3106 3018 :
3135 2965 3190 3020 2.
3217 2965 3293 3020 De
3319 2967 3456 3020 omni
3482 2967 3621 3038 ligno
3659 2983 3821 3036 para-

2225 3053 2326 3106 disi
2350 3054 2687 3119 comedimus;
2731 3055 2782 3108 3.
2816 3055 2880 3109 de
2907 3061 3074 3125 fructu
3100 3066 3267 3110 autem
3303 3057 3447 3126 ligni,
3489 3057 3625 3128 quod
3652 3067 3724 3112 est
3763 3058 3820 3110 in

2227 3147 2390 3198 medio
2426 3146 2672 3215 paradisi,
2724 3146 2851 3199 dixit
2889 3144 3048 3212 Deus,
3091 3162 3153 3200 ne
3188 3147 3480 3211 concedatis,
3505 3163 3660 3217 neque
3686 3150 3823 3200 aui-

2228 3235 2397 3304 geritis
2424 3235 2611 3302 ipsum,
2634 3243 2687 3287 ut
2716 3250 2817 3288 non
2840 3235 3148 3289 moriemini.
3171 3234 3356 3293 Vidisti
3390 3236 3778 3306 malignitatem
3797 3238 3824 3289 ἓ

2233 3323 2374 3377 Dixit
2401 3323 2543 3392 quod
2571 3337 2674 3378 non
2705 3333 2838 3388 erat,
2869 3332 2928 3378 ut
2953 3323 3005 3377 in
3034 3323 3356 3394 colloquium
3385 3335 3721 3394 provocaret,
3763 3335 3823 3381 et

2231 3411 2463 3467 disceret
2499 3413 2549 3468 id
2587 3413 2728 3483 quod
2772 3422 2906 3468 erat.
2937 3412 3124 3468 Mulier
3156 3415 3298 3469 enim
3326 3422 3510 3484 postea
3539 3414 3820 3470 conlidens

2231 3502 2379 3572 quasi
2409 3501 2666 3558 benevole
2691 3517 2815 3573 erga
2839 3517 2898 3557 se
2925 3502 3144 3558 allectus
3167 3514 3329 3568 esset,
3382 3513 3550 3560 totum
3587 3505 3822 3561 manda-

2234 3602 2344 3646 tum
2388 3591 2625 3658 detexit,
2680 3593 3064 3664 diligenterque
3111 3594 3379 3650 recensuit
3401 3595 3602 3660 omnia,
3642 3605 3702 3650 et
3732 3611 3825 3652 re-

2231 3695 2428 3750 sponso
2461 3697 2560 3737 suo
2597 3697 2810 3738 onmem
2847 3684 3160 3754 sibimetipsi
3185 3685 3546 3741 defensionem
3572 3687 3820 3743 abstuli.

2232 3771 2369 3840 Quid
2399 3773 2541 3828 enim
2571 3782 2721 3844 potes
2742 3773 2943 3842 dicere,
2974 3790 3009 3829 ο
3035 3775 3262 3831 mulier?
3304 3774 3447 3830 Dixit
3491 3777 3626 3831 Deus
3658 3780 3700 3843 ί,
3737 3779 3825 3833 Νι

2234 3865 2507 3920 comedatis
2535 3865 2599 3918 de
2624 3865 2760 3918 omni
2781 3865 2916 3935 ligno
2940 3865 3075 3936 quod
3103 3875 3173 3920 est
3208 3867 3260 3920 in
3285 3865 3542 3935 paradiso.
3591 3867 3824 3938 Oporte-

2237 3952 2327 4007 bat
2370 3960 2422 4008 te
2458 3949 2692 4008 aversari
2739 3969 2882 4019 eum,
2911 3954 3001 4023 qui
3047 3955 3255 4010 diversa
3285 3970 3316 4008 a
3348 3955 3457 4010 Deo
3482 3955 3711 4020 dixerat,
3765 3968 3826 4014 ct

2235 4043 2414 4100 dicere
2467 4061 2481 4097 :
2531 4048 2730 4116 Apage,
2774 4045 3035 4115 impostor
3059 4062 3118 4102 es
3148 4055 3223 4109 tu.
3268 4048 3442 4101 nescis
3468 4063 3640 4117 neque
3663 4064 3825 4104 man-

2237 4135 2345 4191 dati
2386 4135 2538 4192 nobis
2585 4137 2694 4192 dati
2743 4139 3069 4207 potentiam,
3128 4153 3300 4208 neque
3327 4138 3541 4208 quantis
3569 4139 3823 4208 fruimur,

2239 4241 2413 4296 neque
2437 4227 2643 4296 copiam
2669 4242 2855 4281 eorum
2899 4243 3018 4296 qum
3046 4227 3200 4282 nobis
3238 4227 3661 4297 suppeditantur.
3682 4229 3824 4286 Nam

2243 4326 2297 4370 tu
2335 4316 2544 4386 quidem
2587 4318 2665 4370 ais
2694 4317 2858 4371 Deum
2887 4318 3102 4379 dixisse,
3155 4318 3356 4372 nullum
3399 4333 3494 4373 nos
3537 4319 3828 4390 degustans

2239 4405 2434 4462 debere
2471 4407 2710 4476 lignum;
2759 4406 3012 4460 Dominus
3050 4418 3225 4461 autem
3254 4417 3307 4462 et
3336 4408 3590 4464 Conditor
3613 4410 3688 4464 ob
3719 4410 3826 4464 im-

2242 4514 2479 4554 mensam
2505 4513 2654 4554 suam
2684 4499 2971 4553 bonitatem
3001 4497 3153 4557 nobis
3176 4499 3415 4568 permisit
3436 4499 3563 4565 frui,
3587 4510 3641 4555 et
3665 4512 3826 4570 pose-

2242 4600 2429 4645 atatem
2479 4590 2675 4646 habere
2716 4593 2989 4655 omnium;
3029 4590 3097 4644 ab
3144 4606 3251 4643 uno
3299 4598 3504 4644 tantum
3547 4594 3827 4648 abstinere

2237 4682 2414 4751 jussit,
2468 4682 2625 4751 idque
2676 4682 2828 4736 nobis
2875 4681 3179 4745 consulens,
3228 4690 3285 4733 ut
3329 4698 3394 4734 ne
3432 4691 3643 4749 gustato
3695 4683 3821 4746 illo,

2241 4785 2413 4829 morte
2440 4773 2895 4828 occumberemus.
2937 4773 3248 4842 Oportebat,
3279 4774 3323 4827 si
3354 4773 3566 4842 quidem
3587 4775 3824 4844 prudens

2242 4866 2444 4930 fuisset,
2493 4865 2574 4920 his
2617 4865 2770 4920 dictis
2810 4866 2954 4918 illum
2997 4865 3214 4918 omnino
3255 4865 3524 4929 aversari,
3581 4866 3826 4936 nihilque

2243 4957 2379 5012 ultra
2421 4957 2492 5010 illi
2539 4956 2711 5024 loqui,
2754 4968 2925 5024 neque
2949 4953 3132 5008 audire
3173 4953 3478 5024 loquentem
3513 4972 3526 5008 :
3560 4955 3655 5010 sed
3691 4957 3822 5018 ista.

2244 5049 2479 5103 revelato
2523 5056 2821 5118 praecepto.
2871 5055 2926 5100 et
2978 5047 3206 5099 narratis
3261 5048 3353 5100 Dei
3399 5047 3612 5112 verbis,
3670 5047 3824 5101 aliud

2243 5139 2502 5193 letiferum
2547 5146 2600 5192 et
2652 5137 3006 5206 perniciosum
3045 5136 3324 5190 consilium
3371 5137 3440 5191 ab
3481 5137 3571 5191 illo
3606 5137 3821 5207 accipit.

2244 5231 2370 5285 Nunt
2401 5240 2680 5300 postquam
2707 5229 2840 5283 dixit
2866 5228 3056 5281 mulier
3105 5245 3117 5282 :
3166 5225 3244 5280 De
3273 5229 3409 5281 omni
3435 5228 3573 5299 ligno
3597 5230 3824 5299 paradisi

2241 5324 2455 5387 edimus,
2495 5323 2557 5375 de
2599 5324 2766 5392 {ructu
2798 5329 2966 5372 autem
3008 5319 3134 5389 ligni
3172 5319 3309 5388 quod
3346 5328 3416 5373 est
3447 5318 3499 5372 in
3541 5319 3702 5373 medio
3727 5337 3826 5388 pa-

2244 5417 2419 5479 radisi,
2471 5417 2600 5471 dixit
2649 5414 2809 5482 Deus,
2857 5430 2917 5467 ne
2945 5413 3221 5467 comedatis
3261 5429 3323 5467 es;
3357 5411 3469 5473 illo,
3511 5427 3667 5482 neque
3699 5414 3826 5464 atti-

2242 5511 2412 5580 geritis
2437 5510 2622 5576 ipsum,
2673 5525 2734 5561 ne
2761 5507 3045 5561 moriemini
3067 5523 3085 5572 ;
3122 5504 3313 5560 iterum
3356 5504 3615 5574 malignus
3634 5502 3824 5557 salutis

2307 5706 2322 5736 ⁸
2348 5705 2496 5756 Savil.
2519 5702 2983 5773 additiumargine,
3010 5716 3159 5766 quare
3189 5703 3253 5766 (τί
3278 5702 3390 5764 ὅτι),
3414 5701 3820 5752 sententiamque

2247 5765 2602 5828 interrogative
2627 5765 2904 5827 distinguit.
