4058 6302
286 371 384 429 ιω

282 495 482 539 metra:
523 479 774 536 inimicus
826 471 1152 531 centrariom
1206 468 1312 521 Deo
1362 462 1643 518 consilium
1696 455 1868 511 all‘ert.

283 578 492 650 Quippe
531 587 654 628 eum
695 567 953 638 benignus
997 564 1134 617 Deus
1165 559 1233 613 ob
1281 569 1526 626 magnam
1572 549 1739 650 nostri
1781 551 1878 650 cu-

285 637 405 720 ea..."
430 637 523 720 Ide
565 662 707 731 ligno
741 671 952 712 sumere
981 648 1330 724 prohibuerit,
1379 653 1437 700 ut
1463 657 1530 698 ne
1557 656 1650 711 per
1689 637 1876 694 inobe-

281 758 543 814 dientiam
586 749 840 812 mortales
870 747 1121 801 heremus
1168 759 1183 796 :
1236 740 1329 794 llle
1363 736 1493 792 dicit
1533 732 1742 789 mulieri
1777 732 1874 786 ιι.

286 848 410 904 Non
455 853 618 899 morte
651 830 952 895 moriemini.
999 833 1153 902 Quali
1198 828 1352 884 venia
1395 825 1698 897 dignabitur
1740 821 1880 877 ullus

285 936 590 1000 mulierem,
628 928 770 1002 quod
795 927 1014 982 omnino
1037 938 1198 979 aures
1234 918 1503 988 aperuerit
1529 926 1636 970 tam
1660 912 1878 1002 audacia

285 1025 528 1082 dicenti?
596 1001 726 1077 Nam
789 1032 912 1074 cum
960 1017 1101 1070 Deus
1159 1010 1377 1074 dixerit,
1432 1007 1512 1062 Ne
1563 1001 1874 1068 comedatis,

287 1130 347 1173 ut
399 1132 469 1172 ne
504 1109 808 1169 moriamini
837 1127 849 1161 :
881 1109 970 1164 ille
1008 1104 1199 1175 inquit,
1236 1101 1356 1155 Non
1381 1106 1542 1152 morte
1576 1093 1876 1150 moriemini.

287 1207 421 1262 Dein
467 1221 577 1259 non
617 1209 900 1258 contentus
936 1194 1203 1252 contraria
1234 1192 1390 1246 dictis
1433 1189 1529 1244 Dei
1573 1186 1877 1257 protulisse,

286 1298 498 1352 incusat
551 1309 675 1350 eum
731 1291 892 1346 etiam
938 1299 996 1342 ut
1043 1284 1278 1340 invidum
1306 1280 1597 1350 Opiﬁce‘m,
1648 1291 1756 1347 quo
1802 1276 1882 1330 sic

287 1387 534 1443 fraudem
581 1384 834 1439 inducere
882 1387 1094 1450 posset,
1163 1384 1219 1430 et
1275 1372 1612 1449 supplantata
1657 1367 1880 1422 muliere

288 1477 624 1548 propositum
671 1489 827 1530 suum
868 1470 1132 1539 impleret.
1196 1465 1319 1519 Non
1373 1473 1534 1517 morte
1574 1453 1879 1514 moriemini.

288 1572 345 1625 5.
389 1570 590 1626 Sciebat
630 1567 764 1621 enim
797 1564 956 1628 Deus,
997 1562 1132 1630 quod
1169 1569 1484 1629 quocumque
1508 1554 1589 1606 die
1613 1548 1881 1604 comedetis

288 1679 356 1718 ex
373 1677 456 1727 eo,
482 1658 774 1730 aperientur
803 1655 935 1708 oculi
963 1651 1131 1716 vestri,
1161 1659 1209 1703 et
1234 1647 1376 1702 eritis
1401 1645 1528 1700 sicut
1555 1641 1646 1705 dii,
1675 1639 1883 1694 scientes

291 1757 478 1807 bonum
516 1763 562 1804 et
598 1748 812 1801 malum.
849 1745 986 1798 Ecce
1032 1750 1194 1796 totam
1238 1752 1416 1793 escam
1449 1753 1462 1788 ε
1492 1733 1710 1811 calicem
1740 1730 1882 1784 enim

295 1843 597 1913 pernicioso
627 1853 835 1894 veneno
865 1837 1079 1906 plenum
1113 1831 1324 1887 mulieri
1371 1827 1556 1891 dedit,
1604 1840 1720 1894 qum
1765 1823 1884 1877 lcti-

293 1941 465 1991 l'erum
489 1933 592 1989 hoc
619 1946 739 1988 esse
762 1931 942 1985 videre
971 1928 1159 1982 nolens
1193 1943 1206 1977 :
1240 1931 1446 1993 poterat
1476 1919 1618 1975 enim
1639 1959 1655 1986 ,
1704 1917 1750 1971 si
1794 1930 1887 1970 v0-

293 2028 504 2091 luisset,
541 2024 610 2079 ab
637 2022 788 2077 initio
818 2020 918 2075 hoc
941 2019 1117 2082 scire;
1159 2015 1255 2071 sed
1298 2023 1350 2068 ut
1397 2011 1598 2067 audivit
1640 2010 1708 2065 ab
1757 2008 1880 2074 illo,

291 2116 441 2187 quod
483 2114 601 2169 ideo
627 2128 777 2168 esum
805 2111 946 2166 hunc
970 2107 1334 2179 prohibuisset
1359 2104 1517 2168 Deus,
1561 2102 1682 2169 quia
1724 2100 1888 2154 sciret

293 2207 483 2263 oculos
520 2205 758 2274 ipsorum
784 2199 1120 2270 aperiendus,
1151 2208 1352 2266 eosque
1391 2195 1529 2248 sicut
1564 2191 1693 2246 deos
1738 2190 1884 2258 fore,

293 2297 531 2351 scientes
569 2295 767 2349 bonum
796 2301 850 2346 et
877 2291 1074 2344 malum
1107 2305 1120 2341 :
1155 2284 1430 2356 mquandie
1455 2282 1745 2338 divinitatis
1792 2295 1890 2350 spe

295 2385 502 2453 inﬂata,
550 2398 739 2454 magna
788 2381 1032 2452 quadam
1081 2393 1264 2434 secum
1321 2375 1673 2445 concipiebat.
1730 2371 1889 2427 Tales

294 2477 444 2531 extim
490 2482 617 2530 sunt
656 2472 1077 2528 machinationes
1123 2467 1358 2532 inimici,
1413 2474 1472 2520 ut
1525 2462 1738 2533 quando
1796 2477 1890 2532 per

295 2565 671 2634 deceptionem
719 2564 772 2617 in
818 2561 1046 2617 sublime
1093 2558 1440 2622 subduxerit,
1473 2553 1685 2610 tandem
1731 2562 1786 2608 et
1837 2555 1888 2607 in

297 2653 621 2726 profundum
649 2668 745 2722 per
774 2663 1015 2721 prmeeps
1042 2647 1276 2717 dejieiat.
1326 2645 1490 2716 Igitur
1533 2653 1594 2699 ut
1629 2644 1888 2714 aequalem

293 2760 362 2800 se.
389 2744 502 2800 fore
547 2743 656 2799 Deo
694 2743 978 2811 imaginata
1027 2747 1130 2802 est,
1176 2738 1244 2792 ad
1271 2753 1419 2792 esum
1464 2735 1792 2807 properavit,
1836 2743 1890 2788 et

295 2837 428 2891 illuc
474 2845 657 2906 postea
699 2834 817 2888 lixit
861 2840 918 2889 et
957 2831 1336 2901 cogitationem
1378 2837 1434 2884 et
1472 2835 1706 2883 mentem
1767 2844 1780 2882 :
1835 2834 1891 2881 et

295 2927 432 2982 nihil
479 2926 620 2981 aliud
660 2924 1033 2980 considerabat
1085 2938 1245 2991 quam
1299 2932 1354 2976 ut
1397 2920 1617 2975 calicem
1661 2935 1691 2973 a
1733 2918 1890 2973 mali-

293 3035 409 3089 gno
430 3018 672 3072 dromone
699 3022 1050 3084 temperatum
1091 3020 1350 3083 epotaret.
1378 3009 1508 3064 Nam
1551 3008 1693 3078 quod
1735 3023 1887 3064 acce-

298 3122 396 3180 pto
431 3109 734 3180 pernicioso
769 3108 862 3163 illo
907 3105 1207 3175 serpentini
1252 3103 1461 3160 consilii
1505 3116 1729 3167 veneno,
1786 3100 1891 3155 tale

298 3203 336 3268 ii
359 3202 403 3254 si
433 3199 665 3254 studimn
695 3197 874 3263 fuerit,
938 3195 1062 3252 audi
1100 3195 1430 3265 Seripturam
1479 3192 1742 3247 dicentem
1774 3208 1787 3245 :
1834 3190 1890 3245 6.

301 3291 373 3343 Et
397 3290 517 3344 vidit
542 3289 722 3342 mulier
743 3288 878 3358 quod
897 3286 1084 3340 bonum
1107 3293 1233 3340 esset
1253 3285 1447 3355 lignum
1477 3282 1545 3336 ad
1571 3280 1889 3346 vescendum,

295 3392 348 3433 et
379 3389 575 3449 gratum
601 3375 763 3430 oculis
789 3375 858 3428 ad
874 3374 1163 3440 videndum,
1187 3377 1562 3445 formosnmque
1584 3370 1652 3422 ad
1673 3378 1896 3424 contem-

297 3471 550 3540 plandum
578 3485 596 3522 :
622 3478 667 3522 et
693 3467 883 3536 accepit
911 3469 973 3520 de
1000 3470 1168 3536 [ructu
1217 3465 1357 3519 illius
1396 3474 1442 3516 et
1492 3462 1726 3516 comedit.
1751 3460 1892 3518 Vere

297 3560 643 3629 Corrumpunt
676 3557 832 3612 bonos
862 3572 1024 3610 mores
1065 3556 1319 3624 colloquia
1357 3569 1511 3623 prava
1544 3553 1618 3623 (t.
1650 3551 1770 3606 Cor.
1802 3553 1891 3606 l5.

297 3651 421 3721 '55).
461 3650 637 3718 Quare
665 3649 807 3704 enim
845 3662 948 3702 non
978 3657 1103 3703 ante
1132 3645 1456 3702 diabolicum
1504 3644 1788 3698 consilium
1817 3643 1890 3698 illi

297 3742 415 3798 tale
455 3740 582 3812 quid
634 3742 686 3796 in
737 3750 969 3796 mentem
1012 3739 1176 3804 venit,
1228 3752 1329 3792 nec
1354 3737 1556 3806 lignum
1588 3736 1689 3790 hoc
1718 3736 1894 3790 consi-

295 3832 529 3899 deravit,
557 3847 658 3887 nec
685 3832 802 3902 ejus
828 3830 1273 3902 pulchritudinem
1305 3828 1476 3883 vidit?
1513 3828 1645 3896 Quia
1678 3827 1896 3883 timebat

300 3923 612 3978 mandatum
657 3923 791 3989 Dei,
843 3934 897 3977 et
941 3921 1392 3992 subsequuturum
1435 3935 1502 3975 ex
1549 3934 1642 3974 esu
1689 3920 1892 3990 suppli-

298 4017 447 4070 cium
471 4029 645 4070 :nunc
672 4022 848 4068 autem
879 4022 1156 4083 postquam
1185 4027 1216 4066 a
1246 4012 1381 4065 mala
1414 4010 1513 4065 hac
1543 4011 1710 4065 bestia
1737 4010 1896 4063 dece-

301 4116 400 4178 pta
431 4115 533 4171 est,
577 4106 649 4160 ita
677 4114 732 4158 ut
759 4103 1006 4159 crederet
1045 4118 1152 4157 non
1203 4102 1377 4156 solum
1407 4100 1537 4156 nihil
1564 4101 1745 4156 damni
1773 4099 1896 4155 hinc

302 4210 578 4267 passuros,
603 4194 698 4250 sed
724 4203 778 4249 et
806 4194 914 4248 Deo
944 4193 1177 4261 :equales
1205 4207 1325 4248 esse
1351 4190 1576 4258 futuros,
1597 4200 1723 4246 tunc
1749 4191 1892 4245 illam

300 4300 432 4357 spes
453 4283 820 4355 promissionis
848 4282 914 4337 ad
940 4281 1260 4338 sumendum
1281 4284 1455 4338 cibum
1483 4282 1691 4351 impulit
1737 4300 1749 4335 :
1798 4297 1894 4336 ne-

299 4391 413 4448 que
442 4379 577 4429 intra
601 4388 728 4428 suos
747 4372 944 4428 limites
984 4383 1258 4437 contenta,
1305 4372 1397 4426 sed
1425 4371 1642 4426 inimico
1676 4380 1728 4426 et
1753 4370 1894 4425 hosti

300 4465 496 4522 salutis
549 4471 746 4518 nostra
776 4463 1032 4532 majorem
1061 4462 1219 4518 tidem
1249 4462 1470 4527 habens,
1514 4477 1673 4532 quam
1718 4462 1895 4518 verbis

303 4562 448 4616 Del:
479 4562 804 4632 experientia
841 4577 937 4617 sua
981 4577 1086 4616 non
1131 4561 1300 4615 multo
1331 4568 1449 4630 post
1471 4559 1658 4614 didicit
1683 4559 1894 4614 consilii

302 4653 623 4722 permciem,
661 4663 716 4708 et
753 4662 947 4722 quanta
978 4653 1253 4707 calamitas
1313 4653 1456 4720 ipsos
1496 4649 1896 4720 deprehensum

299 4751 472 4797 esset.
516 4741 646 4796 Nam
673 4741 739 4796 Ut
767 4743 908 4807 vidit,
940 4741 1130 4812 inquit,
1162 4741 1296 4811 quod
1330 4742 1525 4811 lignum
1560 4748 1682 4793 esset
1712 4741 1897 4794 bonum

299 4833 376 4887 ad
419 4832 734 4894 vescendum,
773 4841 818 4885 et
854 4831 988 4900 quod
1016 4833 1174 4884 oculis
1203 4841 1404 4900 gratum
1424 4831 1491 4883 ad
1517 4831 1809 4894 videndum,
1853 4841 1898 4884 et

303 4923 593 4988 formosum
617 4924 686 4975 ad
727 4922 1191 4992 contemplandum,
1231 4922 1481 4991 cogitavit
1520 4937 1723 4987 secum,
1762 4921 1898 4975 forte

299 5031 372 5069 ex
415 5014 612 5068 diaboli
639 5013 974 5083 deceptione,
1008 5029 1168 5084 quam
1199 5028 1294 5083 per
1313 5023 1614 5084 serpentem
1643 5014 1730 5068 ille
1767 5015 1896 5068 ali‘e.

299 5103 463 5168 rebat
509 5122 522 5158 :
556 5103 614 5159 Si
648 5113 702 5159 et
740 5105 808 5159 ad
837 5105 1160 5158 vescendum
1191 5105 1386 5160 bonum
1412 5114 1496 5160 est
1520 5096 1744 5175 lignum,
1773 5114 1828 5160 et
1853 5106 1896 5161 si

302 5204 516 5248 tantum
537 5194 720 5250 oculos
749 5195 1016 5250 oblectare
1039 5204 1235 5264 potest,
1262 5204 1318 5251 et
1345 5195 1738 5267 pulchritudine
1765 5213 1900 5267 pra:-

302 5286 480 5339 ditum
517 5293 600 5338 est
643 5283 915 5349 inell‘ahili,
957 5285 999 5339 si
1043 5284 1203 5340 etiam
1229 5285 1346 5355 ejus
1371 5287 1603 5355 sumptio
1630 5301 1896 5342 summum

304 5374 468 5430 nobis
518 5374 780 5443 praebebit
830 5375 1125 5439 honorem,
1187 5384 1240 5429 et
1302 5375 1611 5430 habebimus
1657 5376 1898 5431 eamdem

304 5480 472 5536 quam
516 5463 776 5519 Conditor
819 5465 1153 5535 dignitatem,
1200 5479 1364 5534 quare
1410 5481 1523 5520 non
1563 5481 1901 5522 sumeremus

308 5557 377 5610 de
403 5555 506 5609 eo?

381 5649 436 5700 6.
480 5646 671 5703 Vidisti
698 5645 966 5712 quomodo
1002 5647 1143 5701 illam
1170 5645 1412 5702 diabolus
1437 5647 1701 5717 captivam
1731 5647 1896 5712 duxit,

320 5753 374 5796 ct
417 5742 598 5797 allcxit
631 5739 966 5796 ratiocinium
1015 5739 1165 5809 ejus,
1219 5739 1444 5812 fecitque
1489 5751 1551 5797 ut
1583 5758 1699 5812 quae
1740 5757 1897 5816 Supra

1388 351 1449 408 ΙΝ
1491 345 1723 406 CAPJI.
1766 339 2016 402 GENES.
2057 337 2288 396 HOMIL.
2333 335 2472 390 ΧΠ.

3479 322 3590 378 ιω

1989 466 2142 506 suam
2190 447 2502 517 dignitatem
2554 453 2708 500 erant
2752 455 2942 512 sapere
2992 438 3234 502 auderet,
3263 435 3589 506 quemnam.

1985 555 2081 610 spe
2117 554 2277 606 vana,
2333 537 2403 593 ab
2443 535 2529 591 his
2573 547 2790 605 quoque
2831 547 2952 602 quze
3001 529 3102 599 ipsi
3133 541 3390 584 concessa
3425 539 3588 581 erant

1984 627 2304 686 excideret?
2333 625 2398 682 Et
2425 625 2619 696 accepit
2645 624 2708 678 de
2741 625 2908 693 fructu
2942 622 3100 687 illius,
3140 629 3188 673 et
3229 617 3448 673 comedit
3478 634 3498 671 :
3533 633 3585 672 et

1985 719 2124 775 dedit
2160 719 2315 773 etiam
2346 717 2453 772 viro
2488 732 2601 780 suo,
2632 724 2678 769 et
2709 713 3028 768 comederunt
3058 727 3076 766 :
3105 712 3158 766 7.
3187 720 3233 764 et
3261 709 3429 779 aperti
3464 719 3585 763 sunt

1984 812 2118 867 oculi
2158 810 2385 874 illorum,
2432 819 2480 862 et
2519 812 2856 879 cognoscunt
2881 804 3018 876 quod
3056 805 3180 857 nudi
3209 812 3390 858 essent.
3443 801 3582 870 Quid

1984 903 2190 968 fecisti,
2231 917 2265 957 ο
2303 900 2536 956 mulier?
2587 899 2700 954 Non
2749 898 2920 952 solum
2968 894 3266 965 pernicioso
3310 893 3581 964 accepto!

1984 993 2211 1051 consilio
2239 994 2414 1064 legem
2447 1007 2478 1046 a
2519 991 2627 1046 Deo
2653 990 2832 1044 datam
2857 986 3204 1049 conculcasti,
3265 995 3322 1040 et
3359 983 3587 1038 oranda.

1987 1094 2096 1141 tum
2137 1083 2536 1153 contempsisti,
2589 1091 2645 1136 et
2677 1081 2728 1135 in
2769 1087 2968 1134 tantam
2996 1078 3186 1132 venisti
3221 1077 3582 1150 intemperan-

1985 1175 2134 1240 tiam,
2179 1183 2239 1229 ut
2282 1190 2388 1228 non
2432 1181 2683 1227 contenta
2728 1178 2807 1225 tot
2857 1178 3235 1238 tantorumque
3283 1167 3576 1226 lruitione.

1985 1268 2146 1322 etiam
2194 1266 2411 1321 unicum
2457 1266 2560 1319 hoc
2601 1263 2845 1333 lignum,
2893 1260 2964 1315 de
3003 1274 3112 1330 quo
3151 1275 3220 1314 ne
3266 1259 3585 1326 comederes

1987 1365 2318 1429 prteceperat
2346 1354 2624 1422 Dominus,
2663 1368 2794 1409 ausa
2820 1353 2895 1408 sis
2922 1366 3156 1415 sumere,
3196 1359 3250 1406 et
3275 1350 3378 1406 ﬁde
3409 1349 3585 1404 habita

1987 1449 2053 1505 iis
2087 1464 2206 1519 quae
2235 1465 2265 1502 a
2295 1456 2550 1517 serpente
2578 1445 2718 1500 dicta
2745 1452 2909 1511 sunt,
2960 1441 3170 1497 ﬁdelius
3212 1440 3409 1511 putasti
3443 1438 3586 1494 illius

1987 1540 2290 1607 consilium,
2322 1554 2480 1609 quam
2519 1535 2828 1592 mandatum
2873 1550 2905 1589 a
2949 1533 3241 1590 Conditore
3278 1535 3485 1599 datum,
3533 1540 3612 1587 et-.

1989 1633 2044 1687 in
2084 1640 2289 1686 tantum
2349 1629 2569 1698 decepta
2614 1642 2711 1692 es,
2772 1635 2830 1681 ut
2874 1641 2945 1681 ne
2984 1625 3138 1681 venia
3169 1623 3383 1695 quidem
3428 1623 3585 1693 digna

1990 1721 2110 1777 sis?
2208 1720 2343 1775 Num
2406 1719 2549 1775 enim
2612 1719 2850 1788 ejusdem
2903 1727 3106 1772 natura:
3168 1725 3284 1770 erat
3337 1716 3426 1784 qui
3488 1715 3589 1771 hoc

1991 1811 2341 1868 couSulebat?
2400 1812 2474 1864 Ex
2522 1809 2750 1865 subditis
2779 1819 2834 1864 et
2859 1809 3052 1872 servis,
3101 1817 3155 1862 et
3191 1807 3293 1862 sub
3321 1816 3408 1861 tua
3441 1816 3590 1876 pote-

1990 1914 2128 1959 state
2181 1911 2317 1958 erat.
2364 1903 2542 1971 Quare
2586 1903 2662 1956 sic
2711 1902 2936 1970 teipsam
2985 1899 3228 1966 lcedasti,
3249 1908 3305 1953 et
3332 1899 3422 1954 illo
3457 1899 3587 1954 reli.

1991 2006 2098 2059 cto,
2136 2004 2352 2064 propter
2384 2008 2542 2063 quem
2582 1991 2812 2046 formata
2864 2005 2960 2057 es,
3014 1989 3081 2045 ad
3132 1989 3293 2060 cujus
3334 1988 3589 2043 auxilium

1993 2084 2248 2154 producta
2318 2098 2423 2148 es,
2485 2082 2637 2152 cujus
2701 2081 3018 2151 dignitatum
3073 2093 3135 2135 es
3181 2079 3487 2149 particeps,
3537 2089 3594 2133 et

1993 2193 2114 2232 cum
2170 2191 2276 2246 quo
2316 2174 2555 2244 ejusdem
2589 2189 2647 2228 es
2685 2171 2998 2228 substantia:
3043 2181 3098 2226 et
3132 2171 3299 2237 vocis,
3347 2171 3399 2224 in
3442 2170 3594 2224 lami-

1995 2267 2275 2322 liaritatem
2307 2264 2575 2336 serpentis
2617 2264 2801 2318 venire
2848 2261 3170 2328 sustinuisti,
3225 2269 3281 2314 ut
3321 2275 3351 2314 a
3381 2259 3647 2315 diabolo»

1994 2374 2089 2430 per
2108 2357 2250 2412 hanc
2274 2357 2500 2412 bestiam
2527 2356 2800 2424 acciperes
2840 2353 3123 2418 censilium
3150 2351 3433 2408 manifeste
3463 2365 3596 2407 con.

1996 2451 2213 2506 trarinm
2256 2450 2320 2504 iis
2369 2465 2489 2519 qua:
2549 2463 2579 2502 a
2634 2447 2747 2502 Deo
2789 2454 2917 2501 sunt
2955 2445 3198 2515 injuncta
3232 2463 3245 2498 :
3276 2458 3452 2515 neque
3519 2445 3598 2500 sic

1995 2552 2233 2598 aversata
2285 2556 2345 2597 es
2388 2541 2575 2606 illum,
2632 2536 2727 2593 sed
2774 2551 2880 2608 spe
2918 2535 3313 2607 promissionis,
3364 2535 3433 2590 de
3474 2534 3598 2592 cibo

1995 2636 2087 2690 illo
2116 2649 2331 2689 sumere
2360 2646 2487 2687 ausa
2520 2631 2613 2688 es?
2644 2630 3001 2700 Estoigitur;
3051 2629 3276 2698 teipsam
3316 2629 3368 2682 in
3394 2636 3625 2683 tantum--

1995 2725 2348 2797 praecipitium
2389 2723 2682 2793 depuleris,
2724 2731 2780 2777 et
2808 2723 3014 2776 honore
3055 2719 3291 2774 maximo
3347 2719 3594 2790 privave-

1996 2819 2072 2873 ris
2119 2833 2132 2871 :
2206 2830 2372 2884 quare
2409 2821 2465 2869 et
2503 2813 2676 2868 virum
2729 2820 2894 2865 tantae
2948 2811 3117 2864 ruina:
3165 2810 3370 2864 socium
3415 2808 3593 2864 lacis?

1997 2919 2054 2964 et
2096 2909 2253 2977 cujus
2303 2917 2356 2961 te
2385 2907 2701 2976 adjutricem
2744 2917 2866 2957 esse
2910 2901 3219 2970 oportebat,
3264 2901 3410 2955 illius
3461 2901 3595 2956 facta

1995 3016 2056 3057 es
2080 3000 2398 3063 insidiatrix,
2445 3007 2498 3051 et
2532 2997 2602 3050 ob
2642 2994 2920 3049 minimum
2959 2992 3066 3048 cibi
3097 2993 3247 3048 illum
3275 3006 3490 3062 quoque
3523 3002 3599 3048 te-

1996 3108 2117 3149 cum
2147 3107 2179 3147 a
2220 3090 2389 3162 gratia
2423 3089 2515 3144 Dei
2545 3085 2865 3143 abalienas?
2911 3085 3041 3152 Quae
3082 3093 3136 3141 te
3181 3084 3484 3155 prodigiosa
3515 3086 3600 3138 in-

1997 3183 2146 3240 sania
2168 3182 2221 3237 in
2248 3189 2446 3236 tantam
2469 3178 2745 3234 audaciam
2777 3176 3021 3232 induxit?
3051 3175 3166 3232 Non
3201 3176 3333 3232 satis
3361 3174 3483 3231 erat
3507 3176 3604 3230 tibi

1999 3273 2208 3328 beatam
2238 3270 2377 3326 hanc
2402 3270 2562 3324 vitam
2589 3281 2770 3337 agere,
2800 3275 2857 3321 et
2879 3280 3108 3336 corpore
3144 3265 3359 3341 quidem
3388 3267 3598 3330 vestiri,

1999 3380 2172 3437 neque
2196 3362 2493 3439 corporalis
2533 3362 2608 3416 rei
2639 3360 2864 3429 alicujus
2894 3359 3126 3428 indigam
3157 3359 3317 3413 esse?
3353 3358 3600 3414 omnibus

2000 3457 2052 3512 in
2108 3454 2354 3526 paradiso
2393 3452 2532 3517 l‘rui,
2579 3460 2806 3520 excepto
2853 3450 3010 3504 unico
3038 3449 3139 3503 hoc
3167 3449 3598 3520 ligno‘lvisibilia

1999 3549 2177 3604 omnia
2211 3545 2312 3600 sub
2337 3552 2515 3599 vestra
2545 3559 2664 3598 esse
2700 3551 2982 3613 potestate,
3032 3550 3086 3595 et
3122 3549 3176 3596 te
3213 3555 3332 3596 esse
3359 3543 3598 3598 omnium

1998 3644 2310 3700 dominam?
2354 3642 2458 3699 Sed
2490 3641 2644 3696 vanis
2673 3639 2895 3709 decepta
2949 3638 3431 3708 promissionibus,
3478 3653 3598 3710 spe-

2000 3735 2127 3790 rasti
2156 3735 2314 3789 etiam
2347 3733 2399 3787 in
2429 3746 2695 3787 summum
2729 3729 3009 3799 pervenire
3040 3728 3264 3784 honoris
3289 3727 3601 3802 fastigium!

2002 3828 2204 3884 Idcirco
2232 3827 2407 3881 disces
2436 3841 2495 3881 re
2524 3826 2659 3894 ipsa,
2681 3833 2732 3879 te
2762 3836 2866 3877 non
2896 3822 3068 3877 solum
3099 3820 3189 3875 illa
3222 3835 3328 3877 non
3350 3835 3606 3892 assequu-

2001 3929 2172 3974 tnram
2220 3932 2364 3983 esse,
2409 3915 2502 3972 sed
2551 3924 2607 3970 et
2649 3913 2898 3969 omnibus
2931 3913 3042 3982 jam
3084 3926 3114 3966 a
3164 3911 3272 3966 Deo
3325 3911 3416 3966 tibi
3463 3910 3600 3966 datis

2001 4007 2309 4079 privandum
2339 4015 2395 4061 et
2423 4007 2669 4075 teipsam,
2722 4013 2777 4058 et
2813 4003 2988 4056 virum
3031 4019 3044 4055 :
3081 4010 3243 4071 atque
3288 4001 3340 4056 in
3397 4008 3601 4057 tantam

2001 4100 2370 4172 paenitentiam
2420 4097 2666 4162 venietis,
2708 4103 2767 4150 ut
2819 4104 2874 4150 et
2915 4109 3070 4150 serus
3097 4103 3278 4149 vester
3314 4094 3470 4150 dolor
3520 4095 3601 4150 fu-

2001 4203 2170 4260 turus,
2217 4202 2272 4248 et
2309 4193 2573 4262 malignus
2596 4189 2827 4250 dzemon,
2859 4187 2949 4257 qui
2977 4187 3078 4242 hoc
3107 4185 3422 4240 damnosum
3449 4185 3618 4242 vobis.-

2000 4285 2282 4342 consilium
2299 4281 2567 4353 suggessit
2593 4281 2818 4347 risurus,
2841 4279 3102 4348 vobisque
3131 4276 3479 4332 insultaturus
3507 4278 3616 4344 sit,

2003 4386 2185 4447 utpote
2224 4373 2549 4445 jacentibus,
2579 4382 2634 4429 et
2661 4372 2850 4428 eadem
2877 4386 2997 4440 quae
3027 4371 3140 4440 ipse
3165 4369 3367 4439 passis.
3386 4369 3599 4427 Etenim

2000 4470 2139 4523 sicut
2165 4467 2254 4521 ille
2276 4480 2435 4537 supra
2461 4479 2621 4535 quam
2664 4462 2888 4518 decebat
2919 4461 2990 4516 de
3024 4475 3084 4516 se
3125 4461 3385 4526 sentiens,
3415 4476 3444 4515 a
3474 4476 3601 4517 con-

2000 4573 2149 4614 cessa
2181 4556 2434 4626 dignitate
2459 4554 2796 4620 deturbatus,
2845 4562 2898 4608 et
2927 4568 2958 4608 e
2995 4552 3140 4606 caelis
3175 4551 3228 4606 in
3271 4560 3467 4606 terram
3498 4553 3598 4607 de-

1997 4649 2171 4720 jectus
2209 4657 2292 4703 est
2324 4664 2339 4702 :
2367 4645 2506 4701 istud
2533 4645 2708 4715 ipsum
2735 4653 2790 4698 et
2813 4659 2910 4697 vos
2941 4642 3136 4709 facere,
3166 4651 3219 4696 et
3247 4656 3342 4712 per
3362 4642 3602 4698 mandati

2003 4739 2497 4809 prievaricationem
2556 4737 2608 4789 in
2661 4735 2851 4789 mortis
2900 4733 3084 4788 venire
3133 4746 3348 4802 pinnam
3400 4733 3596 4798 voluit,

2004 4832 2074 4886 ita
2119 4846 2231 4885 sua:
2255 4828 2585 4884 satisfaciens
2607 4826 2818 4881 invidiae
2848 4843 2860 4877 :
2895 4826 3035 4879 sicut
3064 4832 3118 4878 et
3142 4823 3357 4894 sapiens
3384 4824 3602 4894 quldam

2003 4921 2210 4977 dicebat
2239 4939 2251 4973 :
2285 4918 2488 4973 Invidia
2523 4927 2690 4971 autem
2731 4915 2942 4981 diaboli,
2991 4931 3128 4968 mors
3156 4915 3211 4968 in
3237 4915 3485 4970 mundum
3521 4918 3603 4969 in-

2005 5015 2151 5067 travit
2193 5011 2350 5082 (Sap.
2379 5010 2432 5063 2.
2462 5008 2579 5076 24).
2629 5006 2697 5060 Et
2735 5007 2893 5074 dedit,
2925 5007 3118 5076 inquit,
3151 4996 3302 5060 etiam
3332 5008 3438 5061 viro
3466 5023 3558 5060 suo
3583 5026 3602 5073 ;

2005 5115 2052 5159 et
2091 5105 2446 5165 comederunt,
2494 5110 2541 5154 et
2584 5100 2747 5169 aperti
2793 5109 2907 5152 sunt
2952 5097 3087 5151 oculi
3138 5098 3363 5151 illorum.
3415 5097 3601 5168 Magna

2005 5197 2162 5252 etiam
2214 5193 2310 5247 viri
2355 5191 2692 5262 negligentia.
2731 5189 2861 5243 Nam
2893 5189 3017 5244 licet
3045 5189 3133 5243 illa
3161 5188 3401 5259 ejusdem
3433 5204 3599 5259 geneo

2007 5289 2079 5343 ris
2111 5295 2275 5352 esset,
2322 5294 2376 5340 et
2417 5298 2570 5349 uxor,
2612 5292 2846 5337 attamen
2896 5281 3179 5350 oportebat
3226 5281 3397 5334 virum
3438 5280 3600 5348 pluris

2009 5382 2183 5436 facere
2229 5388 2549 5450 praeceptum
2603 5377 2728 5440 Dei,
2784 5390 2944 5444 quam
2997 5374 3230 5427 illicitam
3277 5371 3414 5426 hanc
3461 5372 3603 5428 illius

2007 5472 2513 5542 concupiscentiam,
2559 5478 2614 5524 et
2661 5483 2767 5522 non
2817 5467 2928 5521 fieri
2975 5462 3431 5536 praevaricationis
3477 5477 3592 5531 pan

2009 5567 2243 5636 ticipem,
2273 5578 2443 5634 neque
2482 5563 2552 5617 ob
2574 5559 2826 5618 minimas
2853 5560 3147 5626 voluptates
3174 5556 3333 5609 tantis
3364 5554 3598 5623 seipsum

2081 5750 2093 5778 ¹
2133 5742 2274 5795 Savil.
2299 5749 2351 5795 et
2373 5750 2498 5801 uss,
2520 5749 2557 5792 0
2579 5736 2794 5790 mulier?
2815 5749 2964 5800 quare
2983 5732 3254 5802 pernicioso
3267 5740 3479 5796 accepto.
3503 5740 3600 5780 me.
