4058 6302
613 369 706 425 1³51
1309 366 1368 422 ὃ.
1403 363 1677 422 JUANNIS
1707 358 2177 421 CIIIiYSOSTUlll
2214 356 2534 419 MICIIIEP.
2573 354 3102 413 CONSTAN'I‘INOI’.

612 480 818 548 privare
841 476 1018 542 bonis,
1047 484 1101 531 et
1127 474 1397 531 oll‘endere
1429 474 1841 540 benefactorem,
1883 474 1973 543 qui
2017 470 2166 527 illum

613 574 754 621 tanta
792 565 1112 635 benignitate
1142 564 1517 634 ‘.ampleaatus
1555 573 1693 627 erat,
1731 563 1996 631 vitamque
2021 559 2171 614 dolo-

611 655 685 711 ris
722 665 777 712 et
814 656 1010 713 laboris
1052 658 1223 710 omnis
1263 664 1532 724 expertem
1582 661 1937 710 concesserat.
1983 653 2173 706 Annon

611 746 754 801 enim
796 745 988 800 licebat
1022 744 1267 799 omnibus
1311 743 1430 799 aliis
1479 758 1598 814 qua:
1634 744 1686 798 in
1725 741 1969 811 paradiso
2022 747 2178 795 erant

610 836 818 892 abunde
840 835 984 891 frui?
1024 851 1191 905 quare
1224 844 1331 891 tam
1368 836 1486 892 leve
1526 835 1825 890 mandatum
1870 846 2043 903 neque
2063 832 2178 902 ipse

611 916 818 981 voluisti
849 926 1101 979 servare?
1139 916 1245 981 Sed
1281 925 1419 981 forte
1454 925 1697 980 audivisti
1734 939 1763 977 a
1810 923 2029 979 muliere
2056 938 2175 994 pcr-

612 1016 794 1071 niciusi
839 1016 1042 1070 consilii
1086 1016 1511 1086 promissionem,
1555 1025 1609 1069 et
1649 1029 1746 1085 spe
1772 1015 1931 1069 etiam
1956 1015 2069 1082 ipse
2099 1012 2179 1065 in-

610 1108 783 1171 ﬂatus,
805 1105 907 1159 cibi
934 1104 1111 1159 statim
1144 1105 1404 1175 particeps
1428 1103 1596 1157 factus
1621 1117 1700 1157 es.
1735 1103 1933 1158 Idcirco
1955 1111 2176 1171 uterque

610 1196 921 1264 supplicium
948 1196 1103 1250 luetis
1126 1234 1139 1261 ,
1171 1194 1482 1264 docebitque
1507 1208 1601 1249 vos
1619 1208 1798 1249 rerum
1816 1189 2137 1263 experientia
2158 1232 2173 1257 ,

610 1303 713 1340 non
756 1301 875 1342 esse
914 1285 1019 1340 fide
1055 1284 1263 1354 dignius
1303 1282 1519 1353 maligni
1562 1280 1822 1338 damonis
1864 1281 2173 1344 consilium,

608 1390 765 1444 quam
796 1375 885 1429 Dei
914 1384 1255 1444 praeceptum.
1303 1370 1370 1426 Et
1400 1372 1537 1427 dedit
1565 1373 1713 1426 etiam
1732 1372 1838 1426 viro
1858 1386 1981 1434 atto;
2018 1379 2065 1424 et
2087 1385 2176 1422 co-

608 1466 885 1530 mederunt,
915 1475 961 1519 et
988 1465 1148 1533 aperti
1175 1472 1290 1519 sunt
1319 1464 1451 1517 oculi
1472 1464 1752 1529 amborum,
1779 1472 1826 1516 et
1848 1467 2176 1531 cognoverunt

608 1555 742 1624 quod
766 1554 888 1607 nudi
912 1564 1091 1608 essent.

676 1644 729 1699 5.
767 1644 1001 1708 Qumstio
1021 1657 1207 1709 magna
1234 1641 1385 1696 nobis
1414 1640 1537 1695 hinc
1566 1642 1798 1694 nascitur
1816 1681 1831 1702 ,
1858 1654 1919 1695 ea
1945 1638 2171 1705 scilicet,

608 1744 763 1800 quam
805 1745 973 1799 nuper
1003 1728 1290 1799 pollicebar
1316 1729 1524 1784 caritati
1568 1737 1775 1783 vestrae.
1806 1727 1993 1782 Merito
2031 1727 2174 1781 enim

610 1823 728 1892 quis
757 1822 1039 1892 rogaverit,
1061 1835 1218 1890 quam
1247 1821 1497 1874 virtutem
1532 1818 1775 1874 habuerit
1812 1818 1913 1873 hoc
1940 1818 2173 1886 lignum,

608 1913 759 1981 cujus
786 1925 912 1967 esus
938 1911 1147 1966 illorum
1181 1911 1362 1967 oculos
1382 1911 1684 1980 aperuerit,
1710 1919 1765 1964 et
1793 1924 1955 1980 quare
1980 1911 2175 1979 lignum

610 2004 845 2059 scientia:
864 2002 987 2059 boni
1004 2012 1057 2057 et
1076 2003 1199 2056 mali
1218 2012 1454 2057 vocetur.
1479 2001 1548 2055 Et
1574 2002 1617 2056 si
1646 2000 1836 2070 placet,
1850 2010 2170 2069 exspectate,

609 2102 666 2146 nt
700 2106 862 2161 pauca
894 2091 1053 2146 etiam
1088 2090 1156 2145 de
1205 2090 1288 2145 his
1318 2090 1588 2146 disserens
1631 2090 1906 2144 caritatem
1945 2098 2173 2143 vestram

605 2183 844 2246 doceam,
862 2180 905 2235 si
932 2179 1250 2234 voluerimus
1270 2178 1578 2249 prudenter,
1596 2194 1714 2248 quas
1745 2178 1799 2233 in
1821 2177 2001 2232 divina
2028 2178 2175 2234 Scri-

608 2281 758 2338 ptura
784 2269 1048 2333 dicuntur,
1083 2268 1395 2338 intelligere,
1423 2268 1551 2322 nihil
1580 2269 1841 2323 dictorum
1868 2268 2023 2322 nobis
2049 2267 2177 2322 diffi-

605 2360 707 2415 cile
748 2360 918 2414 visum
959 2360 1046 2414 iri.
1072 2358 1255 2429 Neque
1283 2359 1424 2414 enim
1467 2374 1589 2412 esus
1624 2374 1689 2412 ex
1719 2372 1784 2414 eo
1813 2358 1953 2427 ligno
1991 2357 2176 2413 oculos

606 2452 819 2507 illorum
864 2451 1111 2517 aperuit:
1147 2464 1269 2504 nam
1318 2458 1371 2505 et
1413 2459 1538 2505 ante
1577 2465 1724 2504 esum
1772 2449 2053 2515 videbant;
2080 2450 2174 2504 sed

604 2541 725 2611 quia
754 2554 879 2595 esus
904 2538 993 2595 ille
1016 2538 1387 2595 inobedientia:
1415 2548 1530 2595 erat
1554 2548 1943 2609 argumentum,
1963 2549 2016 2594 et
2042 2555 2175 2611 prte-

606 2629 859 2684 varicatio
900 2628 1131 2683 mandati
1171 2643 1203 2683 a
1235 2628 1342 2682 Deo
1383 2629 1559 2683 traditi
1592 2647 1605 2681 :
1637 2644 1793 2698 quam
1843 2630 1915 2683 ob
1956 2644 2172 2683 causam

602 2727 786 2788 postea
833 2718 1013 2773 nudati
1054 2728 1177 2772 sunt
1222 2719 1418 2788 gloria,
1450 2734 1569 2789 qu;c
1614 2721 1732 2775 illos
1778 2720 2174 2786 circumdabat,

602 2810 724 2878 quia
772 2824 830 2864 se
872 2809 1116 2880 indignos
1164 2809 1258 2864 tali
1304 2808 1508 2866 honore
1560 2812 1791 2866 fecerant
1830 2830 1843 2865 :
1895 2822 2174 2882 pr0pterea

606 2900 876 2970 Scriptura
916 2916 1118 2956 morem
1152 2916 1307 2956 suum
1350 2901 1637 2957 observans
1657 2944 1673 2969 ,
1700 2904 1906 2974 inquit:
1936 2903 2176 2960 Conteris-

608 2998 722 3045 rtmt
746 3030 760 3055 ,
783 3000 829 3045 et
854 2992 1014 3059 aperti
1053 3003 1166 3046 sunt
1188 2994 1323 3047 oculi
1342 2993 1544 3047 illorth
1566 3035 1580 3057 ,
1611 3005 1656 3047 et
1679 3008 2015 3065 cognovenmt
2043 2998 2175 3068 quod

610 3080 731 3135 nudi
751 3089 909 3134 essent
931 3096 951 3145 ;
977 3080 1155 3136 nudati
1182 3089 1400 3153 propter
1424 3093 1699 3153 peccatum
1724 3099 1967 3155 superna:
1995 3085 2178 3156 gratia:

608 3168 801 3223 amictu
822 3210 836 3233 ,
866 3168 1132 3225 sensibilis
1172 3186 1284 3226 suae
1311 3171 1560 3226 nuditatis
1585 3187 1797 3227 sensum
1824 3184 2177 3244 acceperunt,

602 3266 663 3309 ut
694 3271 786 3325 per
805 3256 1246 3325 erubescentiam,
1274 3274 1393 3329 qua:
1417 3260 1697 3315 invadebat
1723 3263 1885 3333 ipsos,
1908 3273 2057 3319 certo
2076 3265 2178 3319 sci-

609 3354 731 3403 rent
765 3348 817 3400 in
864 3356 1112 3417 quantam
1148 3349 1355 3403 ruinam
1400 3350 1544 3421 ipsos
1592 3352 1899 3407 adduxisset
1946 3355 2176 3410 mandati

606 3435 855 3490 dominici
901 3438 1281 3505 prmvaricatio.
1325 3438 1424 3506 Qui
1480 3442 1622 3495 enim
1668 3452 1820 3496 antea
1868 3444 2177 3500 fruebantur

607 3534 751 3579 tanta
779 3524 988 3593 fiducia,
1018 3535 1072 3582 et
1099 3542 1271 3597 neque
1297 3530 1399 3583 sibi
1425 3532 1623 3585 conscii
1668 3543 1823 3587 erant
1854 3547 1971 3590 sese
2006 3534 2175 3590 nudos

608 3628 765 3669 esse:
798 3630 893 3668 uec
940 3616 1067 3670 nudi
1111 3626 1281 3681 erant,
1310 3619 1731 3690 quandoquidem
1760 3638 1988 3693 superna
2032 3625 2176 3696 ipsos

607 3704 774 3772 gloria
817 3705 1003 3773 quovis
1056 3709 1372 3763 vestimento
1427 3709 1701 3767 honestius
1762 3716 2017 3784 tegebat:
2056 3727 2176 3787 post

604 3808 776 3856 csum,
804 3794 903 3847 hoc
929 3802 1029 3858 est,
1064 3804 1181 3865 post
1208 3800 1699 3867 praevaricationem
1752 3814 2134 3874 praeceptorum
2155 3847 2171 3873 ,

606 3883 659 3935 in
687 3889 884 3935 tantam
916 3884 1167 3938 vilitatem
1207 3886 1409 3942 redacti
1446 3899 1587 3955 sunt,
1617 3901 1674 3945 ut
1697 3891 1766 3945 ob
1791 3893 2174 3951 intolerabilem

610 3970 860 4038 pudorem
904 3982 1104 4027 vestem
1154 3984 1277 4031 tunc
1318 3990 1644 4047 quzererent.
1694 3982 1899 4053 Quippe
1945 3986 2175 4042 mandati

611 4060 974 4128 praevaricatio
1014 4072 1068 4116 ut
1111 4068 1445 4133 supervenit,
1478 4079 1678 4124 vestem
1719 4072 1863 4125 illam
1904 4090 2092 4129 novam
2124 4086 2177 4131 et

606 4149 991 4219 admirabilem,
1018 4154 1201 4223 gloria:
1229 4158 1438 4224 inquam
1460 4173 1518 4212 ac
1538 4175 1778 4229 supernae
1796 4164 2174 4222 benevolentia:

608 4254 711 4308 qua
737 4240 905 4296 induti
936 4252 1090 4298 erant
1111 4285 1125 4309 ,
1154 4246 1402 4311 abstulit,
1433 4258 1488 4303 et
1516 4252 1763 4306 nuditatis
1784 4270 1997 4311 sensum
2034 4273 2171 4327 prie-

609 4330 742 4396 buit,
771 4332 995 4403 illosque
1025 4335 1223 4404 ingenti
1253 4338 1454 4406 pudore
1478 4341 1844 4399 circumdedit.
1872 4348 1925 4402 7.
1954 4346 2020 4400 Et
2048 4366 2171 4404 con-

605 4432 809 4473 suerunt
830 4422 955 4491 [alia
983 4425 1129 4491 ficus,
1153 4436 1197 4478 et
1225 4429 1446 4496 fecerunt
1472 4432 1790 4503 sibimetipsis
1821 4441 2167 4495 succinctoria.

604 4507 859 4576 Obsecro,
883 4510 1108 4577 dilecte,
1139 4517 1331 4586 cogita,
1362 4523 1627 4588 quomodo
1653 4534 1703 4579 et
1733 4527 1761 4578 a
1799 4537 1992 4596 quanto
2027 4531 2173 4587 fasti-

606 4602 693 4668 gio
730 4600 782 4655 in
829 4602 1145 4671 profundum
1192 4610 1537 4679 praecipitium
1581 4616 1771 4685 dejccit
1817 4619 1937 4675 illos
1975 4622 2171 4681 diaboli

603 4692 901 4747 consilium.
921 4694 1048 4749 Nam
1079 4706 1222 4753 tanta
1265 4702 1428 4770 gloria
1455 4704 1649 4760 dudum
1674 4710 2004 4780 circumdati,
2034 4732 2172 4771 nunc.

606 4784 729 4838 folia
757 4785 889 4839 ficus
916 4801 1197 4855 consuunt,
1230 4803 1283 4847 et
1309 4794 1406 4850 sibi
1438 4800 1782 4858 succinctoria
1811 4806 2024 4864 faciunt.
2064 4811 2173 4868 Iloc

600 4874 885 4975 diabolicae
904 4878 1228 4949 deceptionis
1272 4885 1471 4943 lucrum
1517 4901 1634 4946 est:
1666 4894 1766 4951 hoc
1815 4903 2018 4956 consilii
2055 4905 2170 4975 ejus

601 4964 943 5032 machinatio,
972 4977 1027 5023 ut
1057 4986 1160 5025 non
1189 4975 1362 5030 solum
1386 4980 1586 5049 majora
1616 5000 1718 5039 non
1747 4990 2046 5060 conferret,
2076 4964 2170 5051 sed

599 5063 651 5106 et
676 5055 948 5123 acquisitis
973 5059 1233 5128 nudaret,
1272 5074 1326 5119 et
1348 5067 1625 5133 destitutos
1665 5078 1731 5131 ab
1758 5078 1819 5132 iis
1842 5095 1959 5149 qua:
2006 5055 2171 5143 habe-

604 5143 731 5197 bant
755 5146 1079 5203 ostenderet.
1110 5150 1287 5222 Itaque
1310 5158 1430 5227 quia
1466 5162 1569 5217 cibi
1604 5168 1813 5222 occasio
1853 5143 2167 5240 praevarica-

601 5233 796 5289 tionem
838 5234 992 5304 fecit,
1025 5239 1220 5296 idcirco
1273 5246 1435 5316 inquit
1486 5252 1753 5322 Scriptura
1786 5278 1798 5309 :
1826 5233 1892 5313 Et
1936 5269 2167 5322 comede-

602 5334 751 5387 runt,
786 5335 834 5378 et
859 5330 1021 5397 aperti
1040 5343 1156 5385 sunt
1185 5338 1316 5389 oculi
1344 5355 1513 5393 eorum
1541 5358 1558 5395 :
1588 5361 1690 5400 non
1720 5349 1787 5404 de
1830 5356 2167 5414 scnsibilibns

599 5416 768 5470 oculis
812 5418 1011 5488 dicens,
1042 5424 1136 5478 sed
1183 5426 1251 5481 de
1298 5444 1457 5486 sensu
1503 5438 1713 5492 mentis.
1745 5440 1874 5496 Nam
1920 5450 2164 5516 quoniam

602 5505 845 5562 mandata
879 5517 1195 5581 transgressi
1219 5529 1363 5586 sunt,
1390 5522 1639 5580 Dominus
1664 5542 1755 5582 eos
1782 5505 1981 5591 sentire
2002 5540 2167 5596 voluit

660 5698 679 5729 ι
714 5704 786 5750 ait:
809 5702 972 5753 Morel.
998 5706 1129 5768 Apud
1152 5710 1285 5760 savii.
1315 5720 1363 5762 ct
1386 5720 1511 5774 Mssa,
1546 5726 1675 5771 tanta
1697 5726 2065 5791 magniﬁcentia.

3754 354 3853 410 Ικῖ

2287 484 2348 525 ea
2369 483 2488 540 qua
2510 478 2635 525 ante
2652 467 2723 524 ob
2744 468 3069 538 singularem
3095 468 3238 524 illius
3267 468 3321 523 in
3346 482 3407 525 se
3428 467 3853 525 benevolentiam

2278 574 2385 615 non
2407 559 2728 614 sentiebant.
2751 558 2913 627 Igitur
2938 573 3059 614 cum
3088 558 3351 625 audieris,
3375 558 3553 629 Aper-ti
3579 570 3696 615 sunt
3721 561 3855 615 acati

2278 651 2484 705 illorum
2512 666 2532 704 :
2556 650 2658 705 hoc
2680 651 2875 720 cogita,
2898 650 3041 706 illum
3080 650 3322 706 effecisse
3346 661 3403 706 ut
3431 661 3614 724 postea
3638 653 3849 708 nudita-

2282 750 2387 795 tem
2430 742 2692 796 sentirent
2717 750 2769 795 et
2799 740 3150 810 privationem
3196 740 3379 811 gloria:
3412 756 3517 812 qua
3553 751 3677 799 ante
3700 758 3854 799 esum

2282 830 2609 884 fruebantur.
2637 829 2790 897 Quod
2831 838 3008 886 autem
3049 829 3164 885 bare
3192 832 3260 885 sit
3300 829 3592 900 Scriptum:
3626 848 3856 889 consue-

2280 918 2427 985 tudo,
2458 918 2584 973 audi
2637 920 2783 974 illam
2820 919 2949 975 alibi
2991 920 3258 977 dicentem
3291 939 3307 976 :
3337 937 3457 977 nam
3497 939 3618 978 cum
3661 925 3854 981 ancilia

2278 1008 2453 1064 Sarra:
2478 1008 2772 1066 dominium
2796 1002 3003 1083 fugiens
3030 1021 3255 1078 erraret,
3273 1023 3328 1069 et
3348 1015 3521 1083 posito
3541 1015 3691 1084 juxta
3716 1015 3855 1072 abie-

2280 1107 2385 1155 tem
2408 1116 2591 1173 puero,
2615 1116 2645 1155 a
2676 1101 2832 1171 longe
2858 1102 3225 1159 consideraret
3268 1104 3410 1160 illius
3454 1115 3679 1161 mortem
3704 1146 3721 1172 ,
3767 1107 3854 1162 in-

2280 1192 2393 1259 quit
2424 1208 2438 1243 :
2470 1191 2680 1261 Aperuit
2729 1190 2865 1248 Dm
2907 1194 3081 1248 oculos
3124 1195 3264 1265 Agar
3303 1194 3454 1265 (Gen.
3480 1197 3570 1253 2|.
3605 1199 3715 1270 ιθ),
3746 1214 3856 1253 non

2279 1281 2419 1351 quod
2459 1283 2686 1338 antehac
2733 1299 2836 1338 non
2884 1284 3096 1351 viderit,
3128 1287 3221 1341 sed
3259 1287 3401 1357 quod
3444 1298 3676 1345 mentem
3714 1292 3858 1346 illius

2280 1372 2543 1427 excitarit.
2580 1372 2740 1430 Vides
2786 1374 3040 1442 verbum,
3065 1378 3309 1447 Aperuit,
3361 1392 3468 1435 non
3510 1380 3577 1436 de
3604 1396 3861 1451 corpora-

2283 1462 2419 1517 libus
2445 1463 2618 1518 oculis
2647 1464 2771 1527 dici,
2803 1466 2896 1519 sed
2917 1465 2986 1520 de
3013 1480 3174 1522 sensu
3204 1469 3467 1525 mentali?

2348 1552 2459 1609 Cur
2481 1554 2672 1624 lignum
2699 1555 2921 1610 scientia:
2938 1556 3231 1613 dicatur.-—
3256 1557 3485 1628 Idipsnm
3511 1570 3565 1615 et
3592 1560 3661 1615 de
3685 1560 3859 1617 altera

2279 1644 2573 1710 quastione
2633 1645 2967 1709 dixerimus,
3016 1659 3139 1716 quae
3194 1646 3318 1703 hinc
3363 1650 3624 1705 exoritur.
3662 1651 3864 1707 Dicunt

2279 1735 2420 1789 enim
2446 1752 2458 1787 :
2486 1733 2663 1802 Quare
2694 1737 2893 1807 lignum
2937 1738 3176 1793 scientia:
3215 1739 3339 1796 boni
3364 1752 3417 1797 et
3442 1743 3568 1798 mali
3594 1747 3867 1801 vocatur?

2280 1826 2414 1880 Sunt
2436 1826 2579 1881 enim
2606 1828 2927 1882 contentiosi
2969 1828 3118 1883 multi
3142 1830 3231 1899 qui
3256 1830 3438 1886 dicere
3462 1834 3692 1901 audent,
3727 1845 3856 1905 post

2280 1930 2429 1971 esum
2455 1915 2581 1987 ligni
2609 1916 2886 1973 scientiam
2922 1918 3173 1976 habuisse
3220 1921 3390 1978 Adam
3420 1924 3487 1979 ad
3530 1926 3852 1982 discemen-

2280 2006 2407 2061 dum
2453 2006 2652 2062 bonum
2703 2018 2759 2062 ct
2792 2009 2990 2065 malum
3044 2029 3056 2063 :
3100 2012 3151 2066 id
3204 2015 3347 2085 quod
3402 2027 3661 2073 extrema:
3696 2019 3863 2076 fuerit

2279 2096 2550 2152 amentia}.
2578 2097 2710 2152 Nam
2740 2108 2958 2169 propter
2987 2100 3088 2157 hoc
3114 2119 3275 2175 nuper
3310 2119 3432 2160 cum
3447 2109 3864 2176 praeviderimus

2281 2185 2416 2249 lucc,
2443 2187 2512 2242 de
2553 2188 2814 2258 sapientia
2845 2190 3048 2246 homini
3089 2207 3121 2247 a
3152 2193 3262 2250 Deo
3289 2198 3481 2250 tradita
3528 2208 3634 2253 tam
3677 2202 3868 2258 multis

2283 2276 2625 2331 tractavimus
2644 2317 2660 2342 ,
2692 2277 2829 2333 hanc
2858 2280 3201 2340 ostendentes
3228 2270 3290 2337 ex
3321 2287 3593 2341 nominum
3638 2290 3866 2358 imposi-

2282 2366 2444 2431 tione,
2470 2382 2587 2437 quae
2615 2367 2742 2424 feris
2766 2371 3013 2427 omnibus
3058 2383 3111 2429 et
3137 2376 3445 2432 volucribus
3465 2380 3580 2433 caeli
3610 2391 3662 2435 et
3691 2383 3869 2438 brutis

2282 2456 2510 2525 indidit;
2542 2468 2595 2513 et
2625 2461 2766 2529 quod
2796 2477 2916 2517 cum
2944 2466 3044 2519 hac
3073 2465 3416 2523 inenarrabili
3446 2473 3708 2539 sapientia
3734 2489 3867 2544 pro-

2283 2548 2475 2619 phetia:
2504 2551 2725 2621 gratiam
2767 2554 2923 2608 luerit
2951 2568 3301 2625 assequuntus,
3326 2568 3383 2614 ut
3409 2575 3477 2616 ne
3504 2563 3621 2631 quis
3650 2563 3755 2620 hoc
3784 2565 3869 2621 di-

2281 2654 2403 2695 cere
2427 2642 2584 2696 ausit.
2619 2641 2779 2711 Igitur
2806 2645 2896 2712 qui
2936 2648 3151 2701 nomina
3190 2649 3547 2707 animantibus
3586 2654 3869 2725 imposuit,

2281 2729 2478 2798 quique
2510 2739 2615 2786 tam
2642 2733 3008 2788 admirabilem
3028 2737 3358 2806 prophetiam
3388 2742 3457 2797 de
3488 2745 3708 2799 muliere
3732 2762 3871 2817 pro-

2282 2821 2575 2887 nuntiavit,
2632 2824 3082 2891 quemadmodum
3132 2829 3241 2897 jam
3297 2830 3554 2898 diximus,
3596 2839 3873 2906 quomodo

2280 2907 2548 2976 ignoraret
2575 2912 2700 2979 quid
2727 2911 2924 2967 bonum
2968 2914 3071 2981 sit,
3110 2926 3165 2970 et
3201 2919 3326 2988 quid
3374 2923 3609 2977 malum?
3637 2926 3796 2993 Quod
3824 2931 3872 2984 si

2283 2999 2638 3067 receperimus
2670 3000 2877 3070 (absit),
2904 3002 3096 3057 iterum
3130 3006 3490 3077 blasphemias
3528 3012 3582 3067 in
3607 3015 3871 3073 Condito-

2283 3100 2397 3139 rem
2430 3086 2830 3144 transferemus.
2876 3092 3008 3147 Nam
3048 3097 3313 3165 quomodo
3345 3113 3664 3174 prmceptum
3708 3107 3873 3164 daret

2281 3174 2545 3246 ignoranti
2567 3220 2579 3242 ,
2607 3183 3083 3250 transgressionem
3113 3199 3234 3241 esse
3264 3191 3457 3245 malum
3478 3193 3503 3244 ἲ
3534 3193 3723 3251 Verum
3758 3216 3873 3255 non

2282 3268 2352 3322 ita
2400 3278 2517 3336 est,
2550 3269 2689 3324 absit
2720 3289 2733 3324 :
2764 3272 2856 3328 sed
2906 3275 3063 3330 scivit
3105 3276 3270 3333 clare.
3314 3280 3600 3340 Enimvero
3648 3286 3750 3343 hac
3800 3292 3874 3347 de

2281 3372 2440 3411 causa
2468 3358 2663 3413 animal
2695 3361 2793 3416 hoc
2831 3364 2899 3417 ab
2932 3364 3085 3420 initio
3116 3367 3288 3423 libero
3324 3372 3546 3429 arbitrio
3584 3377 3873 3447 praeditum

2280 3462 2400 3503 esse
2435 3448 2617 3503 voluit.
2643 3450 2795 3517 Quod
2818 3455 2863 3507 si
2891 3469 2996 3510 non
3024 3455 3243 3525 fuisset,
3278 3476 3454 3533 neque
3482 3481 3603 3523 cum
3642 3472 3874 3528 manda-

2281 3546 2391 3592 tum
2418 3541 2800 3607 prmaricatus
2821 3552 2921 3607 est,
2956 3546 3103 3600 illum
3132 3551 3339 3618 puniri,
3372 3569 3543 3625 neque
3568 3559 3613 3613 si
3649 3574 3872 3619 servas-

2280 3638 2382 3696 set,
2415 3630 2618 3687 Iaudari
2643 3636 2943 3704 oportebat.
2973 3638 3128 3703 Quod
3151 3642 3292 3696 enim
3319 3642 3492 3703 factus
3516 3650 3585 3703 sit
3623 3656 3875 3711 mortalis

2282 3732 2497 3792 preptcr
2515 3725 3029 3795 pricvarieationem,
3056 3738 3109 3784 ct
3136 3747 3200 3786 ex
3229 3730 3331 3789 hoc
3352 3738 3619 3806 mandato,
3642 3752 3783 3799 etex
3807 3748 3874 3803 iis

2281 3829 2398 3881 qua:
2429 3827 2649 3888 sequuta
2678 3830 2821 3884 sunt,
2849 3820 3053 3876 clarum
3081 3835 3181 3879 est.
3212 3827 3350 3883 Audi
3394 3833 3537 3887 enim
3583 3839 3871 3897 mulierem

2284 3905 2450 3973 ipsam
2492 3907 2794 3977 loquentem
2824 3916 3055 3982 serpenti
3087 3934 3099 3969 :
3131 3915 3207 3971 De
3234 3919 3404 3987 (ructu
3430 3924 3573 3995 ligni,
3617 3932 3756 3998 quod
3794 3944 3872 3988 est

2282 3996 2335 4046 in
2368 3996 2529 4050 medio
2554 4002 2776 4067 paradisi
2797 4042 2814 4067 ,
2854 4003 2982 4057 dixit
3011 4003 3145 4060 Deus
3161 4048 3174 4071 ,
3212 4026 3274 4063 ne
3299 4015 3574 4070 coniecturis
3597 3996 3659 4071 ea
3684 4036 3743 4074 eo
3764 4063 3781 4089 ,
3814 4034 3872 4077 ut

2283 4101 2382 4139 non
2404 4089 2707 4143 ntoriamini.
2738 4092 2917 4163 Itaque
2956 4106 3078 4151 ante
3105 4104 3591 4166 prasvaricationcm
3638 4110 3868 4169 immor-

2286 4180 2417 4233 tales
2462 4190 2651 4247 erant;
2680 4183 2876 4253 alioqui
2914 4197 3033 4255 post
3063 4190 3240 4246 cibum
3296 4210 3400 4249 non
3454 4199 3697 4269 supplicii
3747 4204 3869 4261 loco

2282 4277 2507 4324 mortem
2536 4271 2893 4341 imposuisset.

2352 4360 2404 4411 6.
2446 4361 2609 4415 Adam
2648 4364 2905 4419 scientiam
2934 4368 3050 4421 boni
3078 4378 3126 4423 et
3152 4373 3274 4427 mali
3300 4392 3401 4429 non
3439 4394 3502 4432 ea:
3525 4396 3612 4435 esu
3658 4401 3691 4437 α
3724 4386 3866 4458 ligno

2280 4454 2489 4522 accepit.
2522 4479 2588 4495 ν-
2609 4455 2739 4521 Quis
2765 4473 2893 4528 ergo
2918 4458 3054 4515 ferat
3075 4476 3169 4516 eos
3192 4467 3279 4533 qui
3301 4466 3479 4525 dicere
3510 4471 3730 4541 audent,
3763 4454 3866 4534 ho-

2281 4544 2476 4599 minem
2524 4556 2644 4616 post
2694 4562 2843 4603 esmn
2886 4549 2954 4605 de
2993 4552 3138 4623 ligno
3186 4559 3533 4626 acquisivisse
3582 4567 3865 4626 scientiam

2281 4636 2406 4690 boni
2433 4647 2487 4691 et
2513 4640 2659 4702 mali,
2691 4639 2781 4709 qui
2809 4650 2865 4695 et
2894 4653 3015 4699 ante
3035 4662 3184 4701 csum
3217 4659 3359 4705 tanta
3386 4655 3644 4725 sapientia
3669 4662 3866 4729 plenus

2280 4734 2415 4791 erat,
2446 4736 2499 4781 et
2526 4742 2644 4781 eum
2683 4729 2906 4785 scientia
2944 4735 3102 4789 etiam
3138 4740 3449 4809 prophetica
3475 4749 3645 4815 gratia
3676 4751 3867 4819 digna—

2284 4824 2367 4869 tus
2391 4819 2516 4873 est?
2544 4818 2611 4873 Et
2641 4821 2909 4889 quomodo
2942 4823 3040 4880 hoc
3088 4830 3279 4885 rationi
3331 4848 3627 4893 consonum
3674 4818 3820 4899 esset
3844 4884 3863 4909 .

2279 4921 2469 4977 capras
2493 4911 2707 4980 quidem
2754 4924 2807 4966 et
2852 4929 2981 4969 oves
3008 4922 3356 4992 omniumque
3394 4927 3672 4986 brutorum
3702 4948 3860 4991 natu-

2279 5011 2393 5055 ram
2420 5003 2558 5057 scire
2578 5044 2593 5069 ,
2624 5019 2743 5072 quae
2773 5004 2935 5059 herba
2965 5008 3033 5062 sit
3062 5011 3339 5082 salutaris,
3374 5025 3428 5071 et
3452 5020 3572 5074 cibo
3601 5023 3743 5078 utilis
3762 5067 3779 5092 ,
3805 5040 3863 5084 et

2279 5105 2397 5159 qua:
2424 5094 2745 5162 perniciosa,
2770 5106 2827 5147 ut
2858 5096 3001 5153 illam
3028 5099 3202 5166 adeat,
3226 5105 3362 5160 hanc
3385 5109 3624 5169 studiose
3654 5114 3816 5186 fugiat
3843 5142 3855 5175 :

2279 5189 2335 5235 et
2360 5181 2651 5249 hominem,
2684 5186 2947 5243 rationale
2985 5192 3218 5260 animal,
3251 5200 3461 5255 nescire
3486 5204 3613 5273 quid
3657 5181 3860 5265 bonum

2278 5271 2483 5369 etquid
2513 5275 2710 5331 malum
2734 5278 2756 5331 ?
2780 5278 2886 5334 Sed
2928 5295 3089 5352 ecce,
3122 5286 3313 5357 inquit.
3353 5271 3624 5363 Scriptura
3657 5311 3859 5369 nguum

2280 5360 2381 5417 hoc
2411 5376 2565 5421 vocat
2611 5368 2814 5439 lignum
2848 5373 3085 5431 scientiae
3116 5378 3240 5435 boni
3274 5392 3325 5436 et
3358 5360 3503 5439 mali.
3550 5360 3731 5461 Neque
3771 5410 3862 5450 me

2282 5454 2383 5510 hoc
2412 5458 2542 5513 latet
2576 5477 2589 5513 :
2618 5462 2711 5517 sed
2740 5464 2786 5518 si
2818 5467 3169 5536 proprietates
3207 5473 3401 5529 divina:
3438 5454 3730 5549 Scriptura:
3770 5484 3857 5539 di-

2278 5562 2428 5605 scere
2455 5550 2685 5609 volueris
2704 5596 2719 5620 ,
2743 5556 2880 5611 scies
2901 5574 3066 5627 quare
3092 5561 3191 5618 hoc
3216 5578 3410 5621 nomen
3435 5569 3558 5625 huic
3586 5571 3729 5642 ligno
3756 5577 3860 5630 tri-

2276 5639 2408 5695 buit.
2437 5640 2552 5697 Non
2573 5645 2714 5700 enim
2745 5648 2886 5717 quod
2934 5648 3132 5704 homini
3180 5654 3455 5710 scientiam
3497 5639 3745 5724 dederit,
3779 5667 3861 5721 sic

2278 5742 2523 5790 vocatum
2550 5744 2665 5790 est:
2696 5737 2785 5793 sed
2808 5740 2926 5809 quia
2952 5754 3048 5810 per
3076 5740 3204 5799 illud
3233 5744 3368 5801 facta
3392 5759 3473 5803 rst
3501 5758 3859 5824 transgressio
