4058 6302
317 288 419 343 ιω

309 400 577 466 paludati,
605 411 661 456 et
705 418 769 456 ex
817 401 906 455 ilio
947 409 1127 459 postea
1166 397 1382 454 intravit
1417 397 1618 466 peccati
1661 395 1895 465 cognitio

306 505 470 557 atque
494 490 690 560 pudor,
726 501 1005 560 propterea
1034 492 1111 545 sic
1133 489 1456 560 appellatum
1485 497 1587 544 est.
1611 489 1723 542 Mos
1752 489 1892 541 enim

305 581 504 634 divina:
543 581 837 651 Scriptura:
863 590 963 645 cst,
990 597 1018 633 a
1067 581 1229 636 rebus
1271 580 1634 634 accidentibus
1681 595 1892 632 nonnna

305 672 439 726 locis
470 672 769 740 imponere,
801 671 890 731 ubi
936 687 1022 726 res
1072 672 1406 741 contingunt.
1452 670 1634 740 anue
1676 679 1889 739 proptr.

303 763 506 831 lignum
548 763 648 816 hoc
679 748 896 817 vocavit
919 762 1190 831 Scriptura
1223 762 1397 816 divina
1421 762 1621 832 Iignum
1651 762 1890 814 scientirc

300 853 429 905 horti
477 861 532 906 et
563 852 707 917 mali,
730 853 850 922 quia
886 853 1025 906 circa
1067 852 1191 906 illud
1239 853 1592 922 transgressio
1621 861 1675 906 et
1701 851 1889 904 obser-

299 945 447 997 vatio
483 944 716 998 mandati
748 953 881 998 erat.
914 944 1182 1013 Benignus
1206 947 1346 999 enim
1392 944 1646 998 Dominus
1675 950 1704 994 τι
1738 942 1887 1010 prin—

295 1034 444 1101 cipio
472 1033 668 1087 docere
697 1033 880 1087 volens
912 1032 1182 1089 hominem
1205 1076 1219 1098 ,
1249 1033 1582 1088 conditorem
1613 1041 1667 1087 et
1713 1032 1884 1085 facto-

295 1137 412 1176 rem
462 1139 614 1177 suum
659 1139 777 1179 esse
821 1125 1106 1180 visibilium
1157 1125 1393 1178 omnium
1445 1123 1743 1195 Opilicem,
1794 1125 1882 1192 qui

294 1214 472 1281 ipsum
501 1214 780 1281 formavit,
811 1231 905 1285 per
930 1232 1149 1286 parvum
1183 1216 1322 1270 istud
1365 1217 1672 1271 mandatum
1703 1225 1884 1269 osten-

293 1303 426 1359 dere
450 1307 614 1360 voluit
642 1321 700 1361 se
727 1308 999 1362 dominum
1024 1323 1144 1362 esse
1166 1327 1178 1371 ;
1201 1319 1256 1363 et
1281 1310 1430 1377 quasi
1458 1310 1689 1363 liberalis
1709 1308 1880 1362 domi-

292 1410 397 1447 nus
422 1436 438 1459 ,
479 1411 724 1466 magnam
757 1406 811 1451 et
835 1397 1203 1452 admirabilem
1227 1399 1509 1464 quamdam
1535 1397 1752 1452 domum
1783 1398 1880 1450 ali-

289 1485 450 1552 cujus
475 1487 592 1539 usui
620 1486 825 1540 donans
845 1527 858 1550 ,
891 1497 944 1541 et
974 1502 1080 1540 non
1111 1496 1276 1540 totum
1322 1487 1546 1555 pretium
1568 1529 1582 1551 ,
1634 1487 1730 1540 sed
1782 1487 1880 1539 ali-

285 1575 603 1643 quantulam
634 1577 749 1643 ejus
777 1587 979 1645 partem
1010 1577 1252 1644 accipere
1290 1579 1432 1640 vult,
1467 1587 1521 1629 ιιι
1546 1577 1765 1629 dominii
1792 1577 1877 1643 jus

284 1663 494 1717 salvum
525 1665 623 1719 sibi
653 1675 900 1730 maneat,
930 1675 982 1719 ct
1013 1666 1098 1720 ille
1126 1667 1334 1720 interim
1359 1667 1511 1731 sciat,
1533 1681 1592 1720 se
1617 1681 1720 1719 non
1749 1667 1878 1720 ardi-

285 1753 392 1806 ticii
421 1756 438 1785 ι
471 1754 741 1808 dominum
769 1771 920 1821 esse,
962 1756 1056 1812 sed
1091 1758 1260 1826 gratia
1293 1768 1346 1812 et
1377 1757 1726 1812 beneficentia
1769 1758 1872 1811 do-

283 1842 414 1894 mini
465 1842 558 1896 illo
601 1843 702 1898 frui
731 1862 746 1899 :
774 1845 854 1900 sic
904 1847 1086 1915 utique
1122 1858 1176 1900 et
1207 1847 1465 1900 Dominus
1505 1858 1720 1914 noster,
1750 1863 1871 1902 cum

281 1932 512 1985 visibilia
543 1933 659 1989 ba-c
688 1936 864 1988 omnia
895 1935 1097 1991 homini
1127 1937 1484 2002 concederet,
1509 1948 1562 1991 et
1591 1947 1873 2006 priestarct

286 2024 365 2076 illi
399 2034 456 2077 ut
487 2037 791 2080 versaretur
836 2028 887 2081 in
917 2029 1198 2097 paradiso,
1228 2037 1282 2084 et
1324 2029 1592 2083 frueretur
1622 2030 1871 2083 omnibus

280 2130 405 2182 qua:
447 2114 496 2168 in
529 2115 619 2168 illo
667 2127 855 2185 erant,
887 2128 943 2170 ut
986 2135 1052 2173 ne
1085 2121 1339 2188 paulatim
1393 2120 1643 2176 seductus
1690 2121 1869 2174 animo

284 2213 498 2268 putaret
544 2219 653 2273 res,
698 2222 819 2275 qua:
867 2208 967 2260 sub
1015 2220 1290 2279 aspectum
1343 2209 1557 2275 cadunt,
1600 2220 1866 2266 automata

274 2306 420 2354 esse,
447 2291 617 2362 deque
668 2311 762 2348 sua
800 2295 1057 2364 dignitate
1084 2298 1246 2352 altius
1285 2299 1555 2368 quidpiam
1602 2301 1864 2362 sentiret,

273 2376 432 2437 INSSII
459 2382 526 2435 ab
553 2399 655 2436 uno
676 2385 821 2453 ligno
845 2385 1136 2452 abstinere,
1162 2404 1351 2458 magna
1377 2389 1591 2442 definita
1624 2404 1801 2457 pceua,
1821 2391 1863 2442 si
1910 2420 1911 2424 η

275 2470 383 2525 hoc
414 2474 896 2543 tmnsgrederctur,
925 2487 984 2532 ut
1032 2480 1170 2532 scire
1221 2491 1438 2548 posset,
1481 2496 1539 2534 se
1586 2481 1860 2534 dominum

273 2559 475 2617 habere
494 2602 509 2626 ,
539 2564 692 2633 cujus
723 2565 1039 2623 liberalitate
1081 2570 1242 2623 etiam
1286 2571 1496 2624 caeteris
1525 2571 1686 2626 rebus
1713 2570 1860 2624 frue-

269 2661 446 2706 retur.
477 2652 674 2709 Verum
704 2658 828 2726 quia
858 2658 1083 2712 multum
1133 2661 1526 2716 inconsiderate
1569 2677 1628 2716 se
1667 2676 1860 2730 gerens

269 2758 380 2796 una
399 2759 520 2799 cum
547 2761 715 2802 uxore
746 2749 796 2801 in
821 2757 1018 2803 tantam
1047 2752 1254 2806 ruinam
1279 2753 1531 2820 concidit,
1551 2755 1690 2824 quod
1721 2771 1858 2823 prae-

267 2843 485 2902 ceptum
521 2847 883 2906 transgressus
904 2849 1068 2907 esset,
1093 2843 1234 2896 etde
1262 2843 1406 2910 ligno
1431 2853 1717 2912 gustasset,
1739 2844 1858 2896 ideo

269 2921 474 2991 lignum
503 2924 674 2992 ipsum
708 2928 946 2980 scientiae
989 2928 1110 2982 boni
1142 2936 1198 2984 ct
1226 2931 1348 2983 mali
1379 2931 1691 2984 nominavit.
1740 2930 1856 2984 Non

268 3012 415 3082 quod
444 3024 599 3068 antea
640 3015 971 3083 ignoraverit
1005 3017 1202 3070 bonum
1243 3027 1298 3072 et
1335 3020 1536 3071 malum
1570 3036 1584 3072 :
1618 3035 1740 3072 nam
1779 3020 1857 3074 sic

267 3117 378 3155 non
412 3103 691 3172 ignoravit,
715 3114 774 3157 ut
794 3106 1027 3173 serpenti
1051 3108 1244 3160 mulier
1265 3107 1459 3162 dixerit
1485 3125 1498 3160 :
1532 3107 1673 3162 Dixit
1698 3108 1851 3174 Deus,

265 3188 358 3243 Ne
393 3190 664 3261 contedalis
699 3208 762 3245 ea:
803 3193 928 3258 illo,
974 3211 1037 3247 ne
1085 3197 1404 3260 moriamt'm‘;
1430 3196 1606 3266 itaque
1653 3198 1856 3252 sciebat

261 3289 497 3336 mortem
522 3297 730 3350 ptenam
759 3298 899 3346 esse,
919 3286 960 3340 si
986 3288 1291 3340 mamlatum
1313 3288 1813 3356 transgrederentur
1836 3306 1849 3341 ε

261 3371 364 3425 sed
393 3372 516 3439 quia
542 3382 661 3439 post
693 3372 849 3442 hujus
877 3389 1028 3428 csum
1060 3385 1113 3429 et
1144 3391 1374 3445 superna
1403 3379 1568 3446 gloria
1596 3380 1807 3448 spoliati
1833 3423 1848 3446 ,

260 3471 323 3513 et
351 3462 656 3515 sensiliilem
689 3462 1032 3519 nudatiouem
1066 3469 1271 3535 experti
1304 3482 1426 3522 sunt
1458 3472 1505 3536 ³,
1535 3471 1654 3525 ideo
1684 3487 1814 3525 voca
1833 3503 1849 3513 -

260 3551 349 3604 vit
383 3550 582 3620 lignum
629 3554 869 3608 scientia:
901 3556 1022 3610 boni
1076 3567 1128 3611 et
1172 3561 1293 3611 mali
1331 3570 1482 3615 :crat
1529 3563 1671 3615 enim
1708 3563 1847 3617 circa

259 3641 392 3695 illud
422 3643 574 3712 quasi
605 3646 848 3712 qumdam
881 3647 1199 3703 obedientiac
1226 3653 1558 3706 exercitatio.

338 3731 554 3786 Horatia
576 3736 875 3790 exhortatio.
901 3767 966 3778 -—
988 3741 1251 3795 hidieistis
1280 3760 1444 3811 quare
1469 3745 1600 3798 dixit
1632 3762 1646 3798 :
1676 3748 1849 3813 Aperli

254 3832 376 3874 sunt
405 3824 539 3891 oculi
569 3825 790 3892 illorum,
810 3837 853 3880 et
871 3842 1203 3898 cognouerunt
1227 3834 1363 3902 quod
1391 3836 1516 3888 nudi
1537 3838 1722 3889 erant?
1745 3838 1846 3892 Co-

253 3912 522 3975 gnovistis
568 3930 734 3981 quare
785 3916 984 3985 lignum
1032 3919 1132 3974 hoc
1181 3925 1419 3979 scientiae
1463 3926 1584 3980 boni
1628 3939 1682 3981 et
1721 3931 1844 3982 mali

255 4001 721 4072 Vocetur'.’Cogita
750 4007 890 4058 enim
919 4017 1116 4076 quanto
1142 4011 1342 4077 pudore
1371 4014 1546 4068 affecti
1571 4025 1697 4068 sunt
1726 4028 1844 4085 post

255 4090 420 4158 hujus
474 4108 662 4159 csum,
715 4110 834 4157 cum
884 4103 1198 4168 transgressi
1249 4102 1473 4158 fuissent
1519 4119 1842 4176 praeceptum

256 4183 470 4236 homini
505 4184 853 4240 :Comuerunt
876 4191 1016 4244 enim
1046 4193 1170 4263 folia
1213 4195 1372 4262 ﬁcus,
1405 4207 1450 4249 et
1489 4203 1711 4267 fecerunt
1751 4202 1844 4254 sibi

248 4273 610 4328 succinctoria.
648 4276 778 4332 Vide
804 4294 833 4332 a
863 4293 1057 4349 quanta
1088 4284 1255 4351 gloria
1290 4286 1340 4339 iu
1371 4296 1622 4352 quantam
1668 4291 1843 4344 vilita-

251 4372 366 4416 tem
409 4363 624 4418 deducti
655 4367 781 4421 sint.
809 4368 911 4434 Qui
944 4384 1100 4427 antea
1142 4377 1291 4442 quasi
1335 4386 1619 4434 terrestres
1665 4383 1838 4450 angeli

251 4452 533 4514 vivebant,
566 4466 774 4525 tegmen
815 4460 914 4514 sibi
963 4477 1026 4516 cx
1077 4462 1219 4520 foliis
1249 4471 1571 4533 excogitant.
1613 4472 1837 4528 Tantum

249 4545 456 4598 nmium
486 4555 568 4599 est
593 4559 886 4614 peecatmn.
920 4552 1032 4606 Non
1062 4557 1233 4610 solum
1264 4562 1404 4614 enim
1432 4577 1528 4615 nos
1551 4576 1578 4614 a
1607 4580 1837 4632 superna

249 4634 625 4688 benevolentia
652 4638 854 4692 alienos
880 4641 1035 4708 facit,
1069 4646 1163 4699 sed
1200 4659 1253 4701 et
1285 4651 1350 4702 ad
1394 4653 1615 4706 multum
1665 4656 1837 4721 pudo-

247 4739 366 4778 rem
398 4736 452 4777 ct
478 4725 735 4780 vilitatem
781 4729 1038 4785 deducit:
1078 4746 1130 4787 et
1180 4753 1300 4790 cum
1329 4756 1427 4793 nos
1470 4745 1640 4808 privat
1684 4746 1836 4800 bonis

244 4830 372 4880 quae
400 4813 511 4882 jam
538 4817 966 4886 possidehamus,
999 4841 1211 4879 omnem
1247 4829 1404 4883 etiam
1452 4833 1693 4887 liduciam
1742 4852 1837 4890 au~

243 4904 368 4956 fert.
401 4903 509 4957 Sed
532 4921 598 4959 ne
624 4921 833 4962 sursum
858 4911 1214 4984 deorsumque
1253 4921 1504 4975 rersando
1535 4937 1830 4993 peccatum,

243 4991 392 5059 quod
426 5007 522 5060 per
547 5009 698 5049 csum
746 4997 872 5068 ligni
907 5010 960 5053 et
989 5003 1398 5064 iuobrdicutiatn
1432 4991 1700 5069 hominem
1741 4991 1833 5070 de;

240 5082 396 5148 jecit,
431 5083 724 5139 luctuosior
768 5089 957 5143 evadat
1007 5095 1180 5146 oratio
1211 5117 1223 5150 :
1256 5114 1370 5166 age,
1401 5102 1446 5154 si
1513 5103 1716 5170 placet,
1767 5109 1833 5162 ab

245 5168 358 5224 hoc
390 5172 533 5242 ligno
563 5173 628 5227 ad
658 5176 821 5238 aliud,
855 5195 1046 5248 nempe
1074 5183 1139 5237 ad
1175 5186 1369 5254 lignum
1398 5194 1599 5256 crucis,
1628 5211 1831 5248 sermo-

244 5278 372 5314 nem
407 5271 696 5331 vertamus,
716 5277 771 5320 ct
799 5270 1072 5326 videamus
1095 5290 1336 5343 qureuam
1367 5282 1500 5335 mala
1533 5285 1660 5339 illud
1694 5287 1831 5339 iutu-

241 5349 327 5407 lit.
353 5361 408 5404 et
453 5370 570 5421 qua:
609 5355 746 5410 bona
795 5359 931 5414 istud
975 5365 1310 5431 concitiavit;
1341 5370 1446 5424 imo
1497 5390 1600 5428 non
1633 5377 1827 5446 ligmun

311 5487 328 5552 ξ
367 5494 545 5536 ()rnnes
569 5489 672 5540 fere
690 5492 887 5552 habent,
915 5499 1182 5551 errationis.

270 5549 490 5625 nigros
509 5558 609 5625 ttss.
639 5552 827 5625 legunt,
853 5549 1011 5619 gratia
1033 5567 1076 5610 et
1099 5549 1254 5624 gloria
1276 5567 1462 5619 sooliati
1484 5585 1534 5622 se
1560 5587 1694 5624 nosse
1718 5590 1823 5625 seu-

235 5606 443 5658 sibih’ter
467 5606 725 5672 caperent.

1359 283 1421 338 IN
1459 282 1609 338 CAP.
1652 282 1738 337 IlI.
1777 276 2019 336 GENES.
2061 278 2290 336 IIOMIL.
2335 281 2493 337 XVII.

3501 297 3592 349 I54

2008 391 2181 444 attulit
2204 394 2360 457 maia,
2391 394 2484 448 sed
2515 397 2757 451 voluntas
2783 398 2983 467 segnis,
3015 409 3067 454 et
3092 409 3428 472 contemptus
3456 420 3595 473 prae,-

2005 484 2170 550 cepti.
2222 483 2446 552 Lignum
2492 485 2618 540 illud
2662 497 2888 542 mortem
2936 490 3226 546 introduxit
3261 509 3274 544 :
3305 508 3428 547 nam
3474 510 3592 564 post

2006 575 2497 640 przcvaricationem
2530 595 2674 633 mors
2706 579 2954 646 intravit,
2986 582 3080 636 sed
3105 582 3242 636 istud
3275 584 3587 641 immortali-

2003 674 2161 719 tatem
2195 665 2439 736 largitum
2487 679 2602 733 est;
2635 670 2763 725 illud
2807 687 2838 726 e
2877 673 3120 742 paradiso
3148 675 3338 743 cjeeit,
3370 677 3509 732 istud
3541 679 3592 732 in

1997 755 2157 808 czclos
2183 770 2281 809 nos
2312 757 2562 822 reduxit;
2595 759 2720 814 illud
2754 772 2971 830 propter
3015 779 3171 817 unam
3216 770 3594 836 transgressio-

1997 858 2117 897 nem
2146 846 2275 897 tanti
2295 847 2539 916 supplicii
2563 865 2710 903 reum
2731 850 2897 904 Adam
2923 851 3210 917 fecit,istud
3232 870 3328 909 nos
3345 857 3587 924 plurimis

1997 942 2331 1001 peccatorum
2376 939 2601 994 sarcinis
2627 943 2964 1004 exoneravit,
2997 943 3352 1013 fiduciamque
3381 946 3447 1000 ad
3479 948 3552 1003 Do
3573 978 3586 989 -

1995 1023 2195 1077 ntiuum
2225 1025 2378 1080 nobis
2408 1030 2921 1086 concessit.Vidistis
2945 1032 3071 1102 ligni
3102 1041 3157 1088 et
3182 1035 3307 1104 ligni
3335 1037 3585 1096 ditl'erenv

1993 1112 2158 1166 tiam?
2189 1114 2393 1169 vidistis
2437 1117 2633 1172 diaboli
2679 1120 3058 1190 malignitatem
3085 1165 3101 1188 ,
3133 1123 3364 1179 hominis
3401 1141 3561 1195 pecca

1991 1212 2100 1256 tum
2122 1246 2136 1268 ,
2160 1215 2214 1258 et
2245 1205 2456 1260 Domini
2485 1209 2907 1264 miscricordiam
2930 1211 2954 1264 ?
2983 1214 3268 1268 Armemus
3288 1217 3469 1285 itaque
3488 1232 3584 1272 nos

1989 1293 2155 1361 ipsos,
2187 1294 2432 1363 obsecro,
2456 1299 2749 1365 carissimi,
2781 1302 2945 1355 armis
2989 1301 3116 1373 ligni
3155 1304 3313 1373 hujus
3361 1306 3578 1373 vivifici,

1987 1383 2257 1454 ipsiusque
2281 1389 2477 1442 virtute
2498 1391 2827 1459 perniciosos
2847 1393 3026 1448 animo
3047 1394 3271 1451 all'ectus
3292 1399 3580 1453 mortitlce-

1984 1487 2139 1537 mus;
2167 1476 2242 1528 uti
2269 1485 2322 1529 et
2359 1479 2634 1545 apostolus
2665 1480 2860 1537 Paulus
2887 1481 2969 1537 his
3001 1485 3179 1539 verbis
3211 1497 3392 1542 monet
3425 1507 3438 1542 :
3474 1489 3574 1556 Qui

1982 1576 2096 1615 vero
2129 1573 2244 1617 sunt
2273 1565 2479 1632 Christi,
2508 1585 2710 1623 carnem
2758 1573 3118 1640 cruci/iurant
3157 1591 3271 1628 cum
3319 1577 3580 1644 a/feclibtts

1981 1659 2028 1703 et
2053 1654 2470 1722 concupiscentiis
2500 1656 2642 1728 (Gal.
2670 1660 2724 1714 5.
2753 1661 2877 1730 24).
2908 1662 3059 1730 Quod
3098 1674 3275 1720 autem
3311 1667 3470 1733 dicit,
3495 1680 3576 1725 est

1979 1743 2318 1812 hujusmodi:
2351 1747 2450 1813 Qui
2494 1763 2553 1802 sc
2584 1759 2722 1804 totos
2763 1751 2977 1808 Christo
3020 1755 3354 1821 dedicarunt,
3383 1759 3574 1814 absur-

1977 1833 2100 1887 dam
2142 1849 2359 1890 omnem
2388 1842 2874 1906 concupiscentiam
2922 1845 3309 1899 rnortilicarunt
3337 1847 3387 1900 in
3415 1864 3576 1902 carne

1976 1927 2269 1990 subortam,
2292 1938 2346 1980 ut
2372 1944 2559 1983 omnes
2581 1932 2742 1986 animi
2770 1947 3076 2003 corrumpat
3101 1938 3574 2005 operationes.llos

1975 2017 2134 2085 igitur
2181 2028 2236 2071 et
2289 2033 2386 2072 uos
2431 2021 2737 2087 imitantes,
2773 2026 3012 2078 membra
3059 2037 3236 2080 nostra
3269 2029 3335 2081 ad
3368 2029 3562 2084 bellum

1975 2105 2301 2160 instruamus
2329 2109 2586 2164 adversus
2619 2113 2956 2180 tyrannidem
2987 2130 3051 2169 ex
3085 2115 3344 2173 diabolica
3375 2134 3570 2188 opera-

1975 2199 2118 2250 tione
2144 2197 2197 2249 in
2223 2211 2320 2250 nos
2359 2198 2721 2268 insurgentem
2743 2242 2758 2264 ,
2789 2211 2844 2254 ut
2875 2212 2930 2256 ct
2956 2204 3007 2256 in
3041 2208 3291 2273 prmsenti
3321 2209 3423 2261 vita
3457 2217 3570 2263 tur-

1972 2285 2247 2340 bulentum
2278 2288 2379 2342 hoc
2398 2299 2453 2344 et
2480 2292 2838 2359 periculosum
2868 2309 3014 2348 mare
3044 2295 3306 2365 intrepide
3337 2299 3567 2368 trajicia-

1971 2391 2110 2442 mus,
2138 2387 2191 2430 et
2212 2378 2277 2431 ad
2310 2378 2504 2434 divina:
2531 2380 2868 2450 benignitatis
2895 2386 3212 2453 tranquillos
3233 2396 3418 2456 portus
3447 2404 3567 2458 pcr-

1973 2469 2266 2534 venientes,
2300 2469 2439 2524 bona
2473 2472 2638 2526 Deum
2662 2473 3004 2542 diligentibus
3029 2478 3288 2546 promissa
3310 2483 3564 2549 consequi

1969 2560 2238 2613 valeamus
2263 2602 2277 2626 ,
2309 2561 2360 2614 in
2392 2560 2604 2616 Christo
2632 2562 2756 2616 Jesu
2787 2564 3012 2619 Domino
3042 2576 3226 2621 nostro
3247 2610 3260 2634 ,
3289 2569 3374 2622 cui
3394 2569 3563 2638 gloria

1967 2665 2088 2704 cum
2121 2651 2276 2706 Patre
2302 2661 2355 2706 ct
2399 2662 2586 2707 sancto
2612 2652 2811 2722 Spiritu
2840 2698 2853 2719 ,
2883 2672 3023 2712 nunc
3058 2667 3112 2713 et
3150 2673 3396 2728 semper,
3425 2670 3476 2716 et
3509 2662 3562 2715 in

1966 2739 2159 2794 secula
2193 2743 2532 2797 smculorum.
2565 2747 2755 2801 Amen.

2520 2875 2792 2931 IIOMILIA
2838 2877 3001 2932 XVII.

2036 2982 2102 3037 Et
2132 2985 2430 3039 audiverunt
2474 3003 2643 3040 vocem
2685 2989 2893 3043 Domini
2941 2991 3039 3046 Dei
3080 2994 3449 3049 deambulanti:
3499 2999 3554 3052 in

2224 3078 2462 3146 paradiso
2489 3079 2540 3131 iu
2569 3081 2775 3134 meridie
2805 3082 2876 3150 (α)
2912 3081 2930 3152 (
2954 3081 3081 3136 Gen.
3108 3084 3159 3139 3.
3187 3085 3220 3140 8
3247 3085 3288 3154 ).

2034 3187 2082 3238 l.
2112 3185 2254 3240 Satis
2277 3227 2290 3251 ,
2322 3188 2540 3256 Opinor,
2571 3205 2666 3258 pro
2694 3199 2881 3245 nostra
2907 3193 3044 3246 virili
3073 3209 3243 3263 nuper
3274 3196 3448 3251 locum
3487 3197 3556 3253 de

1957 3275 2102 3343 ligno
2128 3275 2457 3345 interpretati
2485 3292 2689 3343 sumus,
2720 3279 2975 3336 docentes
2994 3284 3268 3338 caritatem
3295 3295 3545 3350 vestram,

1956 3378 2124 3431 quare
2150 3363 2327 3418 divina
2356 3365 2626 3434 Scriptura
2658 3367 2856 3436 lignum
2885 3372 3243 3440 cognoscendi
3272 3374 3471 3430 bonum
3499 3386 3552 3432 et

1956 3454 2153 3508 malum
2194 3457 2365 3524 ipsum
2406 3459 2646 3513 vocarit:
2674 3460 2898 3528 proinde
2943 3461 3100 3516 hodie
3143 3465 3351 3518 animus
3377 3468 3551 3522 estad

1953 3548 2230 3614 sequentia
2263 3563 2484 3617 pergere
2506 3590 2520 3612 ,
2555 3559 2614 3603 ut
2653 3550 2870 3605 discetis
2913 3552 3233 3609 inetfabilem
3263 3556 3357 3612 Dei
3395 3559 3548 3613 beni-

1951 3638 2232 3703 gnitatem,
2257 3646 2311 3692 et
2337 3649 2532 3708 quanta
2558 3643 2824 3698 sermonis
2853 3646 3296 3714 attemperatione
3319 3663 3451 3704 usus
3476 3652 3547 3706 sit

1954 3737 2154 3783 nostra:
2185 3739 2392 3785 naturzc
2413 3733 2800 3799 providentiam
2829 3744 2882 3789 et
2903 3750 3084 3790 curam
3114 3737 3335 3794 habens.
3359 3739 3548 3797 Omnia

1951 3818 2093 3872 enim
2125 3818 2249 3874 fecit
2287 3830 2341 3874 ct
2362 3831 2613 3890 operatus
2637 3832 2719 3878 est
2741 3866 2756 3888 ,
2786 3835 2844 3878 ut
2874 3828 3134 3882 rationale
3160 3828 3259 3884 hoc
3290 3830 3486 3886 animal
3512 3847 3544 3887 a

1949 3921 2008 3962 se
2033 3908 2324 3972 conditum,
2360 3911 2410 3964 in
2435 3913 2576 3965 omni
2607 3913 2809 3967 honore
2835 3925 2978 3969 esset
2998 3958 3012 3979 ,
3045 3925 3100 3971 et
3129 3918 3180 3972 in
3209 3920 3355 3973 nullo
3382 3936 3545 3991 ange-

1951 3997 2123 4051 lorum
2156 4001 2262 4053 vita
2294 4000 2531 4057 deterius
2561 4003 2735 4069 foret,
2764 4007 2855 4059 sed
2883 4016 2936 4061 ct
2977 4008 3026 4061 in
3068 4023 3294 4078 corpore
3325 4011 3538 4068 illorum

1950 4089 2248 4156 possideret
2286 4092 2788 4163 impossibilitatem.
2820 4097 3082 4153 Czcterum
3114 4111 3169 4155 ut
3208 4103 3339 4156 vidit
3366 4113 3541 4160 utros-

1948 4191 2050 4243 quc
2079 4180 2346 4246 peccando
2390 4190 2750 4252 transgressos
2782 4199 2875 4253 per
2904 4188 3277 4258 negligentiam
3311 4206 3374 4246 ca
3421 4208 3544 4264 qum

1947 4280 1975 4318 a
1998 4280 2056 4319 se
2075 4277 2338 4339 praecepta
2357 4281 2530 4335 erant,
2554 4272 2713 4341 idque
2736 4284 3012 4345 postquam
3037 4278 3195 4332 minis
3215 4294 3308 4336 eos
3331 4297 3542 4352 repres-

1948 4367 2109 4420 serat,
2139 4366 2196 4410 ut
2227 4361 2453 4414 tutiores
2485 4363 2754 4427 redderet,
2791 4380 2858 4418 ne
2888 4366 2968 4420 sic
2993 4367 3206 4436 quidem
3237 4385 3266 4423 a
3296 4372 3538 4441 benigni-

1946 4453 2052 4498 tate
2076 4461 2169 4500 sua
2191 4458 2385 4513 cessat,
2414 4451 2505 4504 sed
2527 4467 2738 4519 semper
2759 4455 2836 4508 sui
2860 4456 3067 4523 similis,
3090 4461 3535 4527 quemadmodum

1945 4535 2394 4592 clementissimus
2420 4549 2572 4609 pater
2599 4543 2762 4596 filium
2797 4545 3071 4616 indignum
3098 4549 3220 4618 quid
3262 4551 3538 4609 nobilitate

1947 4641 2041 4679 sua
2075 4641 2170 4693 per
2191 4629 2561 4698 negligentiam
2588 4635 2941 4700 commisisse,
2971 4647 3023 4691 et
3050 4653 3079 4691 a
3106 4655 3316 4695 smnmo
3335 4643 3539 4697 honoro

1947 4718 1997 4768 in
2031 4725 2325 4772 extremam
2353 4721 2604 4774 vilitatem
2633 4725 2904 4779 rcdaetmn
2934 4727 3139 4795 videns,
3173 4736 3411 4798 paternis
3454 4737 3523 4790 vi-

1942 4808 2179 4861 sceribus
2200 4820 2519 4875 commotus,
2540 4828 2642 4866 non
2669 4815 2811 4867 illum
2835 4818 3032 4870 auxilio
3053 4818 3362 4876 destitutum
3385 4825 3534 4890 sinit,

1942 4896 2032 4948 sed
2067 4898 2254 4950 iterum
2286 4914 2438 4952 suum
2465 4902 2572 4968 agit
2597 4901 2832 4957 officium
2854 4946 2869 4967 ,
2917 4917 2972 4958 ut
3004 4907 3252 4975 paulatim
3302 4914 3472 4981 ipsum
3507 4930 3538 4967 α

1942 4985 2143 5039 vilitate
2187 4988 2272 5041 illa
2325 4989 2648 5055 liberatum,
2697 4993 2933 5061 pristina:
2978 4998 3219 5052 restituat
3266 5001 3529 5072 dignitati.

1943 5072 2111 5127 Simili
2143 5076 2300 5130 tnodo
2327 5077 2501 5133 bonus
2527 5080 2664 5135 Deus
2709 5083 2964 5138 misertus
2989 5097 3072 5140 est
3115 5088 3343 5145 hominis
3366 5133 3381 5156 ,
3407 5108 3528 5148 cum

1943 5181 2106 5217 uxore
2148 5181 2239 5218 sua
2268 5167 2464 5222 diaboli
2490 5171 2690 5225 insidiis
2713 5174 3090 5242 circumventi,
3114 5179 3263 5248 cujus
3291 5198 3386 5250 per
3408 5199 3523 5238 ser-

1939 5264 2151 5319 pentem
2175 5256 2453 5310 consilium
2486 5271 2762 5329 acceperat
2794 5281 2807 5317 :
2837 5266 2995 5318 veluti
3029 5269 3264 5323 medicus
3292 5272 3355 5323 ad
3379 5271 3526 5326 inﬁr-

1939 5359 2080 5398 mum
2102 5385 2114 5403 ,
2153 5353 2206 5398 ει
2231 5357 2598 5415 mgrotantem,
2627 5351 2915 5418 jacentem,
2943 5356 3372 5428 indigentcmque
3398 5377 3524 5416 cura

1936 5446 1989 5487 et
2019 5434 2207 5488 medici
2239 5453 2420 5496 manu.
2450 5441 2688 5506 protinus
2713 5445 2935 5526 accedit.
2968 5447 3070 5501 Sed
3101 5457 3158 5501 ut
3188 5458 3240 5503 et
3261 5466 3325 5504 cx
3349 5453 3524 5507 verbis

1996 5583 2068 5642 (fl)
2103 5584 2390 5661 tticroishn.
2419 5595 2470 5635 et
2509 5598 2712 5650 quatuor
2745 5593 2822 5642 alii
2862 5596 3003 5647 Codd.
3045 5599 3296 5661 Scriptura:
3332 5609 3517 5653 textum

1937 5643 2078 5706 longe
2100 5657 2470 5707 jrosequuntur.
