4058 6302
591 457 809 515 diseatis
851 470 1012 527 quam
1051 452 1326 510 ineﬂ‘ahilis
1366 451 1436 507 sit
1467 449 1559 505 Dei
1602 447 1896 518 benignitas
1926 486 1943 512 ,
1983 459 2161 516 operte

586 548 812 619 pretium
858 546 1017 602 fuerit
1041 543 1222 600 audire
1259 557 1377 613 quae
1407 541 1540 596 lecta
1569 549 1712 594 sunt.
1754 537 1820 592 Et
1858 537 2161 602 audierunt,

585 635 754 707 inquit
773 678 789 700 ,
817 652 982 691 uocati
1009 633 1209 687 Domini
1229 631 1324 686 Dei
1361 629 1730 684 deantbulantis
1752 630 1803 682 in
1833 626 2070 697 paradiso
2095 625 2165 680 tui

585 728 841 783 meridiem
865 767 881 792 ,
914 735 962 778 et
979 724 1281 778 delituerant
1309 731 1412 775 tam
1436 721 1621 785 Adam,
1640 735 1793 790 quam
1817 733 1943 773 ων
1965 716 2105 771 illius
2131 732 2164 771 a

587 819 716 888 facie
741 815 941 869 Domini
961 816 1012 868 in
1040 812 1204 867 medio
1231 813 1355 883 ligni
1384 811 1628 883 paradisi.
1661 808 1738 865 Ne
1765 805 2160 862 ittctntsideran-

580 916 682 973 ter,
711 904 916 972 dilecti,
943 913 1320 975 przetereamus
1337 918 1456 972 qua:
1477 916 1514 956 s
1529 901 1703 956 divina
1725 897 1994 967 Scriptura
2019 896 2160 951 dicta

576 1004 724 1063 sunt,
753 1010 928 1068 neque
954 996 1006 1050 itt
1033 995 1207 1051 verbis
1229 994 1360 1066 ipsis
1383 995 1676 1049 btereamus
1693 1030 1711 1058 ,
1739 989 1832 1045 sed
1856 988 2160 1046 considero-

579 1104 698 1143 tuus
729 1088 800 1143 ob
829 1097 1062 1143 nostram
1105 1086 1520 1142 imbecillitatem
1551 1092 1754 1138 tantam
1791 1083 1879 1137 hic
1915 1080 2158 1136 adhiberi

580 1181 865 1234 verborum
893 1178 1265 1242 humilitatem,
1295 1186 1352 1233 et
1378 1178 1448 1232 ob
1467 1176 1690 1231 salutem
1717 1183 1950 1230 nostram
1975 1175 2156 1229 omnia

579 1282 639 1326 ut
663 1271 772 1327 Deo
797 1270 1016 1340 dignum
1031 1281 1112 1326 est
1138 1269 1243 1341 agi.
1270 1269 1402 1323 Nam
1426 1268 1470 1324 si
1494 1268 1750 1323 vellemus
1767 1266 1923 1322 verba
1953 1273 2009 1320 ut
2035 1272 2159 1322 sunt

579 1363 915 1431 pronuntiata
945 1360 1156 1425 sectari,
1183 1370 1237 1414 et
1256 1375 1362 1414 non
1389 1359 1620 1428 indigne,
1643 1367 1702 1412 ut
1719 1358 1786 1411 de
1809 1357 1916 1411 Deo
1939 1357 2158 1426 loquen-

582 1459 664 1505 tes
691 1448 883 1516 decet,
913 1466 1198 1520 exponere.
1227 1451 1343 1511 dic.
1372 1464 1582 1519 quaeso,
1615 1463 1792 1501 annon
1824 1446 1986 1500 multa
2033 1445 2156 1500 hinc

577 1551 936 1611 sequerentur
977 1541 1248 1595 absurda?
1276 1542 1412 1594 Ecce
1449 1539 1591 1594 enim
1630 1539 1806 1592 statim
1845 1552 1910 1591 ex
1952 1537 2013 1590 iis
2037 1553 2155 1605 qua:

577 1633 835 1701 principio
864 1635 999 1688 lecta
1023 1641 1176 1698 sunt,
1210 1634 1308 1687 hoc
1337 1642 1581 1701 spectare
1620 1631 1761 1686 licet.
1791 1628 1860 1684 Et
1886 1628 2155 1683 audierunt

572 1736 737 1774 recent
759 1721 962 1776 Domini
992 1721 1084 1776 Dei
1111 1723 1416 1776 ambulantis
1441 1723 1493 1775 in
1521 1722 1759 1790 paradiso
1778 1720 1846 1774 ad
1866 1722 2150 1786 meridiem,

570 1820 618 1862 et
638 1809 956 1864 delituerant.
978 1811 1114 1878 Quid
1143 1811 1317 1866 dicis?
1337 1827 1404 1864 an
1432 1811 1735 1865 deambulat
1758 1810 1937 1866 Deus?
1964 1825 2030 1864 an
2064 1825 2157 1878 pe-

569 1899 666 1954 des
697 1901 796 1970 ipsi
825 1902 1115 1956 tribuemus
1137 1943 1152 1964 .
1196 1913 1250 1957 et
1277 1903 1345 1957 de
1375 1918 1440 1956 eo
1470 1902 1601 1956 nihil
1639 1903 1866 1956 sublime
1901 1903 2152 1971 cogitabi-

568 1993 726 2045 mus?
753 1991 869 2046 Non
899 1993 1139 2046 ambulat
1169 1993 1305 2048 Deus
1333 2012 1347 2047 :
1379 1993 1535 2048 absit.
1569 1994 1850 2059 Quomodo
1870 1993 2011 2047 enim
2033 2007 2150 2047 am-

567 2081 771 2138 bularet
794 2124 810 2149 ,
843 2083 932 2152 qui
964 2084 1159 2152 ubique
1193 2099 1433 2152 prmsens
1476 2092 1598 2149 est,
1620 2092 1675 2138 et
1708 2083 1884 2137 omnia
1929 2083 2153 2151 implet?

563 2173 650 2227 cui
675 2175 869 2228 etclum
904 2175 1150 2240 thronus,
1184 2185 1238 2229 et
1267 2183 1406 2230 terra
1431 2175 1721 2230 scabellum
1745 2177 1766 2240 (
1786 2173 1912 2228 lsai.
1935 2173 2024 2230 66.
2056 2175 2080 2228 l
2107 2175 2149 2241 ),

564 2261 750 2329 ipsene
776 2264 826 2316 in
851 2263 1004 2317 horto
1023 2265 1362 2318 continetur?
1389 2263 1516 2331 Quis
1536 2264 1786 2318 cordatus
1807 2264 1909 2319 hoc
1927 2264 2154 2320 diceret?

563 2352 698 2419 Quid
716 2354 872 2422 igitur
887 2365 962 2408 est
973 2395 988 2421 ,
999 2357 1270 2408 Audierant
1291 2372 1458 2409 uocem
1475 2355 1676 2409 Domini
1683 2355 1774 2408 Dei
1783 2357 2151 2410 deambulantis

563 2446 615 2497 in
643 2447 783 2499 .‘torto
812 2449 879 2500 ad
915 2449 1168 2501 meridiem
1189 2449 1214 2500 .’
1244 2449 1298 2502 lit
1328 2464 1541 2502 sensum
1583 2448 1706 2501 mali
1739 2448 1857 2501 illos
1883 2448 2150 2503 deducere

564 2534 750 2599 voluit,
783 2547 838 2588 ut
871 2538 920 2589 in
940 2552 1130 2605 magno
1157 2539 1347 2592 mentis
1371 2552 1568 2607 angore
1589 2537 2038 2591 constituerentur
2061 2556 2072 2590 :
2097 2537 2147 2591 id

561 2625 704 2694 quod
728 2635 782 2680 et
805 2626 997 2680 factum
1025 2638 1127 2681 est.
1152 2629 1322 2682 Tanto
1341 2629 1598 2698 siquidem
1619 2644 1777 2683 sensu
1810 2628 1980 2682 all‘ecti
2004 2639 2145 2693 sunt,

559 2725 617 2769 ιιι
632 2733 752 2771 eum
774 2717 1073 2773 advenisset
1095 2719 1250 2783 Deus,
1272 2735 1392 2773 sese
1409 2720 1676 2774 occultare
1693 2721 1866 2772 conati
1885 2720 2006 2772 sint.
2028 2718 2146 2773 Mox

561 2807 703 2859 enim
743 2820 800 2860 ut
829 2809 1051 2862 intravit
1076 2822 1369 2878 peccatum,
1393 2821 1446 2864 et
1473 2811 1856 2879 prmvarieatio,
1890 2810 2061 2879 pudor
2086 2825 2148 2864 ac

561 2900 880 2952 verecundia
905 2900 1028 2953 illos
1060 2902 1267 2955 invasit.

629 2987 942 3042 Conscientia
980 2991 1301 3061 incorruptus
1315 2993 1498 3061 judex.
1540 2992 1868 3047 Conscientia:
1903 3010 2049 3062 Opus.
2075 3021 2142 3034 --

562 3078 769 3149 Quippe
810 3081 972 3149 jndex
1015 3082 1352 3151 incorruptus
1373 3123 1387 3144 .
1417 3083 1795 3138 conscientiam
1833 3083 1953 3138 dico
1976 3124 1992 3149 ,
2023 3099 2144 3138 cum

563 3168 821 3222 adversus
859 3169 1128 3224 hominem
1185 3181 1514 3240 exsurgeret,
1533 3174 1675 3226 clara
1697 3187 1826 3225 voce
1859 3172 2142 3232 clamabat,

560 3258 842 3310 accusabat
861 3266 916 3312 et
934 3259 1269 3325 ostendebat,
1293 3269 1345 3315 et
1364 3261 1512 3329 quasi
1533 3274 1656 3315 ante
1674 3262 1856 3316 oculos
1878 3262 2147 3316 scribebat

558 3347 686 3415 ipsis
732 3357 1067 3418 peccatorum
1093 3351 1528 3420 magnitudinem.
1560 3351 1683 3406 Ideo
1715 3354 1854 3407 enim
1886 3353 2144 3424 benignus

567 3437 823 3492 Dominus
863 3442 1122 3510 principio
1165 3457 1285 3497 cum
1341 3442 1591 3498 l'ormaret
1645 3443 1914 3500 hominem
1949 3488 1964 3514 ,
2008 3464 2138 3502 con-

567 3526 843 3582 scientiam
891 3530 965 3584 illi
1010 3531 1603 3588 indiditaccusatricem
1649 3546 1994 3605 perpetuam,
2026 3555 2142 3607 qua:

569 3616 742 3686 decipi
776 3627 831 3672 et
876 3618 1133 3674 fallaciam
1161 3622 1301 3678 ferre
1329 3633 1510 3691 posset
1549 3641 1857 3695 numquam.
1889 3628 1955 3683 Et
2019 3629 2142 3684 licet

561 3707 682 3775 quis
711 3708 944 3764 admisso
979 3721 1193 3779 peccato
1213 3754 1227 3776 ,
1259 3725 1668 3785 perpetratoque
1693 3717 1868 3785 aliquo
1909 3718 2142 3775 facinore

561 3797 776 3861 illicito,
807 3813 994 3855 omnes
1037 3803 1279 3858 homines
1307 3805 1463 3869 celet,
1484 3805 1623 3858 illam
1647 3816 1822 3860 tamen
1849 3811 2139 3862 accusatri-

560 3901 678 3941 cem
704 3903 809 3942 non
844 3891 1034 3957 poterit
1077 3892 1239 3946 latere
1263 3933 1277 3952 .
1319 3893 1412 3946 sed
1442 3909 1773 3965 quocumque
1803 3897 1976 3956 abeat.
2000 3901 2140 3952 illam

559 3987 814 4046 perpetuo
831 3980 965 4034 intra
981 3995 1040 4034 se
1061 3981 1215 4035 habet
1232 3983 1621 4048 obturbantem,
1644 3985 1946 4052 laniantem,
1963 3989 2074 4058 llagv
2100 3991 2138 4043 l-

559 4067 771 4132 laniem,
815 4086 1100 4138 numquam
1149 4075 1506 4141 quiescentem
1540 4094 1553 4130 :
1585 4077 1678 4132 scd
1703 4087 1755 4132 et
1790 4080 1956 4144 domi,
1987 4091 2041 4135 et
2087 4084 2137 4137 in

559 4155 695 4222 foro,
714 4169 766 4212 ct
783 4160 833 4213 iu
856 4162 1104 4229 coetibus,
1123 4173 1177 4217 ct
1191 4165 1240 4217 in
1262 4180 1466 4229 mensa,
1487 4178 1532 4218 et
1554 4167 1925 4235 dormientem,
1945 4183 1995 4226 et
2017 4188 2139 4226 sur-

553 4258 767 4318 gentem
806 4250 1067 4318 adoritur,
1107 4253 1364 4309 rationem
1402 4255 1716 4311 delictorum
1743 4260 1922 4328 exigit,
1967 4264 2139 4332 ohque

555 4337 740 4392 oculos
751 4341 897 4407 ponit
910 4352 961 4395 et
974 4342 1280 4396 delictorum
1297 4345 1606 4413 gravitatem
1616 4356 1687 4410 ,et
1699 4349 2138 4418 subsequuturam

557 4445 800 4498 menum,
844 4441 898 4486 et
943 4436 1091 4502 quasi
1131 4435 1368 4490 medicus
1415 4438 1645 4505 optimus
1689 4455 1791 4493 non
1832 4452 2007 4496 cessat
2045 4459 2137 4497 sua

555 4519 940 4576 medicamenta
982 4538 1252 4592 apponere
1283 4543 1295 4576 :
1327 4536 1380 4580 et
1418 4529 1464 4581 si
1489 4529 1656 4583 semel
1694 4530 2009 4600 depellatur,
2041 4551 2137 4590 ne-

560 4624 666 4676 que
708 4611 784 4664 sic
817 4610 1041 4674 desistit,
1073 4613 1165 4667 sed
1190 4616 1494 4670 continuam
1531 4619 1937 4676 sollicitudinem
1979 4625 2146 4693 gerit:

637 4699 692 4752 2.
735 4700 847 4754 lloc
873 4703 1013 4757 enim
1043 4705 1382 4761 conscientia:
1411 4723 1544 4775 opus
1570 4719 1651 4762 cst
1676 4751 1689 4773 ,
1722 4721 1778 4764 ut
1801 4711 1993 4782 iugiter
2029 4731 2142 4769 me.-

559 4791 781 4847 nioriam
809 4793 1046 4863 ingerat,
1079 4812 1174 4850 nec
1205 4800 1475 4866 permittat
1521 4817 1768 4869 umquam
1797 4803 1847 4856 in
1880 4803 2137 4860 factorum

555 4884 878 4939 oblivionem
907 4901 1004 4939 nos
1030 4887 1210 4943 venire
1246 4907 1257 4938 :
1288 4889 1380 4943 sed
1412 4891 1480 4944 ob
1525 4894 1707 4946 oculos
1737 4905 1994 4963 prolionat
2018 4938 2034 4964 ,
2064 4896 2139 4951 ιιιί

554 4974 635 5027 vel
670 4975 769 5029 hac
800 4977 1000 5030 ratione
1023 4992 1120 5030 nos
1151 4979 1409 5034 tardiores
1438 4982 1608 5048 iaciat,
1640 5000 1707 5037 ne
1739 4986 1789 5038 in
1811 4985 1993 5040 eadem
2019 5002 2140 5055 pec-

561 5072 676 5116 cata
709 5065 1069 5133 prolabamur.
1099 5067 1230 5123 Nam
1261 5071 1304 5123 si
1334 5087 1452 5124 cum
1482 5091 1541 5126 cx
1585 5078 1905 5131 conscientia
1938 5088 2137 5132 tantum

559 5154 712 5208 nobis
736 5157 802 5208 sit
829 5157 1068 5220 subsidii,
1101 5169 1152 5213 et
1184 5170 1386 5216 tantum
1416 5165 1658 5232 adjutorii
1685 5209 1698 5233 ,
1723 5178 1774 5221 et
1804 5170 1846 5221 si
1877 5168 2011 5225 hanc
2041 5170 2132 5223 ha-

559 5248 743 5304 bentes
765 5247 1130 5304 vehementem
1156 5255 1557 5321 accuszitricem,
1587 5273 1700 5326 qua:
1728 5270 1960 5314 nostram
1991 5278 2132 5315 men-

557 5343 662 5388 tem
690 5336 935 5405 llagellet,
968 5351 1020 5395 et
1049 5355 1144 5396 cor
1166 5343 1418 5411 lancinet,
1449 5358 1499 5401 ct
1524 5350 1712 5416 quovis
1740 5352 1988 5406 carniﬁce
2011 5368 2135 5422 gra-

557 5428 671 5480 vius
699 5429 878 5496 instet,
913 5431 1149 5500 plerique
1173 5450 1342 5502 neque
1366 5439 1441 5493 sic
1468 5439 1729 5508 ignaviam
1759 5442 2016 5496 vincimus
2051 5462 2062 5494 :
2092 5445 2135 5498 si

556 5516 657 5569 hoc
681 5518 1088 5576 dcstitueremur
1118 5525 1374 5586 subsidio,
1402 5543 1506 5596 quo
1533 5545 1638 5584 non
1673 5542 1797 5585 tunc
1839 5535 2013 5586 statim
2045 5549 2138 5588 ex.

552 5607 900 5664 rideremus?
943 5612 1224 5684 Propterea
1274 5617 1619 5687 primigenios
1670 5621 1830 5677 homo
1875 5633 1932 5677 ιιι
1987 5623 2133 5679 illum

552 5715 766 5756 sensum
793 5703 1029 5773 accepit,
1053 5706 1335 5762 adventum
1385 5708 1589 5764 Domini
1629 5727 1806 5767 secum
1851 5713 2089 5783 cogitans
2114 5760 2128 5783 ,

1229 341 1287 397 S.
1327 335 1601 396 JUA'NNlS
1636 331 2110 390 CllliYSDS'I‘UMI
2152 332 2462 390 AllCllll-Ll’.
2501 334 3043 394 ΕΟΧΕΤΑΝΤΙἈΟΡ..

3753 337 3850 394 BG

2277 449 2456 502 statim
2495 462 2556 504 se
2598 449 2901 506 occultavit.
2928 451 3106 520 Quare
3123 491 3141 516 .
3165 449 3285 519 die,
3311 467 3411 507 oro
3428 450 3456 506 ἲ
3480 448 3744 519 (puniant
3770 455 3848 505 vi-

2269 535 2428 592 debat
2455 539 2553 593 sibi
2586 547 2788 595 trucem
2815 540 3027 597 adstare
3051 553 3440 604 accusatorem.
3467 541 3848 597 conscientiam

2268 626 2410 684 dico.
2440 627 2628 700 Neque
2644 631 2788 686 enim
2819 633 2984 688 alium
3009 633 3182 691 ullum
3203 634 3602 706 objurgatorem
3623 631 3862 689 habetat-

2267 729 2323 773 et
2352 727 2540 776 testem
2561 733 2936 792 peccatorum,
2953 725 3046 781 sed
3069 725 3281 782 unicum
3301 725 3450 782 illum
3469 740 3628 797 quem
3660 725 3851 780 intrin-

2267 822 2425 864 secus
2473 810 2896 870 eircuml'erebat.
2961 815 3211 874 Attamen
3259 824 3455 886 prater
3509 815 3850 872 conscientia

2265 901 2693 970 accusationem,
2722 906 2883 960 etiam
2914 906 3146 976 [nivatio
3168 906 3376 977 gloria,
3403 922 3521 977 qua:
3547 903 3669 961 illos
3694 913 3849 961 antea

2264 991 2414 1061 quasi
2456 994 2835 1050 vestimentum
2865 995 3119 1067 fulgidum
3147 995 3449 1061 ambiebat,
3475 995 3710 1052 docebat
3737 994 3850 1049 illos

2265 1096 2359 1151 per
2390 1083 2556 1152 ipsam
2584 1084 2882 1140 nuditatem
2903 1086 3124 1142 admissi
3162 1087 3366 1157 peccati
3405 1085 3848 1157 magnitudinem.

2263 1170 2449 1242 Itaque
2467 1174 2588 1242 quia
2615 1184 2735 1243 post
2757 1189 2920 1245 gravo
2942 1187 3215 1244 peceatum
3244 1176 3374 1231 illud
3397 1176 3602 1246 pudore
3623 1177 3846 1231 circum.

2263 1260 2364 1317 lusi
2395 1275 2549 1318 erant
2571 1305 2588 1330 ,
2617 1267 2932 1322 delitescere
2971 1276 3324 1322 tentaverunt.
3354 1267 3637 1321 Audierant
3663 1267 3808 1321 eni
3833 1309 3848 1324 .

2263 1352 2450 1422 inquit,
2481 1371 2646 1411 vocem
2675 1355 2882 1413 Domini
2905 1358 3003 1412 Dei
3021 1359 3388 1414 deambulantis
3412 1359 3464 1412 in
3493 1358 3640 1412 horto
3658 1358 3730 1411 ad
3750 1373 3850 1412 uts-

2261 1446 2458 1512 ridiem,
2481 1457 2527 1500 et
2555 1448 2930 1503 occultaverunt
2955 1466 3010 1504 se
3036 1460 3139 1503 tam
3167 1451 3330 1502 Adam
3348 1491 3366 1516 ,
3393 1465 3546 1520 quam
3577 1465 3708 1502 uxor
3743 1449 3852 1519 ejus

2257 1549 2289 1584 a
2329 1535 2461 1604 [ttcie
2483 1535 2687 1589 Domini
2710 1535 2808 1590 Dei
2833 1539 2886 1590 in
2907 1539 3072 1591 medio
3103 1538 3350 1607 paradisi.

2331 1623 2480 1679 Nihil
2499 1637 2705 1697 peccato
2736 1629 2902 1698 pejus.
2925 1658 2996 1667 —
3014 1628 3153 1682 Nihil
3181 1637 3397 1697 peccato
3417 1627 3590 1698 pejus.
3616 1627 3843 1684 dilecte;

2260 1716 2431 1784 ipsum
2460 1717 2602 1772 enim
2634 1727 2692 1772 ut
2719 1718 3018 1784 introierit,
3049 1733 3154 1773 non
3199 1719 3371 1773 solum
3405 1717 3608 1787 pudore
3635 1731 3738 1770 nos
3763 1733 3848 1772 re-

2259 1806 2386 1874 plet,
2423 1808 2516 1861 sed
2549 1819 2601 1861 et
2633 1809 2942 1878 insipientes
2977 1809 3153 1864 reddit
3169 1824 3262 1863 eos
3279 1811 3370 1879 qui
3393 1819 3549 1862 antea
3577 1807 3852 1864 intellectu

2257 1907 2313 1952 et
2354 1899 2610 1966 sapientia
2668 1899 2832 1952 multa
2879 1899 3086 1969 pmditi
3146 1899 3374 1954 fuerant.
3428 1897 3852 1963 Animadverte,

2255 1987 2499 2053 obsecro,
2525 2003 2687 2058 quam
2721 1990 3033 2058 insipienter
3055 1991 3164 2058 agit
3194 2003 3334 2044 nunc
3355 2030 3372 2055 ,
3397 1991 3485 2058 qui
3511 1998 3672 2042 antea
3704 1999 3864 2042 tanta-

2257 2079 2493 2149 pollebat
2539 2081 2795 2149 sapientia
2823 2123 2838 2147 ,
2879 2082 2968 2151 qui
2993 2097 3058 2136 ex
3103 2084 3236 2135 actis
3283 2082 3414 2150 ipsis
3456 2082 3710 2136 traditam
3749 2082 3852 2137 sibi

2254 2177 2567 2246 sapientiam
2611 2178 2762 2232 nobis
2806 2177 3152 2242 declarabat,
3180 2175 3274 2246 qui
3302 2175 3427 2230 talia
3471 2174 3852 2245 prophetabat.

2255 2265 2442 2320 Audita
2479 2283 2594 2321 uoce
2625 2266 2828 2321 Domini
2871 2265 2967 2320 Dei
2997 2267 3366 2320 deantbttlantis
3391 2267 3442 2319 in
3469 2266 3614 2318 horto
3639 2267 3712 2319 ad
3743 2283 3853 2322 me-

2253 2357 2452 2421 ridiem,
2471 2360 2732 2411 occultavit
2777 2377 2829 2412 se
2859 2368 2963 2411 tam
3003 2361 3114 2425 ipse
3142 2374 3295 2426 quant
3321 2373 3448 2411 uxor
3476 2356 3636 2425 ipsius
3661 2373 3691 2407 a
3720 2356 3856 2424 facie

2252 2446 2457 2500 Domini
2493 2447 2587 2501 Dei
2615 2450 2667 2502 in
2706 2453 2868 2503 medio
2902 2452 3024 2519 ligni
3052 2450 3300 2518 paradisi.
3351 2449 3571 2515 Quantzn
3617 2448 3730 2502 hoc
3769 2459 3862 2504 est

2252 2536 2566 2606 insipientia:
2591 2579 2606 2604 ,
2638 2539 2776 2608 quod
2804 2556 2833 2591 a
2865 2540 2972 2593 Deo
2995 2580 3010 2604 ,
3041 2539 3130 2608 qui
3175 2540 3372 2609 ubique
3409 2554 3645 2609 pnesens
3667 2549 3752 2594 est
3779 2579 3795 2604 ,
3821 2556 3865 2592 ιιι

2252 2625 2509 2682 Creatore
2533 2669 2549 2694 ,
2593 2630 2680 2697 qui
2710 2646 2774 2683 ex
2808 2630 2973 2682 nihilo
3003 2645 3089 2684 res
3120 2639 3179 2683 ut
3207 2639 3385 2684 essent
3417 2629 3708 2699 produxit,
3759 2633 3851 2699 qui

2257 2717 2570 2772 abscondita
2597 2719 2696 2772 scit
2734 2719 2754 2792 (
2782 2718 2938 2773 Psal.
2971 2719 3058 2773 52.
3110 2719 3178 2773 l5
3199 2718 3247 2787 ),
3276 2719 3364 2787 qui
3398 2718 3547 2772 tinxit
3576 2718 3862 2788 sigillatins

2249 2809 2409 2862 corda
2443 2809 2713 2862 hominum
2736 2851 2752 2874 ,
2781 2820 2832 2862 ct
2861 2809 3107 2878 intelligit
3130 2811 3308 2862 omnia
3337 2823 3497 2877 opera
3515 2823 3728 2873 eorum,
3757 2810 3849 2878 qui

2248 2906 2518 2952 scrutatur
2557 2898 2716 2952 corda
2757 2907 2811 2952 et
2839 2913 2997 2953 renes
3036 2899 3054 2966 (
3084 2897 3224 2951 Psol.
3269 2898 3321 2950 7.
3355 2896 3492 2963 ιο),
3535 2897 3625 2966 qui
3683 2897 3862 2952 etiam-

2249 2990 2392 3058 ipsos
2420 2990 2595 3044 cordis
2619 3000 2797 3044 motus
2821 2990 3112 3059 cognoscit,
3155 2988 3482 3043 abscondere
3503 3004 3562 3042 se
3581 2998 3854 3043 conentur

2250 3081 2269 3151 (
2293 3082 2439 3135 Psal.
2469 3083 2560 3136 45.
2591 3082 2662 3136 22
2685 3082 2742 3153 )?
2763 3084 2866 3138 Sed
2908 3099 2976 3137 ne
3005 3083 3217 3138 mireris
3237 3123 3251 3147 ,
3284 3082 3481 3136 dilecte
3509 3099 3520 3132 :
3551 3081 3673 3134 talis
3697 3084 3848 3137 enim

2250 3177 2576 3243 peccantium
2604 3175 2935 3228 consuetudo
2959 3185 3078 3234 est.
3110 3184 3168 3228 ut
3194 3173 3408 3228 tametsi
3436 3173 3698 3227 occultari
3731 3190 3851 3229 non

2253 3263 2475 3332 possint,
2499 3265 2756 3318 occultari
2785 3275 2960 3318 tamen
2989 3264 3169 3327 velint,
3189 3273 3243 3317 et
3272 3263 3540 3317 studeant.
3571 3261 3638 3316 Ut
3659 3272 3848 3317 autem

2247 3357 2387 3409 scias
2410 3370 2506 3411 eos
2535 3370 2640 3410 non
2685 3355 2914 3410 ferentes
2943 3353 3196 3424 pudorem
3221 3395 3237 3420 ,
3265 3369 3372 3422 quo
3410 3363 3528 3422 post
3560 3362 3847 3422 peccatqu

2245 3459 2364 3499 sese
2387 3445 2738 3510 sull'uderant,
2764 3445 2945 3500 nudati
2977 3444 3358 3514 incorruptibili
3389 3444 3476 3497 illa
3505 3443 3672 3514 gloria
3690 3483 3707 3506 ,
3739 3441 3849 3498 hoc

2245 3533 2452 3600 fecisse,
2486 3535 2765 3590 considera
2794 3535 2880 3590 ubi
2901 3537 3266 3600 occultentur;
3298 3536 3348 3588 in
3377 3535 3553 3590 medio
3581 3533 3850 3602 paradisi.

2244 3623 2376 3678 Nam
2403 3624 2546 3678 sicut
2573 3625 2896 3679 verberones
2921 3634 2975 3679 et
3002 3626 3190 3694 ingrati
3219 3623 3435 3694 quidam
3467 3624 3647 3677 tantuli
3666 3664 3682 3688 ,
3713 3638 3857 3679 cum

2245 3728 2350 3768 non
2373 3714 2579 3783 possint
2607 3729 2665 3768 sc
2696 3716 2762 3769 ab
2787 3715 2916 3769 hero
2945 3729 3043 3768 suo
3071 3715 3342 3770 occultare
3365 3756 3380 3778 ,
3409 3714 3512 3770 huc
3543 3724 3595 3768 et
3627 3714 3758 3769 illuc
3789 3716 3848 3770 in

2244 3807 2467 3875 angulos
2489 3806 2678 3860 domus
2701 3821 2917 3862 currere
2942 3806 3116 3861 solent
3139 3847 3153 3870 ,
3183 3817 3328 3862 metu
3362 3807 3571 3860 illorum
3594 3806 3843 3862 animum

2245 3898 2579 3951 concutiente
2609 3915 2621 3949 :
2656 3897 2726 3951 ita
2766 3907 2820 3951 et
2848 3896 2900 3950 bi
2936 3896 3138 3950 nullum
3167 3896 3497 3950 invenientes
3538 3893 3798 3966 eﬂ'ugium
3825 3938 3851 3962 γ

2249 3988 2302 4042 in
2334 3989 2444 4056 ipsa
2471 3989 2651 4052 domo,
2677 3988 2939 4058 paradiso,
2972 3992 3186 4056 inquam
3210 4029 3223 4050 .
3253 3989 3705 4058 circumaguntur.
3732 3989 3843 4045 Nec

2244 4079 2446 4147 absque
2489 4079 2694 4132 ratione
2725 4088 2932 4146 tempus
2961 4080 3265 4147 assignatur
3294 4096 3306 4130 :
3340 4079 3618 4134 Audierant
3647 4080 3797 4136 enim
3821 4121 3849 4147 ν

2245 4169 2410 4238 inquit
2438 4210 2452 4235 ,
2476 4185 2643 4222 vorem
2674 4167 2881 4222 Domini
2913 4168 3008 4222 Dei
3036 4170 3400 4222 deombulrmtis
3438 4171 3488 4222 in
3517 4171 3762 4240 paradiso
3781 4173 3835 4225 in

2242 4260 2451 4314 meridie
2482 4276 2502 4313 :
2525 4259 2618 4312 sed
2647 4269 2700 4312 ut
2729 4261 2903 4314 discas
2934 4259 3142 4314 Domini
3167 4262 3564 4330 benignitatem,
3595 4264 3739 4332 quod
3764 4279 3840 4320 no

2246 4351 2511 4405 modicum
2551 4351 2764 4419 quidem
2790 4351 3094 4416 distulerit,
3122 4353 3213 4406 sed
3241 4369 3362 4406 mox
3387 4395 3401 4415 ,
3433 4365 3485 4406 ut
3520 4355 3648 4408 vidit
3687 4359 3835 4424 quod

2245 4441 2435 4495 facttnu
2460 4453 2594 4507 erat,
2623 4452 2677 4496 et
2701 4444 2894 4496 ulceris
2915 4445 3352 4512 magnitudinem,
3378 4446 3441 4498 ad
3464 4447 3838 4513 Opitulandum

2245 4531 2565 4585 festinaverit
2593 4574 2606 4596 ,
2637 4541 2692 4585 ut
2733 4548 2798 4586 nc
2841 4533 2991 4588 ulcus
3018 4534 3315 4601 grassaudo
3346 4535 3496 4589 ﬁeret
3537 4536 3840 4593 iucurabile

2246 4621 2473 4676 vulnus:
2506 4622 2704 4677 idcirco
2740 4633 2796 4678 ut
2825 4624 3115 4694 przevcniat
3141 4626 3402 4678 accelerat
3428 4667 3441 4689 ,
3482 4636 3536 4680 et
3575 4628 3838 4684 velociter

2243 4719 2501 4770 crescenti
2531 4717 2690 4771 ulceri
2721 4718 2904 4782 adest,
2931 4734 2993 4771 ac
3019 4733 3113 4786 pro
3155 4734 3247 4771 sua
3279 4718 3520 4774 bonitate
3557 4735 3731 4790 neque
3765 4721 3844 4778 ad

2245 4823 2459 4876 parvum
2490 4817 2694 4876 tempus
2721 4825 2748 4862 a
2770 4825 2894 4865 ettra
2921 4825 3016 4864 sua
3046 4810 3188 4863 illum
3216 4809 3526 4866 destitutum
3553 4813 3832 4884 relinquit.

2244 4898 2374 4952 Nam
2405 4908 2599 4951 tantam
2632 4914 2739 4968 pra:
2766 4914 2824 4954 se
2848 4899 3047 4954 ferebat
3080 4900 3278 4953 rabiem
3302 4903 3488 4955 salutis
3509 4912 3703 4956 nostra:
3735 4903 3837 4958 ini-

2243 4989 2426 5050 tuicus,
2460 4990 2548 5058 qui
2585 5004 2796 5058 semper
2819 4993 3015 5045 nostris
3046 4991 3196 5044 bonis
3225 4989 3451 5055 invidet,
3481 5003 3537 5046 ut
3562 5008 3691 5047 mox
3733 4995 3839 5050 sub

2246 5081 2454 5135 initium
2483 5081 2760 5135 moliretur
2787 5083 3039 5148 insidias,
3069 5093 3123 5138 ct
3157 5098 3254 5137 suo
3281 5085 3578 5152 pernicioso
3602 5087 3837 5141 consilio

2244 5171 2388 5239 ipsos
2415 5170 2706 5226 admirabili
2735 5173 2821 5226 illa
2851 5173 2953 5224 vita
2983 5173 3232 5240 privaret.
3261 5175 3365 5229 Sed
3395 5175 3564 5230 solers
3590 5175 3679 5230 ille
3701 5178 3841 5231 arti--

2243 5261 2326 5316 fex
2366 5261 2525 5326 Deus,
2551 5264 2638 5330 qui
2663 5278 2758 5317 sua
2787 5263 3043 5331 sapientia
3066 5280 3152 5318 res
3181 5275 3390 5318 nostras
3415 5265 3724 5334 dispensat,
3748 5267 3834 5320 vi-

2241 5351 2374 5406 dens
2400 5351 2596 5408 diaboli
2623 5355 3026 5423 malignitatem,
3053 5365 3106 5409 et
3133 5356 3364 5411 hominis
3392 5358 3694 5426 segnitiem,
3726 5376 3834 5430 quo

2243 5459 2340 5512 per
2360 5444 2634 5498 mulierem
2652 5444 2927 5512 deceptus,
2947 5445 2997 5498 in
3017 5455 3213 5500 tantam
3237 5448 3419 5501 incidit
3439 5448 3834 5516 conluswnem,

2243 5549 2364 5588 mox
2393 5532 2542 5587 adest
2565 5575 2578 5594 ,
2611 5545 2662 5588 et
2699 5535 2848 5603 quasi
2880 5547 3184 5589 mansuetus
3212 5546 3268 5592 et
3303 5537 3562 5608 benignus
3585 5538 3751 5608 iudex
3780 5541 3836 5594 in

2244 5623 2492 5678 tribunali
2519 5634 2720 5679 terrore
2757 5635 2811 5679 et
2837 5625 3058 5681 horrore
3085 5627 3242 5695 pleno
3268 5627 3458 5694 sedet,
3483 5636 3536 5682 et
3565 5630 3837 5684 exatuiuat

2241 5715 2524 5786 diligenter
2551 5731 2560 5765 :
2586 5730 2677 5786 per
2707 5715 2804 5771 hoc
2846 5731 2943 5772 nos
2969 5715 3211 5774 docendo
3233 5757 3250 5785 ,
3296 5739 3360 5779 ne
3390 5736 3721 5791 congencrcs
3750 5738 3836 5774 uo-
