  <div class='ocr_page' id='page_1' title='image "/cluster/home/n/w/nwhite01/storage/ocr_20150623/53/pst.000005712526/137.png"; bbox 0 0 4058 6302; ppageno 0'>
   <div class='ocr_carea' id='block_1_1' title="bbox 387 387 484 440">
    <p class='ocr_par' dir='ltr' id='par_1_1' title="bbox 387 387 484 440">
     <span class='ocr_line' id='line_1_1' title="bbox 387 387 484 440; baseline -0.031 0"><span class='ocrx_word' id='word_1_1' title='bbox 387 387 484 440; x_wconf 65' lang='lat' dir='ltr'><strong>I57</strong></span> 
     </span>
    </p>
   </div>
   <div class='ocr_carea' id='block_1_2' title="bbox 397 485 2054 571">
    <p class='ocr_par' dir='ltr' id='par_1_2' title="bbox 397 485 2054 571">
     <span class='ocr_line' id='line_1_2' title="bbox 397 485 2054 571; baseline -0.009 -21"><span class='ocrx_word' id='word_1_2' title='bbox 397 500 670 571; x_wconf 46' lang='lat' dir='ltr'>way/wet;</span> <span class='ocrx_word' id='word_1_3' title='bbox 702 492 1102 559; x_wconf 65' lang='grc' dir='ltr'>καταδικάζειν,</span> <span class='ocrx_word' id='word_1_4' title='bbox 1154 490 1279 561; x_wconf 76' lang='grc' dir='ltr'>πρὶν</span> <span class='ocrx_word' id='word_1_5' title='bbox 1326 490 1391 543; x_wconf 77' lang='grc' dir='ltr'>ἂν</span> <span class='ocrx_word' id='word_1_6' title='bbox 1434 487 1635 559; x_wconf 86' lang='grc' dir='ltr'>ἀκριϐῆ</span> <span class='ocrx_word' id='word_1_7' title='bbox 1681 488 1777 556; x_wconf 79' lang='grc' dir='ltr'>τὴν</span> <span class='ocrx_word' id='word_1_8' title='bbox 1813 485 2054 549; x_wconf 83' lang='grc' dir='ltr'>ἐξέτασιν</span> 
     </span>
    </p>
   </div>
   <div class='ocr_carea' id='block_1_3' title="bbox 403 582 767 656">
    <p class='ocr_par' dir='ltr' id='par_1_3' title="bbox 403 582 767 656">
     <span class='ocr_line' id='line_1_3' title="bbox 403 582 767 656; baseline -0.011 -18"><span class='ocrx_word' id='word_1_9' title='bbox 403 582 767 656; x_wconf 46' lang='lat' dir='ltr'>mmmam.</span> 
     </span>
    </p>
   </div>
   <div class='ocr_carea' id='block_1_4' title="bbox 466 657 2060 741">
    <p class='ocr_par' dir='ltr' id='par_1_4' title="bbox 466 657 2060 741">
     <span class='ocr_line' id='line_1_4' title="bbox 466 657 2060 741; baseline -0.011 -17"><span class='ocrx_word' id='word_1_10' title='bbox 466 680 534 741; x_wconf 81' lang='grc' dir='ltr'>γ’.</span> <span class='ocrx_word' id='word_1_11' title='bbox 572 669 913 735; x_wconf 70' lang='grc' dir='ltr'>Ἀκούσωμεν</span> <span class='ocrx_word' id='word_1_12' title='bbox 956 665 1152 724; x_wconf 87' lang='grc' dir='ltr'>τοίνυν.</span> <span class='ocrx_word' id='word_1_13' title='bbox 1183 665 1229 716; x_wconf 85' lang='grc' dir='ltr'>εἰ</span> <span class='ocrx_word' id='word_1_14' title='bbox 1263 664 1426 723; x_wconf 84' lang='grc' dir='ltr'>δοκεῖ,</span> <span class='ocrx_word' id='word_1_15' title='bbox 1458 662 1579 715; x_wconf 89' lang='grc' dir='ltr'>τίνα</span> <span class='ocrx_word' id='word_1_16' title='bbox 1612 665 1708 731; x_wconf 81' lang='grc' dir='ltr'>μὲν</span> <span class='ocrx_word' id='word_1_17' title='bbox 1741 662 1770 713; x_wconf 88' lang='grc' dir='ltr'>ὁ</span> <span class='ocrx_word' id='word_1_18' title='bbox 1802 657 2060 725; x_wconf 77' lang='grc' dir='ltr'>δικαστὴς</span> 
     </span>
    </p>
   </div>
   <div class='ocr_carea' id='block_1_5' title="bbox 396 743 2059 828">
    <p class='ocr_par' dir='ltr' id='par_1_5' title="bbox 396 743 2059 828">
     <span class='ocr_line' id='line_1_5' title="bbox 396 743 2059 828; baseline -0.012 -15"><span class='ocrx_word' id='word_1_19' title='bbox 396 757 665 828; x_wconf 78' lang='grc' dir='ltr'>ἐπερωτᾷ,</span> <span class='ocrx_word' id='word_1_20' title='bbox 696 755 816 828; x_wconf 80' lang='grc' dir='ltr'>τίνα</span> <span class='ocrx_word' id='word_1_21' title='bbox 844 754 899 806; x_wconf 82' lang='grc' dir='ltr'>δέ</span> <span class='ocrx_word' id='word_1_22' title='bbox 934 752 982 804; x_wconf 86' lang='grc' dir='ltr'>οἰ</span> <span class='ocrx_word' id='word_1_23' title='bbox 1027 750 1304 804; x_wconf 87' lang='grc' dir='ltr'>κατάδικοι</span> <span class='ocrx_word' id='word_1_24' title='bbox 1335 749 1742 820; x_wconf 85' lang='grc' dir='ltr'>ἀποκρίνονται,</span> <span class='ocrx_word' id='word_1_25' title='bbox 1781 744 1872 797; x_wconf 75' lang='grc' dir='ltr'>καί</span> <span class='ocrx_word' id='word_1_26' title='bbox 1901 743 2059 804; x_wconf 86' lang='grc' dir='ltr'>ποίας</span> 
     </span>
    </p>
   </div>
   <div class='ocr_carea' id='block_1_6' title="bbox 396 819 2058 915">
    <p class='ocr_par' dir='ltr' id='par_1_6' title="bbox 396 819 2058 915">
     <span class='ocr_line' id='line_1_6' title="bbox 396 819 2058 915; baseline -0.019 -4"><span class='ocrx_word' id='word_1_27' title='bbox 396 844 659 915; x_wconf 79' lang='grc' dir='ltr'>τιμωρίας</span> <span class='ocrx_word' id='word_1_28' title='bbox 683 819 943 910; x_wconf 47' lang='grc' dir='ltr'>δέχοῗθται.</span> <span class='ocrx_word' id='word_1_29' title='bbox 963 838 1055 890; x_wconf 70' lang='grc' dir='ltr'>καὶ</span> <span class='ocrx_word' id='word_1_30' title='bbox 1089 839 1218 907; x_wconf 68' lang='grc' dir='ltr'>ποία</span> <span class='ocrx_word' id='word_1_31' title='bbox 1241 836 1506 905; x_wconf 80' lang='grc' dir='ltr'>καταδίκη</span> <span class='ocrx_word' id='word_1_32' title='bbox 1529 833 1824 895; x_wconf 81' lang='grc' dir='ltr'>ὑπεύθυνος</span> <span class='ocrx_word' id='word_1_33' title='bbox 1851 833 2058 899; x_wconf 89' lang='grc' dir='ltr'>γίνεται</span> 
     </span>
    </p>
   </div>
   <div class='ocr_carea' id='block_1_7' title="bbox 393 916 2060 1002">
    <p class='ocr_par' dir='ltr' id='par_1_7' title="bbox 393 916 2060 1002">
     <span class='ocr_line' id='line_1_7' title="bbox 393 916 2060 1002; baseline -0.011 -17"><span class='ocrx_word' id='word_1_34' title='bbox 393 935 422 985; x_wconf 87' lang='grc' dir='ltr'>ὁ</span> <span class='ocrx_word' id='word_1_35' title='bbox 448 932 543 1002; x_wconf 79' lang='grc' dir='ltr'>τὴν</span> <span class='ocrx_word' id='word_1_36' title='bbox 565 929 828 997; x_wconf 79' lang='grc' dir='ltr'>τοσαύτην</span> <span class='ocrx_word' id='word_1_37' title='bbox 853 925 1142 995; x_wconf 82' lang='grc' dir='ltr'>ἐπιϐουλὴν</span> <span class='ocrx_word' id='word_1_38' title='bbox 1164 927 1240 987; x_wconf 91' lang='grc' dir='ltr'>εἰς</span> <span class='ocrx_word' id='word_1_39' title='bbox 1263 924 1458 984; x_wconf 73' lang='grc' dir='ltr'>αὐτοὺς</span> <span class='ocrx_word' id='word_1_40' title='bbox 1489 921 1882 995; x_wconf 85' lang='grc' dir='ltr'>ἐργασάμενος.</span> <span class='ocrx_word' id='word_1_41' title='bbox 1901 916 2060 1002; x_wconf 78' lang='grc' dir='ltr'>Ἀλλά</span> 
     </span>
    </p>
   </div>
   <div class='ocr_carea' id='block_1_8' title="bbox 398 1001 2056 1083">
    <p class='ocr_par' dir='ltr' id='par_1_8' title="bbox 398 1001 2056 1083">
     <span class='ocr_line' id='line_1_8' title="bbox 398 1001 2056 1083; baseline -0.009 -14"><span class='ocrx_word' id='word_1_42' title='bbox 398 1001 703 1070; x_wconf 83' lang='grc' dir='ltr'>συντείνατέ</span> <span class='ocrx_word' id='word_1_43' title='bbox 741 1031 850 1083; x_wconf 89' lang='grc' dir='ltr'>μοι,</span> <span class='ocrx_word' id='word_1_44' title='bbox 872 1011 1192 1083; x_wconf 82' lang='grc' dir='ltr'>παρακαλῶ,</span> <span class='ocrx_word' id='word_1_45' title='bbox 1213 1010 1307 1076; x_wconf 82' lang='grc' dir='ltr'>τὴν</span> <span class='ocrx_word' id='word_1_46' title='bbox 1341 1010 1597 1068; x_wconf 85' lang='grc' dir='ltr'>διάνοιαν,</span> <span class='ocrx_word' id='word_1_47' title='bbox 1620 1008 1712 1060; x_wconf 73' lang='grc' dir='ltr'>καὶ</span> <span class='ocrx_word' id='word_1_48' title='bbox 1745 1005 1831 1058; x_wconf 77' lang='grc' dir='ltr'>διὰ</span> <span class='ocrx_word' id='word_1_49' title='bbox 1863 1001 2056 1055; x_wconf 70' lang='grc' dir='ltr'>πολλοῦ</span> 
     </span>
    </p>
   </div>
   <div class='ocr_carea' id='block_1_9' title="bbox 394 1091 2058 1169">
    <p class='ocr_par' dir='ltr' id='par_1_9' title="bbox 394 1091 2058 1169">
     <span class='ocr_line' id='line_1_9' title="bbox 394 1091 2058 1169; baseline -0.008 -15"><span class='ocrx_word' id='word_1_50' title='bbox 394 1100 488 1156; x_wconf 89' lang='grc' dir='ltr'>τοῦ</span> <span class='ocrx_word' id='word_1_51' title='bbox 519 1099 683 1169; x_wconf 84' lang='grc' dir='ltr'>φόϐου</span> <span class='ocrx_word' id='word_1_52' title='bbox 732 1103 843 1162; x_wconf 80' lang='grc' dir='ltr'>τοῖς</span> <span class='ocrx_word' id='word_1_53' title='bbox 881 1099 1192 1168; x_wconf 78' lang='grc' dir='ltr'>λεγομένοις</span> <span class='ocrx_word' id='word_1_54' title='bbox 1230 1097 1546 1166; x_wconf 88' lang='grc' dir='ltr'>προσέχετε,</span> <span class='ocrx_word' id='word_1_55' title='bbox 1568 1097 1627 1147; x_wconf 80' lang='grc' dir='ltr'><strong>Εἰ</strong></span> <span class='ocrx_word' id='word_1_56' title='bbox 1667 1093 1774 1162; x_wconf 74' lang='grc' dir='ltr'>γὰρ</span> <span class='ocrx_word' id='word_1_57' title='bbox 1801 1091 2058 1158; x_wconf 71' lang='grc' dir='ltr'>δικαστὴν</span> 
     </span>
    </p>
   </div>
   <div class='ocr_carea' id='block_1_10' title="bbox 392 1177 2058 1257">
    <p class='ocr_par' dir='ltr' id='par_1_10' title="bbox 392 1177 2058 1257">
     <span class='ocr_line' id='line_1_10' title="bbox 392 1177 2058 1257; baseline -0.007 -17"><span class='ocrx_word' id='word_1_58' title='bbox 392 1186 622 1257; x_wconf 83' lang='grc' dir='ltr'>ὁρῶντες</span> <span class='ocrx_word' id='word_1_59' title='bbox 643 1187 881 1254; x_wconf 82' lang='grc' dir='ltr'>ἐπίγειον</span> <span class='ocrx_word' id='word_1_60' title='bbox 898 1187 981 1253; x_wconf 76' lang='grc' dir='ltr'>ἐφ’</span> <span class='ocrx_word' id='word_1_61' title='bbox 998 1178 1199 1254; x_wconf 65' lang='grc' dir='ltr'>ὑψηλοῦ</span> <span class='ocrx_word' id='word_1_62' title='bbox 1220 1182 1462 1254; x_wconf 83' lang='grc' dir='ltr'>βήματος</span> <span class='ocrx_word' id='word_1_63' title='bbox 1483 1181 1807 1251; x_wconf 78' lang='grc' dir='ltr'>καθήμενον,</span> <span class='ocrx_word' id='word_1_64' title='bbox 1824 1179 1912 1230; x_wconf 76' lang='grc' dir='ltr'>καὶ</span> <span class='ocrx_word' id='word_1_65' title='bbox 1934 1177 2058 1240; x_wconf 73' lang='grc' dir='ltr'>τοὺς</span> 
     </span>
    </p>
   </div>
   <div class='ocr_carea' id='block_1_11' title="bbox 394 1265 2058 1342">
    <p class='ocr_par' dir='ltr' id='par_1_11' title="bbox 394 1265 2058 1342">
     <span class='ocr_line' id='line_1_11' title="bbox 394 1265 2058 1342; baseline -0.005 -18"><span class='ocrx_word' id='word_1_66' title='bbox 394 1273 716 1335; x_wconf 79' lang='grc' dir='ltr'>καταδίκους</span> <span class='ocrx_word' id='word_1_67' title='bbox 737 1275 816 1335; x_wconf 90' lang='grc' dir='ltr'>εἰς</span> <span class='ocrx_word' id='word_1_68' title='bbox 834 1273 995 1342; x_wconf 74' lang='grc' dir='ltr'>μέσον</span> <span class='ocrx_word' id='word_1_69' title='bbox 1017 1273 1233 1338; x_wconf 76' lang='grc' dir='ltr'>ἄγοντα,</span> <span class='ocrx_word' id='word_1_70' title='bbox 1251 1271 1343 1322; x_wconf 84' lang='grc' dir='ltr'>καὶ</span> <span class='ocrx_word' id='word_1_71' title='bbox 1371 1268 1779 1333; x_wconf 83' lang='grc' dir='ltr'>καταξαίνοντα,</span> <span class='ocrx_word' id='word_1_72' title='bbox 1795 1265 1885 1318; x_wconf 81' lang='grc' dir='ltr'>καὶ</span> <span class='ocrx_word' id='word_1_73' title='bbox 1898 1283 1946 1316; x_wconf 91' lang='grc' dir='ltr'>τι</span> <span class='ocrx_word' id='word_1_74' title='bbox 1955 1282 2058 1333; x_wconf 89' lang='grc' dir='ltr'>μω-</span> 
     </span>
    </p>
   </div>
   <div class='ocr_carea' id='block_1_12' title="bbox 395 1349 2056 1429">
    <p class='ocr_par' dir='ltr' id='par_1_12' title="bbox 395 1349 2056 1429">
     <span class='ocr_line' id='line_1_12' title="bbox 395 1349 2056 1429; baseline -0.007 -17"><span class='ocrx_word' id='word_1_75' title='bbox 395 1358 676 1429; x_wconf 85' lang='grc' dir='ltr'>ρούμενον,</span> <span class='ocrx_word' id='word_1_76' title='bbox 702 1358 837 1428; x_wconf 87' lang='grc' dir='ltr'>μετά</span> <span class='ocrx_word' id='word_1_77' title='bbox 865 1356 1060 1410; x_wconf 84' lang='grc' dir='ltr'>πολλοῦ</span> <span class='ocrx_word' id='word_1_78' title='bbox 1084 1357 1177 1410; x_wconf 86' lang='grc' dir='ltr'>τοῦ</span> <span class='ocrx_word' id='word_1_79' title='bbox 1203 1357 1356 1419; x_wconf 84' lang='grc' dir='ltr'>δέους</span> <span class='ocrx_word' id='word_1_80' title='bbox 1382 1355 1800 1424; x_wconf 84' lang='grc' dir='ltr'>παρεστήκαμεν</span> <span class='ocrx_word' id='word_1_81' title='bbox 1828 1349 2056 1402; x_wconf 84' lang='grc' dir='ltr'>ἀκοῦσαι</span> 
     </span>
    </p>
   </div>
   <div class='ocr_carea' id='block_1_13' title="bbox 394 1437 2058 1515">
    <p class='ocr_par' dir='ltr' id='par_1_13' title="bbox 394 1437 2058 1515">
     <span class='ocr_line' id='line_1_13' title="bbox 394 1437 2058 1515; baseline -0.007 -17"><span class='ocrx_word' id='word_1_82' title='bbox 394 1445 726 1515; x_wconf 69' lang='grc' dir='ltr'>βουλόμενοι,</span> <span class='ocrx_word' id='word_1_83' title='bbox 755 1446 807 1497; x_wconf 89' lang='grc' dir='ltr'>τί</span> <span class='ocrx_word' id='word_1_84' title='bbox 846 1445 944 1514; x_wconf 82' lang='grc' dir='ltr'>μὲν</span> <span class='ocrx_word' id='word_1_85' title='bbox 979 1447 1005 1496; x_wconf 82' lang='grc' dir='ltr'>ὁ</span> <span class='ocrx_word' id='word_1_86' title='bbox 1030 1445 1288 1513; x_wconf 75' lang='grc' dir='ltr'>δικαστὴς</span> <span class='ocrx_word' id='word_1_87' title='bbox 1336 1443 1501 1509; x_wconf 84' lang='grc' dir='ltr'>λέγει,</span> <span class='ocrx_word' id='word_1_88' title='bbox 1530 1441 1583 1491; x_wconf 86' lang='grc' dir='ltr'>τί</span> <span class='ocrx_word' id='word_1_89' title='bbox 1624 1439 1679 1493; x_wconf 84' lang='grc' dir='ltr'>δέ</span> <span class='ocrx_word' id='word_1_90' title='bbox 1707 1443 1735 1492; x_wconf 90' lang='grc' dir='ltr'>ὁ</span> <span class='ocrx_word' id='word_1_91' title='bbox 1763 1437 2058 1498; x_wconf 86' lang='grc' dir='ltr'>ὑπεύθυνος</span> 
     </span>
    </p>
   </div>
   <div class='ocr_carea' id='block_1_14' title="bbox 394 1523 2057 1604">
    <p class='ocr_par' dir='ltr' id='par_1_14' title="bbox 394 1523 2057 1604">
     <span class='ocr_line' id='line_1_14' title="bbox 394 1523 2057 1604; baseline -0.007 -18"><span class='ocrx_word' id='word_1_92' title='bbox 394 1533 749 1604; x_wconf 86' lang='grc' dir='ltr'>ἀποκρίνεται</span> <span class='ocrx_word' id='word_1_93' title='bbox 771 1548 784 1562; x_wconf 92' lang='grc'><strong>·</strong></span> <span class='ocrx_word' id='word_1_94' title='bbox 836 1531 1018 1600; x_wconf 84' lang='grc' dir='ltr'>πολλῷ</span> <span class='ocrx_word' id='word_1_95' title='bbox 1055 1531 1251 1600; x_wconf 76' lang='grc' dir='ltr'>μᾶλλον</span> <span class='ocrx_word' id='word_1_96' title='bbox 1275 1529 1371 1582; x_wconf 88' lang='grc' dir='ltr'>νῦν</span> <span class='ocrx_word' id='word_1_97' title='bbox 1396 1526 1552 1582; x_wconf 81' lang='grc' dir='ltr'>τοῦτο</span> <span class='ocrx_word' id='word_1_98' title='bbox 1597 1529 1768 1580; x_wconf 77' lang='grc' dir='ltr'>ποιεῖν</span> <span class='ocrx_word' id='word_1_99' title='bbox 1809 1525 1954 1594; x_wconf 79' lang='grc' dir='ltr'>ἡμᾶς</span> <span class='ocrx_word' id='word_1_100' title='bbox 1979 1523 2057 1574; x_wconf 89' lang='grc' dir='ltr'>δί-</span> 
     </span>
    </p>
   </div>
   <div class='ocr_carea' id='block_1_15' title="bbox 394 1611 2054 1691">
    <p class='ocr_par' dir='ltr' id='par_1_15' title="bbox 394 1611 2054 1691">
     <span class='ocr_line' id='line_1_15' title="bbox 394 1611 2054 1691; baseline -0.008 -17"><span class='ocrx_word' id='word_1_101' title='bbox 394 1638 568 1684; x_wconf 90' lang='grc' dir='ltr'>καιον,</span> <span class='ocrx_word' id='word_1_102' title='bbox 609 1620 847 1691; x_wconf 82' lang='grc' dir='ltr'>ὁρῶντας</span> <span class='ocrx_word' id='word_1_103' title='bbox 877 1620 967 1672; x_wconf 78' lang='grc' dir='ltr'>τὸν</span> <span class='ocrx_word' id='word_1_104' title='bbox 1001 1618 1340 1688; x_wconf 80' lang='grc' dir='ltr'>Δημιουργὸν</span> <span class='ocrx_word' id='word_1_105' title='bbox 1371 1618 1466 1685; x_wconf 84' lang='grc' dir='ltr'>τῆς</span> <span class='ocrx_word' id='word_1_106' title='bbox 1505 1614 1716 1683; x_wconf 89' lang='grc' dir='ltr'>φύσεως</span> <span class='ocrx_word' id='word_1_107' title='bbox 1747 1613 1898 1682; x_wconf 80' lang='grc' dir='ltr'>δίκην</span> <span class='ocrx_word' id='word_1_108' title='bbox 1947 1611 2054 1662; x_wconf 85' lang='grc' dir='ltr'>είσ-</span> 
     </span>
    </p>
   </div>
   <div class='ocr_carea' id='block_1_16' title="bbox 396 1695 2054 1780">
    <p class='ocr_par' dir='ltr' id='par_1_16' title="bbox 396 1695 2054 1780">
     <span class='ocr_line' id='line_1_16' title="bbox 396 1695 2054 1780; baseline -0.009 -20"><span class='ocrx_word' id='word_1_109' title='bbox 396 1707 764 1780; x_wconf 86' lang='grc' dir='ltr'>πραττόμενον</span> <span class='ocrx_word' id='word_1_110' title='bbox 800 1706 906 1757; x_wconf 83' lang='grc' dir='ltr'>τῶν</span> <span class='ocrx_word' id='word_1_111' title='bbox 938 1705 1028 1757; x_wconf 79' lang='grc' dir='ltr'>ὑπ’</span> <span class='ocrx_word' id='word_1_112' title='bbox 1051 1705 1214 1757; x_wconf 87' lang='grc' dir='ltr'>αὑτοῦ</span> <span class='ocrx_word' id='word_1_113' title='bbox 1244 1701 1774 1773; x_wconf 87' lang='grc' dir='ltr'>δημιουργηθέντων.</span> <span class='ocrx_word' id='word_1_114' title='bbox 1801 1697 1938 1749; x_wconf 81' lang='grc' dir='ltr'>Ἀλλ’</span> <span class='ocrx_word' id='word_1_115' title='bbox 1962 1695 2054 1748; x_wconf 76' lang='grc' dir='ltr'>ἐὰν</span> 
     </span>
    </p>
   </div>
   <div class='ocr_carea' id='block_1_17' title="bbox 395 1783 2054 1862">
    <p class='ocr_par' dir='ltr' id='par_1_17' title="bbox 395 1783 2054 1862">
     <span class='ocr_line' id='line_1_17' title="bbox 395 1783 2054 1862; baseline -0.007 -16"><span class='ocrx_word' id='word_1_116' title='bbox 395 1794 694 1862; x_wconf 78' lang='grc' dir='ltr'>προσέχητε</span> <span class='ocrx_word' id='word_1_117' title='bbox 734 1792 869 1860; x_wconf 84' lang='grc' dir='ltr'>μετὰ</span> <span class='ocrx_word' id='word_1_118' title='bbox 900 1790 1204 1860; x_wconf 84' lang='grc' dir='ltr'>ἀκριϐείας,</span> <span class='ocrx_word' id='word_1_119' title='bbox 1237 1789 1431 1856; x_wconf 70' lang='grc' dir='ltr'>ὕφεσθε</span> <span class='ocrx_word' id='word_1_120' title='bbox 1467 1787 1630 1840; x_wconf 89' lang='grc' dir='ltr'>πόσον</span> <span class='ocrx_word' id='word_1_121' title='bbox 1663 1787 1723 1838; x_wconf 81' lang='grc' dir='ltr'>τὸ</span> <span class='ocrx_word' id='word_1_122' title='bbox 1767 1784 1927 1854; x_wconf 81' lang='grc' dir='ltr'>μέσον</span> <span class='ocrx_word' id='word_1_123' title='bbox 1957 1783 2054 1850; x_wconf 84' lang='grc' dir='ltr'>τῆς</span> 
     </span>
    </p>
   </div>
   <div class='ocr_carea' id='block_1_18' title="bbox 391 1869 2054 1945">
    <p class='ocr_par' dir='ltr' id='par_1_18' title="bbox 391 1869 2054 1945">
     <span class='ocr_line' id='line_1_18' title="bbox 391 1869 2054 1945; baseline -0.007 -14"><span class='ocrx_word' id='word_1_124' title='bbox 391 1877 486 1931; x_wconf 86' lang='grc' dir='ltr'>τοῦ</span> <span class='ocrx_word' id='word_1_125' title='bbox 505 1877 639 1930; x_wconf 93' lang='grc' dir='ltr'>Θεοῦ</span> <span class='ocrx_word' id='word_1_126' title='bbox 663 1875 1089 1945; x_wconf 78' lang='grc' dir='ltr'>φιλανθρωπίας,</span> <span class='ocrx_word' id='word_1_127' title='bbox 1109 1876 1202 1927; x_wconf 73' lang='grc' dir='ltr'>καὶ</span> <span class='ocrx_word' id='word_1_128' title='bbox 1222 1874 1318 1943; x_wconf 80' lang='grc' dir='ltr'>τῆς</span> <span class='ocrx_word' id='word_1_129' title='bbox 1334 1874 1441 1926; x_wconf 86' lang='grc' dir='ltr'>τῶν</span> <span class='ocrx_word' id='word_1_130' title='bbox 1461 1873 1554 1927; x_wconf 84' lang='grc' dir='ltr'>ἀνθ</span> <span class='ocrx_word' id='word_1_131' title='bbox 1564 1872 1760 1944; x_wconf 82' lang='grc' dir='ltr'>ρώπων</span> <span class='ocrx_word' id='word_1_132' title='bbox 1784 1869 1909 1939; x_wconf 86' lang='grc' dir='ltr'>περί</span> <span class='ocrx_word' id='word_1_133' title='bbox 1931 1869 2054 1931; x_wconf 80' lang='grc' dir='ltr'>τοὺς</span> 
     </span>
    </p>
   </div>
   <div class='ocr_carea' id='block_1_19' title="bbox 393 1955 2055 2034">
    <p class='ocr_par' dir='ltr' id='par_1_19' title="bbox 393 1955 2055 2034">
     <span class='ocr_line' id='line_1_19' title="bbox 393 1955 2055 2034; baseline -0.005 -18"><span class='ocrx_word' id='word_1_134' title='bbox 393 1965 672 2034; x_wconf 76' lang='grc' dir='ltr'>ὁμογενεῖς</span> <span class='ocrx_word' id='word_1_135' title='bbox 715 1962 1136 2032; x_wconf 75' lang='grc' dir='ltr'>αὐστηρότητος.</span> <span class='ocrx_word' id='word_1_136' title='bbox 1171 1962 1275 2030; x_wconf 67' lang='grc' dir='ltr'>καὶ</span> <span class='ocrx_word' id='word_1_137' title='bbox 1314 1960 1568 2013; x_wconf 60' lang='grc' dir='ltr'>ἐκάλεσε</span> <span class='ocrx_word' id='word_1_138' title='bbox 1601 1959 1812 2026; x_wconf 83' lang='grc' dir='ltr'>Κύριος</span> <span class='ocrx_word' id='word_1_139' title='bbox 1852 1959 1884 2009; x_wconf 85' lang='grc' dir='ltr'>ό</span> <span class='ocrx_word' id='word_1_140' title='bbox 1913 1955 2055 2019; x_wconf 77' lang='grc' dir='ltr'>Θεὸς</span> 
     </span>
    </p>
   </div>
   <div class='ocr_carea' id='block_1_20' title="bbox 393 2034 2053 2118">
    <p class='ocr_par' dir='ltr' id='par_1_20' title="bbox 393 2034 2053 2118">
     <span class='ocr_line' id='line_1_20' title="bbox 393 2034 2053 2118; baseline -0.007 -14"><span class='ocrx_word' id='word_1_141' title='bbox 393 2051 499 2104; x_wconf 79' lang='grc' dir='ltr'>τὸν</span> <span class='ocrx_word' id='word_1_142' title='bbox 526 2051 714 2118; x_wconf 81' lang='grc' dir='ltr'>Ἀδὰμ,</span> <span class='ocrx_word' id='word_1_143' title='bbox 756 2051 851 2102; x_wconf 77' lang='grc' dir='ltr'>καὶ</span> <span class='ocrx_word' id='word_1_144' title='bbox 885 2051 1052 2102; x_wconf 78' lang='grc' dir='ltr'>εἶπεν</span> <span class='ocrx_word' id='word_1_145' title='bbox 1075 2047 1253 2111; x_wconf 78' lang='grc' dir='ltr'>αὐτῷ.</span> <span class='ocrx_word' id='word_1_146' title='bbox 1288 2047 1476 2113; x_wconf 78' lang='grc' dir='ltr'>Ἀδὰμ,</span> <span class='ocrx_word' id='word_1_147' title='bbox 1505 2046 1622 2098; x_wconf 82' lang='grc' dir='ltr'>ποῦ</span> <span class='ocrx_word' id='word_1_148' title='bbox 1655 2043 1738 2108; x_wconf 69' lang='lat' dir='ltr'>el;</span> <span class='ocrx_word' id='word_1_149' title='bbox 1778 2034 2053 2110; x_wconf 73' lang='grc' dir='ltr'>Ἐξ-αύτῆς</span> 
     </span>
    </p>
   </div>
   <div class='ocr_carea' id='block_1_21' title="bbox 397 2131 2051 2209">
    <p class='ocr_par' dir='ltr' id='par_1_21' title="bbox 397 2131 2051 2209">
     <span class='ocr_line' id='line_1_21' title="bbox 397 2131 2051 2209; baseline -0.008 -17"><span class='ocrx_word' id='word_1_150' title='bbox 397 2139 495 2208; x_wconf 82' lang='grc' dir='ltr'>τῆς</span> <span class='ocrx_word' id='word_1_151' title='bbox 537 2141 854 2209; x_wconf 75' lang='grc' dir='ltr'>ἐρωτήσεως</span> <span class='ocrx_word' id='word_1_152' title='bbox 897 2137 1043 2200; x_wconf 80' lang='grc' dir='ltr'>ἀξιον</span> <span class='ocrx_word' id='word_1_153' title='bbox 1077 2137 1412 2204; x_wconf 79' lang='grc' dir='ltr'>ἐκπλαγῆναι</span> <span class='ocrx_word' id='word_1_154' title='bbox 1451 2133 1545 2186; x_wconf 89' lang='grc' dir='ltr'>τοῦ</span> <span class='ocrx_word' id='word_1_155' title='bbox 1580 2131 1713 2185; x_wconf 88' lang='grc' dir='ltr'>Θεοῦ</span> <span class='ocrx_word' id='word_1_156' title='bbox 1751 2131 1848 2200; x_wconf 81' lang='grc' dir='ltr'>τὴν</span> <span class='ocrx_word' id='word_1_157' title='bbox 1885 2131 2051 2199; x_wconf 85' lang='grc' dir='ltr'>ὑπερ-</span> 
     </span>
    </p>
   </div>
   <div class='ocr_carea' id='block_1_22' title="bbox 395 2215 2050 2296">
    <p class='ocr_par' dir='ltr' id='par_1_22' title="bbox 395 2215 2050 2296">
     <span class='ocr_line' id='line_1_22' title="bbox 395 2215 2050 2296; baseline -0.005 -20"><span class='ocrx_word' id='word_1_158' title='bbox 395 2227 693 2296; x_wconf 77' lang='grc' dir='ltr'>ϐάλλουσαν</span> <span class='ocrx_word' id='word_1_159' title='bbox 730 2224 1169 2295; x_wconf 81' lang='grc' dir='ltr'>φιλανθρωπίαν,</span> <span class='ocrx_word' id='word_1_160' title='bbox 1206 2223 1303 2291; x_wconf 88' lang='grc' dir='ltr'>οὑχ</span> <span class='ocrx_word' id='word_1_161' title='bbox 1335 2223 1414 2279; x_wconf 75' lang='grc' dir='ltr'>ὁτι</span> <span class='ocrx_word' id='word_1_162' title='bbox 1447 2220 1674 2274; x_wconf 85' lang='grc' dir='ltr'>ἐκάλεσε</span> <span class='ocrx_word' id='word_1_163' title='bbox 1724 2217 1901 2287; x_wconf 89' lang='grc' dir='ltr'>μόνον,</span> <span class='ocrx_word' id='word_1_164' title='bbox 1937 2215 2050 2267; x_wconf 85' lang='grc' dir='ltr'>ἀλλ’</span> 
     </span>
    </p>
   </div>
   <div class='ocr_carea' id='block_1_23' title="bbox 390 2303 2049 2378">
    <p class='ocr_par' dir='ltr' id='par_1_23' title="bbox 390 2303 2049 2378">
     <span class='ocr_line' id='line_1_23' title="bbox 390 2303 2049 2378; baseline -0.008 -13"><span class='ocrx_word' id='word_1_165' title='bbox 390 2314 471 2365; x_wconf 80' lang='grc' dir='ltr'>ὅτι</span> <span class='ocrx_word' id='word_1_166' title='bbox 500 2312 593 2365; x_wconf 72' lang='grc' dir='ltr'>καὶ</span> <span class='ocrx_word' id='word_1_167' title='bbox 621 2311 685 2363; x_wconf 89' lang='grc' dir='ltr'>δι’</span> <span class='ocrx_word' id='word_1_168' title='bbox 709 2311 901 2364; x_wconf 81' lang='grc' dir='ltr'>ἑαυτοῦ</span> <span class='ocrx_word' id='word_1_169' title='bbox 934 2310 1186 2363; x_wconf 80' lang='grc' dir='ltr'>ἐκάλεσεν</span> <span class='ocrx_word' id='word_1_170' title='bbox 1210 2327 1220 2339; x_wconf 85' lang='grc'>·</span> <span class='ocrx_word' id='word_1_171' title='bbox 1245 2310 1381 2378; x_wconf 80' lang='grc' dir='ltr'>ὅπερ</span> <span class='ocrx_word' id='word_1_172' title='bbox 1405 2307 1679 2377; x_wconf 78' lang='grc' dir='ltr'>ἄνθρωποι</span> <span class='ocrx_word' id='word_1_173' title='bbox 1701 2305 1799 2357; x_wconf 87' lang='grc' dir='ltr'>οὑκ</span> <span class='ocrx_word' id='word_1_174' title='bbox 1828 2303 1891 2355; x_wconf 82' lang='grc' dir='ltr'>ἀν</span> <span class='ocrx_word' id='word_1_175' title='bbox 1921 2319 2049 2353; x_wconf 88' lang='grc' dir='ltr'>ποτε</span> 
     </span>
    </p>
   </div>
   <div class='ocr_carea' id='block_1_24' title="bbox 392 2391 2048 2468">
    <p class='ocr_par' dir='ltr' id='par_1_24' title="bbox 392 2391 2048 2468">
     <span class='ocr_line' id='line_1_24' title="bbox 392 2391 2048 2468; baseline -0.007 -16"><span class='ocrx_word' id='word_1_176' title='bbox 392 2399 710 2468; x_wconf 81' lang='grc' dir='ltr'>ἀνάσχοιντο</span> <span class='ocrx_word' id='word_1_177' title='bbox 750 2397 974 2449; x_wconf 72' lang='grc' dir='ltr'>ἐπὶτῶν</span> <span class='ocrx_word' id='word_1_178' title='bbox 1019 2396 1314 2466; x_wconf 86' lang='grc' dir='ltr'>ὁμογενῶν,</span> <span class='ocrx_word' id='word_1_179' title='bbox 1347 2395 1440 2447; x_wconf 72' lang='grc' dir='ltr'>καὶ</span> <span class='ocrx_word' id='word_1_180' title='bbox 1474 2394 1570 2462; x_wconf 78' lang='grc' dir='ltr'>τῆς</span> <span class='ocrx_word' id='word_1_181' title='bbox 1609 2393 1774 2461; x_wconf 79' lang='grc' dir='ltr'>αὐτῆς</span> <span class='ocrx_word' id='word_1_182' title='bbox 1818 2391 1997 2451; x_wconf 77' lang='grc' dir='ltr'>αὐτοῖς</span> <span class='ocrx_word' id='word_1_183' title='bbox 2023 2402 2048 2427; x_wconf 72' lang='grc' dir='ltr'>ει</span> 
     </span>
    </p>
   </div>
   <div class='ocr_carea' id='block_1_25' title="bbox 390 2476 2050 2554">
    <p class='ocr_par' dir='ltr' id='par_1_25' title="bbox 390 2476 2050 2554">
     <span class='ocr_line' id='line_1_25' title="bbox 390 2476 2050 2554; baseline -0.007 -16"><span class='ocrx_word' id='word_1_184' title='bbox 390 2486 604 2554; x_wconf 85' lang='grc' dir='ltr'>φύσεως</span> <span class='ocrx_word' id='word_1_185' title='bbox 628 2484 1044 2538; x_wconf 80' lang='grc' dir='ltr'>κοινωνούντων.</span> <span class='ocrx_word' id='word_1_186' title='bbox 1071 2486 1211 2536; x_wconf 82' lang='grc' dir='ltr'>Ἰστε</span> <span class='ocrx_word' id='word_1_187' title='bbox 1241 2483 1348 2553; x_wconf 74' lang='grc' dir='ltr'>γὰρ</span> <span class='ocrx_word' id='word_1_188' title='bbox 1373 2483 1475 2546; x_wconf 85' lang='grc' dir='ltr'>ὅτι,</span> <span class='ocrx_word' id='word_1_189' title='bbox 1502 2479 1718 2532; x_wconf 74' lang='grc' dir='ltr'>ἐπειδὰν</span> <span class='ocrx_word' id='word_1_190' title='bbox 1742 2479 1826 2547; x_wconf 81' lang='grc' dir='ltr'>ἐφ’</span> <span class='ocrx_word' id='word_1_191' title='bbox 1850 2476 2050 2545; x_wconf 66' lang='grc' dir='ltr'>ὑψηλοῦ</span> 
     </span>
    </p>
   </div>
   <div class='ocr_carea' id='block_1_26' title="bbox 389 2563 2049 2641">
    <p class='ocr_par' dir='ltr' id='par_1_26' title="bbox 389 2563 2049 2641">
     <span class='ocr_line' id='line_1_26' title="bbox 389 2563 2049 2641; baseline -0.006 -16"><span class='ocrx_word' id='word_1_192' title='bbox 389 2573 483 2625; x_wconf 80' lang='grc' dir='ltr'>τοῦ</span> <span class='ocrx_word' id='word_1_193' title='bbox 528 2572 769 2641; x_wconf 85' lang='grc' dir='ltr'>βήματος</span> <span class='ocrx_word' id='word_1_194' title='bbox 821 2570 1117 2641; x_wconf 89' lang='grc' dir='ltr'>καθήμενοι</span> <span class='ocrx_word' id='word_1_195' title='bbox 1168 2570 1322 2637; x_wconf 88' lang='grc' dir='ltr'>δίκην</span> <span class='ocrx_word' id='word_1_196' title='bbox 1375 2569 1791 2637; x_wconf 72' lang='grc' dir='ltr'>εἰσπράττονται</span> <span class='ocrx_word' id='word_1_197' title='bbox 1829 2566 1953 2626; x_wconf 77' lang='grc' dir='ltr'>τοὺς</span> <span class='ocrx_word' id='word_1_198' title='bbox 1983 2563 2049 2615; x_wconf 77' lang='grc' dir='ltr'>τά</span> 
     </span>
    </p>
   </div>
   <div class='ocr_carea' id='block_1_27' title="bbox 391 2650 2051 2728">
    <p class='ocr_par' dir='ltr' id='par_1_27' title="bbox 391 2650 2051 2728">
     <span class='ocr_line' id='line_1_27' title="bbox 391 2650 2051 2728; baseline -0.005 -18"><span class='ocrx_word' id='word_1_199' title='bbox 391 2659 567 2726; x_wconf 86' lang='grc' dir='ltr'>φαῦλα</span> <span class='ocrx_word' id='word_1_200' title='bbox 600 2658 1034 2728; x_wconf 79' lang='grc' dir='ltr'>ἐργασαμένους,</span> <span class='ocrx_word' id='word_1_201' title='bbox 1063 2657 1161 2708; x_wconf 86' lang='grc' dir='ltr'>οὐκ</span> <span class='ocrx_word' id='word_1_202' title='bbox 1212 2655 1451 2719; x_wconf 82' lang='grc' dir='ltr'>ἀξιοῦσιν</span> <span class='ocrx_word' id='word_1_203' title='bbox 1481 2654 1676 2715; x_wconf 83' lang='grc' dir='ltr'>αὐτοὺς</span> <span class='ocrx_word' id='word_1_204' title='bbox 1707 2651 1805 2720; x_wconf 85' lang='grc' dir='ltr'>τῆς</span> <span class='ocrx_word' id='word_1_205' title='bbox 1845 2650 2051 2712; x_wconf 80' lang='grc' dir='ltr'>οἰκείας</span> 
     </span>
    </p>
   </div>
   <div class='ocr_carea' id='block_1_28' title="bbox 389 2737 2048 2815">
    <p class='ocr_par' dir='ltr' id='par_1_28' title="bbox 389 2737 2048 2815">
     <span class='ocr_line' id='line_1_28' title="bbox 389 2737 2048 2815; baseline -0.006 -19"><span class='ocrx_word' id='word_1_206' title='bbox 389 2745 750 2815; x_wconf 82' lang='grc' dir='ltr'>ἀποκρίσεως,</span> <span class='ocrx_word' id='word_1_207' title='bbox 775 2745 868 2796; x_wconf 79' lang='grc' dir='ltr'>καὶ</span> <span class='ocrx_word' id='word_1_208' title='bbox 893 2744 979 2796; x_wconf 80' lang='grc' dir='ltr'>διὰ</span> <span class='ocrx_word' id='word_1_209' title='bbox 999 2743 1152 2796; x_wconf 89' lang='grc' dir='ltr'>τοῦτο</span> <span class='ocrx_word' id='word_1_210' title='bbox 1178 2741 1480 2802; x_wconf 84' lang='grc' dir='ltr'>δεικνύντες</span> <span class='ocrx_word' id='word_1_211' title='bbox 1507 2739 1705 2800; x_wconf 89' lang='grc' dir='ltr'>αὑτοῖς,</span> <span class='ocrx_word' id='word_1_212' title='bbox 1729 2738 1825 2807; x_wconf 84' lang='grc' dir='ltr'>ὅσῃ</span> <span class='ocrx_word' id='word_1_213' title='bbox 1857 2737 2048 2806; x_wconf 80' lang='grc' dir='ltr'>ἀτιμίᾳ</span> 
     </span>
    </p>
   </div>
   <div class='ocr_carea' id='block_1_29' title="bbox 387 2823 2048 2900">
    <p class='ocr_par' dir='ltr' id='par_1_29' title="bbox 387 2823 2048 2900">
     <span class='ocr_line' id='line_1_29' title="bbox 387 2823 2048 2900; baseline -0.007 -15"><span class='ocrx_word' id='word_1_214' title='bbox 387 2833 613 2892; x_wconf 63' lang='grc' dir='ltr'>ἑαυτοὺς</span> <span class='ocrx_word' id='word_1_215' title='bbox 636 2830 951 2898; x_wconf 90' lang='grc' dir='ltr'>περιέϐαλον</span> <span class='ocrx_word' id='word_1_216' title='bbox 972 2829 1058 2882; x_wconf 78' lang='grc' dir='ltr'>διὰ</span> <span class='ocrx_word' id='word_1_217' title='bbox 1081 2829 1178 2900; x_wconf 84' lang='grc' dir='ltr'>τῆς</span> <span class='ocrx_word' id='word_1_218' title='bbox 1199 2828 1308 2880; x_wconf 87' lang='grc' dir='ltr'>τῶν</span> <span class='ocrx_word' id='word_1_219' title='bbox 1331 2826 1580 2897; x_wconf 78' lang='grc' dir='ltr'>πονηρῶν</span> <span class='ocrx_word' id='word_1_220' title='bbox 1609 2823 1858 2896; x_wconf 79' lang='grc' dir='ltr'>πράξεων</span> <span class='ocrx_word' id='word_1_221' title='bbox 1887 2826 2048 2893; x_wconf 82' lang='grc' dir='ltr'>ἐργα-</span> 
     </span>
    </p>
   </div>
   <div class='ocr_carea' id='block_1_30' title="bbox 390 2909 2049 2986">
    <p class='ocr_par' dir='ltr' id='par_1_30' title="bbox 390 2909 2049 2986">
     <span class='ocr_line' id='line_1_30' title="bbox 390 2909 2049 2986; baseline -0.008 -15"><span class='ocrx_word' id='word_1_222' title='bbox 390 2918 545 2981; x_wconf 86' lang='grc' dir='ltr'>σίας’</span> <span class='ocrx_word' id='word_1_223' title='bbox 583 2917 694 2970; x_wconf 81' lang='grc' dir='ltr'>ἀλλ’</span> <span class='ocrx_word' id='word_1_224' title='bbox 728 2920 755 2969; x_wconf 88' lang='grc' dir='ltr'>ὁ</span> <span class='ocrx_word' id='word_1_225' title='bbox 796 2917 895 2986; x_wconf 80' lang='grc' dir='ltr'>μὲν</span> <span class='ocrx_word' id='word_1_226' title='bbox 939 2916 1196 2984; x_wconf 82' lang='grc' dir='ltr'>δικαστὴς</span> <span class='ocrx_word' id='word_1_227' title='bbox 1230 2914 1600 2984; x_wconf 81' lang='grc' dir='ltr'>ἀποκρίνεται,</span> <span class='ocrx_word' id='word_1_228' title='bbox 1643 2912 1826 2980; x_wconf 71' lang='grc' dir='ltr'>ἕτερος</span> <span class='ocrx_word' id='word_1_229' title='bbox 1875 2909 1929 2960; x_wconf 88' lang='grc' dir='ltr'>δέ</span> <span class='ocrx_word' id='word_1_230' title='bbox 1966 2925 2049 2970; x_wconf 89' lang='grc' dir='ltr'>τις</span> 
     </span>
    </p>
   </div>
   <div class='ocr_carea' id='block_1_31' title="bbox 389 2995 2045 3072">
    <p class='ocr_par' dir='ltr' id='par_1_31' title="bbox 389 2995 2045 3072">
     <span class='ocr_line' id='line_1_31' title="bbox 389 2995 2045 3072; baseline -0.007 -15"><span class='ocrx_word' id='word_1_231' title='bbox 389 3006 557 3068; x_wconf 85' lang='grc' dir='ltr'>ἐστὼς</span> <span class='ocrx_word' id='word_1_232' title='bbox 585 3004 883 3066; x_wconf 78' lang='grc' dir='ltr'>διαϐιϐάζει</span> <span class='ocrx_word' id='word_1_233' title='bbox 922 3003 989 3056; x_wconf 79' lang='grc' dir='ltr'>τά</span> <span class='ocrx_word' id='word_1_234' title='bbox 1024 3002 1172 3072; x_wconf 69' lang='grc' dir='ltr'>παρὰ</span> <span class='ocrx_word' id='word_1_235' title='bbox 1213 3000 1306 3052; x_wconf 90' lang='grc' dir='ltr'>τοῦ</span> <span class='ocrx_word' id='word_1_236' title='bbox 1345 2997 1595 3052; x_wconf 83' lang='grc' dir='ltr'>δικαστοῦ</span> <span class='ocrx_word' id='word_1_237' title='bbox 1630 2997 1708 3066; x_wconf 84' lang='grc' dir='ltr'>τῷ</span> <span class='ocrx_word' id='word_1_238' title='bbox 1739 2995 2045 3061; x_wconf 77' lang='grc' dir='ltr'>ὑπευθύνῳ,</span> 
     </span>
    </p>
   </div>
   <div class='ocr_carea' id='block_1_32' title="bbox 389 3085 2047 3161">
    <p class='ocr_par' dir='ltr' id='par_1_32' title="bbox 389 3085 2047 3161">
     <span class='ocr_line' id='line_1_32' title="bbox 389 3085 2047 3161; baseline -0.005 -17"><span class='ocrx_word' id='word_1_239' title='bbox 389 3093 480 3144; x_wconf 79' lang='grc' dir='ltr'>καὶ</span> <span class='ocrx_word' id='word_1_240' title='bbox 504 3095 569 3145; x_wconf 86' lang='grc' dir='ltr'>τά</span> <span class='ocrx_word' id='word_1_241' title='bbox 600 3095 725 3161; x_wconf 84' lang='grc' dir='ltr'>παρ’</span> <span class='ocrx_word' id='word_1_242' title='bbox 757 3092 963 3144; x_wconf 86' lang='grc' dir='ltr'>ἐκείνου</span> <span class='ocrx_word' id='word_1_243' title='bbox 989 3091 1149 3142; x_wconf 91' lang='grc' dir='ltr'>πάλιν</span> <span class='ocrx_word' id='word_1_244' title='bbox 1171 3086 1650 3159; x_wconf 87' lang='grc' dir='ltr'>διαπορθμεύειτῷ</span> <span class='ocrx_word' id='word_1_245' title='bbox 1676 3087 1930 3156; x_wconf 77' lang='grc' dir='ltr'>δικαστῇ·</span> <span class='ocrx_word' id='word_1_246' title='bbox 1957 3085 2047 3137; x_wconf 72' lang='grc' dir='ltr'>καὶ</span> 
     </span>
    </p>
   </div>
   <div class='ocr_carea' id='block_1_33' title="bbox 388 3172 2043 3244">
    <p class='ocr_par' dir='ltr' id='par_1_33' title="bbox 388 3172 2043 3244">
     <span class='ocr_line' id='line_1_33' title="bbox 388 3172 2043 3244; baseline -0.005 -12"><span class='ocrx_word' id='word_1_247' title='bbox 388 3179 625 3232; x_wconf 88' lang='grc' dir='ltr'>τοιοῦτον</span> <span class='ocrx_word' id='word_1_248' title='bbox 653 3178 717 3232; x_wconf 82' lang='grc' dir='ltr'>ἂν</span> <span class='ocrx_word' id='word_1_249' title='bbox 751 3179 847 3231; x_wconf 85' lang='grc' dir='ltr'>ίδοι</span> <span class='ocrx_word' id='word_1_250' title='bbox 891 3195 973 3240; x_wconf 89' lang='grc' dir='ltr'>τις</span> <span class='ocrx_word' id='word_1_251' title='bbox 1011 3179 1117 3231; x_wconf 87' lang='grc' dir='ltr'>τῶν</span> <span class='ocrx_word' id='word_1_252' title='bbox 1147 3177 1474 3239; x_wconf 73' lang='grc' dir='ltr'>δικαζόντων</span> <span class='ocrx_word' id='word_1_253' title='bbox 1508 3172 1782 3244; x_wconf 88' lang='grc' dir='ltr'>πανταχοῦ</span> <span class='ocrx_word' id='word_1_254' title='bbox 1823 3173 1881 3225; x_wconf 78' lang='grc' dir='ltr'>τὸ</span> <span class='ocrx_word' id='word_1_255' title='bbox 1905 3172 2043 3234; x_wconf 81' lang='grc' dir='ltr'>ἔθος.</span> 
     </span>
    </p>
   </div>
   <div class='ocr_carea' id='block_1_34' title="bbox 404 3256 2049 3334">
    <p class='ocr_par' dir='ltr' id='par_1_34' title="bbox 404 3256 2049 3334">
     <span class='ocr_line' id='line_1_34' title="bbox 404 3256 2049 3334; baseline -0.006 -13"><span class='ocrx_word' id='word_1_256' title='bbox 404 3256 538 3321; x_wconf 75' lang='grc' dir='ltr'>⁹Δλλ’</span> <span class='ocrx_word' id='word_1_257' title='bbox 559 3268 587 3320; x_wconf 88' lang='grc' dir='ltr'>ὁ</span> <span class='ocrx_word' id='word_1_258' title='bbox 615 3265 744 3328; x_wconf 85' lang='grc' dir='ltr'>Θεὸς</span> <span class='ocrx_word' id='word_1_259' title='bbox 781 3265 880 3334; x_wconf 92' lang='grc' dir='ltr'>ούχ</span> <span class='ocrx_word' id='word_1_260' title='bbox 906 3263 1097 3327; x_wconf 79' lang='grc' dir='ltr'>οὕτως,</span> <span class='ocrx_word' id='word_1_261' title='bbox 1130 3263 1267 3318; x_wconf 89' lang='grc' dir='ltr'>ἀλλά</span> <span class='ocrx_word' id='word_1_262' title='bbox 1294 3265 1346 3316; x_wconf 88' lang='grc' dir='ltr'>τί</span> <span class='ocrx_word' id='word_1_263' title='bbox 1364 3281 1378 3328; x_wconf 90' lang='grc'><strong>;</strong></span> <span class='ocrx_word' id='word_1_264' title='bbox 1409 3263 1580 3325; x_wconf 78' lang='grc' dir='ltr'>Αὐτὸς</span> <span class='ocrx_word' id='word_1_265' title='bbox 1617 3263 1683 3314; x_wconf 88' lang='grc' dir='ltr'>δι’</span> <span class='ocrx_word' id='word_1_266' title='bbox 1718 3260 1913 3313; x_wconf 78' lang='grc' dir='ltr'>ἑαυτοῦ</span> <span class='ocrx_word' id='word_1_267' title='bbox 1951 3277 2049 3312; x_wconf 90' lang='grc' dir='ltr'>κα-</span> 
     </span>
    </p>
   </div>
   <div class='ocr_carea' id='block_1_35' title="bbox 386 3349 2047 3422">
    <p class='ocr_par' dir='ltr' id='par_1_35' title="bbox 386 3349 2047 3422">
     <span class='ocr_line' id='line_1_35' title="bbox 386 3349 2047 3422; baseline -0.002 -17"><span class='ocrx_word' id='word_1_268' title='bbox 386 3354 468 3406; x_wconf 89' lang='grc' dir='ltr'>λεῖ</span> <span class='ocrx_word' id='word_1_269' title='bbox 486 3371 498 3384; x_wconf 88' lang='grc'><strong>·</strong></span> <span class='ocrx_word' id='word_1_270' title='bbox 537 3354 644 3407; x_wconf 79' lang='grc' dir='ltr'>Καὶ</span> <span class='ocrx_word' id='word_1_271' title='bbox 668 3353 941 3416; x_wconf 71' lang='grc' dir='ltr'>ἐκάλεσε,</span> <span class='ocrx_word' id='word_1_272' title='bbox 972 3355 1124 3422; x_wconf 74' lang='grc' dir='ltr'>φησὶ.</span> <span class='ocrx_word' id='word_1_273' title='bbox 1148 3355 1360 3420; x_wconf 81' lang='grc' dir='ltr'>Κύριος</span> <span class='ocrx_word' id='word_1_274' title='bbox 1385 3355 1418 3405; x_wconf 84' lang='grc' dir='ltr'>ό</span> <span class='ocrx_word' id='word_1_275' title='bbox 1445 3353 1590 3415; x_wconf 77' lang='grc' dir='ltr'>Θεὸς</span> <span class='ocrx_word' id='word_1_276' title='bbox 1611 3352 1716 3404; x_wconf 86' lang='grc' dir='ltr'>τὸν</span> <span class='ocrx_word' id='word_1_277' title='bbox 1752 3350 1922 3418; x_wconf 74' lang='grc' dir='ltr'>Ἀδὰμ</span> <span class='ocrx_word' id='word_1_278' title='bbox 1950 3349 2047 3401; x_wconf 80' lang='grc' dir='ltr'>καί</span> 
     </span>
    </p>
   </div>
   <div class='ocr_carea' id='block_1_36' title="bbox 383 3434 2048 3510">
    <p class='ocr_par' dir='ltr' id='par_1_36' title="bbox 383 3434 2048 3510">
     <span class='ocr_line' id='line_1_36' title="bbox 383 3434 2048 3510; baseline -0.002 -17"><span class='ocrx_word' id='word_1_279' title='bbox 383 3434 553 3493; x_wconf 75' lang='grc' dir='ltr'>εἶπεν</span> <span class='ocrx_word' id='word_1_280' title='bbox 581 3439 760 3503; x_wconf 84' lang='grc' dir='ltr'>αὐτῷ,</span> <span class='ocrx_word' id='word_1_281' title='bbox 797 3439 986 3508; x_wconf 81' lang='grc' dir='ltr'>Ἀδὰμ,</span> <span class='ocrx_word' id='word_1_282' title='bbox 1013 3439 1129 3492; x_wconf 82' lang='grc' dir='ltr'>ποῦ</span> <span class='ocrx_word' id='word_1_283' title='bbox 1160 3436 1249 3502; x_wconf 69' lang='lat' dir='ltr'>aI;</span> <span class='ocrx_word' id='word_1_284' title='bbox 1273 3439 1413 3510; x_wconf 87' lang='grc' dir='ltr'>Ὅρα</span> <span class='ocrx_word' id='word_1_285' title='bbox 1440 3440 1577 3508; x_wconf 89' lang='grc' dir='ltr'>πόση</span> <span class='ocrx_word' id='word_1_286' title='bbox 1605 3439 1831 3508; x_wconf 87' lang='grc' dir='ltr'>δύναμις</span> <span class='ocrx_word' id='word_1_287' title='bbox 1853 3435 2048 3490; x_wconf 85' lang='grc' dir='ltr'>ἐναπό-</span> 
     </span>
    </p>
   </div>
   <div class='ocr_carea' id='block_1_37' title="bbox 386 3524 2048 3598">
    <p class='ocr_par' dir='ltr' id='par_1_37' title="bbox 386 3524 2048 3598">
     <span class='ocr_line' id='line_1_37' title="bbox 386 3524 2048 3598; baseline -0.002 -18"><span class='ocrx_word' id='word_1_288' title='bbox 386 3543 562 3580; x_wconf 80' lang='grc' dir='ltr'>κειται</span> <span class='ocrx_word' id='word_1_289' title='bbox 591 3527 647 3578; x_wconf 82' lang='grc' dir='ltr'>ἐν</span> <span class='ocrx_word' id='word_1_290' title='bbox 681 3529 744 3595; x_wconf 79' lang='grc' dir='ltr'>τῇ</span> <span class='ocrx_word' id='word_1_291' title='bbox 785 3525 1012 3598; x_wconf 77' lang='grc' dir='ltr'>βραχείᾳ</span> <span class='ocrx_word' id='word_1_292' title='bbox 1047 3525 1217 3596; x_wconf 83' lang='grc' dir='ltr'>ταύτῃ</span> <span class='ocrx_word' id='word_1_293' title='bbox 1250 3525 1411 3590; x_wconf 85' lang='grc' dir='ltr'>λέξει.</span> <span class='ocrx_word' id='word_1_294' title='bbox 1454 3527 1561 3578; x_wconf 82' lang='grc' dir='ltr'>Καὶ</span> <span class='ocrx_word' id='word_1_295' title='bbox 1604 3526 1734 3578; x_wconf 84' lang='grc' dir='ltr'>αύτὸ</span> <span class='ocrx_word' id='word_1_296' title='bbox 1767 3524 1918 3596; x_wconf 80' lang='grc'>[157]</span> <span class='ocrx_word' id='word_1_297' title='bbox 1951 3526 2048 3594; x_wconf 80' lang='grc' dir='ltr'>μὲν</span> 
     </span>
    </p>
   </div>
   <div class='ocr_carea' id='block_1_38' title="bbox 386 3612 2047 3685">
    <p class='ocr_par' dir='ltr' id='par_1_38' title="bbox 386 3612 2047 3685">
     <span class='ocr_line' id='line_1_38' title="bbox 386 3612 2047 3685; baseline -0.002 -18"><span class='ocrx_word' id='word_1_298' title='bbox 386 3616 494 3685; x_wconf 85' lang='grc' dir='ltr'>γὰρ</span> <span class='ocrx_word' id='word_1_299' title='bbox 521 3615 581 3668; x_wconf 78' lang='grc' dir='ltr'>τὸ</span> <span class='ocrx_word' id='word_1_300' title='bbox 610 3613 835 3667; x_wconf 89' lang='grc' dir='ltr'>καλέσαι</span> <span class='ocrx_word' id='word_1_301' title='bbox 879 3613 1079 3682; x_wconf 85' lang='grc' dir='ltr'>πολλῆς</span> <span class='ocrx_word' id='word_1_302' title='bbox 1117 3613 1209 3666; x_wconf 80' lang='grc' dir='ltr'>καὶ</span> <span class='ocrx_word' id='word_1_303' title='bbox 1255 3613 1461 3681; x_wconf 88' lang='grc' dir='ltr'>ἀφάτου</span> <span class='ocrx_word' id='word_1_304' title='bbox 1496 3612 1922 3682; x_wconf 82' lang='grc' dir='ltr'>φιλανθρωπίας,</span> <span class='ocrx_word' id='word_1_305' title='bbox 1954 3612 2047 3663; x_wconf 78' lang='grc' dir='ltr'>καί⁵</span> 
     </span>
    </p>
   </div>
   <div class='ocr_carea' id='block_1_39' title="bbox 385 3698 2047 3772">
    <p class='ocr_par' dir='ltr' id='par_1_39' title="bbox 385 3698 2047 3772">
     <span class='ocr_line' id='line_1_39' title="bbox 385 3698 2047 3772; baseline -0.002 -17"><span class='ocrx_word' id='word_1_306' title='bbox 385 3704 446 3756; x_wconf 73' lang='grc' dir='ltr'>τδ</span> <span class='ocrx_word' id='word_1_307' title='bbox 470 3702 546 3772; x_wconf 80' lang='grc' dir='ltr'>τῷ</span> <span class='ocrx_word' id='word_1_308' title='bbox 582 3702 1080 3771; x_wconf 87' lang='grc' dir='ltr'>καταισχυνομένῳ,</span> <span class='ocrx_word' id='word_1_309' title='bbox 1109 3701 1204 3754; x_wconf 73' lang='grc' dir='ltr'>καὶ</span> <span class='ocrx_word' id='word_1_310' title='bbox 1241 3701 1373 3771; x_wconf 85' lang='grc' dir='ltr'>μηδέ</span> <span class='ocrx_word' id='word_1_311' title='bbox 1406 3698 1534 3772; x_wconf 78' lang='grc' dir='ltr'>ἆραι</span> <span class='ocrx_word' id='word_1_312' title='bbox 1560 3703 1588 3740; x_wconf 73' lang='grc' dir='ltr'>ι’</span> <span class='ocrx_word' id='word_1_313' title='bbox 1625 3702 1684 3754; x_wconf 86' lang='grc' dir='ltr'>τὺ</span> <span class='ocrx_word' id='word_1_314' title='bbox 1723 3702 1895 3771; x_wconf 88' lang='grc' dir='ltr'>στόμα</span> <span class='ocrx_word' id='word_1_315' title='bbox 1926 3701 2047 3752; x_wconf 72' lang='grc' dir='ltr'>τολο</span> 
     </span>
    </p>
   </div>
   <div class='ocr_carea' id='block_1_40' title="bbox 390 3787 2043 3860">
    <p class='ocr_par' dir='ltr' id='par_1_40' title="bbox 390 3787 2043 3860">
     <span class='ocr_line' id='line_1_40' title="bbox 390 3787 2043 3860; baseline 0 -18"><span class='ocrx_word' id='word_1_316' title='bbox 390 3791 580 3860; x_wconf 86' lang='grc' dir='ltr'>μῶντι,</span> <span class='ocrx_word' id='word_1_317' title='bbox 635 3789 767 3858; x_wconf 77' lang='grc' dir='ltr'>μηδὲ</span> <span class='ocrx_word' id='word_1_318' title='bbox 805 3787 1060 3851; x_wconf 83' lang='grc' dir='ltr'>διανοῖξαι</span> <span class='ocrx_word' id='word_1_319' title='bbox 1094 3788 1356 3855; x_wconf 89' lang='grc' dir='ltr'>γλῶτταν,</span> <span class='ocrx_word' id='word_1_320' title='bbox 1401 3789 1496 3840; x_wconf 73' lang='grc' dir='ltr'>καὶ</span> <span class='ocrx_word' id='word_1_321' title='bbox 1548 3790 1802 3860; x_wconf 83' lang='grc' dir='ltr'>ἀφορμὴν</span> <span class='ocrx_word' id='word_1_322' title='bbox 1840 3789 2043 3850; x_wconf 86' lang='grc' dir='ltr'>δοῦναι,</span> 
     </span>
    </p>
   </div>
   <div class='ocr_carea' id='block_1_41' title="bbox 385 3873 2043 3946">
    <p class='ocr_par' dir='ltr' id='par_1_41' title="bbox 385 3873 2043 3946">
     <span class='ocr_line' id='line_1_41' title="bbox 385 3873 2043 3946; baseline 0 -17"><span class='ocrx_word' id='word_1_323' title='bbox 385 3877 469 3929; x_wconf 77' lang='grc' dir='ltr'>διὰ</span> <span class='ocrx_word' id='word_1_324' title='bbox 496 3879 592 3944; x_wconf 83' lang='grc' dir='ltr'>τῆς</span> <span class='ocrx_word' id='word_1_325' title='bbox 628 3878 966 3946; x_wconf 81' lang='grc' dir='ltr'>ἐρωτήσεως,</span> <span class='ocrx_word' id='word_1_326' title='bbox 1001 3873 1202 3944; x_wconf 84' lang='grc' dir='ltr'>πολλῆς</span> <span class='ocrx_word' id='word_1_327' title='bbox 1239 3875 1570 3945; x_wconf 86' lang='grc' dir='ltr'>ἀγαθότητος</span> <span class='ocrx_word' id='word_1_328' title='bbox 1597 3892 1610 3904; x_wconf 89' lang='grc'><strong>·</strong></span> <span class='ocrx_word' id='word_1_329' title='bbox 1641 3877 1699 3928; x_wconf 85' lang='grc' dir='ltr'>τὸ</span> <span class='ocrx_word' id='word_1_330' title='bbox 1739 3877 1795 3928; x_wconf 82' lang='grc' dir='ltr'>δὲ</span> <span class='ocrx_word' id='word_1_331' title='bbox 1836 3878 1927 3929; x_wconf 68' lang='grc' dir='ltr'>καὶ</span> <span class='ocrx_word' id='word_1_332' title='bbox 1956 3877 2043 3929; x_wconf 88' lang='grc' dir='ltr'>λέ-</span> 
     </span>
    </p>
   </div>
   <div class='ocr_carea' id='block_1_42' title="bbox 385 3959 2048 4033">
    <p class='ocr_par' dir='ltr' id='par_1_42' title="bbox 385 3959 2048 4033">
     <span class='ocr_line' id='line_1_42' title="bbox 385 3959 2048 4033; baseline -0.002 -16"><span class='ocrx_word' id='word_1_333' title='bbox 385 3981 521 4032; x_wconf 87' lang='grc' dir='ltr'>γειν,</span> <span class='ocrx_word' id='word_1_334' title='bbox 551 3963 671 4017; x_wconf 86' lang='grc' dir='ltr'>Ποῦ</span> <span class='ocrx_word' id='word_1_335' title='bbox 691 3959 776 4026; x_wconf 65' lang='lat'>87;</span> <span class='ocrx_word' id='word_1_336' title='bbox 806 3963 1002 4033; x_wconf 81' lang='grc' dir='ltr'>πολλὴν</span> <span class='ocrx_word' id='word_1_337' title='bbox 1024 3962 1134 4033; x_wconf 76' lang='grc' dir='ltr'>ἔχει</span> <span class='ocrx_word' id='word_1_338' title='bbox 1157 3963 1252 4033; x_wconf 72' lang='grc' dir='ltr'>τὴν</span> <span class='ocrx_word' id='word_1_339' title='bbox 1279 3963 1429 4032; x_wconf 79' lang='grc' dir='ltr'>ίσχὺν</span> <span class='ocrx_word' id='word_1_340' title='bbox 1452 3962 1590 4032; x_wconf 85' lang='grc' dir='ltr'>μετά</span> <span class='ocrx_word' id='word_1_341' title='bbox 1615 3963 1714 4031; x_wconf 74' lang='grc' dir='ltr'>τῆς</span> <span class='ocrx_word' id='word_1_342' title='bbox 1746 3963 1934 4030; x_wconf 80' lang='grc' dir='ltr'>φιλανθ</span> <span class='ocrx_word' id='word_1_343' title='bbox 1945 3981 2048 4032; x_wconf 82' lang='grc' dir='ltr'>ρω-</span> 
     </span>
    </p>
   </div>
   <div class='ocr_carea' id='block_1_43' title="bbox 385 4048 2046 4120">
    <p class='ocr_par' dir='ltr' id='par_1_43' title="bbox 385 4048 2046 4120">
     <span class='ocr_line' id='line_1_43' title="bbox 385 4048 2046 4120; baseline -0.001 -16"><span class='ocrx_word' id='word_1_344' title='bbox 385 4051 530 4114; x_wconf 86' lang='grc' dir='ltr'>πίας.</span> <span class='ocrx_word' id='word_1_345' title='bbox 557 4052 849 4119; x_wconf 75' lang='grc' dir='ltr'>Μονονουχὶ</span> <span class='ocrx_word' id='word_1_346' title='bbox 880 4051 987 4120; x_wconf 87' lang='grc' dir='ltr'>γὰρ</span> <span class='ocrx_word' id='word_1_347' title='bbox 1028 4049 1317 4102; x_wconf 76' lang='grc' dir='ltr'>αἰνίττεται</span> <span class='ocrx_word' id='word_1_348' title='bbox 1361 4048 1507 4118; x_wconf 85' lang='grc' dir='ltr'>αύτῷ</span> <span class='ocrx_word' id='word_1_349' title='bbox 1537 4049 1624 4101; x_wconf 77' lang='grc' dir='ltr'>διὰ</span> <span class='ocrx_word' id='word_1_350' title='bbox 1657 4050 1843 4102; x_wconf 89' lang='grc' dir='ltr'>τούτου</span> <span class='ocrx_word' id='word_1_351' title='bbox 1875 4051 2046 4117; x_wconf 90' lang='grc' dir='ltr'>λέγων</span> 
     </span>
    </p>
   </div>
   <div class='ocr_carea' id='block_1_44' title="bbox 385 4136 2048 4209">
    <p class='ocr_par' dir='ltr' id='par_1_44' title="bbox 385 4136 2048 4209">
     <span class='ocr_line' id='line_1_44' title="bbox 385 4136 2048 4209; baseline 0 -19"><span class='ocrx_word' id='word_1_352' title='bbox 385 4139 520 4209; x_wconf 79' lang='grc' dir='ltr'>πρὸς</span> <span class='ocrx_word' id='word_1_353' title='bbox 558 4139 747 4191; x_wconf 75' lang='grc' dir='ltr'>αὐτόν’</span> <span class='ocrx_word' id='word_1_354' title='bbox 789 4138 853 4188; x_wconf 93' lang='grc' dir='ltr'>Τί</span> <span class='ocrx_word' id='word_1_355' title='bbox 899 4137 1161 4203; x_wconf 87' lang='grc' dir='ltr'>γέγονεν;</span> <span class='ocrx_word' id='word_1_356' title='bbox 1199 4136 1454 4204; x_wconf 80' lang='grc' dir='ltr'>Ἐτέρωθί</span> <span class='ocrx_word' id='word_1_357' title='bbox 1498 4152 1555 4187; x_wconf 88' lang='grc' dir='ltr'>σε</span> <span class='ocrx_word' id='word_1_358' title='bbox 1602 4137 1913 4202; x_wconf 85' lang='grc' dir='ltr'>κατέλιπον,</span> <span class='ocrx_word' id='word_1_359' title='bbox 1956 4138 2048 4191; x_wconf 77' lang='grc' dir='ltr'>καὶ</span> 
     </span>
    </p>
   </div>
   <div class='ocr_carea' id='block_1_45' title="bbox 385 4222 2050 4294">
    <p class='ocr_par' dir='ltr' id='par_1_45' title="bbox 385 4222 2050 4294">
     <span class='ocr_line' id='line_1_45' title="bbox 385 4222 2050 4294; baseline -0.001 -17"><span class='ocrx_word' id='word_1_360' title='bbox 385 4223 612 4294; x_wconf 83' lang='grc' dir='ltr'>ἐτέρωθι</span> <span class='ocrx_word' id='word_1_361' title='bbox 642 4223 735 4275; x_wconf 91' lang='grc' dir='ltr'>νῦν</span> <span class='ocrx_word' id='word_1_362' title='bbox 763 4224 1035 4293; x_wconf 85' lang='grc' dir='ltr'>εὑρίσκω·</span> <span class='ocrx_word' id='word_1_363' title='bbox 1071 4222 1232 4291; x_wconf 74' lang='grc' dir='ltr'>ἑτέρᾳ</span> <span class='ocrx_word' id='word_1_364' title='bbox 1262 4222 1385 4292; x_wconf 80' lang='grc' dir='ltr'>δόξῃ</span> <span class='ocrx_word' id='word_1_365' title='bbox 1419 4222 1788 4290; x_wconf 76' lang='grc' dir='ltr'>ἠμφιεσμένον</span> <span class='ocrx_word' id='word_1_366' title='bbox 1829 4225 2050 4276; x_wconf 85' lang='grc' dir='ltr'>καταλι-</span> 
     </span>
    </p>
   </div>
   <div class='ocr_carea' id='block_1_46' title="bbox 385 4301 2036 4378">
    <p class='ocr_par' dir='ltr' id='par_1_46' title="bbox 385 4301 2036 4378">
     <span class='ocr_line' id='line_1_46' title="bbox 385 4301 2036 4378; baseline 0 -18"><span class='ocrx_word' id='word_1_367' title='bbox 385 4308 522 4370; x_wconf 85' lang='grc' dir='ltr'>πὼν,</span> <span class='ocrx_word' id='word_1_368' title='bbox 553 4308 646 4361; x_wconf 86' lang='grc' dir='ltr'>νῦν</span> <span class='ocrx_word' id='word_1_369' title='bbox 679 4301 834 4378; x_wconf 80' lang='grc' dir='ltr'>εὖρον</span> <span class='ocrx_word' id='word_1_370' title='bbox 871 4309 927 4359; x_wconf 87' lang='grc' dir='ltr'>ἐν</span> <span class='ocrx_word' id='word_1_371' title='bbox 957 4307 1273 4377; x_wconf 75' lang='grc' dir='ltr'>γυμνότητι.</span> <span class='ocrx_word' id='word_1_372' title='bbox 1310 4307 1432 4359; x_wconf 90' lang='grc' dir='ltr'>Ποῦ</span> <span class='ocrx_word' id='word_1_373' title='bbox 1460 4303 1550 4369; x_wconf 68' lang='lat' dir='ltr'>sl;</span> <span class='ocrx_word' id='word_1_374' title='bbox 1589 4308 1757 4360; x_wconf 86' lang='grc' dir='ltr'>Πόθεν</span> <span class='ocrx_word' id='word_1_375' title='bbox 1799 4324 1880 4360; x_wconf 87' lang='grc' dir='ltr'>σοι</span> <span class='ocrx_word' id='word_1_376' title='bbox 1920 4325 2036 4360; x_wconf 86' lang='grc' dir='ltr'>συν-</span> 
     </span>
    </p>
   </div>
   <div class='ocr_carea' id='block_1_47' title="bbox 382 4393 2045 4467">
    <p class='ocr_par' dir='ltr' id='par_1_47' title="bbox 382 4393 2045 4467">
     <span class='ocr_line' id='line_1_47' title="bbox 382 4393 2045 4467; baseline 0.001 -18"><span class='ocrx_word' id='word_1_377' title='bbox 382 4397 478 4467; x_wconf 88' lang='grc' dir='ltr'>έϐη</span> <span class='ocrx_word' id='word_1_378' title='bbox 509 4396 696 4461; x_wconf 86' lang='grc' dir='ltr'>τοῦτο;</span> <span class='ocrx_word' id='word_1_379' title='bbox 731 4395 824 4458; x_wconf 85' lang='grc' dir='ltr'>Τίς</span> <span class='ocrx_word' id='word_1_380' title='bbox 853 4411 911 4446; x_wconf 88' lang='grc' dir='ltr'>σε</span> <span class='ocrx_word' id='word_1_381' title='bbox 937 4396 1014 4457; x_wconf 89' lang='grc' dir='ltr'>εἰς</span> <span class='ocrx_word' id='word_1_382' title='bbox 1038 4393 1301 4447; x_wconf 55' lang='grc' dir='ltr'>τοσαύτην</span> <span class='ocrx_word' id='word_1_383' title='bbox 1325 4394 1498 4464; x_wconf 70' lang='grc' dir='ltr'>ἤγαγε</span> <span class='ocrx_word' id='word_1_384' title='bbox 1529 4394 1859 4465; x_wconf 83' lang='grc' dir='ltr'>μεταϐολήν;</span> <span class='ocrx_word' id='word_1_385' title='bbox 1889 4396 2045 4450; x_wconf 69' lang='lat' dir='ltr'>&quot;oio:</span> 
     </span>
    </p>
   </div>
   <div class='ocr_carea' id='block_1_48' title="bbox 381 4480 2036 4556">
    <p class='ocr_par' dir='ltr' id='par_1_48' title="bbox 381 4480 2036 4556">
     <span class='ocr_line' id='line_1_48' title="bbox 381 4480 2036 4556; baseline -0.002 -19"><span class='ocrx_word' id='word_1_386' title='bbox 381 4483 581 4556; x_wconf 75' lang='grc' dir='ltr'>λῃστὴς</span> <span class='ocrx_word' id='word_1_387' title='bbox 604 4483 695 4535; x_wconf 73' lang='grc' dir='ltr'>καὶ</span> <span class='ocrx_word' id='word_1_388' title='bbox 722 4481 1052 4552; x_wconf 84' lang='grc' dir='ltr'>τοιχωρύχος</span> <span class='ocrx_word' id='word_1_389' title='bbox 1088 4480 1260 4544; x_wconf 80' lang='grc' dir='ltr'>οὕτως</span> <span class='ocrx_word' id='word_1_390' title='bbox 1287 4480 1480 4552; x_wconf 87' lang='grc' dir='ltr'>ἀθρόον</span> <span class='ocrx_word' id='word_1_391' title='bbox 1510 4483 1726 4535; x_wconf 78' lang='grc' dir='ltr'>ἃπασαν</span> <span class='ocrx_word' id='word_1_392' title='bbox 1756 4481 1850 4534; x_wconf 89' lang='grc' dir='ltr'>τοῦ</span> <span class='ocrx_word' id='word_1_393' title='bbox 1877 4481 2036 4535; x_wconf 84' lang='grc' dir='ltr'>πλού-</span> 
     </span>
    </p>
   </div>
   <div class='ocr_carea' id='block_1_49' title="bbox 381 4568 2044 4645">
    <p class='ocr_par' dir='ltr' id='par_1_49' title="bbox 381 4568 2044 4645">
     <span class='ocr_line' id='line_1_49' title="bbox 381 4568 2044 4645; baseline -0.002 -22"><span class='ocrx_word' id='word_1_394' title='bbox 381 4587 475 4623; x_wconf 88' lang='grc' dir='ltr'>του</span> <span class='ocrx_word' id='word_1_395' title='bbox 518 4571 618 4640; x_wconf 84' lang='grc' dir='ltr'>τὴν</span> <span class='ocrx_word' id='word_1_396' title='bbox 649 4569 964 4645; x_wconf 85' lang='grc' dir='ltr'>περιουσίαν</span> <span class='ocrx_word' id='word_1_397' title='bbox 997 4568 1360 4637; x_wconf 86' lang='grc' dir='ltr'>ἀφελόμενος,</span> <span class='ocrx_word' id='word_1_398' title='bbox 1408 4569 1467 4622; x_wconf 83' lang='grc' dir='ltr'>ἐν</span> <span class='ocrx_word' id='word_1_399' title='bbox 1511 4569 1742 4639; x_wconf 82' lang='grc' dir='ltr'>τοσαύτῃ</span> <span class='ocrx_word' id='word_1_400' title='bbox 1778 4586 1835 4621; x_wconf 91' lang='grc' dir='ltr'>σε</span> <span class='ocrx_word' id='word_1_401' title='bbox 1886 4571 2044 4640; x_wconf 66' lang='grc' dir='ltr'>πενίᾳ.</span> 
     </span>
    </p>
   </div>
   <div class='ocr_carea' id='block_1_50' title="bbox 381 4655 2041 4727">
    <p class='ocr_par' dir='ltr' id='par_1_50' title="bbox 381 4655 2041 4727">
     <span class='ocr_line' id='line_1_50' title="bbox 381 4655 2041 4727; baseline -0.001 -17"><span class='ocrx_word' id='word_1_402' title='bbox 381 4657 615 4726; x_wconf 82' lang='grc' dir='ltr'>κατέστη</span> <span class='ocrx_word' id='word_1_403' title='bbox 625 4673 710 4717; x_wconf 82' lang='grc' dir='ltr'>σε;</span> <span class='ocrx_word' id='word_1_404' title='bbox 737 4655 904 4708; x_wconf 86' lang='grc' dir='ltr'>Πόθεν</span> <span class='ocrx_word' id='word_1_405' title='bbox 923 4671 1003 4708; x_wconf 91' lang='grc' dir='ltr'>σοι</span> <span class='ocrx_word' id='word_1_406' title='bbox 1023 4655 1121 4724; x_wconf 84' lang='grc' dir='ltr'>τῆς</span> <span class='ocrx_word' id='word_1_407' title='bbox 1145 4655 1473 4725; x_wconf 87' lang='grc' dir='ltr'>γυμνώσεως</span> <span class='ocrx_word' id='word_1_408' title='bbox 1494 4656 1525 4727; x_wconf 87' lang='grc' dir='ltr'>ή</span> <span class='ocrx_word' id='word_1_409' title='bbox 1549 4656 1801 4726; x_wconf 71' lang='grc' dir='ltr'>αἴσθησις</span> <span class='ocrx_word' id='word_1_410' title='bbox 1821 4657 2008 4726; x_wconf 89' lang='grc' dir='ltr'>γέγονε</span> <span class='ocrx_word' id='word_1_411' title='bbox 2027 4675 2041 4723; x_wconf 88' lang='grc'>;</span> 
     </span>
    </p>
   </div>
   <div class='ocr_carea' id='block_1_51' title="bbox 381 4741 2040 4812">
    <p class='ocr_par' dir='ltr' id='par_1_51' title="bbox 381 4741 2040 4812">
     <span class='ocr_line' id='line_1_51' title="bbox 381 4741 2040 4812; baseline -0.001 -16"><span class='ocrx_word' id='word_1_412' title='bbox 381 4743 475 4808; x_wconf 87' lang='grc' dir='ltr'>Τίς</span> <span class='ocrx_word' id='word_1_413' title='bbox 510 4760 591 4796; x_wconf 89' lang='grc' dir='ltr'>σοι</span> <span class='ocrx_word' id='word_1_414' title='bbox 634 4744 807 4805; x_wconf 76' lang='grc' dir='ltr'>αἴτιος</span> <span class='ocrx_word' id='word_1_415' title='bbox 838 4743 938 4812; x_wconf 78' lang='grc' dir='ltr'>τῆς</span> <span class='ocrx_word' id='word_1_416' title='bbox 969 4742 1307 4812; x_wconf 82' lang='grc' dir='ltr'>ἀφαιρέσεως</span> <span class='ocrx_word' id='word_1_417' title='bbox 1343 4741 1437 4793; x_wconf 85' lang='grc' dir='ltr'>τοῦ</span> <span class='ocrx_word' id='word_1_418' title='bbox 1469 4741 1781 4812; x_wconf 85' lang='grc' dir='ltr'>θαυμαστοῦ</span> <span class='ocrx_word' id='word_1_419' title='bbox 1831 4744 2040 4796; x_wconf 82' lang='grc' dir='ltr'>ἐκείνου</span> 
     </span>
    </p>
   </div>
   <div class='ocr_carea' id='block_1_52' title="bbox 380 4827 2041 4902">
    <p class='ocr_par' dir='ltr' id='par_1_52' title="bbox 380 4827 2041 4902">
     <span class='ocr_line' id='line_1_52' title="bbox 380 4827 2041 4902; baseline 0.001 -19"><span class='ocrx_word' id='word_1_420' title='bbox 380 4830 695 4900; x_wconf 82' lang='grc' dir='ltr'>ἐνδύματος,</span> <span class='ocrx_word' id='word_1_421' title='bbox 729 4830 756 4881; x_wconf 87' lang='grc' dir='ltr'>ὁ</span> <span class='ocrx_word' id='word_1_422' title='bbox 797 4829 1256 4902; x_wconf 88' lang='grc' dir='ltr'>περιϐεϐλημένος</span> <span class='ocrx_word' id='word_1_423' title='bbox 1297 4827 1621 4898; x_wconf 83' lang='grc' dir='ltr'>ἐτύγχανες;</span> <span class='ocrx_word' id='word_1_424' title='bbox 1645 4830 1740 4893; x_wconf 89' lang='grc' dir='ltr'>Τίς</span> <span class='ocrx_word' id='word_1_425' title='bbox 1789 4831 1820 4900; x_wconf 88' lang='grc' dir='ltr'>ή</span> <span class='ocrx_word' id='word_1_426' title='bbox 1869 4829 2041 4900; x_wconf 89' lang='grc' dir='ltr'>ἀθρόα</span> 
     </span>
    </p>
   </div>
   <div class='ocr_carea' id='block_1_53' title="bbox 380 4915 2041 4989">
    <p class='ocr_par' dir='ltr' id='par_1_53' title="bbox 380 4915 2041 4989">
     <span class='ocr_line' id='line_1_53' title="bbox 380 4915 2041 4989; baseline 0.001 -19"><span class='ocrx_word' id='word_1_427' title='bbox 380 4916 518 4986; x_wconf 75' lang='grc' dir='ltr'>αὕτη</span> <span class='ocrx_word' id='word_1_428' title='bbox 573 4915 877 4986; x_wconf 86' lang='grc' dir='ltr'>μεταϐολή;</span> <span class='ocrx_word' id='word_1_429' title='bbox 937 4916 1070 4970; x_wconf 90' lang='grc' dir='ltr'>Ποία</span> <span class='ocrx_word' id='word_1_430' title='bbox 1131 4915 1382 4983; x_wconf 63' lang='grc' dir='ltr'>καταιγῖς</span> <span class='ocrx_word' id='word_1_431' title='bbox 1413 4916 1555 4968; x_wconf 80' lang='grc' dir='ltr'>οὕτω</span> <span class='ocrx_word' id='word_1_432' title='bbox 1591 4917 1790 4989; x_wconf 85' lang='grc' dir='ltr'>σφοδρά</span> <span class='ocrx_word' id='word_1_433' title='bbox 1831 4919 2041 4987; x_wconf 85' lang='grc' dir='ltr'>ταχέως</span> 
     </span>
    </p>
   </div>
   <div class='ocr_carea' id='block_1_54' title="bbox 379 5003 2038 5071">
    <p class='ocr_par' dir='ltr' id='par_1_54' title="bbox 379 5003 2038 5071">
     <span class='ocr_line' id='line_1_54' title="bbox 379 5003 2038 5071; baseline 0 -15"><span class='ocrx_word' id='word_1_434' title='bbox 379 5003 597 5056; x_wconf 80' lang='grc' dir='ltr'>ἀπαντά</span> <span class='ocrx_word' id='word_1_435' title='bbox 627 5020 719 5056; x_wconf 86' lang='grc' dir='ltr'>σου</span> <span class='ocrx_word' id='word_1_436' title='bbox 753 5003 842 5055; x_wconf 85' lang='grc' dir='ltr'>τὸν</span> <span class='ocrx_word' id='word_1_437' title='bbox 878 5004 1074 5071; x_wconf 81' lang='grc' dir='ltr'>φόρτον</span> <span class='ocrx_word' id='word_1_438' title='bbox 1110 5003 1406 5068; x_wconf 82' lang='grc' dir='ltr'>κατέδυσε;</span> <span class='ocrx_word' id='word_1_439' title='bbox 1440 5004 1505 5056; x_wconf 91' lang='grc' dir='ltr'>Τί</span> <span class='ocrx_word' id='word_1_440' title='bbox 1539 5003 1796 5070; x_wconf 88' lang='grc' dir='ltr'>γέγονεν,</span> <span class='ocrx_word' id='word_1_441' title='bbox 1837 5005 1918 5057; x_wconf 84' lang='grc' dir='ltr'>ὃτι</span> <span class='ocrx_word' id='word_1_442' title='bbox 1947 5006 2038 5058; x_wconf 77' lang='grc' dir='ltr'>τὸν</span> 
     </span>
    </p>
   </div>
   <div class='ocr_carea' id='block_1_55' title="bbox 377 5088 2039 5160">
    <p class='ocr_par' dir='ltr' id='par_1_55' title="bbox 377 5088 2039 5160">
     <span class='ocr_line' id='line_1_55' title="bbox 377 5088 2039 5160; baseline 0.001 -18"><span class='ocrx_word' id='word_1_443' title='bbox 377 5088 612 5143; x_wconf 88' lang='grc' dir='ltr'>τοσαῦτα</span> <span class='ocrx_word' id='word_1_444' title='bbox 661 5089 1115 5160; x_wconf 79' lang='grc' dir='ltr'>εὐεργετήσαντα,</span> <span class='ocrx_word' id='word_1_445' title='bbox 1145 5089 1239 5142; x_wconf 78' lang='grc' dir='ltr'>καί</span> <span class='ocrx_word' id='word_1_446' title='bbox 1277 5091 1356 5152; x_wconf 88' lang='grc' dir='ltr'>εἰς</span> <span class='ocrx_word' id='word_1_447' title='bbox 1398 5089 1666 5159; x_wconf 87' lang='grc' dir='ltr'>τοσαύτην</span> <span class='ocrx_word' id='word_1_448' title='bbox 1699 5090 2039 5158; x_wconf 88' lang='grc' dir='ltr'>ἀναγαγόντα</span> 
     </span>
    </p>
   </div>
   <div class='ocr_carea' id='block_1_56' title="bbox 376 5173 2039 5245">
    <p class='ocr_par' dir='ltr' id='par_1_56' title="bbox 376 5173 2039 5245">
     <span class='ocr_line' id='line_1_56' title="bbox 376 5173 2039 5245; baseline 0.001 -18"><span class='ocrx_word' id='word_1_449' title='bbox 376 5176 540 5245; x_wconf 80' lang='grc' dir='ltr'>τιμὴν</span> <span class='ocrx_word' id='word_1_450' title='bbox 575 5173 909 5245; x_wconf 86' lang='grc' dir='ltr'>κρύπτεσθαι</span> <span class='ocrx_word' id='word_1_451' title='bbox 941 5175 1262 5245; x_wconf 86' lang='grc' dir='ltr'>ἐπιχειρεῖς;</span> <span class='ocrx_word' id='word_1_452' title='bbox 1290 5175 1421 5227; x_wconf 87' lang='grc' dir='ltr'>Τίνα</span> <span class='ocrx_word' id='word_1_453' title='bbox 1448 5173 1697 5239; x_wconf 87' lang='grc' dir='ltr'>δεδοικὼς</span> <span class='ocrx_word' id='word_1_454' title='bbox 1720 5175 1813 5229; x_wconf 89' lang='grc' dir='ltr'>νῦν</span> <span class='ocrx_word' id='word_1_455' title='bbox 1842 5176 2039 5230; x_wconf 73' lang='grc' dir='ltr'>λανθάι</span> 
     </span>
    </p>
   </div>
   <div class='ocr_carea' id='block_1_57' title="bbox 376 5256 2038 5336">
    <p class='ocr_par' dir='ltr' id='par_1_57' title="bbox 376 5256 2038 5336">
     <span class='ocr_line' id='line_1_57' title="bbox 376 5256 2038 5336; baseline 0.003 -24"><span class='ocrx_word' id='word_1_456' title='bbox 376 5278 487 5314; x_wconf 87' lang='grc' dir='ltr'>νειν</span> <span class='ocrx_word' id='word_1_457' title='bbox 530 5261 880 5326; x_wconf 52' lang='grc' dir='ltr'>σπουδάζεις</span> <span class='ocrx_word' id='word_1_458' title='bbox 930 5256 1031 5332; x_wconf 61' lang='grc' dir='ltr'>Μή</span> <span class='ocrx_word' id='word_1_459' title='bbox 1057 5262 1165 5332; x_wconf 88' lang='grc' dir='ltr'>γὰρ</span> <span class='ocrx_word' id='word_1_460' title='bbox 1218 5264 1522 5333; x_wconf 87' lang='grc' dir='ltr'>κατήγορος</span> <span class='ocrx_word' id='word_1_461' title='bbox 1572 5262 1918 5334; x_wconf 83' lang='grc' dir='ltr'>παρέστηκε;</span> <span class='ocrx_word' id='word_1_462' title='bbox 1963 5265 2038 5336; x_wconf 83' lang='grc' dir='ltr'>μὴ</span> 
     </span>
    </p>
   </div>
   <div class='ocr_carea' id='block_1_58' title="bbox 376 5349 2037 5431">
    <p class='ocr_par' dir='ltr' id='par_1_58' title="bbox 376 5349 2037 5431">
     <span class='ocr_line' id='line_1_58' title="bbox 376 5349 2037 5431; baseline 0.004 -32"><span class='ocrx_word' id='word_1_463' title='bbox 376 5351 483 5422; x_wconf 72' lang='grc' dir='ltr'>γάρ</span> <span class='ocrx_word' id='word_1_464' title='bbox 519 5349 796 5431; x_wconf 73' lang='grc' dir='ltr'>μάρτυρες</span> <span class='ocrx_word' id='word_1_465' title='bbox 825 5351 1192 5419; x_wconf 85' lang='grc' dir='ltr'>ἐφεστήκασι;</span> <span class='ocrx_word' id='word_1_466' title='bbox 1232 5351 1403 5403; x_wconf 88' lang='grc' dir='ltr'>Πόθεν</span> <span class='ocrx_word' id='word_1_467' title='bbox 1437 5367 1518 5403; x_wconf 93' lang='grc' dir='ltr'>σοι</span> <span class='ocrx_word' id='word_1_468' title='bbox 1548 5350 1582 5418; x_wconf 89' lang='grc' dir='ltr'>ή</span> <span class='ocrx_word' id='word_1_469' title='bbox 1607 5350 1840 5421; x_wconf 82' lang='grc' dir='ltr'>τοσαύτη</span> <span class='ocrx_word' id='word_1_470' title='bbox 1867 5351 2037 5406; x_wconf 85' lang='grc' dir='ltr'>δειλία</span> 
     </span>
    </p>
   </div>
   <div class='ocr_carea' id='block_1_59' title="bbox 378 5436 2033 5506">
    <p class='ocr_par' dir='ltr' id='par_1_59' title="bbox 378 5436 2033 5506">
     <span class='ocr_line' id='line_1_59' title="bbox 378 5436 2033 5506; baseline 0.002 -16"><span class='ocrx_word' id='word_1_471' title='bbox 378 5438 514 5490; x_wconf 76' lang='grc' dir='ltr'>καὶὸ</span> <span class='ocrx_word' id='word_1_472' title='bbox 543 5436 705 5504; x_wconf 88' lang='grc' dir='ltr'>φόϐος</span> <span class='ocrx_word' id='word_1_473' title='bbox 734 5437 1135 5506; x_wconf 84' lang='grc' dir='ltr'>κατεσκεδάσθη</span> <span class='ocrx_word' id='word_1_474' title='bbox 1164 5447 1185 5474; x_wconf 69' lang='grc' dir='ltr'>α</span> <span class='ocrx_word' id='word_1_475' title='bbox 1209 5456 1222 5502; x_wconf 90' lang='grc'>;</span> <span class='ocrx_word' id='word_1_476' title='bbox 1261 5436 1372 5504; x_wconf 81' lang='grc' dir='ltr'>Τῆς</span> <span class='ocrx_word' id='word_1_477' title='bbox 1395 5437 1599 5506; x_wconf 66' lang='grc' dir='ltr'>φωνῆς</span> <span class='ocrx_word' id='word_1_478' title='bbox 1631 5453 1746 5491; x_wconf 88' lang='grc' dir='ltr'>σου</span> <span class='ocrx_word' id='word_1_479' title='bbox 1777 5439 2033 5505; x_wconf 78' lang='grc' dir='ltr'>ἤκουσα,</span> 
     </span>
    </p>
   </div>
   <div class='ocr_carea' id='block_1_60' title="bbox 377 5523 2034 5594">
    <p class='ocr_par' dir='ltr' id='par_1_60' title="bbox 377 5523 2034 5594">
     <span class='ocr_line' id='line_1_60' title="bbox 377 5523 2034 5594; baseline 0.001 -20"><span class='ocrx_word' id='word_1_480' title='bbox 377 5524 528 5591; x_wconf 66' lang='grc' dir='ltr'>φησι,</span> <span class='ocrx_word' id='word_1_481' title='bbox 569 5523 1033 5590; x_wconf 75' lang='grc' dir='ltr'>περιπατοῦντος</span> <span class='ocrx_word' id='word_1_482' title='bbox 1072 5524 1142 5575; x_wconf 82' lang='grc' dir='ltr'>ἐν</span> <span class='ocrx_word' id='word_1_483' title='bbox 1168 5523 1246 5588; x_wconf 85' lang='grc' dir='ltr'>τῷ</span> <span class='ocrx_word' id='word_1_484' title='bbox 1288 5524 1646 5593; x_wconf 75' lang='grc' dir='ltr'>παραδείσῳ,</span> <span class='ocrx_word' id='word_1_485' title='bbox 1687 5525 1783 5577; x_wconf 79' lang='grc' dir='ltr'>καὶ</span> <span class='ocrx_word' id='word_1_486' title='bbox 1817 5527 2034 5594; x_wconf 49' lang='lat'>£32061}-</span> 
     </span>
    </p>
   </div>
   <div class='ocr_carea' id='block_1_61' title="bbox 375 5607 2033 5683">
    <p class='ocr_par' dir='ltr' id='par_1_61' title="bbox 375 5607 2033 5683">
     <span class='ocr_line' id='line_1_61' title="bbox 375 5607 2033 5683; baseline 0.002 -21"><span class='ocrx_word' id='word_1_487' title='bbox 375 5611 491 5675; x_wconf 86' lang='grc' dir='ltr'>θην</span> <span class='ocrx_word' id='word_1_488' title='bbox 548 5607 636 5660; x_wconf 85' lang='grc' dir='ltr'>ὅτι</span> <span class='ocrx_word' id='word_1_489' title='bbox 693 5609 915 5678; x_wconf 74' lang='grc' dir='ltr'>γυμνός</span> <span class='ocrx_word' id='word_1_490' title='bbox 966 5611 1112 5679; x_wconf 78' lang='grc' dir='ltr'>ειμι,</span> <span class='ocrx_word' id='word_1_491' title='bbox 1169 5610 1266 5664; x_wconf 79' lang='grc' dir='ltr'>καὶ</span> <span class='ocrx_word' id='word_1_492' title='bbox 1312 5612 1586 5680; x_wconf 79' lang='grc' dir='ltr'>ἐκρύϐην.</span> <span class='ocrx_word' id='word_1_493' title='bbox 1641 5612 1808 5665; x_wconf 87' lang='grc' dir='ltr'>Πόθεν</span> <span class='ocrx_word' id='word_1_494' title='bbox 1861 5630 1940 5665; x_wconf 90' lang='grc' dir='ltr'>σοι</span> <span class='ocrx_word' id='word_1_495' title='bbox 2001 5616 2033 5683; x_wconf 88' lang='grc' dir='ltr'>ή</span> 
     </span>
    </p>
   </div>
   <div class='ocr_carea' id='block_1_62' title="bbox 373 5694 2036 5768">
    <p class='ocr_par' dir='ltr' id='par_1_62' title="bbox 373 5694 2036 5768">
     <span class='ocr_line' id='line_1_62' title="bbox 373 5694 2036 5768; baseline 0.003 -21"><span class='ocrx_word' id='word_1_496' title='bbox 373 5695 573 5761; x_wconf 84' lang='grc' dir='ltr'>γνῶσις</span> <span class='ocrx_word' id='word_1_497' title='bbox 613 5694 709 5762; x_wconf 82' lang='grc' dir='ltr'>τῆς</span> <span class='ocrx_word' id='word_1_498' title='bbox 755 5695 1083 5765; x_wconf 85' lang='grc' dir='ltr'>γυμνώσεως</span> <span class='ocrx_word' id='word_1_499' title='bbox 1124 5696 1378 5764; x_wconf 87' lang='grc' dir='ltr'>γέγονεν;</span> <span class='ocrx_word' id='word_1_500' title='bbox 1423 5697 1544 5750; x_wconf 83' lang='grc' dir='ltr'>εἰπέ</span> <span class='ocrx_word' id='word_1_501' title='bbox 1576 5715 1698 5768; x_wconf 80' lang='grc' dir='ltr'>μοι⁹</span> <span class='ocrx_word' id='word_1_502' title='bbox 1734 5698 1786 5750; x_wconf 91' lang='grc' dir='ltr'>τί</span> <span class='ocrx_word' id='word_1_503' title='bbox 1829 5698 1888 5751; x_wconf 73' lang='grc' dir='ltr'>τὸ</span> <span class='ocrx_word' id='word_1_504' title='bbox 1917 5716 2036 5753; x_wconf 89' lang='grc' dir='ltr'>και-</span> 
     </span>
    </p>
   </div>
   <div class='ocr_carea' id='block_1_63' title="bbox 371 5779 2034 5854">
    <p class='ocr_par' dir='ltr' id='par_1_63' title="bbox 371 5779 2034 5854">
     <span class='ocr_line' id='line_1_63' title="bbox 371 5779 2034 5854; baseline 0.003 -20"><span class='ocrx_word' id='word_1_505' title='bbox 371 5779 459 5834; x_wconf 82' lang='grc' dir='ltr'>νὸν</span> <span class='ocrx_word' id='word_1_506' title='bbox 502 5781 596 5834; x_wconf 78' lang='grc' dir='ltr'>κα⁴ι</span> <span class='ocrx_word' id='word_1_507' title='bbox 628 5781 960 5852; x_wconf 72' lang='grc' dir='ltr'>παράδοξονς</span> <span class='ocrx_word' id='word_1_508' title='bbox 1005 5784 1099 5845; x_wconf 88' lang='grc' dir='ltr'>Τίς</span> <span class='ocrx_word' id='word_1_509' title='bbox 1131 5782 1196 5835; x_wconf 84' lang='grc' dir='ltr'>ἂν</span> <span class='ocrx_word' id='word_1_510' title='bbox 1237 5783 1390 5836; x_wconf 89' lang='grc' dir='ltr'>τοῦτο</span> <span class='ocrx_word' id='word_1_511' title='bbox 1423 5784 1662 5854; x_wconf 75' lang='grc' dir='ltr'>ἠδυνήθη</span> <span class='ocrx_word' id='word_1_512' title='bbox 1705 5785 1833 5837; x_wconf 83' lang='grc' dir='ltr'>ποτὲ</span> <span class='ocrx_word' id='word_1_513' title='bbox 1868 5787 2034 5853; x_wconf 86' lang='grc' dir='ltr'>ἀναγ-</span> 
     </span>
    </p>
   </div>
   <div class='ocr_carea' id='block_1_64' title="bbox 435 5866 2035 5932">
    <p class='ocr_par' dir='ltr' id='par_1_64' title="bbox 435 5866 2035 5932">
     <span class='ocr_line' id='line_1_64' title="bbox 435 5866 2035 5932; baseline 0.001 -16"><span class='ocrx_word' id='word_1_514' title='bbox 435 5866 804 5932; x_wconf 21' lang='grc' dir='ltr'>⁸,Μοι“θί,λὸπερ</span> <span class='ocrx_word' id='word_1_515' title='bbox 827 5869 1077 5932; x_wconf 73' lang='grc' dir='ltr'>ἀνθρώπων</span> <span class='ocrx_word' id='word_1_516' title='bbox 1102 5886 1185 5923; x_wconf 81' lang='grc' dir='ltr'>τις.</span> <span class='ocrx_word' id='word_1_517' title='bbox 1219 5906 1229 5916; x_wconf 94' lang='grc'>.</span> <span class='ocrx_word' id='word_1_518' title='bbox 1254 5869 1567 5932; x_wconf 77' lang='grc' dir='ltr'>ἀνάσχοιτο...</span> <span class='ocrx_word' id='word_1_519' title='bbox 1595 5870 1740 5931; x_wconf 78' lang='grc' dir='ltr'>αὐτῷ.</span> <span class='ocrx_word' id='word_1_520' title='bbox 1781 5868 1807 5906; x_wconf 70' lang='grc' dir='ltr'>Ῑι</span> <span class='ocrx_word' id='word_1_521' title='bbox 1833 5870 1953 5927; x_wconf 70' lang='lat' dir='ltr'>Reg.</span> <span class='ocrx_word' id='word_1_522' title='bbox 1984 5877 2035 5918; x_wconf 77' lang='lat' dir='ltr'>et</span> 
     </span>
    </p>
   </div>
   <div class='ocr_carea' id='block_1_65' title="bbox 375 5925 2029 6036">
    <p class='ocr_par' dir='ltr' id='par_1_65' title="bbox 375 5925 2029 6036">
     <span class='ocr_line' id='line_1_65' title="bbox 375 5925 2029 6036; baseline 0.004 -62"><span class='ocrx_word' id='word_1_523' title='bbox 375 5925 524 5974; x_wconf 77' lang='lat' dir='ltr'>Savil.</span> <span class='ocrx_word' id='word_1_524' title='bbox 580 5930 712 6036; x_wconf 52' lang='grc' dir='ltr'>μηδὲθ</span> <span class='ocrx_word' id='word_1_525' title='bbox 743 5925 919 5992; x_wconf 61' lang='grc' dir='ltr'>δίᾶραιξ</span> <span class='ocrx_word' id='word_1_526' title='bbox 969 5931 1073 5978; x_wconf 69' lang='lat' dir='ltr'>Mox</span> <span class='ocrx_word' id='word_1_527' title='bbox 1141 5931 1288 5979; x_wconf 69' lang='lat' dir='ltr'>SM‘il.</span> <span class='ocrx_word' id='word_1_528' title='bbox 1337 5925 1524 5985; x_wconf 63' lang='grc' dir='ltr'>αἰνῆσαι</span> <span class='ocrx_word' id='word_1_529' title='bbox 1571 5925 1795 5992; x_wconf 68' lang='grc' dir='ltr'>γλῶτταν.</span> <span class='ocrx_word' id='word_1_530' title='bbox 1864 5925 2029 5993; x_wconf 38' lang='lat' dir='ltr'>(ﬂag.</span> 
     </span>
     <span class='ocr_line' id='line_1_66' title="bbox 379 6005 762 6036; baseline 0.003 -1"><span class='ocrx_word' id='word_1_531' title='bbox 379 6005 574 6036; x_wconf 65' lang='lat' dir='ltr'>utsw:</span> <span class='ocrx_word' id='word_1_532' title='bbox 610 6006 688 6036; x_wconf 88' lang='grc' dir='ltr'>ιασ</span> <span class='ocrx_word' id='word_1_533' title='bbox 715 6008 762 6036; x_wconf 75' lang='grc' dir='ltr'>η.</span> 
     </span>
    </p>
   </div>
   <div class='ocr_carea' id='block_1_66' title="bbox 379 5991 762 6050">
    <p class='ocr_par' dir='ltr' id='par_1_66' title="bbox 379 5991 762 6050">
     <span class='ocr_line' id='line_1_67' title="bbox 379 5991 762 6050; baseline 0.003 -15"><span class='ocrx_word' id='word_1_534' title='bbox 379 5991 762 6050; x_wconf 62' lang='grc' dir='ltr'>υτεσχεδιάσθη.</span> 
     </span>
    </p>
   </div>
   <div class='ocr_carea' id='block_1_67' title="bbox 1115 359 2957 433">
    <p class='ocr_par' dir='ltr' id='par_1_67' title="bbox 1115 359 2957 433">
     <span class='ocr_line' id='line_1_68' title="bbox 1115 359 2957 433; baseline -0.01 0"><span class='ocrx_word' id='word_1_535' title='bbox 1115 378 1171 433; x_wconf 90' lang='lat' dir='ltr'>S.</span> <span class='ocrx_word' id='word_1_536' title='bbox 1207 373 1488 432; x_wconf 81' lang='lat' dir='ltr'>JOANNIS</span> <span class='ocrx_word' id='word_1_537' title='bbox 1527 368 2018 428; x_wconf 66' lang='lat' dir='ltr'>CHRYSOSTOMI</span> <span class='ocrx_word' id='word_1_538' title='bbox 2052 363 2368 423; x_wconf 71' lang='lat' dir='ltr'>ARCHIBP.</span> <span class='ocrx_word' id='word_1_539' title='bbox 2409 359 2957 419; x_wconf 71' lang='lat' dir='ltr'>CONSTANTINOI‘.</span> 
     </span>
    </p>
   </div>
   <div class='ocr_carea' id='block_1_68' title="bbox 3744 355 3840 420">
    <p class='ocr_par' dir='ltr' id='par_1_68' title="bbox 3744 355 3840 420">
     <span class='ocr_line' id='line_1_69' title="bbox 3744 355 3840 420; baseline -0.042 0"><span class='ocrx_word' id='word_1_540' title='bbox 3744 355 3840 420; x_wconf 64' lang='lat'>138</span> 
     </span>
    </p>
   </div>
   <div class='ocr_carea' id='block_1_69' title="bbox 2163 470 3835 549">
    <p class='ocr_par' dir='ltr' id='par_1_69' title="bbox 2163 470 3835 549">
     <span class='ocr_line' id='line_1_70' title="bbox 2163 470 3835 549; baseline -0.005 -16"><span class='ocrx_word' id='word_1_541' title='bbox 2163 481 2340 549; x_wconf 81' lang='grc' dir='ltr'>γεῖλαί</span> <span class='ocrx_word' id='word_1_542' title='bbox 2376 496 2486 541; x_wconf 85' lang='grc' dir='ltr'>σοι,</span> <span class='ocrx_word' id='word_1_543' title='bbox 2527 480 2575 530; x_wconf 81' lang='grc' dir='ltr'>εί</span> <span class='ocrx_word' id='word_1_544' title='bbox 2624 475 2700 548; x_wconf 80' lang='grc' dir='ltr'>μη</span> <span class='ocrx_word' id='word_1_545' title='bbox 2740 476 2803 528; x_wconf 79' lang='grc' dir='ltr'>σὺ</span> <span class='ocrx_word' id='word_1_546' title='bbox 2841 472 3022 544; x_wconf 80' lang='grc' dir='ltr'>σαυτῷ</span> <span class='ocrx_word' id='word_1_547' title='bbox 3064 472 3266 542; x_wconf 84' lang='grc' dir='ltr'>ταύτης</span> <span class='ocrx_word' id='word_1_548' title='bbox 3306 470 3478 535; x_wconf 62' lang='lat' dir='ltr'>«tuo;</span> <span class='ocrx_word' id='word_1_549' title='bbox 3517 473 3706 540; x_wconf 79' lang='grc' dir='ltr'>ἐγένου</span> <span class='ocrx_word' id='word_1_550' title='bbox 3736 474 3835 543; x_wconf 75' lang='grc' dir='ltr'>τῆς</span> 
     </span>
    </p>
   </div>
   <div class='ocr_carea' id='block_1_70' title="bbox 2163 553 3832 636">
    <p class='ocr_par' dir='ltr' id='par_1_70' title="bbox 2163 553 3832 636">
     <span class='ocr_line' id='line_1_71' title="bbox 2163 553 3832 636; baseline -0.005 -15"><span class='ocrx_word' id='word_1_551' title='bbox 2163 566 2422 636; x_wconf 83' lang='grc' dir='ltr'>αἰσχύνης</span> <span class='ocrx_word' id='word_1_552' title='bbox 2448 580 2461 627; x_wconf 89' lang='lat'><strong>;</strong></span> <span class='ocrx_word' id='word_1_553' title='bbox 2501 564 2550 615; x_wconf 85' lang='grc' dir='ltr'>εἰ</span> <span class='ocrx_word' id='word_1_554' title='bbox 2575 562 2647 632; x_wconf 86' lang='grc' dir='ltr'>μὴ</span> <span class='ocrx_word' id='word_1_555' title='bbox 2672 560 2779 614; x_wconf 81' lang='grc' dir='ltr'>ἀπὸ</span> <span class='ocrx_word' id='word_1_556' title='bbox 2797 560 2890 614; x_wconf 89' lang='grc' dir='ltr'>τοῦ</span> <span class='ocrx_word' id='word_1_557' title='bbox 2923 559 3100 624; x_wconf 81' lang='grc' dir='ltr'>ξύλου,</span> <span class='ocrx_word' id='word_1_558' title='bbox 3134 553 3193 612; x_wconf 77' lang='grc' dir='ltr'>οὑ</span> <span class='ocrx_word' id='word_1_559' title='bbox 3223 559 3577 629; x_wconf 79' lang='grc' dir='ltr'>ἐνετειλάμην</span> <span class='ocrx_word' id='word_1_560' title='bbox 3606 577 3688 612; x_wconf 91' lang='grc' dir='ltr'>σοι</span> <span class='ocrx_word' id='word_1_561' title='bbox 3711 561 3832 618; x_wconf 78' lang='grc' dir='ltr'>τού-</span> 
     </span>
    </p>
   </div>
   <div class='ocr_carea' id='block_1_71' title="bbox 2161 637 3831 714">
    <p class='ocr_par' dir='ltr' id='par_1_71' title="bbox 2161 637 3831 714">
     <span class='ocr_line' id='line_1_72' title="bbox 2161 637 3831 714; baseline -0.012 -15"><span class='ocrx_word' id='word_1_562' title='bbox 2161 664 2255 701; x_wconf 86' lang='grc' dir='ltr'>του</span> <span class='ocrx_word' id='word_1_563' title='bbox 2295 645 2455 714; x_wconf 87' lang='grc' dir='ltr'>μόνου</span> <span class='ocrx_word' id='word_1_564' title='bbox 2499 642 2572 713; x_wconf 81' lang='grc' dir='ltr'>μὴ</span> <span class='ocrx_word' id='word_1_565' title='bbox 2615 642 2826 709; x_wconf 72' lang='grc' dir='ltr'>φαγεῖν,</span> <span class='ocrx_word' id='word_1_566' title='bbox 2863 639 2957 692; x_wconf 86' lang='grc' dir='ltr'>ἀπ’</span> <span class='ocrx_word' id='word_1_567' title='bbox 2995 638 3158 692; x_wconf 82' lang='grc' dir='ltr'>αὑτοῦ</span> <span class='ocrx_word' id='word_1_568' title='bbox 3194 637 3427 706; x_wconf 54' lang='grc' dir='ltr'>ἓφαγεςς</span> <span class='ocrx_word' id='word_1_569' title='bbox 3458 637 3600 709; x_wconf 80' lang='grc' dir='ltr'>Ὅρα</span> <span class='ocrx_word' id='word_1_570' title='bbox 3638 638 3831 706; x_wconf 52' lang='lat' dir='ltr'>qua”.</span> 
     </span>
    </p>
   </div>
   <div class='ocr_carea' id='block_1_72' title="bbox 2162 723 3835 800">
    <p class='ocr_par' dir='ltr' id='par_1_72' title="bbox 2162 723 3835 800">
     <span class='ocr_line' id='line_1_73' title="bbox 2162 723 3835 800; baseline -0.003 -18"><span class='ocrx_word' id='word_1_571' title='bbox 2162 727 2404 800; x_wconf 80' lang='grc' dir='ltr'>θρωπίαν</span> <span class='ocrx_word' id='word_1_572' title='bbox 2427 726 2696 778; x_wconf 87' lang='grc' dir='ltr'>Δεσπότου</span> <span class='ocrx_word' id='word_1_573' title='bbox 2728 727 2822 778; x_wconf 75' lang='grc' dir='ltr'>καὶ</span> <span class='ocrx_word' id='word_1_574' title='bbox 2855 723 3203 788; x_wconf 81' lang='grc' dir='ltr'>ἀνεξικακίας</span> <span class='ocrx_word' id='word_1_575' title='bbox 3227 723 3552 794; x_wconf 82' lang='grc' dir='ltr'>ὑπερϐολήν.</span> <span class='ocrx_word' id='word_1_576' title='bbox 3588 726 3835 795; x_wconf 81' lang='grc' dir='ltr'>Δυνάμε-</span> 
     </span>
    </p>
   </div>
   <div class='ocr_carea' id='block_1_73' title="bbox 2162 804 3834 879">
    <p class='ocr_par' dir='ltr' id='par_1_73' title="bbox 2162 804 3834 879">
     <span class='ocr_line' id='line_1_74' title="bbox 2162 804 3834 879; baseline -0.001 -16"><span class='ocrx_word' id='word_1_577' title='bbox 2162 828 2250 873; x_wconf 89' lang='grc' dir='ltr'>νος</span> <span class='ocrx_word' id='word_1_578' title='bbox 2279 810 2385 879; x_wconf 73' lang='grc' dir='ltr'>γὰρ</span> <span class='ocrx_word' id='word_1_579' title='bbox 2410 807 2608 868; x_wconf 88' lang='grc' dir='ltr'>εὑθέως</span> <span class='ocrx_word' id='word_1_580' title='bbox 2665 806 2798 875; x_wconf 82' lang='grc' dir='ltr'>μηδὲ</span> <span class='ocrx_word' id='word_1_581' title='bbox 2841 806 3184 877; x_wconf 86' lang='grc' dir='ltr'>ἀποκρίσεως</span> <span class='ocrx_word' id='word_1_582' title='bbox 3228 804 3456 872; x_wconf 85' lang='grc' dir='ltr'>ἀξιῶσαι</span> <span class='ocrx_word' id='word_1_583' title='bbox 3486 806 3575 858; x_wconf 73' lang='grc' dir='ltr'>τὸν</span> <span class='ocrx_word' id='word_1_584' title='bbox 3595 807 3834 862; x_wconf 90' lang='grc' dir='ltr'>τοσαῦτα</span> 
     </span>
    </p>
   </div>
   <div class='ocr_carea' id='block_1_74' title="bbox 2161 885 3833 961">
    <p class='ocr_par' dir='ltr' id='par_1_74' title="bbox 2161 885 3833 961">
     <span class='ocr_line' id='line_1_75' title="bbox 2161 885 3833 961; baseline -0.001 -19"><span class='ocrx_word' id='word_1_585' title='bbox 2161 889 2536 961; x_wconf 72' lang='grc' dir='ltr'>ἡμαρτηκότα,</span> <span class='ocrx_word' id='word_1_586' title='bbox 2565 885 2680 939; x_wconf 77' lang='grc' dir='ltr'>ἀλλ’</span> <span class='ocrx_word' id='word_1_587' title='bbox 2708 887 2812 938; x_wconf 79' lang='grc' dir='ltr'>ὑπὸ</span> <span class='ocrx_word' id='word_1_588' title='bbox 2833 886 2893 938; x_wconf 84' lang='grc' dir='ltr'>τὸ</span> <span class='ocrx_word' id='word_1_589' title='bbox 2915 886 3191 956; x_wconf 82' lang='grc' dir='ltr'>ἐπιτίμιον</span> <span class='ocrx_word' id='word_1_590' title='bbox 3218 888 3461 954; x_wconf 87' lang='grc' dir='ltr'>ἀγαγεῖν,</span> <span class='ocrx_word' id='word_1_591' title='bbox 3491 886 3518 938; x_wconf 84' lang='grc' dir='ltr'>ὁ</span> <span class='ocrx_word' id='word_1_592' title='bbox 3540 887 3833 955; x_wconf 87' lang='grc' dir='ltr'>προλαϐὼν</span> 
     </span>
    </p>
   </div>
   <div class='ocr_carea' id='block_1_75' title="bbox 2163 968 3835 1043">
    <p class='ocr_par' dir='ltr' id='par_1_75' title="bbox 2163 968 3835 1043">
     <span class='ocr_line' id='line_1_76' title="bbox 2163 968 3835 1043; baseline -0.002 -18"><span class='ocrx_word' id='word_1_593' title='bbox 2163 971 2392 1043; x_wconf 81' lang='grc' dir='ltr'>ὥρισεν,</span> <span class='ocrx_word' id='word_1_594' title='bbox 2432 973 2479 1022; x_wconf 88' lang='grc' dir='ltr'>εἰ</span> <span class='ocrx_word' id='word_1_595' title='bbox 2528 968 2824 1039; x_wconf 83' lang='grc' dir='ltr'>παραϐαίη,</span> <span class='ocrx_word' id='word_1_596' title='bbox 2858 968 3220 1038; x_wconf 86' lang='grc' dir='ltr'>μακροθυμεῖ,</span> <span class='ocrx_word' id='word_1_597' title='bbox 3265 969 3359 1021; x_wconf 74' lang='grc' dir='ltr'>καὶ</span> <span class='ocrx_word' id='word_1_598' title='bbox 3413 969 3690 1037; x_wconf 83' lang='grc' dir='ltr'>ἀνέχεται,</span> <span class='ocrx_word' id='word_1_599' title='bbox 3741 971 3835 1023; x_wconf 78' lang='grc' dir='ltr'>καὶ</span> 
     </span>
    </p>
   </div>
   <div class='ocr_carea' id='block_1_76' title="bbox 2163 1049 3835 1124">
    <p class='ocr_par' dir='ltr' id='par_1_76' title="bbox 2163 1049 3835 1124">
     <span class='ocr_line' id='line_1_77' title="bbox 2163 1049 3835 1124; baseline -0.002 -17"><span class='ocrx_word' id='word_1_600' title='bbox 2163 1054 2357 1124; x_wconf 78' lang='grc' dir='ltr'>ἐρωτᾷ,</span> <span class='ocrx_word' id='word_1_601' title='bbox 2398 1051 2491 1104; x_wconf 64' lang='grc' dir='ltr'>καὶ</span> <span class='ocrx_word' id='word_1_602' title='bbox 2538 1053 2826 1121; x_wconf 73' lang='grc' dir='ltr'>ἀπόκρισιν</span> <span class='ocrx_word' id='word_1_603' title='bbox 2852 1050 3084 1118; x_wconf 84' lang='grc' dir='ltr'>δέχεται,</span> <span class='ocrx_word' id='word_1_604' title='bbox 3123 1050 3216 1102; x_wconf 70' lang='grc' dir='ltr'>καὶ</span> <span class='ocrx_word' id='word_1_605' title='bbox 3243 1049 3402 1101; x_wconf 89' lang='grc' dir='ltr'>πάλιν</span> <span class='ocrx_word' id='word_1_606' title='bbox 3436 1050 3614 1118; x_wconf 83' lang='grc' dir='ltr'>ἐοωτᾷ</span> <span class='ocrx_word' id='word_1_607' title='bbox 3644 1067 3835 1118; x_wconf 83' lang='grc' dir='ltr'>μονον-</span> 
     </span>
    </p>
   </div>
   <div class='ocr_carea' id='block_1_77' title="bbox 2158 1130 3833 1206">
    <p class='ocr_par' dir='ltr' id='par_1_77' title="bbox 2158 1130 3833 1206">
     <span class='ocr_line' id='line_1_78' title="bbox 2158 1130 3833 1206; baseline -0.002 -18"><span class='ocrx_word' id='word_1_608' title='bbox 2158 1137 2277 1206; x_wconf 79' lang='grc' dir='ltr'>ουχὶ</span> <span class='ocrx_word' id='word_1_609' title='bbox 2314 1132 2393 1196; x_wconf 74' lang='grc' dir='ltr'>είς</span> <span class='ocrx_word' id='word_1_610' title='bbox 2439 1131 2730 1199; x_wconf 87' lang='grc' dir='ltr'>ἀπολογίαν</span> <span class='ocrx_word' id='word_1_611' title='bbox 2775 1131 2934 1183; x_wconf 78' lang='grc' dir='ltr'>αὑτὸν</span> <span class='ocrx_word' id='word_1_612' title='bbox 2976 1130 3402 1193; x_wconf 84' lang='grc' dir='ltr'>ἐκκαλούμενος,</span> <span class='ocrx_word' id='word_1_613' title='bbox 3449 1133 3534 1182; x_wconf 87' lang='grc' dir='ltr'>ἰνα</span> <span class='ocrx_word' id='word_1_614' title='bbox 3575 1130 3833 1201; x_wconf 75' lang='grc' dir='ltr'>ἀφορμὴν</span> 
     </span>
    </p>
   </div>
   <div class='ocr_carea' id='block_1_78' title="bbox 2160 1211 3832 1283">
    <p class='ocr_par' dir='ltr' id='par_1_78' title="bbox 2160 1211 3832 1283">
     <span class='ocr_line' id='line_1_79' title="bbox 2160 1211 3832 1283; baseline -0.001 -17"><span class='ocrx_word' id='word_1_615' title='bbox 2160 1213 2360 1275; x_wconf 83' lang='grc' dir='ltr'>λαϐὼν,</span> <span class='ocrx_word' id='word_1_616' title='bbox 2390 1213 2488 1283; x_wconf 83' lang='grc' dir='ltr'>τὴν</span> <span class='ocrx_word' id='word_1_617' title='bbox 2522 1212 2729 1265; x_wconf 83' lang='grc' dir='ltr'>οἰκείαν</span> <span class='ocrx_word' id='word_1_618' title='bbox 2767 1211 3174 1282; x_wconf 78' lang='grc' dir='ltr'>φιλανθρωπίαν</span> <span class='ocrx_word' id='word_1_619' title='bbox 3217 1212 3310 1265; x_wconf 76' lang='grc' dir='ltr'>καὶ</span> <span class='ocrx_word' id='word_1_620' title='bbox 3347 1211 3485 1279; x_wconf 83' lang='grc' dir='ltr'>μετά</span> <span class='ocrx_word' id='word_1_621' title='bbox 3511 1212 3612 1282; x_wconf 83' lang='grc' dir='ltr'>τὴν</span> <span class='ocrx_word' id='word_1_622' title='bbox 3635 1212 3832 1264; x_wconf 85' lang='grc' dir='ltr'>τοσαύ-</span> 
     </span>
    </p>
   </div>
   <div class='ocr_carea' id='block_1_79' title="bbox 2160 1293 3833 1368">
    <p class='ocr_par' dir='ltr' id='par_1_79' title="bbox 2160 1293 3833 1368">
     <span class='ocr_line' id='line_1_80' title="bbox 2160 1293 3833 1368; baseline -0.002 -20"><span class='ocrx_word' id='word_1_623' title='bbox 2160 1313 2256 1365; x_wconf 86' lang='grc' dir='ltr'>την</span> <span class='ocrx_word' id='word_1_624' title='bbox 2288 1295 2594 1368; x_wconf 86' lang='grc' dir='ltr'>παράϐασιν</span> <span class='ocrx_word' id='word_1_625' title='bbox 2627 1294 2751 1363; x_wconf 85' lang='grc' dir='ltr'>περί</span> <span class='ocrx_word' id='word_1_626' title='bbox 2784 1293 2946 1346; x_wconf 74' lang='grc' dir='ltr'>αὑτὸν</span> <span class='ocrx_word' id='word_1_627' title='bbox 2973 1293 3300 1362; x_wconf 80' lang='grc' dir='ltr'>ἐπιδείξηται</span> <span class='ocrx_word' id='word_1_628' title='bbox 3327 1310 3341 1323; x_wconf 93' lang='grc'><strong>·</strong></span> <span class='ocrx_word' id='word_1_629' title='bbox 3386 1293 3654 1345; x_wconf 82' lang='grc' dir='ltr'>παιδεύων</span> <span class='ocrx_word' id='word_1_630' title='bbox 3685 1295 3833 1363; x_wconf 73' lang='grc' dir='ltr'>ἡμᾶς</span> 
     </span>
    </p>
   </div>
   <div class='ocr_carea' id='block_1_80' title="bbox 2161 1377 3828 1448">
    <p class='ocr_par' dir='ltr' id='par_1_80' title="bbox 2161 1377 3828 1448">
     <span class='ocr_line' id='line_1_81' title="bbox 2161 1377 3828 1448; baseline -0.004 -13"><span class='ocrx_word' id='word_1_631' title='bbox 2161 1384 2251 1435; x_wconf 81' lang='grc' dir='ltr'>καὶ</span> <span class='ocrx_word' id='word_1_632' title='bbox 2280 1382 2364 1434; x_wconf 84' lang='grc' dir='ltr'>διά</span> <span class='ocrx_word' id='word_1_633' title='bbox 2391 1381 2601 1440; x_wconf 86' lang='grc' dir='ltr'>τούτου,</span> <span class='ocrx_word' id='word_1_634' title='bbox 2624 1379 2842 1432; x_wconf 82' lang='grc' dir='ltr'>ἐπειδὰν</span> <span class='ocrx_word' id='word_1_635' title='bbox 2857 1379 3164 1447; x_wconf 74' lang='grc' dir='ltr'>δικάζωμεν</span> <span class='ocrx_word' id='word_1_636' title='bbox 3192 1381 3300 1440; x_wconf 88' lang='grc' dir='ltr'>τοῖς</span> <span class='ocrx_word' id='word_1_637' title='bbox 3323 1377 3644 1441; x_wconf 86' lang='grc' dir='ltr'>ὑπευθύνοις</span> <span class='ocrx_word' id='word_1_638' title='bbox 3663 1380 3714 1440; x_wconf 77' lang='grc' dir='ltr'>ει,</span> <span class='ocrx_word' id='word_1_639' title='bbox 3755 1380 3828 1448; x_wconf 77' lang='grc' dir='ltr'>μὴ</span> 
     </span>
    </p>
   </div>
   <div class='ocr_carea' id='block_1_81' title="bbox 2158 1459 3828 1533">
    <p class='ocr_par' dir='ltr' id='par_1_81' title="bbox 2158 1459 3828 1533">
     <span class='ocr_line' id='line_1_82' title="bbox 2158 1459 3828 1533; baseline -0.003 -16"><span class='ocrx_word' id='word_1_640' title='bbox 2158 1466 2446 1533; x_wconf 85' lang='grc' dir='ltr'>ἀνημέρως</span> <span class='ocrx_word' id='word_1_641' title='bbox 2488 1463 2671 1522; x_wconf 86' lang='grc' dir='ltr'>αὑτοῖς</span> <span class='ocrx_word' id='word_1_642' title='bbox 2710 1460 3132 1530; x_wconf 76' lang='grc' dir='ltr'>προσφέρεσθαι,</span> <span class='ocrx_word' id='word_1_643' title='bbox 3183 1460 3317 1529; x_wconf 83' lang='grc' dir='ltr'>μηδέ</span> <span class='ocrx_word' id='word_1_644' title='bbox 3357 1459 3454 1529; x_wconf 82' lang='grc' dir='ltr'>τὴν</span> <span class='ocrx_word' id='word_1_645' title='bbox 3480 1459 3589 1511; x_wconf 84' lang='grc' dir='ltr'>τῶν</span> <span class='ocrx_word' id='word_1_646' title='bbox 3620 1459 3828 1530; x_wconf 88' lang='grc' dir='ltr'>θηρίων</span> 
     </span>
    </p>
   </div>
   <div class='ocr_carea' id='block_1_82' title="bbox 2159 1541 3831 1615">
    <p class='ocr_par' dir='ltr' id='par_1_82' title="bbox 2159 1541 3831 1615">
     <span class='ocr_line' id='line_1_83' title="bbox 2159 1541 3831 1615; baseline -0.004 -17"><span class='ocrx_word' id='word_1_647' title='bbox 2159 1546 2418 1615; x_wconf 84' lang='grc' dir='ltr'>ὡμότητα</span> <span class='ocrx_word' id='word_1_648' title='bbox 2446 1546 2574 1613; x_wconf 78' lang='grc' dir='ltr'>περί</span> <span class='ocrx_word' id='word_1_649' title='bbox 2605 1543 2802 1605; x_wconf 82' lang='grc' dir='ltr'>αὐτοὺς</span> <span class='ocrx_word' id='word_1_650' title='bbox 2822 1541 3244 1604; x_wconf 79' lang='grc' dir='ltr'>ἐπιδείκνυσθαι,</span> <span class='ocrx_word' id='word_1_651' title='bbox 3273 1541 3406 1594; x_wconf 86' lang='grc' dir='ltr'>ἀλλά</span> <span class='ocrx_word' id='word_1_652' title='bbox 3431 1541 3597 1611; x_wconf 80' lang='grc' dir='ltr'>πολλῇ</span> <span class='ocrx_word' id='word_1_653' title='bbox 3628 1543 3696 1610; x_wconf 82' lang='grc' dir='ltr'>τῇ</span> <span class='ocrx_word' id='word_1_654' title='bbox 3729 1557 3831 1609; x_wconf 76' lang='grc' dir='ltr'>μα-</span> 
     </span>
    </p>
   </div>
   <div class='ocr_carea' id='block_1_83' title="bbox 2158 1622 3831 1698">
    <p class='ocr_par' dir='ltr' id='par_1_83' title="bbox 2158 1622 3831 1698">
     <span class='ocr_line' id='line_1_84' title="bbox 2158 1622 3831 1698; baseline -0.004 -18"><span class='ocrx_word' id='word_1_655' title='bbox 2158 1628 2430 1698; x_wconf 76' lang='grc' dir='ltr'>κροθυμία</span> <span class='ocrx_word' id='word_1_656' title='bbox 2461 1629 2552 1679; x_wconf 74' lang='grc' dir='ltr'>καὶ</span> <span class='ocrx_word' id='word_1_657' title='bbox 2589 1628 2655 1696; x_wconf 83' lang='grc' dir='ltr'>τῇ</span> <span class='ocrx_word' id='word_1_658' title='bbox 2695 1625 2866 1695; x_wconf 85' lang='grc' dir='ltr'>φειδοῖ</span> <span class='ocrx_word' id='word_1_659' title='bbox 2907 1623 3225 1694; x_wconf 85' lang='grc' dir='ltr'>κεχρῆσθαι,</span> <span class='ocrx_word' id='word_1_660' title='bbox 3277 1624 3371 1676; x_wconf 78' lang='grc' dir='ltr'>άτε</span> <span class='ocrx_word' id='word_1_661' title='bbox 3400 1624 3462 1692; x_wconf 78' lang='grc' dir='ltr'>δή</span> <span class='ocrx_word' id='word_1_662' title='bbox 3492 1624 3569 1685; x_wconf 86' lang='grc' dir='ltr'>ὡς</span> <span class='ocrx_word' id='word_1_663' title='bbox 3608 1622 3831 1685; x_wconf 79' lang='grc' dir='ltr'>οἰκείοις</span> 
     </span>
    </p>
   </div>
   <div class='ocr_carea' id='block_1_84' title="bbox 2161 1705 3830 1779">
    <p class='ocr_par' dir='ltr' id='par_1_84' title="bbox 2161 1705 3830 1779">
     <span class='ocr_line' id='line_1_85' title="bbox 2161 1705 3830 1779; baseline -0.004 -15"><span class='ocrx_word' id='word_1_664' title='bbox 2161 1711 2345 1779; x_wconf 88' lang='grc' dir='ltr'>μέλεσι</span> <span class='ocrx_word' id='word_1_665' title='bbox 2377 1710 2713 1774; x_wconf 81' lang='grc' dir='ltr'>δικάζοντας,</span> <span class='ocrx_word' id='word_1_666' title='bbox 2755 1708 2848 1760; x_wconf 77' lang='grc' dir='ltr'>καὶ</span> <span class='ocrx_word' id='word_1_667' title='bbox 2900 1707 2962 1759; x_wconf 80' lang='grc' dir='ltr'>τὸ</span> <span class='ocrx_word' id='word_1_668' title='bbox 2992 1707 3252 1777; x_wconf 82' lang='grc' dir='ltr'>ὁμογενὲς</span> <span class='ocrx_word' id='word_1_669' title='bbox 3290 1707 3604 1769; x_wconf 87' lang='grc' dir='ltr'>ἐννοοῦντας</span> <span class='ocrx_word' id='word_1_670' title='bbox 3634 1705 3830 1775; x_wconf 86' lang='grc' dir='ltr'>φιλαν-</span> 
     </span>
    </p>
   </div>
   <div class='ocr_carea' id='block_1_85' title="bbox 2158 1787 3828 1862">
    <p class='ocr_par' dir='ltr' id='par_1_85' title="bbox 2158 1787 3828 1862">
     <span class='ocr_line' id='line_1_86' title="bbox 2158 1787 3828 1862; baseline -0.003 -18"><span class='ocrx_word' id='word_1_671' title='bbox 2158 1792 2376 1862; x_wconf 80' lang='grc' dir='ltr'>Θρωπίςι</span> <span class='ocrx_word' id='word_1_672' title='bbox 2395 1791 2495 1861; x_wconf 80' lang='grc' dir='ltr'>τὴν</span> <span class='ocrx_word' id='word_1_673' title='bbox 2525 1790 2794 1860; x_wconf 89' lang='grc' dir='ltr'>τιμωρίαν</span> <span class='ocrx_word' id='word_1_674' title='bbox 2833 1790 3179 1858; x_wconf 87' lang='grc' dir='ltr'>κεραννύναι.</span> <span class='ocrx_word' id='word_1_675' title='bbox 3209 1787 3346 1841; x_wconf 78' lang='grc' dir='ltr'>Οὐδὲ</span> <span class='ocrx_word' id='word_1_676' title='bbox 3377 1787 3486 1858; x_wconf 84' lang='grc' dir='ltr'>γάρ</span> <span class='ocrx_word' id='word_1_677' title='bbox 3518 1787 3712 1850; x_wconf 78' lang='grc' dir='ltr'>ἁπλῶς</span> <span class='ocrx_word' id='word_1_678' title='bbox 3741 1802 3828 1839; x_wconf 82' lang='grc' dir='ltr'>το-</span> 
     </span>
    </p>
   </div>
   <div class='ocr_carea' id='block_1_86' title="bbox 2158 1868 3830 1946">
    <p class='ocr_par' dir='ltr' id='par_1_86' title="bbox 2158 1868 3830 1946">
     <span class='ocr_line' id='line_1_87' title="bbox 2158 1868 3830 1946; baseline -0.005 -18"><span class='ocrx_word' id='word_1_679' title='bbox 2158 1875 2329 1946; x_wconf 83' lang='grc' dir='ltr'>σαύτῃ</span> <span class='ocrx_word' id='word_1_680' title='bbox 2363 1872 2766 1941; x_wconf 88' lang='grc' dir='ltr'>συγκαταϐάσει</span> <span class='ocrx_word' id='word_1_681' title='bbox 2804 1872 2837 1940; x_wconf 86' lang='grc' dir='ltr'>ή</span> <span class='ocrx_word' id='word_1_682' title='bbox 2880 1870 2996 1924; x_wconf 86' lang='grc' dir='ltr'>θεία</span> <span class='ocrx_word' id='word_1_683' title='bbox 3041 1870 3078 1921; x_wconf 86' lang='grc' dir='ltr'><strong><em>Γ</em></strong></span> <span class='ocrx_word' id='word_1_684' title='bbox 3086 1869 3230 1940; x_wconf 80' lang='grc' dir='ltr'>ραφὴ</span> <span class='ocrx_word' id='word_1_685' title='bbox 3272 1870 3552 1940; x_wconf 86' lang='grc' dir='ltr'>κέχρηται,</span> <span class='ocrx_word' id='word_1_686' title='bbox 3579 1868 3720 1922; x_wconf 88' lang='grc' dir='ltr'>ἀλλά</span> <span class='ocrx_word' id='word_1_687' title='bbox 3744 1868 3830 1921; x_wconf 77' lang='grc' dir='ltr'>διὰ</span> 
     </span>
    </p>
   </div>
   <div class='ocr_carea' id='block_1_87' title="bbox 2157 1949 3828 2025">
    <p class='ocr_par' dir='ltr' id='par_1_87' title="bbox 2157 1949 3828 2025">
     <span class='ocr_line' id='line_1_88' title="bbox 2157 1949 3828 2025; baseline -0.005 -15"><span class='ocrx_word' id='word_1_688' title='bbox 2157 1958 2254 2024; x_wconf 78' lang='grc' dir='ltr'>τῆς</span> <span class='ocrx_word' id='word_1_689' title='bbox 2275 1957 2582 2025; x_wconf 84' lang='grc' dir='ltr'>παχύτητος</span> <span class='ocrx_word' id='word_1_690' title='bbox 2602 1967 2625 1994; x_wconf 75' lang='grc' dir='ltr'><strong>ο</strong></span> <span class='ocrx_word' id='word_1_691' title='bbox 2653 1954 2759 2008; x_wconf 89' lang='grc' dir='ltr'>τῶν</span> <span class='ocrx_word' id='word_1_692' title='bbox 2790 1953 2985 2020; x_wconf 84' lang='grc' dir='ltr'>λέξεων</span> <span class='ocrx_word' id='word_1_693' title='bbox 3013 1952 3334 2005; x_wconf 83' lang='grc' dir='ltr'>διδάσκουσα</span> <span class='ocrx_word' id='word_1_694' title='bbox 3357 1953 3502 2021; x_wconf 78' lang='grc' dir='ltr'>ἡμᾶς</span> <span class='ocrx_word' id='word_1_695' title='bbox 3528 1953 3630 2022; x_wconf 85' lang='grc' dir='ltr'>τήν</span> <span class='ocrx_word' id='word_1_696' title='bbox 3650 1967 3714 2003; x_wconf 89' lang='grc' dir='ltr'>τε</span> <span class='ocrx_word' id='word_1_697' title='bbox 3733 1949 3828 2004; x_wconf 87' lang='grc' dir='ltr'>τοῦ</span> 
     </span>
    </p>
   </div>
   <div class='ocr_carea' id='block_1_88' title="bbox 2157 2032 3831 2108">
    <p class='ocr_par' dir='ltr' id='par_1_88' title="bbox 2157 2032 3831 2108">
     <span class='ocr_line' id='line_1_89' title="bbox 2157 2032 3831 2108; baseline -0.001 -19"><span class='ocrx_word' id='word_1_698' title='bbox 2157 2039 2290 2091; x_wconf 83' lang='grc' dir='ltr'>Θεοῦ</span> <span class='ocrx_word' id='word_1_699' title='bbox 2326 2037 2756 2108; x_wconf 86' lang='grc' dir='ltr'>φιλανθρωπίαν,</span> <span class='ocrx_word' id='word_1_700' title='bbox 2805 2036 2898 2089; x_wconf 79' lang='grc' dir='ltr'>καὶ</span> <span class='ocrx_word' id='word_1_701' title='bbox 2939 2038 3018 2098; x_wconf 88' lang='grc' dir='ltr'>εἰς</span> <span class='ocrx_word' id='word_1_702' title='bbox 3057 2034 3215 2102; x_wconf 77' lang='grc' dir='ltr'>ζῆλον</span> <span class='ocrx_word' id='word_1_703' title='bbox 3256 2034 3481 2101; x_wconf 78' lang='grc' dir='ltr'>ἄγουσα,</span> <span class='ocrx_word' id='word_1_704' title='bbox 3515 2033 3658 2087; x_wconf 79' lang='grc' dir='ltr'>ὥστε</span> <span class='ocrx_word' id='word_1_705' title='bbox 3686 2032 3831 2087; x_wconf 85' lang='grc' dir='ltr'>κατά</span> 
     </span>
    </p>
   </div>
   <div class='ocr_carea' id='block_1_89' title="bbox 2155 2116 3829 2188">
    <p class='ocr_par' dir='ltr' id='par_1_89' title="bbox 2155 2116 3829 2188">
     <span class='ocr_line' id='line_1_90' title="bbox 2155 2116 3829 2188; baseline -0.002 -18"><span class='ocrx_word' id='word_1_706' title='bbox 2155 2117 2379 2187; x_wconf 89' lang='grc' dir='ltr'>δύναμιν</span> <span class='ocrx_word' id='word_1_707' title='bbox 2407 2118 2748 2188; x_wconf 84' lang='grc' dir='ltr'>ἀνθρωπίνην</span> <span class='ocrx_word' id='word_1_708' title='bbox 2775 2117 3060 2187; x_wconf 89' lang='grc' dir='ltr'>μιμεῖσθαι</span> <span class='ocrx_word' id='word_1_709' title='bbox 3086 2116 3178 2167; x_wconf 85' lang='grc' dir='ltr'>τοῦ</span> <span class='ocrx_word' id='word_1_710' title='bbox 3213 2116 3480 2168; x_wconf 86' lang='grc' dir='ltr'>Δεσπότου</span> <span class='ocrx_word' id='word_1_711' title='bbox 3500 2117 3601 2187; x_wconf 78' lang='grc' dir='ltr'>τὴν</span> <span class='ocrx_word' id='word_1_712' title='bbox 3624 2116 3829 2183; x_wconf 76' lang='grc' dir='ltr'>ἀγαθό-</span> 
     </span>
    </p>
   </div>
   <div class='ocr_carea' id='block_1_90' title="bbox 2153 2195 3830 2265">
    <p class='ocr_par' dir='ltr' id='par_1_90' title="bbox 2153 2195 3830 2265">
     <span class='ocr_line' id='line_1_91' title="bbox 2153 2195 3830 2265; baseline -0.001 -15"><span class='ocrx_word' id='word_1_713' title='bbox 2153 2216 2310 2265; x_wconf 75' lang='grc' dir='ltr'>τηταο</span> <span class='ocrx_word' id='word_1_714' title='bbox 2344 2199 2453 2254; x_wconf 75' lang='grc' dir='ltr'>Καὶ</span> <span class='ocrx_word' id='word_1_715' title='bbox 2476 2195 2643 2251; x_wconf 79' lang='grc' dir='ltr'>εἶπεν</span> <span class='ocrx_word' id='word_1_716' title='bbox 2666 2196 2843 2261; x_wconf 82' lang='grc' dir='ltr'>αὐτῷ,</span> <span class='ocrx_word' id='word_1_717' title='bbox 2879 2198 2972 2260; x_wconf 84' lang='grc' dir='ltr'>Τίς</span> <span class='ocrx_word' id='word_1_718' title='bbox 2992 2195 3311 2265; x_wconf 72' lang='grc' dir='ltr'>ἀνήγγειλέ</span> <span class='ocrx_word' id='word_1_719' title='bbox 3340 2213 3458 2258; x_wconf 85' lang='grc' dir='ltr'>σοι,</span> <span class='ocrx_word' id='word_1_720' title='bbox 3482 2196 3569 2249; x_wconf 82' lang='grc' dir='ltr'>ὅτι</span> <span class='ocrx_word' id='word_1_721' title='bbox 3596 2197 3830 2265; x_wconf 76' lang='grc' dir='ltr'>γυμνὸς</span> 
     </span>
    </p>
   </div>
   <div class='ocr_carea' id='block_1_91' title="bbox 2154 2274 3829 2349">
    <p class='ocr_par' dir='ltr' id='par_1_91' title="bbox 2154 2274 3829 2349">
     <span class='ocr_line' id='line_1_92' title="bbox 2154 2274 3829 2349; baseline -0.001 -17"><span class='ocrx_word' id='word_1_722' title='bbox 2154 2275 2224 2341; x_wconf 77' lang='grc' dir='ltr'>εἴ,</span> <span class='ocrx_word' id='word_1_723' title='bbox 2268 2283 2316 2333; x_wconf 85' lang='grc' dir='ltr'>εί</span> <span class='ocrx_word' id='word_1_724' title='bbox 2341 2279 2426 2349; x_wconf 81' lang='grc' dir='ltr'>μὴ</span> <span class='ocrx_word' id='word_1_725' title='bbox 2459 2279 2576 2334; x_wconf 79' lang='grc' dir='ltr'>ἀπὸ</span> <span class='ocrx_word' id='word_1_726' title='bbox 2605 2278 2710 2332; x_wconf 85' lang='grc' dir='ltr'>τοῦ</span> <span class='ocrx_word' id='word_1_727' title='bbox 2737 2278 2927 2342; x_wconf 79' lang='grc' dir='ltr'>ξύλου</span> <span class='ocrx_word' id='word_1_728' title='bbox 2957 2274 3027 2332; x_wconf 85' lang='grc' dir='ltr'>οὗ</span> <span class='ocrx_word' id='word_1_729' title='bbox 3052 2277 3442 2346; x_wconf 73' lang='grc' dir='ltr'>ἐνετειλάμην</span> <span class='ocrx_word' id='word_1_730' title='bbox 3467 2293 3567 2330; x_wconf 87' lang='grc' dir='ltr'>σοι</span> <span class='ocrx_word' id='word_1_731' title='bbox 3606 2279 3829 2330; x_wconf 86' lang='grc' dir='ltr'>τούτου</span> 
     </span>
    </p>
   </div>
   <div class='ocr_carea' id='block_1_92' title="bbox 2149 2359 3828 2431">
    <p class='ocr_par' dir='ltr' id='par_1_92' title="bbox 2149 2359 3828 2431">
     <span class='ocr_line' id='line_1_93' title="bbox 2149 2359 3828 2431; baseline -0.003 -18"><span class='ocrx_word' id='word_1_732' title='bbox 2149 2364 2343 2429; x_wconf 81' lang='grc' dir='ltr'>μόνου</span> <span class='ocrx_word' id='word_1_733' title='bbox 2371 2362 2456 2430; x_wconf 77' lang='grc' dir='ltr'>μὴ</span> <span class='ocrx_word' id='word_1_734' title='bbox 2480 2360 2713 2430; x_wconf 72' lang='grc' dir='ltr'>φαγεῖν,</span> <span class='ocrx_word' id='word_1_735' title='bbox 2749 2360 2850 2413; x_wconf 76' lang='grc' dir='ltr'>ἀπ’</span> <span class='ocrx_word' id='word_1_736' title='bbox 2882 2359 3068 2412; x_wconf 79' lang='grc' dir='ltr'>αὑτοῦ</span> <span class='ocrx_word' id='word_1_737' title='bbox 3108 2360 3362 2428; x_wconf 66' lang='grc' dir='ltr'>ἔφαγεςς</span> <span class='ocrx_word' id='word_1_738' title='bbox 3397 2359 3564 2412; x_wconf 87' lang='grc' dir='ltr'>Πόθεν</span> <span class='ocrx_word' id='word_1_739' title='bbox 3596 2359 3684 2422; x_wconf 78' lang='grc' dir='ltr'>ἂν,</span> <span class='ocrx_word' id='word_1_740' title='bbox 3716 2377 3828 2431; x_wconf 82' lang='grc' dir='ltr'>φη-</span> 
     </span>
    </p>
   </div>
   <div class='ocr_carea' id='block_1_93' title="bbox 2157 2441 3830 2513">
    <p class='ocr_par' dir='ltr' id='par_1_93' title="bbox 2157 2441 3830 2513">
     <span class='ocr_line' id='line_1_94' title="bbox 2157 2441 3830 2513; baseline -0.001 -17"><span class='ocrx_word' id='word_1_741' title='bbox 2157 2445 2262 2507; x_wconf 70' lang='grc' dir='ltr'>σὶν,</span> <span class='ocrx_word' id='word_1_742' title='bbox 2299 2444 2570 2513; x_wconf 71' lang='grc' dir='ltr'>ἡδυνήθης</span> <span class='ocrx_word' id='word_1_743' title='bbox 2590 2442 2744 2495; x_wconf 90' lang='grc' dir='ltr'>τοῦτο</span> <span class='ocrx_word' id='word_1_744' title='bbox 2768 2443 2990 2510; x_wconf 87' lang='grc' dir='ltr'>γνῶναι,</span> <span class='ocrx_word' id='word_1_745' title='bbox 3022 2443 3114 2495; x_wconf 71' lang='grc' dir='ltr'>καλ⁸</span> <span class='ocrx_word' id='word_1_746' title='bbox 3137 2441 3371 2513; x_wconf 84' lang='grc' dir='ltr'>τοσαύτῃ</span> <span class='ocrx_word' id='word_1_747' title='bbox 3398 2441 3627 2512; x_wconf 80' lang='grc' dir='ltr'>αἰσχύνη</span> <span class='ocrx_word' id='word_1_748' title='bbox 3663 2459 3830 2512; x_wconf 83' lang='grc' dir='ltr'>περι-</span> 
     </span>
    </p>
   </div>
   <div class='ocr_carea' id='block_1_94' title="bbox 2155 2523 3828 2596">
    <p class='ocr_par' dir='ltr' id='par_1_94' title="bbox 2155 2523 3828 2596">
     <span class='ocr_line' id='line_1_95' title="bbox 2155 2523 3828 2596; baseline 0 -18"><span class='ocrx_word' id='word_1_749' title='bbox 2155 2527 2440 2595; x_wconf 81' lang='grc' dir='ltr'>ϐληθῆναι,</span> <span class='ocrx_word' id='word_1_750' title='bbox 2472 2527 2521 2577; x_wconf 89' lang='grc' dir='ltr'>εἰ</span> <span class='ocrx_word' id='word_1_751' title='bbox 2569 2525 2642 2594; x_wconf 81' lang='grc' dir='ltr'>μὴ</span> <span class='ocrx_word' id='word_1_752' title='bbox 2691 2526 2858 2594; x_wconf 84' lang='grc' dir='ltr'>πολλῇ</span> <span class='ocrx_word' id='word_1_753' title='bbox 2891 2527 2956 2595; x_wconf 81' lang='grc' dir='ltr'>τῇ</span> <span class='ocrx_word' id='word_1_754' title='bbox 3002 2523 3241 2596; x_wconf 76' lang='grc' dir='ltr'>ἀκρασίᾳ</span> <span class='ocrx_word' id='word_1_755' title='bbox 3283 2525 3520 2594; x_wconf 77' lang='grc' dir='ltr'>ἐχρήσω,</span> <span class='ocrx_word' id='word_1_756' title='bbox 3569 2525 3664 2577; x_wconf 69' lang='grc' dir='ltr'>καὶ</span> <span class='ocrx_word' id='word_1_757' title='bbox 3690 2541 3828 2578; x_wconf 86' lang='grc' dir='ltr'>κατ-</span> 
     </span>
    </p>
   </div>
   <div class='ocr_carea' id='block_1_95' title="bbox 2153 2608 2995 2678">
    <p class='ocr_par' dir='ltr' id='par_1_95' title="bbox 2153 2608 2995 2678">
     <span class='ocr_line' id='line_1_96' title="bbox 2153 2608 2995 2678; baseline -0.002 -17"><span class='ocrx_word' id='word_1_758' title='bbox 2153 2608 2456 2678; x_wconf 89' lang='grc' dir='ltr'>εφρόνησάς</span> <span class='ocrx_word' id='word_1_759' title='bbox 2491 2625 2590 2676; x_wconf 90' lang='grc' dir='ltr'>μου</span> <span class='ocrx_word' id='word_1_760' title='bbox 2621 2608 2719 2675; x_wconf 77' lang='grc' dir='ltr'>τῆς</span> <span class='ocrx_word' id='word_1_761' title='bbox 2746 2608 2995 2674; x_wconf 74' lang='grc' dir='ltr'>ἐντολῆςς</span> 
     </span>
    </p>
   </div>
   <div class='ocr_carea' id='block_1_96' title="bbox 2225 2685 3831 2761">
    <p class='ocr_par' dir='ltr' id='par_1_96' title="bbox 2225 2685 3831 2761">
     <span class='ocr_line' id='line_1_97' title="bbox 2225 2685 3831 2761; baseline -0.004 -18"><span class='ocrx_word' id='word_1_762' title='bbox 2225 2689 2373 2761; x_wconf 73' lang='grc'>[158]</span> <span class='ocrx_word' id='word_1_763' title='bbox 2390 2690 2450 2743; x_wconf 84' lang='grc' dir='ltr'>δ’.</span> <span class='ocrx_word' id='word_1_764' title='bbox 2467 2689 2683 2752; x_wconf 84' lang='grc' dir='ltr'>Σκόπει,</span> <span class='ocrx_word' id='word_1_765' title='bbox 2702 2688 2974 2758; x_wconf 86' lang='grc' dir='ltr'>ἀγαπητέ,</span> <span class='ocrx_word' id='word_1_766' title='bbox 2994 2689 3088 2756; x_wconf 82' lang='grc' dir='ltr'>τῆς</span> <span class='ocrx_word' id='word_1_767' title='bbox 3109 2687 3438 2756; x_wconf 81' lang='grc' dir='ltr'>ἀγαθότητος</span> <span class='ocrx_word' id='word_1_768' title='bbox 3457 2686 3552 2738; x_wconf 87' lang='grc' dir='ltr'>τοῦ</span> <span class='ocrx_word' id='word_1_769' title='bbox 3570 2685 3708 2738; x_wconf 84' lang='grc' dir='ltr'>Θεοῦ</span> <span class='ocrx_word' id='word_1_770' title='bbox 3731 2685 3831 2756; x_wconf 72' lang='grc' dir='ltr'>τὴν</span> 
     </span>
    </p>
   </div>
   <div class='ocr_carea' id='block_1_97' title="bbox 2153 2766 3833 2843">
    <p class='ocr_par' dir='ltr' id='par_1_97' title="bbox 2153 2766 3833 2843">
     <span class='ocr_line' id='line_1_98' title="bbox 2153 2766 3833 2843; baseline -0.003 -17"><span class='ocrx_word' id='word_1_771' title='bbox 2153 2774 2478 2843; x_wconf 88' lang='grc' dir='ltr'>ὑπερϐολὴν,</span> <span class='ocrx_word' id='word_1_772' title='bbox 2503 2773 2649 2835; x_wconf 83' lang='grc' dir='ltr'>ὅπως</span> <span class='ocrx_word' id='word_1_773' title='bbox 2679 2771 2927 2842; x_wconf 88' lang='grc' dir='ltr'>καθάπερ</span> <span class='ocrx_word' id='word_1_774' title='bbox 2959 2771 3106 2839; x_wconf 81' lang='grc' dir='ltr'>φίλος</span> <span class='ocrx_word' id='word_1_775' title='bbox 3142 2771 3279 2839; x_wconf 81' lang='grc' dir='ltr'>φίλῳ</span> <span class='ocrx_word' id='word_1_776' title='bbox 3306 2766 3709 2838; x_wconf 74' lang='grc' dir='ltr'>διαλεγόμενος,</span> <span class='ocrx_word' id='word_1_777' title='bbox 3735 2769 3833 2821; x_wconf 76' lang='grc' dir='ltr'>καὶ</span> 
     </span>
    </p>
   </div>
   <div class='ocr_carea' id='block_1_98' title="bbox 2153 2850 3834 2923">
    <p class='ocr_par' dir='ltr' id='par_1_98' title="bbox 2153 2850 3834 2923">
     <span class='ocr_line' id='line_1_99' title="bbox 2153 2850 3834 2923; baseline -0.001 -18"><span class='ocrx_word' id='word_1_778' title='bbox 2153 2856 2396 2923; x_wconf 79' lang='grc' dir='ltr'>ἐγκαλῶν</span> <span class='ocrx_word' id='word_1_779' title='bbox 2423 2856 2496 2918; x_wconf 85' lang='grc' dir='ltr'>ὡς</span> <span class='ocrx_word' id='word_1_780' title='bbox 2526 2853 2827 2922; x_wconf 89' lang='grc' dir='ltr'>παραϐάντι</span> <span class='ocrx_word' id='word_1_781' title='bbox 2858 2853 2924 2906; x_wconf 80' lang='grc' dir='ltr'>τά</span> <span class='ocrx_word' id='word_1_782' title='bbox 2957 2851 3083 2922; x_wconf 80' lang='grc' dir='ltr'>παρ’</span> <span class='ocrx_word' id='word_1_783' title='bbox 3113 2851 3273 2905; x_wconf 87' lang='grc' dir='ltr'>αὑτοῦ</span> <span class='ocrx_word' id='word_1_784' title='bbox 3305 2851 3646 2911; x_wconf 82' lang='grc' dir='ltr'>ἐνταλθέντα,</span> <span class='ocrx_word' id='word_1_785' title='bbox 3681 2850 3834 2904; x_wconf 74' lang='grc' dir='ltr'>οὕτω</span> 
     </span>
    </p>
   </div>
   <div class='ocr_carea' id='block_1_99' title="bbox 2154 2931 3833 3008">
    <p class='ocr_par' dir='ltr' id='par_1_99' title="bbox 2154 2931 3833 3008">
     <span class='ocr_line' id='line_1_100' title="bbox 2154 2931 3833 3008; baseline -0.003 -19"><span class='ocrx_word' id='word_1_786' title='bbox 2154 2939 2288 3008; x_wconf 74' lang='grc' dir='ltr'>πρὸς</span> <span class='ocrx_word' id='word_1_787' title='bbox 2318 2938 2478 2990; x_wconf 83' lang='grc' dir='ltr'>αὑτὸν</span> <span class='ocrx_word' id='word_1_788' title='bbox 2508 2936 2603 3004; x_wconf 81' lang='grc' dir='ltr'>τὴν</span> <span class='ocrx_word' id='word_1_789' title='bbox 2649 2935 2882 2998; x_wconf 79' lang='grc' dir='ltr'>διάλεξιν</span> <span class='ocrx_word' id='word_1_790' title='bbox 2925 2937 3174 2988; x_wconf 85' lang='grc' dir='ltr'>ποιεῖται.</span> <span class='ocrx_word' id='word_1_791' title='bbox 3229 2936 3323 2999; x_wconf 83' lang='grc' dir='ltr'>Τίς</span> <span class='ocrx_word' id='word_1_792' title='bbox 3379 2931 3698 3001; x_wconf 71' lang='grc' dir='ltr'>ἀνήγγειλὲ</span> <span class='ocrx_word' id='word_1_793' title='bbox 3727 2948 3833 2985; x_wconf 86' lang='grc' dir='ltr'>σοι</span> 
     </span>
    </p>
   </div>
   <div class='ocr_carea' id='block_1_100' title="bbox 2152 3013 3833 3088">
    <p class='ocr_par' dir='ltr' id='par_1_100' title="bbox 2152 3013 3833 3088">
     <span class='ocr_line' id='line_1_101' title="bbox 2152 3013 3833 3088; baseline -0.003 -16"><span class='ocrx_word' id='word_1_794' title='bbox 2152 3020 2239 3072; x_wconf 79' lang='grc' dir='ltr'>ὅτι</span> <span class='ocrx_word' id='word_1_795' title='bbox 2273 3021 2495 3088; x_wconf 66' lang='grc' dir='ltr'>γυμνός</span> <span class='ocrx_word' id='word_1_796' title='bbox 2517 3016 2588 3078; x_wconf 75' lang='grc' dir='ltr'>εἷ,</span> <span class='ocrx_word' id='word_1_797' title='bbox 2621 3017 2769 3086; x_wconf 80' lang='grc' dir='ltr'>εἰμὴ</span> <span class='ocrx_word' id='word_1_798' title='bbox 2787 3018 2904 3070; x_wconf 70' lang='grc' dir='ltr'>ἀπὶ)</span> <span class='ocrx_word' id='word_1_799' title='bbox 2927 3017 3034 3070; x_wconf 82' lang='grc' dir='ltr'>τοῦ</span> <span class='ocrx_word' id='word_1_800' title='bbox 3079 3017 3289 3081; x_wconf 80' lang='grc' dir='ltr'>ξύλου,</span> <span class='ocrx_word' id='word_1_801' title='bbox 3331 3013 3401 3071; x_wconf 81' lang='grc' dir='ltr'>οὗ</span> <span class='ocrx_word' id='word_1_802' title='bbox 3431 3016 3833 3083; x_wconf 69' lang='grc' dir='ltr'>ἐνετειλάμην</span> 
     </span>
    </p>
   </div>
   <div class='ocr_carea' id='block_1_101' title="bbox 2151 3097 3830 3169">
    <p class='ocr_par' dir='ltr' id='par_1_101' title="bbox 2151 3097 3830 3169">
     <span class='ocr_line' id='line_1_102' title="bbox 2151 3097 3830 3169; baseline -0.004 -13"><span class='ocrx_word' id='word_1_803' title='bbox 2151 3120 2251 3156; x_wconf 80' lang='grc' dir='ltr'>σοι</span> <span class='ocrx_word' id='word_1_804' title='bbox 2285 3103 2498 3156; x_wconf 86' lang='grc' dir='ltr'>τούτου</span> <span class='ocrx_word' id='word_1_805' title='bbox 2528 3102 2719 3169; x_wconf 77' lang='grc' dir='ltr'>μόνου</span> <span class='ocrx_word' id='word_1_806' title='bbox 2748 3099 2832 3167; x_wconf 80' lang='grc' dir='ltr'>μὴ</span> <span class='ocrx_word' id='word_1_807' title='bbox 2862 3100 3094 3167; x_wconf 59' lang='grc' dir='ltr'>φαγεῖν,</span> <span class='ocrx_word' id='word_1_808' title='bbox 3128 3100 3230 3153; x_wconf 78' lang='grc' dir='ltr'>ἀπ’</span> <span class='ocrx_word' id='word_1_809' title='bbox 3253 3099 3438 3152; x_wconf 83' lang='grc' dir='ltr'>αὐτοῦ</span> <span class='ocrx_word' id='word_1_810' title='bbox 3459 3099 3714 3166; x_wconf 49' lang='grc' dir='ltr'>ἔφαγες</span> <span class='ocrx_word' id='word_1_811' title='bbox 3749 3097 3830 3149; x_wconf 85' lang='grc' dir='ltr'>Οὑ</span> 
     </span>
    </p>
   </div>
   <div class='ocr_carea' id='block_1_102' title="bbox 2155 3175 3830 3255">
    <p class='ocr_par' dir='ltr' id='par_1_102' title="bbox 2155 3175 3830 3255">
     <span class='ocr_line' id='line_1_103' title="bbox 2155 3175 3830 3255; baseline -0.003 -19"><span class='ocrx_word' id='word_1_812' title='bbox 2155 3175 2354 3255; x_wconf 75' lang='grc' dir='ltr'>μικράν</span> <span class='ocrx_word' id='word_1_813' title='bbox 2389 3184 2622 3252; x_wconf 75' lang='grc' dir='ltr'>ἔμφασιν</span> <span class='ocrx_word' id='word_1_814' title='bbox 2651 3184 2763 3252; x_wconf 76' lang='grc' dir='ltr'>ἔχει</span> <span class='ocrx_word' id='word_1_815' title='bbox 2793 3182 2886 3234; x_wconf 72' lang='grc' dir='ltr'>καὶ</span> <span class='ocrx_word' id='word_1_816' title='bbox 2910 3182 2970 3235; x_wconf 78' lang='grc' dir='ltr'>τὸ</span> <span class='ocrx_word' id='word_1_817' title='bbox 3007 3181 3206 3249; x_wconf 86' lang='grc' dir='ltr'>λέγειν·</span> <span class='ocrx_word' id='word_1_818' title='bbox 3240 3183 3457 3235; x_wconf 79' lang='grc' dir='ltr'>Τούτου</span> <span class='ocrx_word' id='word_1_819' title='bbox 3487 3181 3701 3249; x_wconf 76' lang='grc' dir='ltr'>μόνον.</span> <span class='ocrx_word' id='word_1_820' title='bbox 3733 3180 3830 3250; x_wconf 78' lang='grc' dir='ltr'>Μὴ</span> 
     </span>
    </p>
   </div>
   <div class='ocr_carea' id='block_1_103' title="bbox 2152 3263 3831 3336">
    <p class='ocr_par' dir='ltr' id='par_1_103' title="bbox 2152 3263 3831 3336">
     <span class='ocr_line' id='line_1_104' title="bbox 2152 3263 3831 3336; baseline -0.004 -17"><span class='ocrx_word' id='word_1_821' title='bbox 2152 3268 2259 3336; x_wconf 82' lang='grc' dir='ltr'>γὰρ</span> <span class='ocrx_word' id='word_1_822' title='bbox 2318 3264 2730 3335; x_wconf 82' lang='grc' dir='ltr'>ἐστενοχώρησά</span> <span class='ocrx_word' id='word_1_823' title='bbox 2780 3281 2893 3326; x_wconf 89' lang='grc' dir='ltr'>σου,</span> <span class='ocrx_word' id='word_1_824' title='bbox 2955 3266 3109 3333; x_wconf 71' lang='grc' dir='ltr'>φησὶ,</span> <span class='ocrx_word' id='word_1_825' title='bbox 3160 3264 3256 3334; x_wconf 78' lang='grc' dir='ltr'>τὴν</span> <span class='ocrx_word' id='word_1_826' title='bbox 3306 3264 3635 3325; x_wconf 82' lang='grc' dir='ltr'>ἀπόλαυσιν;</span> <span class='ocrx_word' id='word_1_827' title='bbox 3678 3263 3831 3331; x_wconf 66' lang='grc' dir='ltr'>ευύχὶ</span> 
     </span>
    </p>
   </div>
   <div class='ocr_carea' id='block_1_104' title="bbox 2155 3344 3831 3415">
    <p class='ocr_par' dir='ltr' id='par_1_104' title="bbox 2155 3344 3831 3415">
     <span class='ocr_line' id='line_1_105' title="bbox 2155 3344 3831 3415; baseline -0.002 -15"><span class='ocrx_word' id='word_1_828' title='bbox 2155 3350 2332 3400; x_wconf 81' lang='grc' dir='ltr'>πᾶσαν</span> <span class='ocrx_word' id='word_1_829' title='bbox 2369 3346 2550 3399; x_wconf 79' lang='grc' dir='ltr'>ἄδειάν</span> <span class='ocrx_word' id='word_1_830' title='bbox 2611 3362 2690 3397; x_wconf 93' lang='grc' dir='ltr'>σοι</span> <span class='ocrx_word' id='word_1_831' title='bbox 2749 3346 3042 3415; x_wconf 80' lang='grc' dir='ltr'>παρέσχον,</span> <span class='ocrx_word' id='word_1_832' title='bbox 3097 3347 3191 3398; x_wconf 67' lang='grc' dir='ltr'>καί</span> <span class='ocrx_word' id='word_1_833' title='bbox 3242 3345 3456 3398; x_wconf 86' lang='grc' dir='ltr'>πάντων</span> <span class='ocrx_word' id='word_1_834' title='bbox 3503 3344 3612 3397; x_wconf 80' lang='grc' dir='ltr'>τῶν</span> <span class='ocrx_word' id='word_1_835' title='bbox 3651 3346 3708 3396; x_wconf 88' lang='grc' dir='ltr'>ἐν</span> <span class='ocrx_word' id='word_1_836' title='bbox 3746 3344 3831 3414; x_wconf 83' lang='grc' dir='ltr'>τῷ</span> 
     </span>
    </p>
   </div>
   <div class='ocr_carea' id='block_1_105' title="bbox 2153 3425 3830 3497">
    <p class='ocr_par' dir='ltr' id='par_1_105' title="bbox 2153 3425 3830 3497">
     <span class='ocr_line' id='line_1_106' title="bbox 2153 3425 3830 3497; baseline -0.002 -16"><span class='ocrx_word' id='word_1_837' title='bbox 2153 3429 2465 3497; x_wconf 83' lang='grc' dir='ltr'>παραδείσῳ</span> <span class='ocrx_word' id='word_1_838' title='bbox 2506 3426 2603 3496; x_wconf 83' lang='grc' dir='ltr'>τὴν</span> <span class='ocrx_word' id='word_1_839' title='bbox 2646 3427 2892 3492; x_wconf 78' lang='grc' dir='ltr'>ἐξουσίαν</span> <span class='ocrx_word' id='word_1_840' title='bbox 2938 3427 3203 3490; x_wconf 86' lang='grc' dir='ltr'>δεδωκὼς,</span> <span class='ocrx_word' id='word_1_841' title='bbox 3257 3427 3373 3489; x_wconf 73' lang='grc' dir='ltr'>ἐνὸς</span> <span class='ocrx_word' id='word_1_842' title='bbox 3426 3426 3617 3479; x_wconf 89' lang='grc' dir='ltr'>τούτου</span> <span class='ocrx_word' id='word_1_843' title='bbox 3659 3425 3830 3495; x_wconf 87' lang='grc' dir='ltr'>μόνου</span> 
     </span>
    </p>
   </div>
   <div class='ocr_carea' id='block_1_106' title="bbox 2152 3507 3832 3580">
    <p class='ocr_par' dir='ltr' id='par_1_106' title="bbox 2152 3507 3832 3580">
     <span class='ocr_line' id='line_1_107' title="bbox 2152 3507 3832 3580; baseline -0.002 -17"><span class='ocrx_word' id='word_1_844' title='bbox 2152 3510 2448 3580; x_wconf 85' lang='grc' dir='ltr'>ἀπέχεσθαι</span> <span class='ocrx_word' id='word_1_845' title='bbox 2473 3508 2842 3577; x_wconf 83' lang='grc' dir='ltr'>ἐνετειλάμην,</span> <span class='ocrx_word' id='word_1_846' title='bbox 2878 3509 2963 3560; x_wconf 82' lang='grc' dir='ltr'>ἵνα</span> <span class='ocrx_word' id='word_1_847' title='bbox 2988 3509 3184 3561; x_wconf 87' lang='grc' dir='ltr'>εἰδέναι</span> <span class='ocrx_word' id='word_1_848' title='bbox 3216 3508 3365 3578; x_wconf 80' lang='grc' dir='ltr'>ἔχῃς,</span> <span class='ocrx_word' id='word_1_849' title='bbox 3393 3509 3474 3560; x_wconf 83' lang='grc' dir='ltr'>ὅτι</span> <span class='ocrx_word' id='word_1_850' title='bbox 3503 3507 3608 3558; x_wconf 84' lang='grc' dir='ltr'>ὑπὸ</span> <span class='ocrx_word' id='word_1_851' title='bbox 3629 3507 3832 3560; x_wconf 77' lang='grc' dir='ltr'>δεσπό-</span> 
     </span>
    </p>
   </div>
   <div class='ocr_carea' id='block_1_107' title="bbox 2151 3586 3833 3660">
    <p class='ocr_par' dir='ltr' id='par_1_107' title="bbox 2151 3586 3833 3660">
     <span class='ocr_line' id='line_1_108' title="bbox 2151 3586 3833 3660; baseline -0.002 -17"><span class='ocrx_word' id='word_1_852' title='bbox 2151 3609 2250 3660; x_wconf 89' lang='grc' dir='ltr'>την</span> <span class='ocrx_word' id='word_1_853' title='bbox 2282 3586 2331 3642; x_wconf 80' lang='grc' dir='ltr'>εἰ</span> <span class='ocrx_word' id='word_1_854' title='bbox 2355 3590 2398 3651; x_wconf 67' lang='grc' dir='ltr'>ί,</span> <span class='ocrx_word' id='word_1_855' title='bbox 2427 3590 2518 3642; x_wconf 73' lang='grc' dir='ltr'>καὶ</span> <span class='ocrx_word' id='word_1_856' title='bbox 2549 3590 2786 3657; x_wconf 84' lang='grc' dir='ltr'>ὀφείλεις</span> <span class='ocrx_word' id='word_1_857' title='bbox 2817 3591 3062 3659; x_wconf 82' lang='grc' dir='ltr'>ὑπακοήν</span> <span class='ocrx_word' id='word_1_858' title='bbox 3111 3607 3232 3642; x_wconf 88' lang='grc' dir='ltr'>τινα</span> <span class='ocrx_word' id='word_1_859' title='bbox 3285 3587 3685 3649; x_wconf 77' lang='grc' dir='ltr'>ἐπιδεικνύναις</span> <span class='ocrx_word' id='word_1_860' title='bbox 3727 3588 3833 3651; x_wconf 86' lang='grc' dir='ltr'>Τίς</span> 
     </span>
    </p>
   </div>
   <div class='ocr_carea' id='block_1_108' title="bbox 2150 3669 3832 3744">
    <p class='ocr_par' dir='ltr' id='par_1_108' title="bbox 2150 3669 3832 3744">
     <span class='ocr_line' id='line_1_109' title="bbox 2150 3669 3832 3744; baseline -0.003 -17"><span class='ocrx_word' id='word_1_861' title='bbox 2150 3671 2242 3727; x_wconf 73' lang='grc' dir='ltr'>οὖν</span> <span class='ocrx_word' id='word_1_862' title='bbox 2270 3677 2300 3744; x_wconf 81' lang='grc' dir='ltr'>ἡ</span> <span class='ocrx_word' id='word_1_863' title='bbox 2334 3674 2568 3742; x_wconf 88' lang='grc' dir='ltr'>τοσαύτη</span> <span class='ocrx_word' id='word_1_864' title='bbox 2607 3671 2868 3743; x_wconf 77' lang='grc' dir='ltr'>ῥᾳθυμία,</span> <span class='ocrx_word' id='word_1_865' title='bbox 2902 3671 3042 3724; x_wconf 81' lang='grc' dir='ltr'>ὥστε</span> <span class='ocrx_word' id='word_1_866' title='bbox 3076 3671 3342 3741; x_wconf 87' lang='grc' dir='ltr'>τοσαύτην</span> <span class='ocrx_word' id='word_1_867' title='bbox 3371 3671 3560 3740; x_wconf 80' lang='grc' dir='ltr'>ἔχοντα</span> <span class='ocrx_word' id='word_1_868' title='bbox 3582 3669 3832 3722; x_wconf 84' lang='grc' dir='ltr'>ἀπόλαυ-</span> 
     </span>
    </p>
   </div>
   <div class='ocr_carea' id='block_1_109' title="bbox 2154 3750 3828 3826">
    <p class='ocr_par' dir='ltr' id='par_1_109' title="bbox 2154 3750 3828 3826">
     <span class='ocr_line' id='line_1_110' title="bbox 2154 3750 3828 3826; baseline -0.003 -17"><span class='ocrx_word' id='word_1_869' title='bbox 2154 3775 2254 3818; x_wconf 90' lang='grc' dir='ltr'>σιν,</span> <span class='ocrx_word' id='word_1_870' title='bbox 2297 3757 2371 3826; x_wconf 86' lang='grc' dir='ltr'>μὴ</span> <span class='ocrx_word' id='word_1_871' title='bbox 2399 3755 2725 3824; x_wconf 86' lang='grc' dir='ltr'>ἀνασχέσθαι</span> <span class='ocrx_word' id='word_1_872' title='bbox 2777 3754 2910 3824; x_wconf 79' lang='grc' dir='ltr'>μηδὲ</span> <span class='ocrx_word' id='word_1_873' title='bbox 2940 3754 3128 3806; x_wconf 85' lang='grc' dir='ltr'>τούτου</span> <span class='ocrx_word' id='word_1_874' title='bbox 3166 3753 3257 3806; x_wconf 91' lang='grc' dir='ltr'>τοῦ</span> <span class='ocrx_word' id='word_1_875' title='bbox 3307 3753 3426 3814; x_wconf 76' lang='grc' dir='ltr'>ἐνὸς</span> <span class='ocrx_word' id='word_1_876' title='bbox 3462 3750 3828 3820; x_wconf 83' lang='grc' dir='ltr'>ἀποσχέσθαι,</span> 
     </span>
    </p>
   </div>
   <div class='ocr_carea' id='block_1_110' title="bbox 2150 3835 3830 3908">
    <p class='ocr_par' dir='ltr' id='par_1_110' title="bbox 2150 3835 3830 3908">
     <span class='ocr_line' id='line_1_111' title="bbox 2150 3835 3830 3908; baseline -0.004 -14"><span class='ocrx_word' id='word_1_877' title='bbox 2150 3843 2263 3896; x_wconf 87' lang='grc' dir='ltr'>ἀλλ’</span> <span class='ocrx_word' id='word_1_878' title='bbox 2290 3839 2431 3893; x_wconf 86' lang='grc' dir='ltr'>οὑτω</span> <span class='ocrx_word' id='word_1_879' title='bbox 2478 3839 2688 3907; x_wconf 86' lang='grc' dir='ltr'>ταχέως</span> <span class='ocrx_word' id='word_1_880' title='bbox 2723 3838 2804 3899; x_wconf 85' lang='grc' dir='ltr'>είς</span> <span class='ocrx_word' id='word_1_881' title='bbox 2846 3837 2944 3907; x_wconf 74' lang='grc' dir='ltr'>τὴν</span> <span class='ocrx_word' id='word_1_882' title='bbox 2983 3837 3113 3908; x_wconf 80' lang='grc' dir='ltr'>παρ’</span> <span class='ocrx_word' id='word_1_883' title='bbox 3146 3835 3282 3906; x_wconf 75' lang='grc' dir='ltr'>ἐμοῦ</span> <span class='ocrx_word' id='word_1_884' title='bbox 3321 3835 3564 3908; x_wconf 74' lang='grc' dir='ltr'>δοθεῖσαν</span> <span class='ocrx_word' id='word_1_885' title='bbox 3602 3835 3830 3905; x_wconf 75' lang='grc' dir='ltr'>ἐντολὴν</span> 
     </span>
    </p>
   </div>
   <div class='ocr_carea' id='block_1_111' title="bbox 2152 3916 3828 3993">
    <p class='ocr_par' dir='ltr' id='par_1_111' title="bbox 2152 3916 3828 3993">
     <span class='ocr_line' id='line_1_112' title="bbox 2152 3916 3828 3993; baseline -0.005 -17"><span class='ocrx_word' id='word_1_886' title='bbox 2152 3924 2448 3993; x_wconf 78' lang='grc' dir='ltr'>ἐξυϐρίσαι,</span> <span class='ocrx_word' id='word_1_887' title='bbox 2480 3924 2571 3974; x_wconf 70' lang='grc' dir='ltr'>καὶ</span> <span class='ocrx_word' id='word_1_888' title='bbox 2608 3922 2881 3982; x_wconf 88' lang='grc' dir='ltr'>τοσούτοις</span> <span class='ocrx_word' id='word_1_889' title='bbox 2914 3922 3103 3982; x_wconf 76' lang='grc' dir='ltr'>κακοῖς</span> <span class='ocrx_word' id='word_1_890' title='bbox 3144 3917 3332 3970; x_wconf 79' lang='grc' dir='ltr'>ἐαυτὸν</span> <span class='ocrx_word' id='word_1_891' title='bbox 3363 3917 3714 3989; x_wconf 84' lang='grc' dir='ltr'>περιϐαλεῖν;</span> <span class='ocrx_word' id='word_1_892' title='bbox 3757 3916 3828 3968; x_wconf 80' lang='grc' dir='ltr'>Τί</span> 
     </span>
    </p>
   </div>
   <div class='ocr_carea' id='block_1_112' title="bbox 2154 3994 3826 4071">
    <p class='ocr_par' dir='ltr' id='par_1_112' title="bbox 2154 3994 3826 4071">
     <span class='ocr_line' id='line_1_113' title="bbox 2154 3994 3826 4071; baseline -0.004 -14"><span class='ocrx_word' id='word_1_893' title='bbox 2154 4022 2233 4057; x_wconf 94' lang='grc' dir='ltr'>σοι</span> <span class='ocrx_word' id='word_1_894' title='bbox 2270 4005 2330 4057; x_wconf 82' lang='grc' dir='ltr'>τὸ</span> <span class='ocrx_word' id='word_1_895' title='bbox 2362 4005 2546 4071; x_wconf 77' lang='grc' dir='ltr'>ὄφελος</span> <span class='ocrx_word' id='word_1_896' title='bbox 2589 4003 2844 4071; x_wconf 86' lang='grc' dir='ltr'>γέγονεν;</span> <span class='ocrx_word' id='word_1_897' title='bbox 2881 4002 2956 4054; x_wconf 86' lang='grc' dir='ltr'>Οὑ</span> <span class='ocrx_word' id='word_1_898' title='bbox 2990 4000 3275 4071; x_wconf 83' lang='grc' dir='ltr'>προλαϐὼν</span> <span class='ocrx_word' id='word_1_899' title='bbox 3316 3999 3487 4052; x_wconf 87' lang='grc' dir='ltr'>ταῦτα</span> <span class='ocrx_word' id='word_1_900' title='bbox 3528 3994 3720 4065; x_wconf 83' lang='grc' dir='ltr'>εἶπον;</span> <span class='ocrx_word' id='word_1_901' title='bbox 3760 3999 3826 4051; x_wconf 87' lang='grc' dir='ltr'>οὑ</span> 
     </span>
    </p>
   </div>
   <div class='ocr_carea' id='block_1_113' title="bbox 2151 4081 3829 4155">
    <p class='ocr_par' dir='ltr' id='par_1_113' title="bbox 2151 4081 3829 4155">
     <span class='ocr_line' id='line_1_114' title="bbox 2151 4081 3829 4155; baseline -0.002 -18"><span class='ocrx_word' id='word_1_902' title='bbox 2151 4085 2227 4155; x_wconf 82' lang='grc' dir='ltr'>τῷ</span> <span class='ocrx_word' id='word_1_903' title='bbox 2258 4085 2406 4154; x_wconf 84' lang='grc' dir='ltr'>φόϐῳ</span> <span class='ocrx_word' id='word_1_904' title='bbox 2433 4085 2524 4137; x_wconf 87' lang='grc' dir='ltr'>τοῦ</span> <span class='ocrx_word' id='word_1_905' title='bbox 2567 4085 2841 4154; x_wconf 85' lang='grc' dir='ltr'>ἐπιτιμίου</span> <span class='ocrx_word' id='word_1_906' title='bbox 2884 4083 3302 4154; x_wconf 85' lang='grc' dir='ltr'>προαναστεῖλαι</span> <span class='ocrx_word' id='word_1_907' title='bbox 3348 4081 3682 4152; x_wconf 77' lang='grc' dir='ltr'>ἠϐουλήθην,</span> <span class='ocrx_word' id='word_1_908' title='bbox 3729 4082 3829 4134; x_wconf 76' lang='grc' dir='ltr'>καὶ</span> 
     </span>
    </p>
   </div>
   <div class='ocr_carea' id='block_1_114' title="bbox 2152 4159 3829 4237">
    <p class='ocr_par' dir='ltr' id='par_1_114' title="bbox 2152 4159 3829 4237">
     <span class='ocr_line' id='line_1_115' title="bbox 2152 4159 3829 4237; baseline -0.004 -16"><span class='ocrx_word' id='word_1_909' title='bbox 2152 4167 2583 4237; x_wconf 85' lang='grc' dir='ltr'>ἀσφαλεστέρους</span> <span class='ocrx_word' id='word_1_910' title='bbox 2614 4166 2980 4237; x_wconf 83' lang='grc' dir='ltr'>ἐργάσασθαι;</span> <span class='ocrx_word' id='word_1_911' title='bbox 3029 4165 3130 4218; x_wconf 86' lang='grc' dir='ltr'>οὑκ</span> <span class='ocrx_word' id='word_1_912' title='bbox 3169 4159 3319 4216; x_wconf 81' lang='grc' dir='ltr'>εἶπον</span> <span class='ocrx_word' id='word_1_913' title='bbox 3356 4162 3417 4216; x_wconf 78' lang='grc' dir='ltr'>τὸ</span> <span class='ocrx_word' id='word_1_914' title='bbox 3468 4163 3663 4234; x_wconf 88' lang='grc' dir='ltr'>μέλλον</span> <span class='ocrx_word' id='word_1_915' title='bbox 3692 4165 3829 4232; x_wconf 79' lang='grc' dir='ltr'>ὑμῖν</span> 
     </span>
    </p>
   </div>
   <div class='ocr_carea' id='block_1_115' title="bbox 2153 4245 3826 4321">
    <p class='ocr_par' dir='ltr' id='par_1_115' title="bbox 2153 4245 3826 4321">
     <span class='ocr_line' id='line_1_116' title="bbox 2153 4245 3826 4321; baseline -0.002 -19"><span class='ocrx_word' id='word_1_916' title='bbox 2153 4249 2523 4321; x_wconf 84' lang='grc' dir='ltr'>συμϐήσεσθαι</span> <span class='ocrx_word' id='word_1_917' title='bbox 2546 4265 2558 4311; x_wconf 91' lang='grc'><strong>;</strong></span> <span class='ocrx_word' id='word_1_918' title='bbox 2596 4250 2654 4300; x_wconf 85' lang='grc' dir='ltr'>οὐ</span> <span class='ocrx_word' id='word_1_919' title='bbox 2680 4249 2767 4301; x_wconf 71' lang='grc' dir='ltr'>διὰ</span> <span class='ocrx_word' id='word_1_920' title='bbox 2792 4249 2950 4299; x_wconf 74' lang='grc' dir='ltr'>τοῦτο</span> <span class='ocrx_word' id='word_1_921' title='bbox 2979 4247 3074 4317; x_wconf 81' lang='grc' dir='ltr'>τὴν</span> <span class='ocrx_word' id='word_1_922' title='bbox 3097 4247 3299 4317; x_wconf 85' lang='grc' dir='ltr'>βρῶσιν</span> <span class='ocrx_word' id='word_1_923' title='bbox 3324 4245 3592 4310; x_wconf 84' lang='grc' dir='ltr'>ἐκώλυσα,</span> <span class='ocrx_word' id='word_1_924' title='bbox 3631 4246 3720 4299; x_wconf 83' lang='grc' dir='ltr'>ἵνα</span> <span class='ocrx_word' id='word_1_925' title='bbox 3746 4246 3826 4318; x_wconf 77' lang='grc' dir='ltr'>μὴ</span> 
     </span>
    </p>
   </div>
   <div class='ocr_carea' id='block_1_116' title="bbox 2149 4326 3826 4400">
    <p class='ocr_par' dir='ltr' id='par_1_116' title="bbox 2149 4326 3826 4400">
     <span class='ocr_line' id='line_1_117' title="bbox 2149 4326 3826 4400; baseline -0.002 -16"><span class='ocrx_word' id='word_1_926' title='bbox 2149 4332 2358 4393; x_wconf 88' lang='grc' dir='ltr'>τούτοις</span> <span class='ocrx_word' id='word_1_927' title='bbox 2391 4329 2755 4400; x_wconf 87' lang='grc' dir='ltr'>περιπέσητε;</span> <span class='ocrx_word' id='word_1_928' title='bbox 2784 4330 2878 4391; x_wconf 86' lang='grc' dir='ltr'>Τίς</span> <span class='ocrx_word' id='word_1_929' title='bbox 2902 4329 2966 4381; x_wconf 81' lang='grc' dir='ltr'>ἄν</span> <span class='ocrx_word' id='word_1_930' title='bbox 2993 4346 3053 4380; x_wconf 85' lang='grc' dir='ltr'>σε</span> <span class='ocrx_word' id='word_1_931' title='bbox 3075 4328 3405 4397; x_wconf 86' lang='grc' dir='ltr'>συγγνώμης</span> <span class='ocrx_word' id='word_1_932' title='bbox 3427 4326 3700 4391; x_wconf 85' lang='grc' dir='ltr'>ἀξιώσειε,</span> <span class='ocrx_word' id='word_1_933' title='bbox 3730 4330 3826 4381; x_wconf 61' lang='grc' dir='ltr'>τὸν</span> 
     </span>
    </p>
   </div>
   <div class='ocr_carea' id='block_1_117' title="bbox 2152 4413 3823 4486">
    <p class='ocr_par' dir='ltr' id='par_1_117' title="bbox 2152 4413 3823 4486">
     <span class='ocr_line' id='line_1_118' title="bbox 2152 4413 3823 4486; baseline -0.001 -18"><span class='ocrx_word' id='word_1_934' title='bbox 2152 4417 2288 4486; x_wconf 77' lang='grc' dir='ltr'>μετὰ</span> <span class='ocrx_word' id='word_1_935' title='bbox 2316 4415 2581 4477; x_wconf 87' lang='grc' dir='ltr'>τοσαύτας</span> <span class='ocrx_word' id='word_1_936' title='bbox 2635 4415 3008 4486; x_wconf 84' lang='grc' dir='ltr'>παραγγελίας</span> <span class='ocrx_word' id='word_1_937' title='bbox 3048 4414 3218 4476; x_wconf 82' lang='grc' dir='ltr'>οὕτως</span> <span class='ocrx_word' id='word_1_938' title='bbox 3261 4413 3549 4483; x_wconf 85' lang='grc' dir='ltr'>ἀγνώμονα</span> <span class='ocrx_word' id='word_1_939' title='bbox 3587 4415 3823 4484; x_wconf 79' lang='grc' dir='ltr'>γενόμεο</span> 
     </span>
    </p>
   </div>
   <div class='ocr_carea' id='block_1_118' title="bbox 2147 4498 3822 4570">
    <p class='ocr_par' dir='ltr' id='par_1_118' title="bbox 2147 4498 3822 4570">
     <span class='ocr_line' id='line_1_119' title="bbox 2147 4498 3822 4570; baseline 0.001 -18"><span class='ocrx_word' id='word_1_940' title='bbox 2147 4520 2267 4566; x_wconf 89' lang='grc' dir='ltr'>νον;</span> <span class='ocrx_word' id='word_1_941' title='bbox 2323 4502 2396 4553; x_wconf 86' lang='grc' dir='ltr'>Ού</span> <span class='ocrx_word' id='word_1_942' title='bbox 2438 4501 2687 4570; x_wconf 88' lang='grc' dir='ltr'>καθάπερ</span> <span class='ocrx_word' id='word_1_943' title='bbox 2731 4501 2913 4570; x_wconf 84' lang='grc' dir='ltr'>πατὴρ</span> <span class='ocrx_word' id='word_1_944' title='bbox 2958 4500 3110 4552; x_wconf 73' lang='grc' dir='ltr'>παιδὶ</span> <span class='ocrx_word' id='word_1_945' title='bbox 3172 4501 3408 4570; x_wconf 85' lang='grc' dir='ltr'>γνησίῳ,</span> <span class='ocrx_word' id='word_1_946' title='bbox 3452 4498 3596 4552; x_wconf 78' lang='grc' dir='ltr'>οὕτω</span> <span class='ocrx_word' id='word_1_947' title='bbox 3639 4501 3822 4554; x_wconf 83' lang='grc' dir='ltr'>πάντα</span> 
     </span>
    </p>
   </div>
   <div class='ocr_carea' id='block_1_119' title="bbox 2147 4577 3823 4648">
    <p class='ocr_par' dir='ltr' id='par_1_119' title="bbox 2147 4577 3823 4648">
     <span class='ocr_line' id='line_1_120' title="bbox 2147 4577 3823 4648; baseline -0.001 -15"><span class='ocrx_word' id='word_1_948' title='bbox 2147 4579 2556 4648; x_wconf 87' lang='grc' dir='ltr'>διεστειλάμην,</span> <span class='ocrx_word' id='word_1_949' title='bbox 2601 4579 2696 4631; x_wconf 71' lang='grc' dir='ltr'>καὶ</span> <span class='ocrx_word' id='word_1_950' title='bbox 2748 4579 2959 4644; x_wconf 78' lang='grc' dir='ltr'>ἐδίδαξα</span> <span class='ocrx_word' id='word_1_951' title='bbox 3005 4577 3112 4631; x_wconf 89' lang='grc' dir='ltr'>τῶν</span> <span class='ocrx_word' id='word_1_952' title='bbox 3154 4580 3252 4648; x_wconf 83' lang='grc' dir='ltr'>μὲν</span> <span class='ocrx_word' id='word_1_953' title='bbox 3297 4578 3469 4632; x_wconf 78' lang='grc' dir='ltr'>ἄλλων</span> <span class='ocrx_word' id='word_1_954' title='bbox 3509 4579 3823 4646; x_wconf 75' lang='grc' dir='ltr'>ἀπογεύσα⁶</span> 
     </span>
    </p>
   </div>
   <div class='ocr_carea' id='block_1_120' title="bbox 2152 4660 3821 4730">
    <p class='ocr_par' dir='ltr' id='par_1_120' title="bbox 2152 4660 3821 4730">
     <span class='ocr_line' id='line_1_121' title="bbox 2152 4660 3821 4730; baseline 0.001 -18"><span class='ocrx_word' id='word_1_955' title='bbox 2152 4661 2296 4722; x_wconf 87' lang='grc' dir='ltr'>σθαι,</span> <span class='ocrx_word' id='word_1_956' title='bbox 2333 4661 2521 4713; x_wconf 89' lang='grc' dir='ltr'>τούτου</span> <span class='ocrx_word' id='word_1_957' title='bbox 2556 4661 2612 4711; x_wconf 83' lang='grc' dir='ltr'>δὲ</span> <span class='ocrx_word' id='word_1_958' title='bbox 2638 4660 2991 4728; x_wconf 85' lang='grc' dir='ltr'>ἀποσχέσθαι,</span> <span class='ocrx_word' id='word_1_959' title='bbox 3025 4661 3112 4713; x_wconf 83' lang='grc' dir='ltr'>ἵνα</span> <span class='ocrx_word' id='word_1_960' title='bbox 3158 4661 3233 4730; x_wconf 81' lang='grc' dir='ltr'>μὴ</span> <span class='ocrx_word' id='word_1_961' title='bbox 3255 4660 3389 4712; x_wconf 78' lang='grc' dir='ltr'>πᾶσί</span> <span class='ocrx_word' id='word_1_962' title='bbox 3424 4677 3516 4712; x_wconf 89' lang='grc' dir='ltr'>σου</span> <span class='ocrx_word' id='word_1_963' title='bbox 3547 4663 3656 4723; x_wconf 88' lang='grc' dir='ltr'>τοῖς</span> <span class='ocrx_word' id='word_1_964' title='bbox 3682 4661 3821 4728; x_wconf 84' lang='grc' dir='ltr'>ἀγα-</span> 
     </span>
    </p>
   </div>
   <div class='ocr_carea' id='block_1_121' title="bbox 2148 4740 3820 4812">
    <p class='ocr_par' dir='ltr' id='par_1_121' title="bbox 2148 4740 3820 4812">
     <span class='ocr_line' id='line_1_122' title="bbox 2148 4740 3820 4812; baseline -0.001 -20"><span class='ocrx_word' id='word_1_965' title='bbox 2148 4740 2258 4803; x_wconf 89' lang='grc' dir='ltr'>θοῖς</span> <span class='ocrx_word' id='word_1_966' title='bbox 2280 4740 2635 4811; x_wconf 86' lang='grc' dir='ltr'>λυμαίνηται;</span> <span class='ocrx_word' id='word_1_967' title='bbox 2680 4740 2816 4792; x_wconf 78' lang='grc' dir='ltr'>Ἀλλ’</span> <span class='ocrx_word' id='word_1_968' title='bbox 2854 4742 2983 4802; x_wconf 72' lang='grc' dir='ltr'>ἴσως</span> <span class='ocrx_word' id='word_1_969' title='bbox 3021 4742 3230 4810; x_wconf 86' lang='grc' dir='ltr'>ἀγαθὴν</span> <span class='ocrx_word' id='word_1_970' title='bbox 3255 4742 3349 4792; x_wconf 73' lang='grc' dir='ltr'>καὶ</span> <span class='ocrx_word' id='word_1_971' title='bbox 3370 4741 3820 4812; x_wconf 80' lang='grc' dir='ltr'>ἀξιοπιστοτέραν</span> 
     </span>
    </p>
   </div>
   <div class='ocr_carea' id='block_1_122' title="bbox 2151 4821 3816 4893">
    <p class='ocr_par' dir='ltr' id='par_1_122' title="bbox 2151 4821 3816 4893">
     <span class='ocr_line' id='line_1_123' title="bbox 2151 4821 3816 4893; baseline 0 -18"><span class='ocrx_word' id='word_1_972' title='bbox 2151 4825 2498 4893; x_wconf 74' lang='grc' dir='ltr'>ἡγησάμενος</span> <span class='ocrx_word' id='word_1_973' title='bbox 2540 4825 2639 4893; x_wconf 85' lang='grc' dir='ltr'>τῆς</span> <span class='ocrx_word' id='word_1_974' title='bbox 2684 4821 2823 4890; x_wconf 80' lang='grc' dir='ltr'>ἐμῆς</span> <span class='ocrx_word' id='word_1_975' title='bbox 2853 4821 3072 4888; x_wconf 77' lang='grc' dir='ltr'>ἐντολῆς</span> <span class='ocrx_word' id='word_1_976' title='bbox 3113 4823 3211 4890; x_wconf 81' lang='grc' dir='ltr'>τὴν</span> <span class='ocrx_word' id='word_1_977' title='bbox 3249 4822 3435 4889; x_wconf 79' lang='grc' dir='ltr'>ἐτέρου</span> <span class='ocrx_word' id='word_1_978' title='bbox 3483 4822 3816 4893; x_wconf 73' lang='grc' dir='ltr'>συμϐουλὴν,</span> 
     </span>
    </p>
   </div>
   <div class='ocr_carea' id='block_1_123' title="bbox 2147 4902 3816 4975">
    <p class='ocr_par' dir='ltr' id='par_1_123' title="bbox 2147 4902 3816 4975">
     <span class='ocr_line' id='line_1_124' title="bbox 2147 4902 3816 4975; baseline 0.001 -18"><span class='ocrx_word' id='word_1_979' title='bbox 2147 4907 2239 4958; x_wconf 73' lang='grc' dir='ltr'>καὶ</span> <span class='ocrx_word' id='word_1_980' title='bbox 2271 4905 2641 4975; x_wconf 86' lang='grc' dir='ltr'>προσδοκήσας</span> <span class='ocrx_word' id='word_1_981' title='bbox 2674 4902 2932 4974; x_wconf 77' lang='grc' dir='ltr'>μειζόνων</span> <span class='ocrx_word' id='word_1_982' title='bbox 2953 4904 3236 4969; x_wconf 80' lang='grc' dir='ltr'>ἐφικέσθαι</span> <span class='ocrx_word' id='word_1_983' title='bbox 3260 4906 3284 4943; x_wconf 72' lang='grc' dir='ltr'>ε</span> <span class='ocrx_word' id='word_1_984' title='bbox 3309 4904 3465 4955; x_wconf 76' lang='grc' dir='ltr'>τοῦτο</span> <span class='ocrx_word' id='word_1_985' title='bbox 3486 4905 3816 4974; x_wconf 86' lang='grc' dir='ltr'>πεποίηκας,</span> 
     </span>
    </p>
   </div>
   <div class='ocr_carea' id='block_1_124' title="bbox 2145 4990 3816 5060">
    <p class='ocr_par' dir='ltr' id='par_1_124' title="bbox 2145 4990 3816 5060">
     <span class='ocr_line' id='line_1_125' title="bbox 2145 4990 3816 5060; baseline -0.001 -15"><span class='ocrx_word' id='word_1_986' title='bbox 2145 4993 2235 5045; x_wconf 68' lang='grc' dir='ltr'>καὶ</span> <span class='ocrx_word' id='word_1_987' title='bbox 2266 4992 2363 5054; x_wconf 86' lang='grc' dir='ltr'>τάς</span> <span class='ocrx_word' id='word_1_988' title='bbox 2400 4990 2783 5060; x_wconf 64' lang='grc' dir='ltr'>ἑμάςέντολάς</span> <span class='ocrx_word' id='word_1_989' title='bbox 2821 4991 3220 5060; x_wconf 86' lang='grc' dir='ltr'>παρωσάμενος</span> <span class='ocrx_word' id='word_1_990' title='bbox 3266 4990 3679 5059; x_wconf 84' lang='grc' dir='ltr'>κατετόλμησας</span> <span class='ocrx_word' id='word_1_991' title='bbox 3714 4992 3816 5060; x_wconf 77' lang='grc' dir='ltr'>τῆς</span> 
     </span>
    </p>
   </div>
   <div class='ocr_carea' id='block_1_125' title="bbox 2143 5065 3812 5141">
    <p class='ocr_par' dir='ltr' id='par_1_125' title="bbox 2143 5065 3812 5141">
     <span class='ocr_line' id='line_1_126' title="bbox 2143 5065 3812 5141; baseline 0.004 -19"><span class='ocrx_word' id='word_1_992' title='bbox 2143 5072 2232 5123; x_wconf 83' lang='grc' dir='ltr'>τοῦ</span> <span class='ocrx_word' id='word_1_993' title='bbox 2271 5072 2426 5136; x_wconf 87' lang='grc' dir='ltr'>ξύλου</span> <span class='ocrx_word' id='word_1_994' title='bbox 2465 5070 2740 5141; x_wconf 83' lang='grc' dir='ltr'>βρώσεως.</span> <span class='ocrx_word' id='word_1_995' title='bbox 2781 5071 2911 5123; x_wconf 82' lang='grc' dir='ltr'>Ἰδοὺ</span> <span class='ocrx_word' id='word_1_996' title='bbox 2936 5071 3025 5122; x_wconf 84' lang='grc' dir='ltr'>διὰ</span> <span class='ocrx_word' id='word_1_997' title='bbox 3044 5071 3140 5139; x_wconf 84' lang='grc' dir='ltr'>τῆς</span> <span class='ocrx_word' id='word_1_998' title='bbox 3177 5072 3372 5140; x_wconf 87' lang='grc' dir='ltr'>πείρας</span> <span class='ocrx_word' id='word_1_999' title='bbox 3403 5065 3478 5123; x_wconf 82' lang='grc' dir='ltr'>ὧν</span> <span class='ocrx_word' id='word_1_1000' title='bbox 3516 5072 3812 5132; x_wconf 76' lang='grc' dir='ltr'>πέπονθας.</span> 
     </span>
    </p>
   </div>
   <div class='ocr_carea' id='block_1_126' title="bbox 2141 5150 3814 5223">
    <p class='ocr_par' dir='ltr' id='par_1_126' title="bbox 2141 5150 3814 5223">
     <span class='ocr_line' id='line_1_127' title="bbox 2141 5150 3814 5223; baseline 0.001 -19"><span class='ocrx_word' id='word_1_1001' title='bbox 2141 5153 2342 5223; x_wconf 82' lang='grc' dir='ltr'>ἔμαθες</span> <span class='ocrx_word' id='word_1_1002' title='bbox 2376 5155 2499 5206; x_wconf 81' lang='grc' dir='ltr'>ὅσον</span> <span class='ocrx_word' id='word_1_1003' title='bbox 2527 5153 2626 5220; x_wconf 81' lang='grc' dir='ltr'>τῆς</span> <span class='ocrx_word' id='word_1_1004' title='bbox 2655 5152 2963 5222; x_wconf 85' lang='grc' dir='ltr'>συμϐουλῆς</span> <span class='ocrx_word' id='word_1_1005' title='bbox 2997 5153 3208 5222; x_wconf 84' lang='grc' dir='ltr'>ἐκείνης</span> <span class='ocrx_word' id='word_1_1006' title='bbox 3239 5150 3298 5204; x_wconf 86' lang='grc' dir='ltr'>τὸ</span> <span class='ocrx_word' id='word_1_1007' title='bbox 3332 5151 3590 5221; x_wconf 82' lang='grc' dir='ltr'>ὀλέθριον.</span> <span class='ocrx_word' id='word_1_1008' title='bbox 3628 5153 3814 5205; x_wconf 83' lang='grc' dir='ltr'>Εἶδετε</span> 
     </span>
    </p>
   </div>
   <div class='ocr_carea' id='block_1_127' title="bbox 2140 5233 3815 5306">
    <p class='ocr_par' dir='ltr' id='par_1_127' title="bbox 2140 5233 3815 5306">
     <span class='ocr_line' id='line_1_128' title="bbox 2140 5233 3815 5306; baseline -0.001 -17"><span class='ocrx_word' id='word_1_1009' title='bbox 2140 5234 2392 5290; x_wconf 86' lang='grc' dir='ltr'>δικαστοῦ</span> <span class='ocrx_word' id='word_1_1010' title='bbox 2423 5234 2869 5306; x_wconf 85' lang='grc' dir='ltr'>φιλανθρωπίαν;</span> <span class='ocrx_word' id='word_1_1011' title='bbox 2901 5234 3066 5286; x_wconf 77' lang='grc' dir='ltr'>εἴδετε</span> <span class='ocrx_word' id='word_1_1012' title='bbox 3095 5233 3412 5304; x_wconf 80' lang='grc' dir='ltr'>ἡμερότητα</span> <span class='ocrx_word' id='word_1_1013' title='bbox 3442 5234 3536 5287; x_wconf 79' lang='grc' dir='ltr'>καὶ</span> <span class='ocrx_word' id='word_1_1014' title='bbox 3559 5233 3815 5298; x_wconf 82' lang='grc' dir='ltr'>ἀνεξικα-</span> 
     </span>
    </p>
   </div>
   <div class='ocr_carea' id='block_1_128' title="bbox 2145 5314 3813 5384">
    <p class='ocr_par' dir='ltr' id='par_1_128' title="bbox 2145 5314 3813 5384">
     <span class='ocr_line' id='line_1_129' title="bbox 2145 5314 3813 5384; baseline -0.001 -15"><span class='ocrx_word' id='word_1_1015' title='bbox 2145 5319 2265 5370; x_wconf 86' lang='grc' dir='ltr'>κίαν</span> <span class='ocrx_word' id='word_1_1016' title='bbox 2295 5318 2498 5384; x_wconf 80' lang='grc' dir='ltr'>ἄφατον</span> <span class='ocrx_word' id='word_1_1017' title='bbox 2534 5325 2590 5380; x_wconf 80' lang='grc' dir='ltr'>υ;</span> <span class='ocrx_word' id='word_1_1018' title='bbox 2617 5317 2783 5368; x_wconf 77' lang='grc' dir='ltr'>εἴδετε</span> <span class='ocrx_word' id='word_1_1019' title='bbox 2815 5315 3224 5383; x_wconf 85' lang='grc' dir='ltr'>συγκατάϐασιν</span> <span class='ocrx_word' id='word_1_1020' title='bbox 3281 5316 3458 5369; x_wconf 87' lang='grc' dir='ltr'>πάντα</span> <span class='ocrx_word' id='word_1_1021' title='bbox 3511 5314 3667 5382; x_wconf 89' lang='grc' dir='ltr'>λόγον</span> <span class='ocrx_word' id='word_1_1022' title='bbox 3714 5317 3813 5368; x_wconf 75' lang='grc' dir='ltr'>καὶ</span> 
     </span>
    </p>
   </div>
   <div class='ocr_carea' id='block_1_129' title="bbox 2139 5397 3811 5468">
    <p class='ocr_par' dir='ltr' id='par_1_129' title="bbox 2139 5397 3811 5468">
     <span class='ocr_line' id='line_1_130' title="bbox 2139 5397 3811 5468; baseline -0.002 -15"><span class='ocrx_word' id='word_1_1023' title='bbox 2139 5401 2378 5453; x_wconf 88' lang='grc' dir='ltr'>διάνοιαν</span> <span class='ocrx_word' id='word_1_1024' title='bbox 2410 5398 2876 5468; x_wconf 88' lang='grc' dir='ltr'>ὑπερϐαίνουσαν;</span> <span class='ocrx_word' id='word_1_1025' title='bbox 2915 5397 3084 5449; x_wconf 78' lang='grc' dir='ltr'>εἴδετε</span> <span class='ocrx_word' id='word_1_1026' title='bbox 3107 5398 3221 5460; x_wconf 86' lang='grc' dir='ltr'>πῶς</span> <span class='ocrx_word' id='word_1_1027' title='bbox 3242 5398 3330 5450; x_wconf 73' lang='grc' dir='ltr'>διὰ</span> <span class='ocrx_word' id='word_1_1028' title='bbox 3358 5398 3458 5467; x_wconf 83' lang='grc' dir='ltr'>τῆς</span> <span class='ocrx_word' id='word_1_1029' title='bbox 3485 5398 3811 5467; x_wconf 85' lang='grc' dir='ltr'>ἐρωτήσεως</span> 
     </span>
    </p>
   </div>
   <div class='ocr_carea' id='block_1_130' title="bbox 2141 5477 3813 5551">
    <p class='ocr_par' dir='ltr' id='par_1_130' title="bbox 2141 5477 3813 5551">
     <span class='ocr_line' id='line_1_131' title="bbox 2141 5477 3813 5551; baseline 0 -16"><span class='ocrx_word' id='word_1_1030' title='bbox 2141 5484 2232 5535; x_wconf 78' lang='grc' dir='ltr'>καὶ</span> <span class='ocrx_word' id='word_1_1031' title='bbox 2266 5481 2360 5534; x_wconf 86' lang='grc' dir='ltr'>τοῦ</span> <span class='ocrx_word' id='word_1_1032' title='bbox 2403 5481 2600 5544; x_wconf 83' lang='grc' dir='ltr'>λέγειν,</span> <span class='ocrx_word' id='word_1_1033' title='bbox 2643 5481 2737 5546; x_wconf 83' lang='grc' dir='ltr'>Τίς</span> <span class='ocrx_word' id='word_1_1034' title='bbox 2776 5479 3094 5549; x_wconf 76' lang='grc' dir='ltr'>ἀνήγγειλέ</span> <span class='ocrx_word' id='word_1_1035' title='bbox 3127 5498 3227 5535; x_wconf 88' lang='grc' dir='ltr'>σοι</span> <span class='ocrx_word' id='word_1_1036' title='bbox 3260 5481 3349 5549; x_wconf 73' lang='grc' dir='ltr'>ὅτι</span> <span class='ocrx_word' id='word_1_1037' title='bbox 3388 5481 3612 5551; x_wconf 74' lang='grc' dir='ltr'>γυμνὸς</span> <span class='ocrx_word' id='word_1_1038' title='bbox 3637 5477 3710 5544; x_wconf 77' lang='grc' dir='ltr'>εἴ,</span> <span class='ocrx_word' id='word_1_1039' title='bbox 3754 5483 3813 5536; x_wconf 83' lang='grc' dir='ltr'>ει</span> 
     </span>
    </p>
   </div>
   <div class='ocr_carea' id='block_1_131' title="bbox 2133 5558 3812 5633">
    <p class='ocr_par' dir='ltr' id='par_1_131' title="bbox 2133 5558 3812 5633">
     <span class='ocr_line' id='line_1_132' title="bbox 2133 5558 3812 5633; baseline 0 -15"><span class='ocrx_word' id='word_1_1040' title='bbox 2133 5565 2220 5633; x_wconf 80' lang='grc' dir='ltr'>μὴ</span> <span class='ocrx_word' id='word_1_1041' title='bbox 2250 5564 2369 5619; x_wconf 77' lang='grc' dir='ltr'>ἀπὸ</span> <span class='ocrx_word' id='word_1_1042' title='bbox 2402 5564 2505 5617; x_wconf 80' lang='grc' dir='ltr'>τοῦ</span> <span class='ocrx_word' id='word_1_1043' title='bbox 2543 5563 2751 5626; x_wconf 73' lang='grc' dir='ltr'>ξύλου,</span> <span class='ocrx_word' id='word_1_1044' title='bbox 2796 5558 2866 5616; x_wconf 85' lang='grc' dir='ltr'>οὗ</span> <span class='ocrx_word' id='word_1_1045' title='bbox 2906 5562 3299 5632; x_wconf 73' lang='grc' dir='ltr'>ἐνετειλάμην</span> <span class='ocrx_word' id='word_1_1046' title='bbox 3327 5579 3426 5619; x_wconf 87' lang='grc' dir='ltr'>σοι</span> <span class='ocrx_word' id='word_1_1047' title='bbox 3463 5565 3675 5618; x_wconf 84' lang='grc' dir='ltr'>τούτου</span> <span class='ocrx_word' id='word_1_1048' title='bbox 3696 5564 3812 5631; x_wconf 76' lang='grc' dir='ltr'>μό-</span> 
     </span>
    </p>
   </div>
   <div class='ocr_carea' id='block_1_132' title="bbox 2137 5644 3809 5718">
    <p class='ocr_par' dir='ltr' id='par_1_132' title="bbox 2137 5644 3809 5718">
     <span class='ocr_line' id='line_1_133' title="bbox 2137 5644 3809 5718; baseline 0.001 -20"><span class='ocrx_word' id='word_1_1049' title='bbox 2137 5664 2248 5700; x_wconf 75' lang='grc' dir='ltr'>νοιυ</span> <span class='ocrx_word' id='word_1_1050' title='bbox 2270 5646 2354 5714; x_wconf 74' lang='grc' dir='ltr'>μὴ</span> <span class='ocrx_word' id='word_1_1051' title='bbox 2385 5645 2614 5713; x_wconf 66' lang='grc' dir='ltr'>φαγεῖν,</span> <span class='ocrx_word' id='word_1_1052' title='bbox 2646 5646 2745 5699; x_wconf 77' lang='grc' dir='ltr'>ἀπ’</span> <span class='ocrx_word' id='word_1_1053' title='bbox 2767 5644 2953 5698; x_wconf 84' lang='grc' dir='ltr'>αὐτοῦ</span> <span class='ocrx_word' id='word_1_1054' title='bbox 2973 5646 3210 5714; x_wconf 65' lang='grc' dir='ltr'>ἔφαγες,</span> <span class='ocrx_word' id='word_1_1055' title='bbox 3235 5646 3401 5718; x_wconf 84' lang='grc' dir='ltr'>θύρας</span> <span class='ocrx_word' id='word_1_1056' title='bbox 3427 5646 3574 5715; x_wconf 83' lang='grc' dir='ltr'>αὐτῷ</span> <span class='ocrx_word' id='word_1_1057' title='bbox 3596 5644 3809 5710; x_wconf 79' lang='grc' dir='ltr'>ἀνοῖξαι</span> 
     </span>
    </p>
   </div>
   <div class='ocr_carea' id='block_1_133' title="bbox 2143 5726 3808 5799">
    <p class='ocr_par' dir='ltr' id='par_1_133' title="bbox 2143 5726 3808 5799">
     <span class='ocr_line' id='line_1_134' title="bbox 2143 5726 3808 5799; baseline -0.002 -19"><span class='ocrx_word' id='word_1_1058' title='bbox 2143 5728 2390 5799; x_wconf 84' lang='grc' dir='ltr'>βούλεται</span> <span class='ocrx_word' id='word_1_1059' title='bbox 2422 5726 2732 5794; x_wconf 87' lang='grc' dir='ltr'>ἀπολογίας,</span> <span class='ocrx_word' id='word_1_1060' title='bbox 2777 5727 2862 5778; x_wconf 81' lang='grc' dir='ltr'>ἵνα</span> <span class='ocrx_word' id='word_1_1061' title='bbox 2900 5727 2994 5778; x_wconf 68' lang='grc' dir='ltr'>καὶ</span> <span class='ocrx_word' id='word_1_1062' title='bbox 3039 5728 3169 5798; x_wconf 80' lang='grc' dir='ltr'>πρὸς</span> <span class='ocrx_word' id='word_1_1063' title='bbox 3217 5728 3302 5780; x_wconf 77' lang='grc' dir='ltr'>τὸν</span> <span class='ocrx_word' id='word_1_1064' title='bbox 3350 5726 3520 5789; x_wconf 77' lang='grc' dir='ltr'>οὕτως</span> <span class='ocrx_word' id='word_1_1065' title='bbox 3549 5729 3808 5797; x_wconf 82' lang='grc' dir='ltr'>ήμαρτη-</span> 
     </span>
    </p>
   </div>
   <div class='ocr_carea' id='block_1_134' title="bbox 2204 5806 3806 5870">
    <p class='ocr_par' dir='ltr' id='par_1_134' title="bbox 2204 5806 3806 5870">
     <span class='ocr_line' id='line_1_135' title="bbox 2204 5806 3806 5870; baseline 0.001 -12"><span class='ocrx_word' id='word_1_1066' title='bbox 2204 5811 2228 5849; x_wconf 72' lang='grc' dir='ltr'><em>ἀ</em></span> <span class='ocrx_word' id='word_1_1067' title='bbox 2253 5811 2399 5858; x_wconf 81' lang='lat' dir='ltr'><strong>Savil.</strong></span> <span class='ocrx_word' id='word_1_1068' title='bbox 2420 5812 2529 5863; x_wconf 78' lang='grc' dir='ltr'>τοὺς</span> <span class='ocrx_word' id='word_1_1069' title='bbox 2559 5808 2850 5863; x_wconf 80' lang='grc' dir='ltr'>ὑπευθύνους.</span> <span class='ocrx_word' id='word_1_1070' title='bbox 2919 5812 2942 5839; x_wconf 67' lang='grc' dir='ltr'><em>ε</em></span> <span class='ocrx_word' id='word_1_1071' title='bbox 2975 5806 3096 5870; x_wconf 81' lang='lat' dir='ltr'>Rég.</span> <span class='ocrx_word' id='word_1_1072' title='bbox 3135 5810 3362 5870; x_wconf 69' lang='grc' dir='ltr'>ιιηιισδιά</span> <span class='ocrx_word' id='word_1_1073' title='bbox 3406 5812 3491 5866; x_wconf 80' lang='grc' dir='ltr'>τὴν</span> <span class='ocrx_word' id='word_1_1074' title='bbox 3534 5807 3806 5870; x_wconf 63' lang='grc' dir='ltr'>παχύτητα.</span> 
     </span>
    </p>
   </div>
   <div class='ocr_carea' id='block_1_135' title="bbox 2149 5860 3806 5921">
    <p class='ocr_par' dir='ltr' id='par_1_135' title="bbox 2149 5860 3806 5921">
     <span class='ocr_line' id='line_1_136' title="bbox 2149 5860 3806 5921; baseline -0.001 -1"><span class='ocrx_word' id='word_1_1075' title='bbox 2149 5872 2168 5909; x_wconf 78' lang='grc' dir='ltr'>ί</span> <span class='ocrx_word' id='word_1_1076' title='bbox 2199 5873 2294 5921; x_wconf 77' lang='lat' dir='ltr'><strong>Alii</strong></span> <span class='ocrx_word' id='word_1_1077' title='bbox 2327 5871 2418 5918; x_wconf 84' lang='grc' dir='ltr'>ὑπὸ</span> <span class='ocrx_word' id='word_1_1078' title='bbox 2443 5860 2733 5917; x_wconf 73' lang='grc' dir='ltr'>δεσποτείαν.</span> <span class='ocrx_word' id='word_1_1079' title='bbox 2763 5860 2886 5920; x_wconf 74' lang='lat' dir='ltr'>Ibid.</span> <span class='ocrx_word' id='word_1_1080' title='bbox 2912 5860 3082 5919; x_wconf 72' lang='lat' dir='ltr'>Morei‘.</span> <span class='ocrx_word' id='word_1_1081' title='bbox 3120 5860 3481 5918; x_wconf 79' lang='grc' dir='ltr'>έπιδείκνυοθαί.</span> <span class='ocrx_word' id='word_1_1082' title='bbox 3549 5871 3574 5908; x_wconf 75' lang='grc' dir='ltr'>ι</span> <span class='ocrx_word' id='word_1_1083' title='bbox 3599 5860 3806 5918; x_wconf 66' lang='lat' dir='ltr'>cossim.</span> 
     </span>
    </p>
   </div>
   <div class='ocr_carea' id='block_1_136' title="bbox 2144 5926 3808 6007">
    <p class='ocr_par' dir='ltr' id='par_1_136' title="bbox 2144 5926 3808 6007">
     <span class='ocr_line' id='line_1_137' title="bbox 2144 5926 3808 6007; baseline -0.002 -26"><span class='ocrx_word' id='word_1_1084' title='bbox 2144 5934 2368 6007; x_wconf 60' lang='grc' dir='ltr'>ἐφίεσθαι.</span> <span class='ocrx_word' id='word_1_1085' title='bbox 2399 5931 2547 5982; x_wconf 72' lang='lat' dir='ltr'>Savil.</span> <span class='ocrx_word' id='word_1_1086' title='bbox 2577 5939 2629 5980; x_wconf 83' lang='lat' dir='ltr'>el</span> <span class='ocrx_word' id='word_1_1087' title='bbox 2652 5933 2747 5982; x_wconf 87' lang='lat' dir='ltr'>duo</span> <span class='ocrx_word' id='word_1_1088' title='bbox 2770 5944 2882 5981; x_wconf 85' lang='lat' dir='ltr'>mss.</span> <span class='ocrx_word' id='word_1_1089' title='bbox 2917 5932 3246 5988; x_wconf 75' lang='grc' dir='ltr'>ἐπιτεύξεσθαι.</span> <span class='ocrx_word' id='word_1_1090' title='bbox 3317 5930 3342 5969; x_wconf 74' lang='lat' dir='ltr'><strong>II</strong></span> <span class='ocrx_word' id='word_1_1091' title='bbox 3375 5930 3495 5996; x_wconf 51' lang='lat'>“(33.</span> <span class='ocrx_word' id='word_1_1092' title='bbox 3525 5941 3650 5980; x_wconf 73' lang='lat' dir='ltr'><strong>unus</strong></span> <span class='ocrx_word' id='word_1_1093' title='bbox 3669 5926 3808 5980; x_wconf 65' lang='grc' dir='ltr'>ιωιῑ</span> 
     </span>
    </p>
   </div>
   <div class='ocr_carea' id='block_1_137' title="bbox 2144 6009 2390 6042">
    <p class='ocr_par' dir='ltr' id='par_1_137' title="bbox 2144 6009 2390 6042">
     <span class='ocr_line' id='line_1_138' title="bbox 2144 6009 2390 6042; baseline -0.008 0"><span class='ocrx_word' id='word_1_1094' title='bbox 2144 6009 2390 6042; x_wconf 79' lang='grc' dir='ltr'>οεσποτου.</span> 
     </span>
    </p>
   </div>
  </div>
