  <div class='ocr_page' id='page_1' title='image "/cluster/home/n/w/nwhite01/storage/ocr_20150623/53/pst.000005712526/138.png"; bbox 0 0 4058 6302; ppageno 0'>
   <div class='ocr_carea' id='block_1_1' title="bbox 204 387 2443 454">
    <p class='ocr_par' dir='ltr' id='par_1_1' title="bbox 204 387 2443 454">
     <span class='ocr_line' id='line_1_1' title="bbox 204 387 2443 454; baseline 0 -7"><span class='ocrx_word' id='word_1_1' title='bbox 204 401 290 454; x_wconf 59' lang='grc'><strong>137</strong></span> <span class='ocrx_word' id='word_1_2' title='bbox 1293 387 1357 445; x_wconf 77' lang='grc' dir='ltr'>ΙΝ</span> <span class='ocrx_word' id='word_1_3' title='bbox 1397 390 1551 445; x_wconf 73' lang='lat' dir='ltr'><strong>CAP.</strong></span> <span class='ocrx_word' id='word_1_4' title='bbox 1596 389 1680 445; x_wconf 79' lang='lat' dir='ltr'><strong>ill.</strong></span> <span class='ocrx_word' id='word_1_5' title='bbox 1716 390 1960 447; x_wconf 76' lang='lat' dir='ltr'><strong>GENES.</strong></span> <span class='ocrx_word' id='word_1_6' title='bbox 2007 391 2235 447; x_wconf 73' lang='lat' dir='ltr'><strong>HOMIL.</strong></span> <span class='ocrx_word' id='word_1_7' title='bbox 2283 393 2443 449; x_wconf 74' lang='lat' dir='ltr'><strong>XVII.</strong></span> 
     </span>
    </p>
   </div>
   <div class='ocr_carea' id='block_1_2' title="bbox 201 503 1775 572">
    <p class='ocr_par' dir='ltr' id='par_1_2' title="bbox 201 503 1775 572">
     <span class='ocr_line' id='line_1_2' title="bbox 201 503 1775 572; baseline -0.007 -4"><span class='ocrx_word' id='word_1_8' title='bbox 201 525 328 568; x_wconf 79' lang='lat' dir='ltr'><strong>siros</strong></span> <span class='ocrx_word' id='word_1_9' title='bbox 340 504 890 570; x_wconf 81' lang='lat' dir='ltr'><strong>eondemm-nms,aisi</strong></span> <span class='ocrx_word' id='word_1_10' title='bbox 907 518 1064 558; x_wconf 87' lang='lat' dir='ltr'><strong>causa</strong></span> <span class='ocrx_word' id='word_1_11' title='bbox 1080 513 1235 557; x_wconf 87' lang='lat' dir='ltr'><strong>antea</strong></span> <span class='ocrx_word' id='word_1_12' title='bbox 1251 505 1530 572; x_wconf 85' lang='lat' dir='ltr'><strong>diligenter</strong></span> <span class='ocrx_word' id='word_1_13' title='bbox 1544 503 1775 572; x_wconf 71' lang='lat' dir='ltr'><strong>engnita.</strong></span> 
     </span>
    </p>
   </div>
   <div class='ocr_carea' id='block_1_3' title="bbox 262 594 1774 665">
    <p class='ocr_par' dir='ltr' id='par_1_3' title="bbox 262 594 1774 665">
     <span class='ocr_line' id='line_1_3' title="bbox 262 594 1774 665; baseline -0.003 -13"><span class='ocrx_word' id='word_1_14' title='bbox 262 601 312 653; x_wconf 77' lang='lat'><strong>‘5.</strong></span> <span class='ocrx_word' id='word_1_15' title='bbox 330 597 628 653; x_wconf 80' lang='lat' dir='ltr'><strong>Audiamus</strong></span> <span class='ocrx_word' id='word_1_16' title='bbox 650 597 829 665; x_wconf 77' lang='lat' dir='ltr'><strong>igitur,</strong></span> <span class='ocrx_word' id='word_1_17' title='bbox 851 595 897 649; x_wconf 89' lang='lat' dir='ltr'><strong>si</strong></span> <span class='ocrx_word' id='word_1_18' title='bbox 922 595 1111 663; x_wconf 86' lang='lat' dir='ltr'><strong>placet,</strong></span> <span class='ocrx_word' id='word_1_19' title='bbox 1135 610 1255 662; x_wconf 78' lang='lat' dir='ltr'><strong>qua:</strong></span> <span class='ocrx_word' id='word_1_20' title='bbox 1271 594 1435 662; x_wconf 77' lang='lat' dir='ltr'><strong>judex</strong></span> <span class='ocrx_word' id='word_1_21' title='bbox 1460 595 1774 662; x_wconf 75' lang='lat' dir='ltr'><strong>interroget.</strong></span> 
     </span>
    </p>
   </div>
   <div class='ocr_carea' id='block_1_4' title="bbox 200 683 1777 760">
    <p class='ocr_par' dir='ltr' id='par_1_4' title="bbox 200 683 1777 760">
     <span class='ocr_line' id='line_1_4' title="bbox 200 683 1777 760; baseline -0.006 -16"><span class='ocrx_word' id='word_1_22' title='bbox 200 704 307 760; x_wconf 77' lang='lat' dir='ltr'><strong>qua:</strong></span> <span class='ocrx_word' id='word_1_23' title='bbox 334 688 407 742; x_wconf 89' lang='lat' dir='ltr'><strong>rei</strong></span> <span class='ocrx_word' id='word_1_24' title='bbox 435 686 821 755; x_wconf 75' lang='lat' dir='ltr'><strong>respondeant,</strong></span> <span class='ocrx_word' id='word_1_25' title='bbox 853 699 986 754; x_wconf 87' lang='lat' dir='ltr'><strong>quas</strong></span> <span class='ocrx_word' id='word_1_26' title='bbox 1016 698 1200 754; x_wconf 72' lang='lat' dir='ltr'><strong>pmnas</strong></span> <span class='ocrx_word' id='word_1_27' title='bbox 1221 683 1410 748; x_wconf 88' lang='lat' dir='ltr'><strong>ferant,</strong></span> <span class='ocrx_word' id='word_1_28' title='bbox 1450 695 1503 736; x_wconf 89' lang='lat' dir='ltr'><strong>et</strong></span> <span class='ocrx_word' id='word_1_29' title='bbox 1531 683 1614 737; x_wconf 90' lang='lat' dir='ltr'><strong>cui</strong></span> <span class='ocrx_word' id='word_1_30' title='bbox 1645 698 1777 737; x_wconf 86' lang='lat' dir='ltr'><strong>eon-</strong></span> 
     </span>
    </p>
   </div>
   <div class='ocr_carea' id='block_1_5' title="bbox 199 772 1777 843">
    <p class='ocr_par' dir='ltr' id='par_1_5' title="bbox 199 772 1777 843">
     <span class='ocr_line' id='line_1_5' title="bbox 199 772 1777 843; baseline -0.004 -11"><span class='ocrx_word' id='word_1_31' title='bbox 199 777 518 833; x_wconf 84' lang='lat' dir='ltr'><strong>demnationi</strong></span> <span class='ocrx_word' id='word_1_32' title='bbox 548 776 817 831; x_wconf 79' lang='lat' dir='ltr'><strong>obnoxius</strong></span> <span class='ocrx_word' id='word_1_33' title='bbox 841 773 998 828; x_wconf 89' lang='lat' dir='ltr'><strong>fuerit</strong></span> <span class='ocrx_word' id='word_1_34' title='bbox 1023 775 1068 828; x_wconf 88' lang='lat' dir='ltr'><strong>is</strong></span> <span class='ocrx_word' id='word_1_35' title='bbox 1097 774 1184 843; x_wconf 87' lang='lat' dir='ltr'><strong>qui</strong></span> <span class='ocrx_word' id='word_1_36' title='bbox 1218 773 1269 828; x_wconf 91' lang='lat' dir='ltr'><strong>in</strong></span> <span class='ocrx_word' id='word_1_37' title='bbox 1297 773 1417 828; x_wconf 87' lang='lat' dir='ltr'><strong>illos</strong></span> <span class='ocrx_word' id='word_1_38' title='bbox 1447 781 1620 827; x_wconf 90' lang='lat' dir='ltr'><strong>tantas</strong></span> <span class='ocrx_word' id='word_1_39' title='bbox 1646 772 1777 826; x_wconf 71' lang='lat' dir='ltr'><strong>insi-</strong></span> 
     </span>
    </p>
   </div>
   <div class='ocr_carea' id='block_1_6' title="bbox 200 865 1776 933">
    <p class='ocr_par' dir='ltr' id='par_1_6' title="bbox 200 865 1776 933">
     <span class='ocr_line' id='line_1_6' title="bbox 200 865 1776 933; baseline -0.004 -9"><span class='ocrx_word' id='word_1_40' title='bbox 200 871 302 924; x_wconf 84' lang='lat' dir='ltr'><strong>dias</strong></span> <span class='ocrx_word' id='word_1_41' title='bbox 325 868 661 924; x_wconf 75' lang='lat' dir='ltr'><strong>machinatus</strong></span> <span class='ocrx_word' id='word_1_42' title='bbox 680 877 780 922; x_wconf 89' lang='lat' dir='ltr'><strong>est.</strong></span> <span class='ocrx_word' id='word_1_43' title='bbox 812 865 938 933; x_wconf 90' lang='lat' dir='ltr'><strong>Sed,</strong></span> <span class='ocrx_word' id='word_1_44' title='bbox 969 866 1213 930; x_wconf 88' lang='lat' dir='ltr'><strong>obsecro,</strong></span> <span class='ocrx_word' id='word_1_45' title='bbox 1235 867 1471 920; x_wconf 88' lang='lat' dir='ltr'><strong>animum</strong></span> <span class='ocrx_word' id='word_1_46' title='bbox 1499 865 1776 930; x_wconf 75' lang='lat' dir='ltr'><strong>attendite,</strong></span> 
     </span>
    </p>
   </div>
   <div class='ocr_carea' id='block_1_7' title="bbox 201 955 1777 1021">
    <p class='ocr_par' dir='ltr' id='par_1_7' title="bbox 201 955 1777 1021">
     <span class='ocr_line' id='line_1_7' title="bbox 201 955 1777 1021; baseline -0.006 -5"><span class='ocrx_word' id='word_1_47' title='bbox 201 974 246 1016; x_wconf 89' lang='lat' dir='ltr'><strong>et</strong></span> <span class='ocrx_word' id='word_1_48' title='bbox 265 961 426 1016; x_wconf 85' lang='lat' dir='ltr'><strong>multo</strong></span> <span class='ocrx_word' id='word_1_49' title='bbox 441 974 564 1014; x_wconf 90' lang='lat' dir='ltr'><strong>cum</strong></span> <span class='ocrx_word' id='word_1_50' title='bbox 588 959 778 1014; x_wconf 90' lang='lat' dir='ltr'><strong>timore</strong></span> <span class='ocrx_word' id='word_1_51' title='bbox 797 958 934 1012; x_wconf 87' lang='lat' dir='ltr'><strong>dicta</strong></span> <span class='ocrx_word' id='word_1_52' title='bbox 952 957 1260 1011; x_wconf 89' lang='lat' dir='ltr'><strong>auscultate.</strong></span> <span class='ocrx_word' id='word_1_53' title='bbox 1282 956 1340 1010; x_wconf 82' lang='lat' dir='ltr'><strong>Si</strong></span> <span class='ocrx_word' id='word_1_54' title='bbox 1354 956 1518 1021; x_wconf 88' lang='lat' dir='ltr'><strong>enim,</strong></span> <span class='ocrx_word' id='word_1_55' title='bbox 1545 969 1666 1009; x_wconf 89' lang='lat' dir='ltr'><strong>eum</strong></span> <span class='ocrx_word' id='word_1_56' title='bbox 1698 955 1777 1007; x_wconf 88' lang='lat' dir='ltr'><strong>vi-</strong></span> 
     </span>
    </p>
   </div>
   <div class='ocr_carea' id='block_1_8' title="bbox 202 1045 1777 1118">
    <p class='ocr_par' dir='ltr' id='par_1_8' title="bbox 202 1045 1777 1118">
     <span class='ocr_line' id='line_1_8' title="bbox 202 1045 1777 1118; baseline -0.006 -12"><span class='ocrx_word' id='word_1_57' title='bbox 202 1053 374 1108; x_wconf 91' lang='lat' dir='ltr'><strong>demus</strong></span> <span class='ocrx_word' id='word_1_58' title='bbox 403 1060 680 1107; x_wconf 89' lang='lat' dir='ltr'><strong>terrenum</strong></span> <span class='ocrx_word' id='word_1_59' title='bbox 717 1050 951 1118; x_wconf 79' lang='lat' dir='ltr'><strong>judicent</strong></span> <span class='ocrx_word' id='word_1_60' title='bbox 978 1048 1036 1102; x_wconf 88' lang='lat' dir='ltr'><strong>in</strong></span> <span class='ocrx_word' id='word_1_61' title='bbox 1062 1048 1278 1101; x_wconf 86' lang='lat' dir='ltr'><strong>sublimi</strong></span> <span class='ocrx_word' id='word_1_62' title='bbox 1308 1046 1556 1102; x_wconf 75' lang='lat' dir='ltr'><strong>tribunali</strong></span> <span class='ocrx_word' id='word_1_63' title='bbox 1585 1045 1777 1100; x_wconf 82' lang='lat' dir='ltr'><strong>sedcu-</strong></span> 
     </span>
    </p>
   </div>
   <div class='ocr_carea' id='block_1_9' title="bbox 201 1134 1777 1209">
    <p class='ocr_par' dir='ltr' id='par_1_9' title="bbox 201 1134 1777 1209">
     <span class='ocr_line' id='line_1_9' title="bbox 201 1134 1777 1209; baseline -0.005 -14"><span class='ocrx_word' id='word_1_64' title='bbox 201 1154 318 1209; x_wconf 87' lang='lat' dir='ltr'><strong>teut,</strong></span> <span class='ocrx_word' id='word_1_65' title='bbox 341 1155 460 1196; x_wconf 87' lang='lat' dir='ltr'><strong>reos</strong></span> <span class='ocrx_word' id='word_1_66' title='bbox 491 1140 544 1194; x_wconf 91' lang='lat' dir='ltr'><strong>in</strong></span> <span class='ocrx_word' id='word_1_67' title='bbox 572 1141 806 1194; x_wconf 89' lang='lat' dir='ltr'><strong>medium</strong></span> <span class='ocrx_word' id='word_1_68' title='bbox 835 1138 1214 1207; x_wconf 87' lang='lat' dir='ltr'><strong>producentem</strong></span> <span class='ocrx_word' id='word_1_69' title='bbox 1236 1179 1250 1203; x_wconf 94' lang='lat'><strong>,</strong></span> <span class='ocrx_word' id='word_1_70' title='bbox 1283 1147 1336 1191; x_wconf 92' lang='lat' dir='ltr'><strong>et</strong></span> <span class='ocrx_word' id='word_1_71' title='bbox 1363 1136 1635 1205; x_wconf 79' lang='lat' dir='ltr'><strong>suppliciis</strong></span> <span class='ocrx_word' id='word_1_72' title='bbox 1660 1134 1777 1188; x_wconf 84' lang='lat' dir='ltr'><strong>affi-</strong></span> 
     </span>
    </p>
   </div>
   <div class='ocr_carea' id='block_1_10' title="bbox 199 1226 1776 1295">
    <p class='ocr_par' dir='ltr' id='par_1_10' title="bbox 199 1226 1776 1295">
     <span class='ocr_line' id='line_1_10' title="bbox 199 1226 1776 1295; baseline -0.004 -10"><span class='ocrx_word' id='word_1_73' title='bbox 199 1231 444 1295; x_wconf 87' lang='lat' dir='ltr'><strong>cicntcm,</strong></span> <span class='ocrx_word' id='word_1_74' title='bbox 478 1245 587 1283; x_wconf 90' lang='lat' dir='ltr'><strong>non</strong></span> <span class='ocrx_word' id='word_1_75' title='bbox 617 1230 733 1282; x_wconf 90' lang='lat' dir='ltr'><strong>sine</strong></span> <span class='ocrx_word' id='word_1_76' title='bbox 761 1228 950 1283; x_wconf 90' lang='lat' dir='ltr'><strong>timore</strong></span> <span class='ocrx_word' id='word_1_77' title='bbox 975 1227 1248 1290; x_wconf 80' lang='lat' dir='ltr'><strong>sdstamus</strong></span> <span class='ocrx_word' id='word_1_78' title='bbox 1268 1269 1283 1291; x_wconf 92' lang='lat'><strong>,</strong></span> <span class='ocrx_word' id='word_1_79' title='bbox 1317 1226 1502 1281; x_wconf 88' lang='lat' dir='ltr'><strong>audire</strong></span> <span class='ocrx_word' id='word_1_80' title='bbox 1532 1226 1776 1279; x_wconf 89' lang='lat' dir='ltr'><strong>volentes</strong></span> 
     </span>
    </p>
   </div>
   <div class='ocr_carea' id='block_1_11' title="bbox 201 1319 1778 1391">
    <p class='ocr_par' dir='ltr' id='par_1_11' title="bbox 201 1319 1778 1391">
     <span class='ocr_line' id='line_1_11' title="bbox 201 1319 1778 1391; baseline -0.004 -14"><span class='ocrx_word' id='word_1_81' title='bbox 201 1323 438 1391; x_wconf 81' lang='lat' dir='ltr'><strong>quidnam</strong></span> <span class='ocrx_word' id='word_1_82' title='bbox 457 1322 623 1391; x_wconf 81' lang='lat' dir='ltr'><strong>judcx</strong></span> <span class='ocrx_word' id='word_1_83' title='bbox 648 1321 811 1384; x_wconf 82' lang='lat' dir='ltr'><strong>dicat,</strong></span> <span class='ocrx_word' id='word_1_84' title='bbox 843 1330 894 1374; x_wconf 93' lang='lat' dir='ltr'><strong>et</strong></span> <span class='ocrx_word' id='word_1_85' title='bbox 921 1319 1048 1390; x_wconf 90' lang='lat' dir='ltr'><strong>quid</strong></span> <span class='ocrx_word' id='word_1_86' title='bbox 1073 1319 1392 1389; x_wconf 88' lang='lat' dir='ltr'><strong>respondeat</strong></span> <span class='ocrx_word' id='word_1_87' title='bbox 1420 1332 1542 1371; x_wconf 89' lang='lat' dir='ltr'><strong>reus</strong></span> <span class='ocrx_word' id='word_1_88' title='bbox 1570 1335 1582 1369; x_wconf 95' lang='lat'><strong>:</strong></span> <span class='ocrx_word' id='word_1_89' title='bbox 1609 1319 1778 1371; x_wconf 87' lang='lat' dir='ltr'><strong>nmlto</strong></span> 
     </span>
    </p>
   </div>
   <div class='ocr_carea' id='block_1_12' title="bbox 202 1408 1773 1484">
    <p class='ocr_par' dir='ltr' id='par_1_12' title="bbox 202 1408 1773 1484">
     <span class='ocr_line' id='line_1_12' title="bbox 202 1408 1773 1484; baseline -0.004 -16"><span class='ocrx_word' id='word_1_90' title='bbox 202 1414 355 1484; x_wconf 83' lang='lat' dir='ltr'><strong>magis</strong></span> <span class='ocrx_word' id='word_1_91' title='bbox 383 1427 527 1468; x_wconf 90' lang='lat' dir='ltr'><strong>nunc</strong></span> <span class='ocrx_word' id='word_1_92' title='bbox 551 1412 654 1466; x_wconf 93' lang='lat' dir='ltr'><strong>hoc</strong></span> <span class='ocrx_word' id='word_1_93' title='bbox 681 1412 834 1467; x_wconf 90' lang='lat' dir='ltr'><strong>nobis</strong></span> <span class='ocrx_word' id='word_1_94' title='bbox 864 1410 1186 1476; x_wconf 89' lang='lat' dir='ltr'><strong>faciendum,</strong></span> <span class='ocrx_word' id='word_1_95' title='bbox 1218 1425 1338 1464; x_wconf 90' lang='lat' dir='ltr'><strong>cum</strong></span> <span class='ocrx_word' id='word_1_96' title='bbox 1367 1410 1608 1463; x_wconf 82' lang='lat' dir='ltr'><strong>videmus</strong></span> <span class='ocrx_word' id='word_1_97' title='bbox 1645 1408 1773 1478; x_wconf 86' lang='lat' dir='ltr'><strong>Opi-</strong></span> 
     </span>
    </p>
   </div>
   <div class='ocr_carea' id='block_1_13' title="bbox 202 1500 1774 1572">
    <p class='ocr_par' dir='ltr' id='par_1_13' title="bbox 202 1500 1774 1572">
     <span class='ocr_line' id='line_1_13' title="bbox 202 1500 1774 1572; baseline -0.002 -16"><span class='ocrx_word' id='word_1_98' title='bbox 202 1509 340 1558; x_wconf 86' lang='lat' dir='ltr'><strong>tieem</strong></span> <span class='ocrx_word' id='word_1_99' title='bbox 365 1511 571 1558; x_wconf 74' lang='lat' dir='ltr'><strong>natura:</strong></span> <span class='ocrx_word' id='word_1_100' title='bbox 604 1517 811 1572; x_wconf 64' lang='lat' dir='ltr'><strong>poenam</strong></span> <span class='ocrx_word' id='word_1_101' title='bbox 839 1501 951 1555; x_wconf 88' lang='lat' dir='ltr'><strong>suis</strong></span> <span class='ocrx_word' id='word_1_102' title='bbox 983 1501 1241 1555; x_wconf 84' lang='lat' dir='ltr'><strong>creaturis</strong></span> <span class='ocrx_word' id='word_1_103' title='bbox 1268 1502 1549 1555; x_wconf 87' lang='lat' dir='ltr'><strong>intentare.</strong></span> <span class='ocrx_word' id='word_1_104' title='bbox 1579 1500 1774 1554; x_wconf 88' lang='lat' dir='ltr'><strong>Verum</strong></span> 
     </span>
    </p>
   </div>
   <div class='ocr_carea' id='block_1_14' title="bbox 199 1589 1776 1663">
    <p class='ocr_par' dir='ltr' id='par_1_14' title="bbox 199 1589 1776 1663">
     <span class='ocr_line' id='line_1_14' title="bbox 199 1589 1776 1663; baseline -0.004 -16"><span class='ocrx_word' id='word_1_105' title='bbox 199 1596 238 1648; x_wconf 91' lang='lat' dir='ltr'><strong>si</strong></span> <span class='ocrx_word' id='word_1_106' title='bbox 266 1594 550 1663; x_wconf 87' lang='lat' dir='ltr'><strong>diligenter</strong></span> <span class='ocrx_word' id='word_1_107' title='bbox 576 1593 882 1657; x_wconf 78' lang='lat' dir='ltr'><strong>attendatis,</strong></span> <span class='ocrx_word' id='word_1_108' title='bbox 916 1591 1160 1645; x_wconf 81' lang='lat' dir='ltr'><strong>videbitis</strong></span> <span class='ocrx_word' id='word_1_109' title='bbox 1182 1600 1433 1660; x_wconf 87' lang='lat' dir='ltr'><strong>quantum</strong></span> <span class='ocrx_word' id='word_1_110' title='bbox 1457 1591 1666 1644; x_wconf 86' lang='lat' dir='ltr'><strong>intersit</strong></span> <span class='ocrx_word' id='word_1_111' title='bbox 1693 1589 1776 1642; x_wconf 88' lang='lat' dir='ltr'><strong>in-</strong></span> 
     </span>
    </p>
   </div>
   <div class='ocr_carea' id='block_1_15' title="bbox 201 1681 1775 1749">
    <p class='ocr_par' dir='ltr' id='par_1_15' title="bbox 201 1681 1775 1749">
     <span class='ocr_line' id='line_1_15' title="bbox 201 1681 1775 1749; baseline -0.004 -10"><span class='ocrx_word' id='word_1_112' title='bbox 201 1690 275 1739; x_wconf 74' lang='lat' dir='ltr'><strong>rci-</strong></span> <span class='ocrx_word' id='word_1_113' title='bbox 309 1683 732 1739; x_wconf 85' lang='lat' dir='ltr'><strong>misericordiam</strong></span> <span class='ocrx_word' id='word_1_114' title='bbox 762 1683 878 1742; x_wconf 87' lang='lat' dir='ltr'><strong>Dei.</strong></span> <span class='ocrx_word' id='word_1_115' title='bbox 911 1693 960 1734; x_wconf 92' lang='lat' dir='ltr'><strong>et</strong></span> <span class='ocrx_word' id='word_1_116' title='bbox 995 1681 1266 1734; x_wconf 90' lang='lat' dir='ltr'><strong>hominmn</strong></span> <span class='ocrx_word' id='word_1_117' title='bbox 1299 1696 1422 1749; x_wconf 84' lang='lat' dir='ltr'><strong>erga</strong></span> <span class='ocrx_word' id='word_1_118' title='bbox 1450 1694 1775 1747; x_wconf 85' lang='lat' dir='ltr'><strong>eongenercs</strong></span> 
     </span>
    </p>
   </div>
   <div class='ocr_carea' id='block_1_16' title="bbox 199 1769 1776 1836">
    <p class='ocr_par' dir='ltr' id='par_1_16' title="bbox 199 1769 1776 1836">
     <span class='ocr_line' id='line_1_16' title="bbox 199 1769 1776 1836; baseline -0.006 -5"><span class='ocrx_word' id='word_1_119' title='bbox 199 1776 550 1831; x_wconf 70' lang='lat' dir='ltr'><strong>severitatem.</strong></span> <span class='ocrx_word' id='word_1_120' title='bbox 579 1773 634 1828; x_wconf 89' lang='lat'><strong>9.</strong></span> <span class='ocrx_word' id='word_1_121' title='bbox 685 1773 749 1826; x_wconf 79' lang='lat' dir='ltr'><strong>Et</strong></span> <span class='ocrx_word' id='word_1_122' title='bbox 795 1773 985 1826; x_wconf 75' lang='lat' dir='ltr'><strong>uocauit</strong></span> <span class='ocrx_word' id='word_1_123' title='bbox 1033 1771 1279 1824; x_wconf 78' lang='lat' dir='ltr'><strong>Dominus</strong></span> <span class='ocrx_word' id='word_1_124' title='bbox 1328 1769 1466 1823; x_wconf 83' lang='lat' dir='ltr'><strong>Deus</strong></span> <span class='ocrx_word' id='word_1_125' title='bbox 1511 1771 1700 1836; x_wconf 78' lang='lat' dir='ltr'><strong>Adam,</strong></span> <span class='ocrx_word' id='word_1_126' title='bbox 1727 1779 1776 1824; x_wconf 83' lang='lat' dir='ltr'><strong>et</strong></span> 
     </span>
    </p>
   </div>
   <div class='ocr_carea' id='block_1_17' title="bbox 194 1862 1775 1932">
    <p class='ocr_par' dir='ltr' id='par_1_17' title="bbox 194 1862 1775 1932">
     <span class='ocr_line' id='line_1_17' title="bbox 194 1862 1775 1932; baseline -0.002 -12"><span class='ocrx_word' id='word_1_127' title='bbox 194 1867 316 1920; x_wconf 68' lang='lat' dir='ltr'><strong>dixit</strong></span> <span class='ocrx_word' id='word_1_128' title='bbox 343 1867 421 1920; x_wconf 80' lang='lat' dir='ltr'><strong>illi</strong></span> <span class='ocrx_word' id='word_1_129' title='bbox 453 1881 472 1918; x_wconf 92' lang='lat'><strong>:</strong></span> <span class='ocrx_word' id='word_1_130' title='bbox 502 1867 689 1929; x_wconf 82' lang='lat' dir='ltr'><strong>Adam,</strong></span> <span class='ocrx_word' id='word_1_131' title='bbox 721 1865 806 1917; x_wconf 87' lang='lat' dir='ltr'><strong>ubi</strong></span> <span class='ocrx_word' id='word_1_132' title='bbox 848 1862 947 1916; x_wconf 81' lang='lat' dir='ltr'><strong>es?</strong></span> <span class='ocrx_word' id='word_1_133' title='bbox 989 1862 1080 1916; x_wconf 85' lang='lat' dir='ltr'><strong>Vel</strong></span> <span class='ocrx_word' id='word_1_134' title='bbox 1113 1878 1176 1916; x_wconf 79' lang='lat' dir='ltr'><strong>ex</strong></span> <span class='ocrx_word' id='word_1_135' title='bbox 1219 1864 1330 1931; x_wconf 83' lang='lat' dir='ltr'><strong>ipsa</strong></span> <span class='ocrx_word' id='word_1_136' title='bbox 1359 1863 1775 1932; x_wconf 78' lang='lat' dir='ltr'><strong>interrogatione</strong></span> 
     </span>
    </p>
   </div>
   <div class='ocr_carea' id='block_1_18' title="bbox 197 1951 1770 2024">
    <p class='ocr_par' dir='ltr' id='par_1_18' title="bbox 197 1951 1770 2024">
     <span class='ocr_line' id='line_1_18' title="bbox 197 1951 1770 2024; baseline -0.003 -15"><span class='ocrx_word' id='word_1_137' title='bbox 197 1954 306 2024; x_wconf 82' lang='lat' dir='ltr'><strong>jure</strong></span> <span class='ocrx_word' id='word_1_138' title='bbox 331 1955 775 2023; x_wconf 78' lang='lat' dir='ltr'><strong>obstupescamus</strong></span> <span class='ocrx_word' id='word_1_139' title='bbox 802 1951 866 2005; x_wconf 94' lang='lat' dir='ltr'><strong>ad</strong></span> <span class='ocrx_word' id='word_1_140' title='bbox 899 1952 1221 2005; x_wconf 86' lang='lat' dir='ltr'><strong>eminentem</strong></span> <span class='ocrx_word' id='word_1_141' title='bbox 1262 1952 1352 2006; x_wconf 92' lang='lat' dir='ltr'><strong>Dei</strong></span> <span class='ocrx_word' id='word_1_142' title='bbox 1392 1951 1730 2006; x_wconf 89' lang='lat' dir='ltr'><strong>clementiam</strong></span> <span class='ocrx_word' id='word_1_143' title='bbox 1757 1970 1770 2004; x_wconf 92' lang='lat'><strong>:</strong></span> 
     </span>
    </p>
   </div>
   <div class='ocr_carea' id='block_1_19' title="bbox 161 2043 1773 2116">
    <p class='ocr_par' dir='ltr' id='par_1_19' title="bbox 161 2043 1773 2116">
     <span class='ocr_line' id='line_1_19' title="bbox 161 2043 1773 2116; baseline -0.004 -14"><span class='ocrx_word' id='word_1_144' title='bbox 161 2050 168 2058; x_wconf 84' lang='lat'><strong>&#39;</strong></span> <span class='ocrx_word' id='word_1_145' title='bbox 195 2064 297 2102; x_wconf 75' lang='lat' dir='ltr'><strong>non</strong></span> <span class='ocrx_word' id='word_1_146' title='bbox 315 2049 486 2102; x_wconf 89' lang='lat' dir='ltr'><strong>solum</strong></span> <span class='ocrx_word' id='word_1_147' title='bbox 511 2048 651 2116; x_wconf 91' lang='lat' dir='ltr'><strong>quod</strong></span> <span class='ocrx_word' id='word_1_148' title='bbox 684 2045 974 2109; x_wconf 89' lang='lat' dir='ltr'><strong>vocaverit,</strong></span> <span class='ocrx_word' id='word_1_149' title='bbox 1003 2043 1095 2098; x_wconf 90' lang='lat' dir='ltr'><strong>sed</strong></span> <span class='ocrx_word' id='word_1_150' title='bbox 1125 2043 1267 2113; x_wconf 89' lang='lat' dir='ltr'><strong>quod</strong></span> <span class='ocrx_word' id='word_1_151' title='bbox 1295 2059 1388 2112; x_wconf 85' lang='lat' dir='ltr'><strong>per</strong></span> <span class='ocrx_word' id='word_1_152' title='bbox 1414 2045 1646 2112; x_wconf 89' lang='lat' dir='ltr'><strong>seipsum</strong></span> <span class='ocrx_word' id='word_1_153' title='bbox 1677 2059 1773 2097; x_wconf 82' lang='lat' dir='ltr'><strong>vo-</strong></span> 
     </span>
    </p>
   </div>
   <div class='ocr_carea' id='block_1_20' title="bbox 195 2132 1776 2206">
    <p class='ocr_par' dir='ltr' id='par_1_20' title="bbox 195 2132 1776 2206">
     <span class='ocr_line' id='line_1_20' title="bbox 195 2132 1776 2206; baseline -0.003 -14"><span class='ocrx_word' id='word_1_154' title='bbox 195 2139 387 2192; x_wconf 83' lang='lat' dir='ltr'><strong>caverit</strong></span> <span class='ocrx_word' id='word_1_155' title='bbox 412 2155 427 2191; x_wconf 90' lang='lat'><strong>:</strong></span> <span class='ocrx_word' id='word_1_156' title='bbox 462 2136 515 2191; x_wconf 89' lang='lat' dir='ltr'><strong>id</strong></span> <span class='ocrx_word' id='word_1_157' title='bbox 536 2135 678 2206; x_wconf 91' lang='lat' dir='ltr'><strong>quod</strong></span> <span class='ocrx_word' id='word_1_158' title='bbox 701 2135 942 2189; x_wconf 87' lang='lat' dir='ltr'><strong>homines</strong></span> <span class='ocrx_word' id='word_1_159' title='bbox 966 2132 1140 2188; x_wconf 86' lang='lat' dir='ltr'><strong>facere</strong></span> <span class='ocrx_word' id='word_1_160' title='bbox 1168 2149 1454 2203; x_wconf 84' lang='lat' dir='ltr'><strong>numquam</strong></span> <span class='ocrx_word' id='word_1_161' title='bbox 1479 2134 1675 2188; x_wconf 89' lang='lat' dir='ltr'><strong>ferrent</strong></span> <span class='ocrx_word' id='word_1_162' title='bbox 1696 2135 1776 2188; x_wconf 79' lang='lat' dir='ltr'><strong>in-</strong></span> 
     </span>
    </p>
   </div>
   <div class='ocr_carea' id='block_1_21' title="bbox 199 2223 1771 2290">
    <p class='ocr_par' dir='ltr' id='par_1_21' title="bbox 199 2223 1771 2290">
     <span class='ocr_line' id='line_1_21' title="bbox 199 2223 1771 2290; baseline -0.003 -8"><span class='ocrx_word' id='word_1_163' title='bbox 199 2238 273 2282; x_wconf 90' lang='lat' dir='ltr'><strong>ter</strong></span> <span class='ocrx_word' id='word_1_164' title='bbox 295 2242 374 2290; x_wconf 86' lang='lat' dir='ltr'><strong>se,</strong></span> <span class='ocrx_word' id='word_1_165' title='bbox 398 2227 524 2281; x_wconf 91' lang='lat' dir='ltr'><strong>licet</strong></span> <span class='ocrx_word' id='word_1_166' title='bbox 552 2225 794 2280; x_wconf 89' lang='lat' dir='ltr'><strong>eamdem</strong></span> <span class='ocrx_word' id='word_1_167' title='bbox 825 2233 1066 2278; x_wconf 86' lang='lat' dir='ltr'><strong>naturam</strong></span> <span class='ocrx_word' id='word_1_168' title='bbox 1088 2224 1259 2278; x_wconf 87' lang='lat' dir='ltr'><strong>sortiti</strong></span> <span class='ocrx_word' id='word_1_169' title='bbox 1282 2223 1588 2278; x_wconf 53' lang='lat' dir='ltr'><strong>sintaSeitis</strong></span> <span class='ocrx_word' id='word_1_170' title='bbox 1606 2225 1771 2290; x_wconf 90' lang='lat' dir='ltr'><strong>enim,</strong></span> 
     </span>
    </p>
   </div>
   <div class='ocr_carea' id='block_1_22' title="bbox 193 2315 1776 2388">
    <p class='ocr_par' dir='ltr' id='par_1_22' title="bbox 193 2315 1776 2388">
     <span class='ocr_line' id='line_1_22' title="bbox 193 2315 1776 2388; baseline -0.001 -16"><span class='ocrx_word' id='word_1_171' title='bbox 193 2333 309 2372; x_wconf 81' lang='lat' dir='ltr'><strong>cum</strong></span> <span class='ocrx_word' id='word_1_172' title='bbox 331 2317 543 2388; x_wconf 88' lang='lat' dir='ltr'><strong>judices</strong></span> <span class='ocrx_word' id='word_1_173' title='bbox 573 2317 625 2370; x_wconf 91' lang='lat' dir='ltr'><strong>in</strong></span> <span class='ocrx_word' id='word_1_174' title='bbox 648 2317 756 2370; x_wconf 88' lang='lat' dir='ltr'><strong>alto</strong></span> <span class='ocrx_word' id='word_1_175' title='bbox 782 2317 918 2368; x_wconf 88' lang='lat' dir='ltr'><strong>solio</strong></span> <span class='ocrx_word' id='word_1_176' title='bbox 939 2315 1147 2377; x_wconf 81' lang='lat' dir='ltr'><strong>sedent,</strong></span> <span class='ocrx_word' id='word_1_177' title='bbox 1169 2316 1508 2384; x_wconf 85' lang='lat' dir='ltr'><strong>rationesque</strong></span> <span class='ocrx_word' id='word_1_178' title='bbox 1529 2325 1776 2385; x_wconf 87' lang='lat' dir='ltr'><strong>repetunt</strong></span> 
     </span>
    </p>
   </div>
   <div class='ocr_carea' id='block_1_23' title="bbox 195 2407 1776 2476">
    <p class='ocr_par' dir='ltr' id='par_1_23' title="bbox 195 2407 1776 2476">
     <span class='ocr_line' id='line_1_23' title="bbox 195 2407 1776 2476; baseline 0 -14"><span class='ocrx_word' id='word_1_179' title='bbox 195 2427 225 2462; x_wconf 89' lang='lat' dir='ltr'><strong>a</strong></span> <span class='ocrx_word' id='word_1_180' title='bbox 252 2408 700 2472; x_wconf 80' lang='lat' dir='ltr'><strong>tnalefactoribus,</strong></span> <span class='ocrx_word' id='word_1_181' title='bbox 734 2422 836 2462; x_wconf 90' lang='lat' dir='ltr'><strong>nec</strong></span> <span class='ocrx_word' id='word_1_182' title='bbox 863 2422 960 2462; x_wconf 82' lang='lat' dir='ltr'><strong>suo</strong></span> <span class='ocrx_word' id='word_1_183' title='bbox 989 2421 1084 2461; x_wconf 87' lang='lat' dir='ltr'><strong>eos</strong></span> <span class='ocrx_word' id='word_1_184' title='bbox 1104 2421 1362 2474; x_wconf 83' lang='lat' dir='ltr'><strong>responso</strong></span> <span class='ocrx_word' id='word_1_185' title='bbox 1390 2407 1594 2476; x_wconf 89' lang='lat' dir='ltr'><strong>dignari</strong></span> <span class='ocrx_word' id='word_1_186' title='bbox 1625 2424 1638 2461; x_wconf 90' lang='lat'><strong>:</strong></span> <span class='ocrx_word' id='word_1_187' title='bbox 1673 2407 1776 2462; x_wconf 87' lang='lat' dir='ltr'><strong>hoc</strong></span> 
     </span>
    </p>
   </div>
   <div class='ocr_carea' id='block_1_24' title="bbox 197 2498 1773 2567">
    <p class='ocr_par' dir='ltr' id='par_1_24' title="bbox 197 2498 1773 2567">
     <span class='ocr_line' id='line_1_24' title="bbox 197 2498 1773 2567; baseline 0.001 -15"><span class='ocrx_word' id='word_1_188' title='bbox 197 2500 307 2566; x_wconf 86' lang='lat' dir='ltr'><strong>ipso</strong></span> <span class='ocrx_word' id='word_1_189' title='bbox 328 2499 674 2554; x_wconf 84' lang='lat' dir='ltr'><strong>ostendentes</strong></span> <span class='ocrx_word' id='word_1_190' title='bbox 700 2499 823 2562; x_wconf 87' lang='lat' dir='ltr'><strong>illis,</strong></span> <span class='ocrx_word' id='word_1_191' title='bbox 852 2506 1045 2566; x_wconf 89' lang='lat' dir='ltr'><strong>quanta</strong></span> <span class='ocrx_word' id='word_1_192' title='bbox 1073 2498 1356 2567; x_wconf 79' lang='lat' dir='ltr'><strong>ignominia</strong></span> <span class='ocrx_word' id='word_1_193' title='bbox 1387 2513 1506 2554; x_wconf 89' lang='lat' dir='ltr'><strong>sese</strong></span> <span class='ocrx_word' id='word_1_194' title='bbox 1533 2498 1644 2553; x_wconf 90' lang='lat' dir='ltr'><strong>suis</strong></span> <span class='ocrx_word' id='word_1_195' title='bbox 1675 2499 1773 2553; x_wconf 83' lang='lat' dir='ltr'><strong>lla-</strong></span> 
     </span>
    </p>
   </div>
   <div class='ocr_carea' id='block_1_25' title="bbox 197 2587 1774 2658">
    <p class='ocr_par' dir='ltr' id='par_1_25' title="bbox 197 2587 1774 2658">
     <span class='ocr_line' id='line_1_25' title="bbox 197 2587 1774 2658; baseline 0.001 -16"><span class='ocrx_word' id='word_1_196' title='bbox 197 2591 328 2658; x_wconf 88' lang='lat' dir='ltr'><strong>gitiis</strong></span> <span class='ocrx_word' id='word_1_197' title='bbox 364 2591 729 2657; x_wconf 84' lang='lat' dir='ltr'><strong>asperserint:</strong></span> <span class='ocrx_word' id='word_1_198' title='bbox 763 2597 816 2643; x_wconf 93' lang='lat' dir='ltr'><strong>et</strong></span> <span class='ocrx_word' id='word_1_199' title='bbox 862 2587 1023 2657; x_wconf 82' lang='lat' dir='ltr'><strong>judex</strong></span> <span class='ocrx_word' id='word_1_200' title='bbox 1065 2589 1276 2658; x_wconf 91' lang='lat' dir='ltr'><strong>quidem</strong></span> <span class='ocrx_word' id='word_1_201' title='bbox 1319 2587 1631 2657; x_wconf 87' lang='lat' dir='ltr'><strong>respondet,</strong></span> <span class='ocrx_word' id='word_1_202' title='bbox 1679 2589 1774 2644; x_wconf 89' lang='lat' dir='ltr'><strong>sed</strong></span> 
     </span>
    </p>
   </div>
   <div class='ocr_carea' id='block_1_26' title="bbox 199 2677 1770 2748">
    <p class='ocr_par' dir='ltr' id='par_1_26' title="bbox 199 2677 1770 2748">
     <span class='ocr_line' id='line_1_26' title="bbox 199 2677 1770 2748; baseline -0.001 -15"><span class='ocrx_word' id='word_1_203' title='bbox 199 2681 326 2733; x_wconf 90' lang='lat' dir='ltr'><strong>alius</strong></span> <span class='ocrx_word' id='word_1_204' title='bbox 350 2679 613 2748; x_wconf 83' lang='lat' dir='ltr'><strong>quispiam</strong></span> <span class='ocrx_word' id='word_1_205' title='bbox 643 2694 672 2732; x_wconf 89' lang='lat' dir='ltr'><strong>a</strong></span> <span class='ocrx_word' id='word_1_206' title='bbox 697 2679 875 2746; x_wconf 88' lang='lat' dir='ltr'><strong>judice</strong></span> <span class='ocrx_word' id='word_1_207' title='bbox 901 2677 1018 2731; x_wconf 70' lang='lat' dir='ltr'><strong>hare</strong></span> <span class='ocrx_word' id='word_1_208' title='bbox 1036 2678 1325 2746; x_wconf 84' lang='lat' dir='ltr'><strong>excipiens,</strong></span> <span class='ocrx_word' id='word_1_209' title='bbox 1356 2693 1449 2732; x_wconf 91' lang='lat' dir='ltr'><strong>reo</strong></span> <span class='ocrx_word' id='word_1_210' title='bbox 1473 2680 1770 2747; x_wconf 88' lang='lat' dir='ltr'><strong>annuntiat,</strong></span> 
     </span>
    </p>
   </div>
   <div class='ocr_carea' id='block_1_27' title="bbox 199 2767 1771 2840">
    <p class='ocr_par' dir='ltr' id='par_1_27' title="bbox 199 2767 1771 2840">
     <span class='ocr_line' id='line_1_27' title="bbox 199 2767 1771 2840; baseline -0.001 -16"><span class='ocrx_word' id='word_1_211' title='bbox 199 2780 246 2824; x_wconf 91' lang='lat' dir='ltr'><strong>et</strong></span> <span class='ocrx_word' id='word_1_212' title='bbox 267 2769 429 2840; x_wconf 88' lang='lat' dir='ltr'><strong>judici</strong></span> <span class='ocrx_word' id='word_1_213' title='bbox 451 2783 662 2838; x_wconf 86' lang='lat' dir='ltr'><strong>quoque</strong></span> <span class='ocrx_word' id='word_1_214' title='bbox 697 2783 816 2837; x_wconf 77' lang='lat' dir='ltr'><strong>qua:</strong></span> <span class='ocrx_word' id='word_1_215' title='bbox 843 2783 967 2822; x_wconf 89' lang='lat' dir='ltr'><strong>reus</strong></span> <span class='ocrx_word' id='word_1_216' title='bbox 989 2767 1199 2822; x_wconf 83' lang='lat' dir='ltr'><strong>dixerat</strong></span> <span class='ocrx_word' id='word_1_217' title='bbox 1230 2787 1243 2819; x_wconf 87' lang='lat'><strong>:</strong></span> <span class='ocrx_word' id='word_1_218' title='bbox 1277 2777 1330 2821; x_wconf 91' lang='lat' dir='ltr'><strong>et</strong></span> <span class='ocrx_word' id='word_1_219' title='bbox 1359 2769 1442 2823; x_wconf 89' lang='lat' dir='ltr'><strong>hic</strong></span> <span class='ocrx_word' id='word_1_220' title='bbox 1469 2768 1634 2823; x_wconf 83' lang='lat' dir='ltr'><strong>ferme</strong></span> <span class='ocrx_word' id='word_1_221' title='bbox 1655 2770 1771 2823; x_wconf 90' lang='lat' dir='ltr'><strong>ubi-</strong></span> 
     </span>
    </p>
   </div>
   <div class='ocr_carea' id='block_1_28' title="bbox 199 2855 1770 2927">
    <p class='ocr_par' dir='ltr' id='par_1_28' title="bbox 199 2855 1770 2927">
     <span class='ocr_line' id='line_1_28' title="bbox 199 2855 1770 2927; baseline 0.001 -18"><span class='ocrx_word' id='word_1_222' title='bbox 199 2874 294 2926; x_wconf 85' lang='lat' dir='ltr'><strong>que</strong></span> <span class='ocrx_word' id='word_1_223' title='bbox 314 2857 662 2927; x_wconf 85' lang='lat' dir='ltr'><strong>jndicantium</strong></span> <span class='ocrx_word' id='word_1_224' title='bbox 692 2872 808 2910; x_wconf 91' lang='lat' dir='ltr'><strong>mos</strong></span> <span class='ocrx_word' id='word_1_225' title='bbox 836 2866 936 2911; x_wconf 90' lang='lat' dir='ltr'><strong>est.</strong></span> <span class='ocrx_word' id='word_1_226' title='bbox 970 2855 1164 2911; x_wconf 88' lang='lat' dir='ltr'><strong>Verum</strong></span> <span class='ocrx_word' id='word_1_227' title='bbox 1208 2856 1350 2912; x_wconf 89' lang='lat' dir='ltr'><strong>Deus</strong></span> <span class='ocrx_word' id='word_1_228' title='bbox 1389 2873 1494 2910; x_wconf 87' lang='lat' dir='ltr'><strong>nott</strong></span> <span class='ocrx_word' id='word_1_229' title='bbox 1523 2859 1601 2912; x_wconf 91' lang='lat' dir='ltr'><strong>sic</strong></span> <span class='ocrx_word' id='word_1_230' title='bbox 1628 2859 1770 2927; x_wconf 90' lang='lat' dir='ltr'><strong>agit,</strong></span> 
     </span>
    </p>
   </div>
   <div class='ocr_carea' id='block_1_29' title="bbox 196 2948 1776 3019">
    <p class='ocr_par' dir='ltr' id='par_1_29' title="bbox 196 2948 1776 3019">
     <span class='ocr_line' id='line_1_29' title="bbox 196 2948 1776 3019; baseline -0.001 -16"><span class='ocrx_word' id='word_1_231' title='bbox 196 2949 284 3003; x_wconf 83' lang='lat' dir='ltr'><strong>sed</strong></span> <span class='ocrx_word' id='word_1_232' title='bbox 321 2949 631 3019; x_wconf 82' lang='lat' dir='ltr'><strong>quomodo?</strong></span> <span class='ocrx_word' id='word_1_233' title='bbox 671 2949 788 3017; x_wconf 89' lang='lat' dir='ltr'><strong>Ipse</strong></span> <span class='ocrx_word' id='word_1_234' title='bbox 830 2964 925 3017; x_wconf 90' lang='lat' dir='ltr'><strong>per</strong></span> <span class='ocrx_word' id='word_1_235' title='bbox 962 2962 1082 3003; x_wconf 89' lang='lat' dir='ltr'><strong>sese</strong></span> <span class='ocrx_word' id='word_1_236' title='bbox 1125 2958 1277 3002; x_wconf 73' lang='lat' dir='ltr'><strong>vocat</strong></span> <span class='ocrx_word' id='word_1_237' title='bbox 1315 2948 1429 3016; x_wconf 69' lang='grc' dir='ltr'><strong>εει</strong></span> <span class='ocrx_word' id='word_1_238' title='bbox 1457 2950 1666 3011; x_wconf 79' lang='lat' dir='ltr'><strong>vocavit,</strong></span> <span class='ocrx_word' id='word_1_239' title='bbox 1697 2950 1776 3002; x_wconf 83' lang='lat' dir='ltr'><strong>in-</strong></span> 
     </span>
    </p>
   </div>
   <div class='ocr_carea' id='block_1_30' title="bbox 200 3038 1777 3107">
    <p class='ocr_par' dir='ltr' id='par_1_30' title="bbox 200 3038 1777 3107">
     <span class='ocr_line' id='line_1_30' title="bbox 200 3038 1777 3107; baseline 0 -15"><span class='ocrx_word' id='word_1_240' title='bbox 200 3042 323 3107; x_wconf 87' lang='lat' dir='ltr'><strong>quit,</strong></span> <span class='ocrx_word' id='word_1_241' title='bbox 350 3039 603 3094; x_wconf 80' lang='lat' dir='ltr'><strong>Dominus</strong></span> <span class='ocrx_word' id='word_1_242' title='bbox 622 3038 761 3093; x_wconf 83' lang='lat' dir='ltr'><strong>Deus</strong></span> <span class='ocrx_word' id='word_1_243' title='bbox 785 3039 971 3102; x_wconf 80' lang='lat' dir='ltr'><strong>Adam,</strong></span> <span class='ocrx_word' id='word_1_244' title='bbox 997 3049 1043 3092; x_wconf 86' lang='lat' dir='ltr'><strong>et</strong></span> <span class='ocrx_word' id='word_1_245' title='bbox 1067 3038 1194 3091; x_wconf 70' lang='lat' dir='ltr'><strong>dixit</strong></span> <span class='ocrx_word' id='word_1_246' title='bbox 1222 3039 1302 3092; x_wconf 77' lang='lat' dir='ltr'><strong>illi</strong></span> <span class='ocrx_word' id='word_1_247' title='bbox 1318 3039 1536 3103; x_wconf 67' lang='lat' dir='ltr'><strong>aAdam,</strong></span> <span class='ocrx_word' id='word_1_248' title='bbox 1567 3040 1651 3092; x_wconf 86' lang='lat' dir='ltr'><strong>ubi</strong></span> <span class='ocrx_word' id='word_1_249' title='bbox 1679 3055 1731 3092; x_wconf 87' lang='lat' dir='ltr'><strong>es</strong></span> <span class='ocrx_word' id='word_1_250' title='bbox 1753 3040 1777 3092; x_wconf 66' lang='lat'><strong><em>3</em></strong></span> 
     </span>
    </p>
   </div>
   <div class='ocr_carea' id='block_1_31' title="bbox 200 3128 1766 3198">
    <p class='ocr_par' dir='ltr' id='par_1_31' title="bbox 200 3128 1766 3198">
     <span class='ocr_line' id='line_1_31' title="bbox 200 3128 1766 3198; baseline -0.001 -15"><span class='ocrx_word' id='word_1_251' title='bbox 200 3129 324 3184; x_wconf 88' lang='lat' dir='ltr'><strong>Vide</strong></span> <span class='ocrx_word' id='word_1_252' title='bbox 357 3130 410 3185; x_wconf 90' lang='lat' dir='ltr'><strong>in</strong></span> <span class='ocrx_word' id='word_1_253' title='bbox 449 3129 596 3184; x_wconf 83' lang='lat' dir='ltr'><strong>brevi</strong></span> <span class='ocrx_word' id='word_1_254' title='bbox 624 3129 726 3183; x_wconf 91' lang='lat' dir='ltr'><strong>hac</strong></span> <span class='ocrx_word' id='word_1_255' title='bbox 758 3128 991 3182; x_wconf 89' lang='lat' dir='ltr'><strong>dictione</strong></span> <span class='ocrx_word' id='word_1_256' title='bbox 1032 3138 1229 3198; x_wconf 91' lang='lat' dir='ltr'><strong>quanta</strong></span> <span class='ocrx_word' id='word_1_257' title='bbox 1269 3129 1348 3182; x_wconf 91' lang='lat' dir='ltr'><strong>vis</strong></span> <span class='ocrx_word' id='word_1_258' title='bbox 1378 3128 1647 3183; x_wconf 88' lang='lat' dir='ltr'><strong>recondita</strong></span> <span class='ocrx_word' id='word_1_259' title='bbox 1679 3129 1766 3181; x_wconf 90' lang='lat' dir='ltr'><strong>sit.</strong></span> 
     </span>
    </p>
   </div>
   <div class='ocr_carea' id='block_1_32' title="bbox 192 3217 1778 3290">
    <p class='ocr_par' dir='ltr' id='par_1_32' title="bbox 192 3217 1778 3290">
     <span class='ocr_line' id='line_1_32' title="bbox 192 3217 1778 3290; baseline -0.002 -15"><span class='ocrx_word' id='word_1_260' title='bbox 192 3218 322 3275; x_wconf 75' lang='lat' dir='ltr'><strong>Nam</strong></span> <span class='ocrx_word' id='word_1_261' title='bbox 349 3229 405 3274; x_wconf 91' lang='lat' dir='ltr'><strong>et</strong></span> <span class='ocrx_word' id='word_1_262' title='bbox 434 3220 605 3290; x_wconf 89' lang='lat' dir='ltr'><strong>ipsum</strong></span> <span class='ocrx_word' id='word_1_263' title='bbox 647 3233 859 3284; x_wconf 88' lang='lat' dir='ltr'><strong>vocare,</strong></span> <span class='ocrx_word' id='word_1_264' title='bbox 901 3233 1103 3287; x_wconf 67' lang='lat' dir='ltr'><strong>magna:</strong></span> <span class='ocrx_word' id='word_1_265' title='bbox 1139 3226 1194 3272; x_wconf 89' lang='lat' dir='ltr'><strong>et</strong></span> <span class='ocrx_word' id='word_1_266' title='bbox 1235 3217 1518 3272; x_wconf 88' lang='lat' dir='ltr'><strong>ineffabilis</strong></span> <span class='ocrx_word' id='word_1_267' title='bbox 1552 3228 1636 3274; x_wconf 73' lang='grc' dir='ltr'><strong>εει</strong></span> <span class='ocrx_word' id='word_1_268' title='bbox 1666 3221 1778 3272; x_wconf 88' lang='lat' dir='ltr'><strong>cle-</strong></span> 
     </span>
    </p>
   </div>
   <div class='ocr_carea' id='block_1_33' title="bbox 201 3310 1777 3379">
    <p class='ocr_par' dir='ltr' id='par_1_33' title="bbox 201 3310 1777 3379">
     <span class='ocr_line' id='line_1_33' title="bbox 201 3310 1777 3379; baseline -0.002 -12"><span class='ocrx_word' id='word_1_269' title='bbox 201 3313 408 3368; x_wconf 70' lang='lat' dir='ltr'><strong>mentia:</strong></span> <span class='ocrx_word' id='word_1_270' title='bbox 432 3353 448 3378; x_wconf 95' lang='lat'><strong>,</strong></span> <span class='ocrx_word' id='word_1_271' title='bbox 486 3311 892 3366; x_wconf 85' lang='lat' dir='ltr'><strong>erubescentem</strong></span> <span class='ocrx_word' id='word_1_272' title='bbox 913 3349 928 3375; x_wconf 96' lang='lat'><strong>,</strong></span> <span class='ocrx_word' id='word_1_273' title='bbox 957 3317 1011 3363; x_wconf 92' lang='lat' dir='ltr'><strong>et</strong></span> <span class='ocrx_word' id='word_1_274' title='bbox 1035 3323 1208 3379; x_wconf 88' lang='lat' dir='ltr'><strong>neque</strong></span> <span class='ocrx_word' id='word_1_275' title='bbox 1248 3325 1308 3363; x_wconf 88' lang='lat' dir='ltr'><strong>os</strong></span> <span class='ocrx_word' id='word_1_276' title='bbox 1332 3310 1573 3379; x_wconf 84' lang='lat' dir='ltr'><strong>aperire,</strong></span> <span class='ocrx_word' id='word_1_277' title='bbox 1605 3325 1777 3379; x_wconf 91' lang='lat' dir='ltr'><strong>neque</strong></span> 
     </span>
    </p>
   </div>
   <div class='ocr_carea' id='block_1_34' title="bbox 201 3400 1774 3473">
    <p class='ocr_par' dir='ltr' id='par_1_34' title="bbox 201 3400 1774 3473">
     <span class='ocr_line' id='line_1_34' title="bbox 201 3400 1774 3473; baseline -0.001 -16"><span class='ocrx_word' id='word_1_278' title='bbox 201 3403 426 3473; x_wconf 75' lang='lat' dir='ltr'><strong>linguam</strong></span> <span class='ocrx_word' id='word_1_279' title='bbox 465 3417 681 3457; x_wconf 89' lang='lat' dir='ltr'><strong>movere</strong></span> <span class='ocrx_word' id='word_1_280' title='bbox 709 3401 993 3456; x_wconf 81' lang='lat' dir='ltr'><strong>audentem</strong></span> <span class='ocrx_word' id='word_1_281' title='bbox 1028 3415 1250 3464; x_wconf 89' lang='lat' dir='ltr'><strong>vocare,</strong></span> <span class='ocrx_word' id='word_1_282' title='bbox 1279 3413 1332 3454; x_wconf 90' lang='lat' dir='ltr'><strong>et</strong></span> <span class='ocrx_word' id='word_1_283' title='bbox 1356 3416 1451 3470; x_wconf 88' lang='lat' dir='ltr'><strong>per</strong></span> <span class='ocrx_word' id='word_1_284' title='bbox 1476 3400 1774 3472; x_wconf 89' lang='lat' dir='ltr'><strong>interroga-</strong></span> 
     </span>
    </p>
   </div>
   <div class='ocr_carea' id='block_1_35' title="bbox 196 3489 1774 3559">
    <p class='ocr_par' dir='ltr' id='par_1_35' title="bbox 196 3489 1774 3559">
     <span class='ocr_line' id='line_1_35' title="bbox 196 3489 1774 3559; baseline -0.002 -13"><span class='ocrx_word' id='word_1_285' title='bbox 196 3493 388 3547; x_wconf 85' lang='lat' dir='ltr'><strong>tionem</strong></span> <span class='ocrx_word' id='word_1_286' title='bbox 421 3492 756 3547; x_wconf 86' lang='lat' dir='ltr'><strong>occasionem</strong></span> <span class='ocrx_word' id='word_1_287' title='bbox 782 3491 930 3554; x_wconf 89' lang='lat' dir='ltr'><strong>dare,</strong></span> <span class='ocrx_word' id='word_1_288' title='bbox 960 3489 1011 3543; x_wconf 88' lang='lat' dir='ltr'><strong>id</strong></span> <span class='ocrx_word' id='word_1_289' title='bbox 1035 3490 1258 3559; x_wconf 77' lang='lat' dir='ltr'><strong>ingentis</strong></span> <span class='ocrx_word' id='word_1_290' title='bbox 1280 3499 1392 3546; x_wconf 87' lang='lat' dir='ltr'><strong>erat</strong></span> <span class='ocrx_word' id='word_1_291' title='bbox 1416 3490 1774 3558; x_wconf 89' lang='lat' dir='ltr'><strong>benignitatis:</strong></span> 
     </span>
    </p>
   </div>
   <div class='ocr_carea' id='block_1_36' title="bbox 197 3581 1775 3654">
    <p class='ocr_par' dir='ltr' id='par_1_36' title="bbox 197 3581 1775 3654">
     <span class='ocr_line' id='line_1_36' title="bbox 197 3581 1775 3654; baseline -0.003 -16"><span class='ocrx_word' id='word_1_292' title='bbox 197 3584 320 3638; x_wconf 87' lang='lat' dir='ltr'><strong>illud</strong></span> <span class='ocrx_word' id='word_1_293' title='bbox 339 3594 519 3638; x_wconf 85' lang='lat' dir='ltr'><strong>autem</strong></span> <span class='ocrx_word' id='word_1_294' title='bbox 541 3583 740 3654; x_wconf 84' lang='lat' dir='ltr'><strong>dicere,</strong></span> <span class='ocrx_word' id='word_1_295' title='bbox 774 3581 871 3636; x_wconf 92' lang='lat' dir='ltr'><strong>Ubi</strong></span> <span class='ocrx_word' id='word_1_296' title='bbox 899 3581 992 3635; x_wconf 84' lang='lat' dir='ltr'><strong>es?</strong></span> <span class='ocrx_word' id='word_1_297' title='bbox 1030 3581 1310 3650; x_wconf 90' lang='lat' dir='ltr'><strong>plurimam</strong></span> <span class='ocrx_word' id='word_1_298' title='bbox 1340 3595 1440 3634; x_wconf 91' lang='lat' dir='ltr'><strong>una</strong></span> <span class='ocrx_word' id='word_1_299' title='bbox 1469 3597 1591 3635; x_wconf 92' lang='lat' dir='ltr'><strong>cum</strong></span> <span class='ocrx_word' id='word_1_300' title='bbox 1623 3581 1775 3635; x_wconf 87' lang='lat' dir='ltr'><strong>beni-</strong></span> 
     </span>
    </p>
   </div>
   <div class='ocr_carea' id='block_1_37' title="bbox 199 3669 1778 3742">
    <p class='ocr_par' dir='ltr' id='par_1_37' title="bbox 199 3669 1778 3742">
     <span class='ocr_line' id='line_1_37' title="bbox 199 3669 1778 3742; baseline -0.001 -16"><span class='ocrx_word' id='word_1_301' title='bbox 199 3674 392 3742; x_wconf 82' lang='lat' dir='ltr'><strong>gnitate</strong></span> <span class='ocrx_word' id='word_1_302' title='bbox 415 3673 523 3726; x_wconf 92' lang='lat' dir='ltr'><strong>vim</strong></span> <span class='ocrx_word' id='word_1_303' title='bbox 555 3671 728 3726; x_wconf 90' lang='lat' dir='ltr'><strong>habet.</strong></span> <span class='ocrx_word' id='word_1_304' title='bbox 769 3671 997 3724; x_wconf 81' lang='lat' dir='ltr'><strong>Perinde</strong></span> <span class='ocrx_word' id='word_1_305' title='bbox 1023 3671 1162 3724; x_wconf 89' lang='lat' dir='ltr'><strong>enim</strong></span> <span class='ocrx_word' id='word_1_306' title='bbox 1209 3669 1543 3724; x_wconf 88' lang='lat' dir='ltr'><strong>subindicare</strong></span> <span class='ocrx_word' id='word_1_307' title='bbox 1568 3670 1778 3725; x_wconf 86' lang='lat' dir='ltr'><strong>videtur</strong></span> 
     </span>
    </p>
   </div>
   <div class='ocr_carea' id='block_1_38' title="bbox 199 3757 1774 3828">
    <p class='ocr_par' dir='ltr' id='par_1_38' title="bbox 199 3757 1774 3828">
     <span class='ocr_line' id='line_1_38' title="bbox 199 3757 1774 3828; baseline -0.001 -14"><span class='ocrx_word' id='word_1_308' title='bbox 199 3777 257 3816; x_wconf 89' lang='lat' dir='ltr'><strong>ac</strong></span> <span class='ocrx_word' id='word_1_309' title='bbox 273 3762 315 3817; x_wconf 86' lang='lat' dir='ltr'><strong>si</strong></span> <span class='ocrx_word' id='word_1_310' title='bbox 332 3762 564 3816; x_wconf 88' lang='lat' dir='ltr'><strong>diceret:</strong></span> <span class='ocrx_word' id='word_1_311' title='bbox 589 3761 723 3826; x_wconf 83' lang='lat' dir='ltr'><strong>Quid</strong></span> <span class='ocrx_word' id='word_1_312' title='bbox 751 3759 944 3813; x_wconf 88' lang='lat' dir='ltr'><strong>factum</strong></span> <span class='ocrx_word' id='word_1_313' title='bbox 972 3759 1090 3814; x_wconf 86' lang='lat' dir='ltr'><strong>est?</strong></span> <span class='ocrx_word' id='word_1_314' title='bbox 1116 3757 1171 3812; x_wconf 84' lang='lat' dir='ltr'><strong>In</strong></span> <span class='ocrx_word' id='word_1_315' title='bbox 1194 3759 1299 3812; x_wconf 91' lang='lat' dir='ltr'><strong>alio</strong></span> <span class='ocrx_word' id='word_1_316' title='bbox 1329 3767 1380 3813; x_wconf 92' lang='lat' dir='ltr'><strong>te</strong></span> <span class='ocrx_word' id='word_1_317' title='bbox 1403 3766 1542 3813; x_wconf 86' lang='lat' dir='ltr'><strong>statu</strong></span> <span class='ocrx_word' id='word_1_318' title='bbox 1565 3759 1774 3828; x_wconf 82' lang='lat' dir='ltr'><strong>reliqui,</strong></span> 
     </span>
    </p>
   </div>
   <div class='ocr_carea' id='block_1_39' title="bbox 201 3843 1775 3919">
    <p class='ocr_par' dir='ltr' id='par_1_39' title="bbox 201 3843 1775 3919">
     <span class='ocr_line' id='line_1_39' title="bbox 201 3843 1775 3919; baseline 0.001 -16"><span class='ocrx_word' id='word_1_319' title='bbox 201 3850 247 3904; x_wconf 87' lang='lat' dir='ltr'><strong>in</strong></span> <span class='ocrx_word' id='word_1_320' title='bbox 275 3851 379 3904; x_wconf 90' lang='lat' dir='ltr'><strong>alio</strong></span> <span class='ocrx_word' id='word_1_321' title='bbox 405 3860 458 3906; x_wconf 90' lang='lat' dir='ltr'><strong>te</strong></span> <span class='ocrx_word' id='word_1_322' title='bbox 491 3851 702 3904; x_wconf 79' lang='lat' dir='ltr'><strong>invenio</strong></span> <span class='ocrx_word' id='word_1_323' title='bbox 731 3865 745 3901; x_wconf 89' lang='lat'><strong>:</strong></span> <span class='ocrx_word' id='word_1_324' title='bbox 776 3849 942 3919; x_wconf 87' lang='lat' dir='ltr'><strong>gloria</strong></span> <span class='ocrx_word' id='word_1_325' title='bbox 962 3843 1218 3902; x_wconf 88' lang='lat' dir='ltr'><strong>vestitum</strong></span> <span class='ocrx_word' id='word_1_326' title='bbox 1249 3856 1300 3903; x_wconf 89' lang='lat' dir='ltr'><strong>te</strong></span> <span class='ocrx_word' id='word_1_327' title='bbox 1328 3849 1536 3918; x_wconf 88' lang='lat' dir='ltr'><strong>reliqui,</strong></span> <span class='ocrx_word' id='word_1_328' title='bbox 1558 3865 1697 3904; x_wconf 90' lang='lat' dir='ltr'><strong>nunc</strong></span> <span class='ocrx_word' id='word_1_329' title='bbox 1724 3851 1775 3904; x_wconf 91' lang='lat' dir='ltr'><strong>in</strong></span> 
     </span>
    </p>
   </div>
   <div class='ocr_carea' id='block_1_40' title="bbox 199 3936 1776 3996">
    <p class='ocr_par' dir='ltr' id='par_1_40' title="bbox 199 3936 1776 3996">
     <span class='ocr_line' id='line_1_40' title="bbox 199 3936 1776 3996; baseline 0 -1"><span class='ocrx_word' id='word_1_330' title='bbox 199 3942 432 3996; x_wconf 87' lang='lat' dir='ltr'><strong>nuditate</strong></span> <span class='ocrx_word' id='word_1_331' title='bbox 479 3953 540 3994; x_wconf 94' lang='lat' dir='ltr'><strong>te-</strong></span> <span class='ocrx_word' id='word_1_332' title='bbox 569 3936 803 3994; x_wconf 85' lang='lat' dir='ltr'><strong>invenio.</strong></span> <span class='ocrx_word' id='word_1_333' title='bbox 843 3937 942 3994; x_wconf 83' lang='lat' dir='ltr'><strong>Ubi</strong></span> <span class='ocrx_word' id='word_1_334' title='bbox 969 3939 1057 3992; x_wconf 81' lang='lat' dir='ltr'><strong>es?</strong></span> <span class='ocrx_word' id='word_1_335' title='bbox 1100 3938 1252 3994; x_wconf 90' lang='lat' dir='ltr'><strong>Unde</strong></span> <span class='ocrx_word' id='word_1_336' title='bbox 1290 3939 1381 3993; x_wconf 93' lang='lat' dir='ltr'><strong>tibi</strong></span> <span class='ocrx_word' id='word_1_337' title='bbox 1407 3938 1507 3994; x_wconf 88' lang='lat' dir='ltr'><strong>hoc</strong></span> <span class='ocrx_word' id='word_1_338' title='bbox 1549 3940 1776 3995; x_wconf 88' lang='lat' dir='ltr'><strong>accidit?</strong></span> 
     </span>
    </p>
   </div>
   <div class='ocr_carea' id='block_1_41' title="bbox 198 4031 1776 4099">
    <p class='ocr_par' dir='ltr' id='par_1_41' title="bbox 198 4031 1776 4099">
     <span class='ocr_line' id='line_1_41' title="bbox 198 4031 1776 4099; baseline 0.001 -14"><span class='ocrx_word' id='word_1_339' title='bbox 198 4032 323 4096; x_wconf 83' lang='lat' dir='ltr'><strong>Quis</strong></span> <span class='ocrx_word' id='word_1_340' title='bbox 344 4041 396 4086; x_wconf 90' lang='lat' dir='ltr'><strong>te</strong></span> <span class='ocrx_word' id='word_1_341' title='bbox 431 4032 487 4084; x_wconf 90' lang='lat' dir='ltr'><strong>in</strong></span> <span class='ocrx_word' id='word_1_342' title='bbox 518 4039 717 4084; x_wconf 84' lang='lat' dir='ltr'><strong>tantam</strong></span> <span class='ocrx_word' id='word_1_343' title='bbox 763 4031 966 4084; x_wconf 79' lang='lat' dir='ltr'><strong>induxit</strong></span> <span class='ocrx_word' id='word_1_344' title='bbox 996 4031 1455 4086; x_wconf 79' lang='lat' dir='ltr'><strong>vicissitudinem?</strong></span> <span class='ocrx_word' id='word_1_345' title='bbox 1485 4031 1612 4099; x_wconf 86' lang='lat' dir='ltr'><strong>Quis</strong></span> <span class='ocrx_word' id='word_1_346' title='bbox 1641 4033 1776 4086; x_wconf 90' lang='lat' dir='ltr'><strong>latro</strong></span> 
     </span>
    </p>
   </div>
   <div class='ocr_carea' id='block_1_42' title="bbox 201 4116 1776 4174">
    <p class='ocr_par' dir='ltr' id='par_1_42' title="bbox 201 4116 1776 4174">
     <span class='ocr_line' id='line_1_42' title="bbox 201 4116 1776 4174; baseline 0.001 -3"><span class='ocrx_word' id='word_1_347' title='bbox 201 4120 282 4174; x_wconf 83' lang='lat' dir='ltr'><strong>vel</strong></span> <span class='ocrx_word' id='word_1_348' title='bbox 306 4118 394 4173; x_wconf 90' lang='lat' dir='ltr'><strong>fur</strong></span> <span class='ocrx_word' id='word_1_349' title='bbox 423 4119 502 4172; x_wconf 91' lang='lat' dir='ltr'><strong>sic</strong></span> <span class='ocrx_word' id='word_1_350' title='bbox 531 4118 694 4172; x_wconf 87' lang='lat' dir='ltr'><strong>semel</strong></span> <span class='ocrx_word' id='word_1_351' title='bbox 722 4132 935 4171; x_wconf 90' lang='lat' dir='ltr'><strong>omnem</strong></span> <span class='ocrx_word' id='word_1_352' title='bbox 964 4116 1269 4171; x_wconf 78' lang='lat' dir='ltr'><strong>divitiarum</strong></span> <span class='ocrx_word' id='word_1_353' title='bbox 1304 4118 1650 4172; x_wconf 86' lang='lat' dir='ltr'><strong>substantiam</strong></span> <span class='ocrx_word' id='word_1_354' title='bbox 1680 4134 1776 4173; x_wconf 91' lang='lat' dir='ltr'><strong>au-</strong></span> 
     </span>
    </p>
   </div>
   <div class='ocr_carea' id='block_1_43' title="bbox 199 4205 1775 4275">
    <p class='ocr_par' dir='ltr' id='par_1_43' title="bbox 199 4205 1775 4275">
     <span class='ocr_line' id='line_1_43' title="bbox 199 4205 1775 4275; baseline 0.001 -15"><span class='ocrx_word' id='word_1_355' title='bbox 199 4209 392 4272; x_wconf 84' lang='lat' dir='ltr'><strong>ferens,</strong></span> <span class='ocrx_word' id='word_1_356' title='bbox 419 4208 472 4262; x_wconf 92' lang='lat' dir='ltr'><strong>in</strong></span> <span class='ocrx_word' id='word_1_357' title='bbox 506 4215 704 4262; x_wconf 85' lang='lat' dir='ltr'><strong>tantam</strong></span> <span class='ocrx_word' id='word_1_358' title='bbox 729 4215 779 4261; x_wconf 88' lang='lat' dir='ltr'><strong>te</strong></span> <span class='ocrx_word' id='word_1_359' title='bbox 806 4206 1036 4275; x_wconf 88' lang='lat' dir='ltr'><strong>inopiam</strong></span> <span class='ocrx_word' id='word_1_360' title='bbox 1061 4205 1317 4260; x_wconf 82' lang='lat' dir='ltr'><strong>deduxit?</strong></span> <span class='ocrx_word' id='word_1_361' title='bbox 1347 4205 1497 4261; x_wconf 88' lang='lat' dir='ltr'><strong>Unde</strong></span> <span class='ocrx_word' id='word_1_362' title='bbox 1523 4206 1775 4261; x_wconf 86' lang='lat' dir='ltr'><strong>nuditatis</strong></span> 
     </span>
    </p>
   </div>
   <div class='ocr_carea' id='block_1_44' title="bbox 199 4294 1773 4365">
    <p class='ocr_par' dir='ltr' id='par_1_44' title="bbox 199 4294 1773 4365">
     <span class='ocr_line' id='line_1_44' title="bbox 199 4294 1773 4365; baseline 0 -15"><span class='ocrx_word' id='word_1_363' title='bbox 199 4311 382 4352; x_wconf 84' lang='lat' dir='ltr'><strong>sensus</strong></span> <span class='ocrx_word' id='word_1_364' title='bbox 413 4296 509 4351; x_wconf 91' lang='lat' dir='ltr'><strong>tibi</strong></span> <span class='ocrx_word' id='word_1_365' title='bbox 540 4295 790 4365; x_wconf 79' lang='lat' dir='ltr'><strong>contigit?</strong></span> <span class='ocrx_word' id='word_1_366' title='bbox 814 4295 945 4362; x_wconf 83' lang='lat' dir='ltr'><strong>Quis</strong></span> <span class='ocrx_word' id='word_1_367' title='bbox 975 4294 1068 4348; x_wconf 86' lang='lat' dir='ltr'><strong>tibi</strong></span> <span class='ocrx_word' id='word_1_368' title='bbox 1093 4294 1144 4348; x_wconf 92' lang='lat' dir='ltr'><strong>in</strong></span> <span class='ocrx_word' id='word_1_369' title='bbox 1171 4309 1332 4350; x_wconf 88' lang='lat' dir='ltr'><strong>causa</strong></span> <span class='ocrx_word' id='word_1_370' title='bbox 1362 4295 1476 4360; x_wconf 91' lang='lat' dir='ltr'><strong>fuit,</strong></span> <span class='ocrx_word' id='word_1_371' title='bbox 1510 4305 1567 4350; x_wconf 93' lang='lat' dir='ltr'><strong>ut</strong></span> <span class='ocrx_word' id='word_1_372' title='bbox 1594 4295 1773 4350; x_wconf 88' lang='lat' dir='ltr'><strong>anfer-</strong></span> 
     </span>
    </p>
   </div>
   <div class='ocr_carea' id='block_1_45' title="bbox 198 4384 1773 4456">
    <p class='ocr_par' dir='ltr' id='par_1_45' title="bbox 198 4384 1773 4456">
     <span class='ocr_line' id='line_1_45' title="bbox 198 4384 1773 4456; baseline 0.003 -17"><span class='ocrx_word' id='word_1_373' title='bbox 198 4394 338 4440; x_wconf 87' lang='lat' dir='ltr'><strong>retur</strong></span> <span class='ocrx_word' id='word_1_374' title='bbox 363 4401 394 4440; x_wconf 86' lang='lat' dir='ltr'><strong>a</strong></span> <span class='ocrx_word' id='word_1_375' title='bbox 418 4395 472 4441; x_wconf 89' lang='lat' dir='ltr'><strong>te</strong></span> <span class='ocrx_word' id='word_1_376' title='bbox 500 4385 871 4441; x_wconf 83' lang='lat' dir='ltr'><strong>vestimentum</strong></span> <span class='ocrx_word' id='word_1_377' title='bbox 907 4384 1037 4440; x_wconf 89' lang='lat' dir='ltr'><strong>illud</strong></span> <span class='ocrx_word' id='word_1_378' title='bbox 1062 4385 1396 4450; x_wconf 85' lang='lat' dir='ltr'><strong>admirabile,</strong></span> <span class='ocrx_word' id='word_1_379' title='bbox 1419 4402 1524 4456; x_wconf 92' lang='lat' dir='ltr'><strong>quo</strong></span> <span class='ocrx_word' id='word_1_380' title='bbox 1548 4388 1773 4443; x_wconf 89' lang='lat' dir='ltr'><strong>amictus</strong></span> 
     </span>
    </p>
   </div>
   <div class='ocr_carea' id='block_1_46' title="bbox 197 4475 1775 4546">
    <p class='ocr_par' dir='ltr' id='par_1_46' title="bbox 197 4475 1775 4546">
     <span class='ocr_line' id='line_1_46' title="bbox 197 4475 1775 4546; baseline -0.001 -15"><span class='ocrx_word' id='word_1_381' title='bbox 197 4477 352 4531; x_wconf 81' lang='lat' dir='ltr'><strong>cras?</strong></span> <span class='ocrx_word' id='word_1_382' title='bbox 391 4480 528 4544; x_wconf 68' lang='lat' dir='ltr'><strong>Quae</strong></span> <span class='ocrx_word' id='word_1_383' title='bbox 565 4479 839 4546; x_wconf 88' lang='lat' dir='ltr'><strong>repentina</strong></span> <span class='ocrx_word' id='word_1_384' title='bbox 881 4475 996 4529; x_wconf 69' lang='lat' dir='ltr'><strong>hac</strong></span> <span class='ocrx_word' id='word_1_385' title='bbox 1032 4477 1289 4529; x_wconf 79' lang='lat' dir='ltr'><strong>mutatio?</strong></span> <span class='ocrx_word' id='word_1_386' title='bbox 1330 4477 1459 4543; x_wconf 60' lang='lat' dir='ltr'><strong>Quae</strong></span> <span class='ocrx_word' id='word_1_387' title='bbox 1490 4487 1775 4545; x_wconf 82' lang='lat' dir='ltr'><strong>tempestas</strong></span> 
     </span>
    </p>
   </div>
   <div class='ocr_carea' id='block_1_47' title="bbox 201 4565 1769 4632">
    <p class='ocr_par' dir='ltr' id='par_1_47' title="bbox 201 4565 1769 4632">
     <span class='ocr_line' id='line_1_47' title="bbox 201 4565 1769 4632; baseline -0.001 -12"><span class='ocrx_word' id='word_1_388' title='bbox 201 4566 263 4620; x_wconf 84' lang='lat' dir='ltr'><strong>ita</strong></span> <span class='ocrx_word' id='word_1_389' title='bbox 284 4568 464 4621; x_wconf 85' lang='lat' dir='ltr'><strong>subito</strong></span> <span class='ocrx_word' id='word_1_390' title='bbox 490 4580 678 4620; x_wconf 87' lang='lat' dir='ltr'><strong>omnes</strong></span> <span class='ocrx_word' id='word_1_391' title='bbox 707 4574 821 4618; x_wconf 92' lang='lat' dir='ltr'><strong>tuas</strong></span> <span class='ocrx_word' id='word_1_392' title='bbox 844 4579 1050 4618; x_wconf 88' lang='lat' dir='ltr'><strong>merces</strong></span> <span class='ocrx_word' id='word_1_393' title='bbox 1077 4565 1362 4619; x_wconf 87' lang='lat' dir='ltr'><strong>demersit?</strong></span> <span class='ocrx_word' id='word_1_394' title='bbox 1386 4565 1520 4632; x_wconf 89' lang='lat' dir='ltr'><strong>Quid</strong></span> <span class='ocrx_word' id='word_1_395' title='bbox 1547 4567 1769 4630; x_wconf 79' lang='lat' dir='ltr'><strong>accidit,</strong></span> 
     </span>
    </p>
   </div>
   <div class='ocr_carea' id='block_1_48' title="bbox 198 4653 1772 4725">
    <p class='ocr_par' dir='ltr' id='par_1_48' title="bbox 198 4653 1772 4725">
     <span class='ocr_line' id='line_1_48' title="bbox 198 4653 1772 4725; baseline 0.001 -17"><span class='ocrx_word' id='word_1_396' title='bbox 198 4657 330 4725; x_wconf 91' lang='lat' dir='ltr'><strong>quod</strong></span> <span class='ocrx_word' id='word_1_397' title='bbox 359 4657 428 4712; x_wconf 85' lang='lat' dir='ltr'><strong>ab</strong></span> <span class='ocrx_word' id='word_1_398' title='bbox 469 4671 567 4720; x_wconf 89' lang='lat' dir='ltr'><strong>eo,</strong></span> <span class='ocrx_word' id='word_1_399' title='bbox 594 4655 682 4724; x_wconf 91' lang='lat' dir='ltr'><strong>qui</strong></span> <span class='ocrx_word' id='word_1_400' title='bbox 727 4655 820 4709; x_wconf 89' lang='lat' dir='ltr'><strong>tibi</strong></span> <span class='ocrx_word' id='word_1_401' title='bbox 863 4664 1006 4708; x_wconf 87' lang='lat' dir='ltr'><strong>tanta</strong></span> <span class='ocrx_word' id='word_1_402' title='bbox 1037 4653 1288 4709; x_wconf 83' lang='lat' dir='ltr'><strong>beneficia</strong></span> <span class='ocrx_word' id='word_1_403' title='bbox 1323 4655 1598 4723; x_wconf 78' lang='lat' dir='ltr'><strong>przestitit,</strong></span> <span class='ocrx_word' id='word_1_404' title='bbox 1640 4665 1693 4709; x_wconf 91' lang='lat' dir='ltr'><strong>et</strong></span> <span class='ocrx_word' id='word_1_405' title='bbox 1720 4656 1772 4709; x_wconf 89' lang='lat' dir='ltr'><strong>in</strong></span> 
     </span>
    </p>
   </div>
   <div class='ocr_carea' id='block_1_49' title="bbox 197 4743 1771 4812">
    <p class='ocr_par' dir='ltr' id='par_1_49' title="bbox 197 4743 1771 4812">
     <span class='ocr_line' id='line_1_49' title="bbox 197 4743 1771 4812; baseline -0.002 -13"><span class='ocrx_word' id='word_1_406' title='bbox 197 4755 398 4801; x_wconf 87' lang='lat' dir='ltr'><strong>tantum</strong></span> <span class='ocrx_word' id='word_1_407' title='bbox 437 4745 698 4801; x_wconf 84' lang='lat' dir='ltr'><strong>honorem</strong></span> <span class='ocrx_word' id='word_1_408' title='bbox 729 4754 779 4799; x_wconf 88' lang='lat' dir='ltr'><strong>te</strong></span> <span class='ocrx_word' id='word_1_409' title='bbox 815 4743 1026 4808; x_wconf 76' lang='lat' dir='ltr'><strong>evexit,</strong></span> <span class='ocrx_word' id='word_1_410' title='bbox 1056 4743 1311 4798; x_wconf 84' lang='lat' dir='ltr'><strong>occultari</strong></span> <span class='ocrx_word' id='word_1_411' title='bbox 1351 4743 1584 4812; x_wconf 78' lang='lat' dir='ltr'><strong>satagis?</strong></span> <span class='ocrx_word' id='word_1_412' title='bbox 1604 4743 1771 4809; x_wconf 89' lang='lat' dir='ltr'><strong>Quem</strong></span> 
     </span>
    </p>
   </div>
   <div class='ocr_carea' id='block_1_50' title="bbox 201 4833 1772 4900">
    <p class='ocr_par' dir='ltr' id='par_1_50' title="bbox 201 4833 1772 4900">
     <span class='ocr_line' id='line_1_50' title="bbox 201 4833 1772 4900; baseline 0 -13"><span class='ocrx_word' id='word_1_413' title='bbox 201 4851 331 4891; x_wconf 90' lang='lat' dir='ltr'><strong>nunc</strong></span> <span class='ocrx_word' id='word_1_414' title='bbox 356 4837 585 4900; x_wconf 89' lang='lat' dir='ltr'><strong>timens,</strong></span> <span class='ocrx_word' id='word_1_415' title='bbox 615 4834 926 4888; x_wconf 88' lang='lat' dir='ltr'><strong>delitescere</strong></span> <span class='ocrx_word' id='word_1_416' title='bbox 965 4834 1183 4887; x_wconf 86' lang='lat' dir='ltr'><strong>studes?</strong></span> <span class='ocrx_word' id='word_1_417' title='bbox 1212 4833 1346 4887; x_wconf 85' lang='lat' dir='ltr'><strong>Nunt</strong></span> <span class='ocrx_word' id='word_1_418' title='bbox 1377 4834 1525 4888; x_wconf 80' lang='lat' dir='ltr'><strong>adest</strong></span> <span class='ocrx_word' id='word_1_419' title='bbox 1551 4849 1772 4887; x_wconf 89' lang='lat' dir='ltr'><strong>accusa-</strong></span> 
     </span>
    </p>
   </div>
   <div class='ocr_carea' id='block_1_51' title="bbox 197 4914 1773 4987">
    <p class='ocr_par' dir='ltr' id='par_1_51' title="bbox 197 4914 1773 4987">
     <span class='ocr_line' id='line_1_51' title="bbox 197 4914 1773 4987; baseline -0.001 -9"><span class='ocrx_word' id='word_1_420' title='bbox 197 4925 313 4979; x_wconf 86' lang='lat' dir='ltr'><strong>tor?</strong></span> <span class='ocrx_word' id='word_1_421' title='bbox 338 4941 472 4980; x_wconf 88' lang='lat' dir='ltr'><strong>num</strong></span> <span class='ocrx_word' id='word_1_422' title='bbox 503 4924 700 4977; x_wconf 88' lang='lat' dir='ltr'><strong>instant</strong></span> <span class='ocrx_word' id='word_1_423' title='bbox 728 4922 930 4976; x_wconf 82' lang='lat' dir='ltr'><strong>testes?</strong></span> <span class='ocrx_word' id='word_1_424' title='bbox 956 4921 1105 4976; x_wconf 85' lang='lat' dir='ltr'><strong>Unde</strong></span> <span class='ocrx_word' id='word_1_425' title='bbox 1126 4931 1266 4974; x_wconf 87' lang='lat' dir='ltr'><strong>tanta</strong></span> <span class='ocrx_word' id='word_1_426' title='bbox 1293 4914 1540 4987; x_wconf 83' lang='lat' dir='ltr'><strong>formido,</strong></span> <span class='ocrx_word' id='word_1_427' title='bbox 1573 4932 1773 4978; x_wconf 88' lang='lat' dir='ltr'><strong>tantus-</strong></span> 
     </span>
    </p>
   </div>
   <div class='ocr_carea' id='block_1_52' title="bbox 198 5009 1774 5085">
    <p class='ocr_par' dir='ltr' id='par_1_52' title="bbox 198 5009 1774 5085">
     <span class='ocr_line' id='line_1_52' title="bbox 198 5009 1774 5085; baseline -0.001 -18"><span class='ocrx_word' id='word_1_428' title='bbox 198 5031 294 5085; x_wconf 88' lang='lat' dir='ltr'><strong>que</strong></span> <span class='ocrx_word' id='word_1_429' title='bbox 318 5024 497 5070; x_wconf 86' lang='lat' dir='ltr'><strong>metns</strong></span> <span class='ocrx_word' id='word_1_430' title='bbox 523 5024 574 5069; x_wconf 82' lang='lat' dir='ltr'><strong>te</strong></span> <span class='ocrx_word' id='word_1_431' title='bbox 609 5012 835 5066; x_wconf 81' lang='lat' dir='ltr'><strong>invasit?</strong></span> <span class='ocrx_word' id='word_1_432' title='bbox 864 5011 949 5065; x_wconf 77' lang='grc'><strong>10.</strong></span> <span class='ocrx_word' id='word_1_433' title='bbox 986 5009 1164 5074; x_wconf 83' lang='lat' dir='ltr'><strong>Tuam,</strong></span> <span class='ocrx_word' id='word_1_434' title='bbox 1193 5011 1379 5079; x_wconf 90' lang='lat' dir='ltr'><strong>inquit,</strong></span> <span class='ocrx_word' id='word_1_435' title='bbox 1410 5011 1774 5066; x_wconf 82' lang='lat' dir='ltr'><strong>deambulantis</strong></span> 
     </span>
    </p>
   </div>
   <div class='ocr_carea' id='block_1_53' title="bbox 197 5101 1769 5174">
    <p class='ocr_par' dir='ltr' id='par_1_53' title="bbox 197 5101 1769 5174">
     <span class='ocr_line' id='line_1_53' title="bbox 197 5101 1769 5174; baseline -0.001 -18"><span class='ocrx_word' id='word_1_436' title='bbox 197 5107 246 5158; x_wconf 85' lang='lat' dir='ltr'><strong>in</strong></span> <span class='ocrx_word' id='word_1_437' title='bbox 292 5106 534 5174; x_wconf 78' lang='lat' dir='ltr'><strong>paradiso</strong></span> <span class='ocrx_word' id='word_1_438' title='bbox 569 5118 738 5158; x_wconf 80' lang='lat' dir='ltr'><strong>vocem</strong></span> <span class='ocrx_word' id='word_1_439' title='bbox 774 5102 946 5154; x_wconf 78' lang='lat' dir='ltr'><strong>audivi</strong></span> <span class='ocrx_word' id='word_1_440' title='bbox 969 5142 984 5166; x_wconf 95' lang='lat'><strong>,</strong></span> <span class='ocrx_word' id='word_1_441' title='bbox 1016 5110 1062 5153; x_wconf 88' lang='lat' dir='ltr'><strong>et</strong></span> <span class='ocrx_word' id='word_1_442' title='bbox 1091 5101 1252 5162; x_wconf 82' lang='lat' dir='ltr'><strong>timui,</strong></span> <span class='ocrx_word' id='word_1_443' title='bbox 1280 5101 1398 5169; x_wconf 81' lang='lat' dir='ltr'><strong>quia</strong></span> <span class='ocrx_word' id='word_1_444' title='bbox 1428 5103 1592 5154; x_wconf 86' lang='lat' dir='ltr'><strong>nudus</strong></span> <span class='ocrx_word' id='word_1_445' title='bbox 1619 5117 1730 5154; x_wconf 86' lang='lat' dir='ltr'><strong>sum</strong></span> <span class='ocrx_word' id='word_1_446' title='bbox 1753 5140 1769 5168; x_wconf 96' lang='lat'><strong>,</strong></span> 
     </span>
    </p>
   </div>
   <div class='ocr_carea' id='block_1_54' title="bbox 200 5191 1771 5248">
    <p class='ocr_par' dir='ltr' id='par_1_54' title="bbox 200 5191 1771 5248">
     <span class='ocr_line' id='line_1_54' title="bbox 200 5191 1771 5248; baseline -0.002 -2"><span class='ocrx_word' id='word_1_447' title='bbox 200 5204 243 5246; x_wconf 84' lang='lat' dir='ltr'><strong>et</strong></span> <span class='ocrx_word' id='word_1_448' title='bbox 281 5193 526 5248; x_wconf 75' lang='lat' dir='ltr'><strong>abscondi</strong></span> <span class='ocrx_word' id='word_1_449' title='bbox 571 5208 650 5245; x_wconf 78' lang='lat' dir='ltr'><strong>nte</strong></span> <span class='ocrx_word' id='word_1_450' title='bbox 684 5193 723 5245; x_wconf 75' lang='grc' dir='ltr'><strong>ί.</strong></span> <span class='ocrx_word' id='word_1_451' title='bbox 771 5191 924 5247; x_wconf 87' lang='lat' dir='ltr'><strong>Unde</strong></span> <span class='ocrx_word' id='word_1_452' title='bbox 969 5192 1062 5245; x_wconf 90' lang='lat' dir='ltr'><strong>tibi</strong></span> <span class='ocrx_word' id='word_1_453' title='bbox 1111 5191 1366 5245; x_wconf 87' lang='lat' dir='ltr'><strong>nuditatis</strong></span> <span class='ocrx_word' id='word_1_454' title='bbox 1411 5192 1592 5244; x_wconf 88' lang='lat' dir='ltr'><strong>notitia</strong></span> <span class='ocrx_word' id='word_1_455' title='bbox 1638 5206 1771 5244; x_wconf 90' lang='lat' dir='ltr'><strong>con-</strong></span> 
     </span>
    </p>
   </div>
   <div class='ocr_carea' id='block_1_55' title="bbox 202 5280 1773 5352">
    <p class='ocr_par' dir='ltr' id='par_1_55' title="bbox 202 5280 1773 5352">
     <span class='ocr_line' id='line_1_55' title="bbox 202 5280 1773 5352; baseline -0.001 -17"><span class='ocrx_word' id='word_1_456' title='bbox 202 5283 358 5352; x_wconf 87' lang='lat' dir='ltr'><strong>tigit?</strong></span> <span class='ocrx_word' id='word_1_457' title='bbox 411 5280 498 5333; x_wconf 90' lang='lat' dir='ltr'><strong>die</strong></span> <span class='ocrx_word' id='word_1_458' title='bbox 545 5281 673 5333; x_wconf 90' lang='lat' dir='ltr'><strong>mihi</strong></span> <span class='ocrx_word' id='word_1_459' title='bbox 720 5298 734 5333; x_wconf 91' lang='lat'><strong>:</strong></span> <span class='ocrx_word' id='word_1_460' title='bbox 796 5280 923 5349; x_wconf 89' lang='lat' dir='ltr'><strong>quid</strong></span> <span class='ocrx_word' id='word_1_461' title='bbox 978 5280 1080 5334; x_wconf 86' lang='lat' dir='ltr'><strong>hoc</strong></span> <span class='ocrx_word' id='word_1_462' title='bbox 1134 5295 1330 5334; x_wconf 90' lang='lat' dir='ltr'><strong>novum</strong></span> <span class='ocrx_word' id='word_1_463' title='bbox 1387 5288 1436 5334; x_wconf 88' lang='lat' dir='ltr'><strong>et</strong></span> <span class='ocrx_word' id='word_1_464' title='bbox 1497 5280 1773 5334; x_wconf 77' lang='lat' dir='ltr'><strong>insolens?</strong></span> 
     </span>
    </p>
   </div>
   <div class='ocr_carea' id='block_1_56' title="bbox 202 5369 1772 5439">
    <p class='ocr_par' dir='ltr' id='par_1_56' title="bbox 202 5369 1772 5439">
     <span class='ocr_line' id='line_1_56' title="bbox 202 5369 1772 5439; baseline -0.001 -14"><span class='ocrx_word' id='word_1_465' title='bbox 202 5372 326 5436; x_wconf 85' lang='lat' dir='ltr'><strong>Quis</strong></span> <span class='ocrx_word' id='word_1_466' title='bbox 372 5371 480 5425; x_wconf 89' lang='lat' dir='ltr'><strong>hoc</strong></span> <span class='ocrx_word' id='word_1_467' title='bbox 530 5383 779 5438; x_wconf 85' lang='lat' dir='ltr'><strong>umquam</strong></span> <span class='ocrx_word' id='word_1_468' title='bbox 829 5369 1143 5424; x_wconf 90' lang='lat' dir='ltr'><strong>annuntiare</strong></span> <span class='ocrx_word' id='word_1_469' title='bbox 1196 5370 1453 5439; x_wconf 85' lang='lat' dir='ltr'><strong>potuisset</strong></span> <span class='ocrx_word' id='word_1_470' title='bbox 1496 5369 1622 5434; x_wconf 91' lang='lat' dir='ltr'><strong>tibi,</strong></span> <span class='ocrx_word' id='word_1_471' title='bbox 1670 5369 1772 5423; x_wconf 90' lang='lat' dir='ltr'><strong>nisi</strong></span> 
     </span>
    </p>
   </div>
   <div class='ocr_carea' id='block_1_57' title="bbox 204 5457 1776 5528">
    <p class='ocr_par' dir='ltr' id='par_1_57' title="bbox 204 5457 1776 5528">
     <span class='ocr_line' id='line_1_57' title="bbox 204 5457 1776 5528; baseline 0.001 -16"><span class='ocrx_word' id='word_1_472' title='bbox 204 5461 309 5528; x_wconf 83' lang='lat' dir='ltr'><strong>ipse</strong></span> <span class='ocrx_word' id='word_1_473' title='bbox 355 5460 514 5528; x_wconf 84' lang='lat' dir='ltr'><strong>hojns</strong></span> <span class='ocrx_word' id='word_1_474' title='bbox 565 5457 782 5527; x_wconf 89' lang='lat' dir='ltr'><strong>pudoris</strong></span> <span class='ocrx_word' id='word_1_475' title='bbox 827 5467 1011 5512; x_wconf 88' lang='lat' dir='ltr'><strong>auctor</strong></span> <span class='ocrx_word' id='word_1_476' title='bbox 1064 5459 1154 5513; x_wconf 91' lang='lat' dir='ltr'><strong>tibi</strong></span> <span class='ocrx_word' id='word_1_477' title='bbox 1209 5458 1434 5514; x_wconf 77' lang='lat' dir='ltr'><strong>fuisses?</strong></span> <span class='ocrx_word' id='word_1_478' title='bbox 1486 5459 1586 5513; x_wconf 88' lang='lat' dir='ltr'><strong>nisi</strong></span> <span class='ocrx_word' id='word_1_479' title='bbox 1629 5474 1660 5513; x_wconf 89' lang='lat' dir='ltr'><strong>a</strong></span> <span class='ocrx_word' id='word_1_480' title='bbox 1711 5460 1776 5513; x_wconf 85' lang='lat' dir='ltr'><strong>li-</strong></span> 
     </span>
    </p>
   </div>
   <div class='ocr_carea' id='block_1_58' title="bbox 204 5547 1773 5618">
    <p class='ocr_par' dir='ltr' id='par_1_58' title="bbox 204 5547 1773 5618">
     <span class='ocr_line' id='line_1_58' title="bbox 204 5547 1773 5618; baseline 0.001 -17"><span class='ocrx_word' id='word_1_481' title='bbox 204 5565 321 5615; x_wconf 83' lang='lat' dir='ltr'><strong>gno,</strong></span> <span class='ocrx_word' id='word_1_482' title='bbox 365 5549 437 5604; x_wconf 90' lang='lat' dir='ltr'><strong>de</strong></span> <span class='ocrx_word' id='word_1_483' title='bbox 478 5563 584 5618; x_wconf 90' lang='lat' dir='ltr'><strong>quo</strong></span> <span class='ocrx_word' id='word_1_484' title='bbox 624 5547 884 5616; x_wconf 61' lang='lat' dir='ltr'><strong>praecepi,</strong></span> <span class='ocrx_word' id='word_1_485' title='bbox 934 5557 993 5602; x_wconf 92' lang='lat' dir='ltr'><strong>ut</strong></span> <span class='ocrx_word' id='word_1_486' title='bbox 1028 5562 1092 5602; x_wconf 80' lang='lat' dir='ltr'><strong>ex</strong></span> <span class='ocrx_word' id='word_1_487' title='bbox 1133 5561 1197 5602; x_wconf 92' lang='lat' dir='ltr'><strong>eo</strong></span> <span class='ocrx_word' id='word_1_488' title='bbox 1237 5547 1353 5601; x_wconf 90' lang='lat' dir='ltr'><strong>solo</strong></span> <span class='ocrx_word' id='word_1_489' title='bbox 1396 5561 1500 5602; x_wconf 92' lang='lat' dir='ltr'><strong>non</strong></span> <span class='ocrx_word' id='word_1_490' title='bbox 1527 5547 1773 5604; x_wconf 79' lang='lat' dir='ltr'><strong>comede-</strong></span> 
     </span>
    </p>
   </div>
   <div class='ocr_carea' id='block_1_59' title="bbox 265 5674 1771 5744">
    <p class='ocr_par' dir='ltr' id='par_1_59' title="bbox 265 5674 1771 5744">
     <span class='ocr_line' id='line_1_59' title="bbox 265 5674 1771 5744; baseline 0.011 -33"><span class='ocrx_word' id='word_1_491' title='bbox 265 5681 438 5736; x_wconf 59' lang='lat' dir='ltr'><strong>rm</strong></span> <span class='ocrx_word' id='word_1_492' title='bbox 458 5676 686 5729; x_wconf 61' lang='lat' dir='ltr'><strong>amandi</strong></span> <span class='ocrx_word' id='word_1_493' title='bbox 709 5689 800 5744; x_wconf 60' lang='lat' dir='ltr'><strong>me,</strong></span> <span class='ocrx_word' id='word_1_494' title='bbox 819 5674 1008 5744; x_wconf 73' lang='lat' dir='ltr'><strong>quidam</strong></span> <span class='ocrx_word' id='word_1_495' title='bbox 1042 5681 1149 5725; x_wconf 73' lang='lat' dir='ltr'><strong>Iss.</strong></span> <span class='ocrx_word' id='word_1_496' title='bbox 1174 5683 1364 5726; x_wconf 76' lang='lat' dir='ltr'><strong>textum</strong></span> <span class='ocrx_word' id='word_1_497' title='bbox 1384 5679 1637 5739; x_wconf 75' lang='lat' dir='ltr'><strong>Scriptura:</strong></span> <span class='ocrx_word' id='word_1_498' title='bbox 1661 5690 1771 5741; x_wconf 83' lang='lat' dir='ltr'><strong>pro-</strong></span> 
     </span>
    </p>
   </div>
   <div class='ocr_carea' id='block_1_60' title="bbox 206 5734 1023 5803">
    <p class='ocr_par' dir='ltr' id='par_1_60' title="bbox 206 5734 1023 5803">
     <span class='ocr_line' id='line_1_60' title="bbox 206 5734 1023 5803; baseline -0.009 -13"><span class='ocrx_word' id='word_1_499' title='bbox 206 5734 463 5798; x_wconf 68' lang='lat' dir='ltr'><strong>sequuntur</strong></span> <span class='ocrx_word' id='word_1_500' title='bbox 483 5751 644 5803; x_wconf 74' lang='lat' dir='ltr'><strong>usque</strong></span> <span class='ocrx_word' id='word_1_501' title='bbox 665 5738 741 5795; x_wconf 87' lang='lat' dir='ltr'><strong>ad,</strong></span> <span class='ocrx_word' id='word_1_502' title='bbox 761 5734 1023 5786; x_wconf 62' lang='lat' dir='ltr'><strong>commisti.</strong></span> 
     </span>
    </p>
   </div>
   <div class='ocr_carea' id='block_1_61' title="bbox 3303 398 3476 458">
    <p class='ocr_par' dir='ltr' id='par_1_61' title="bbox 3303 398 3476 458">
     <span class='ocr_line' id='line_1_61' title="bbox 3303 398 3476 458; baseline -0.023 0"><span class='ocrx_word' id='word_1_503' title='bbox 3303 398 3306 401; x_wconf 85' lang='grc'><em>’</em></span> <span class='ocrx_word' id='word_1_504' title='bbox 3374 399 3476 458; x_wconf 68' lang='lat' dir='ltr'>th</span> 
     </span>
    </p>
   </div>
   <div class='ocr_carea' id='block_1_62' title="bbox 1892 507 3476 579">
    <p class='ocr_par' dir='ltr' id='par_1_62' title="bbox 1892 507 3476 579">
     <span class='ocr_line' id='line_1_62' title="bbox 1892 507 3476 579; baseline 0.008 -22"><span class='ocrx_word' id='word_1_505' title='bbox 1892 520 2010 564; x_wconf 87' lang='lat' dir='ltr'><strong>res.</strong></span> <span class='ocrx_word' id='word_1_506' title='bbox 2057 507 2422 560; x_wconf 71' lang='lat' dir='ltr'><strong>comedisses?</strong></span> <span class='ocrx_word' id='word_1_507' title='bbox 2453 508 2596 562; x_wconf 74' lang='lat' dir='ltr'><strong>’Vide</strong></span> <span class='ocrx_word' id='word_1_508' title='bbox 2644 511 2916 579; x_wconf 79' lang='lat' dir='ltr'><strong>ingentem</strong></span> <span class='ocrx_word' id='word_1_509' title='bbox 2960 513 3376 568; x_wconf 76' lang='lat' dir='ltr'><strong>misericordiam</strong></span> <span class='ocrx_word' id='word_1_510' title='bbox 3423 528 3476 569; x_wconf 76' lang='lat' dir='ltr'><strong>et</strong></span> 
     </span>
    </p>
   </div>
   <div class='ocr_carea' id='block_1_63' title="bbox 1889 595 3473 675">
    <p class='ocr_par' dir='ltr' id='par_1_63' title="bbox 1889 595 3473 675">
     <span class='ocr_line' id='line_1_63' title="bbox 1889 595 3473 675; baseline 0.007 -28"><span class='ocrx_word' id='word_1_511' title='bbox 1889 595 2192 664; x_wconf 87' lang='lat' dir='ltr'><strong>patientiam</strong></span> <span class='ocrx_word' id='word_1_512' title='bbox 2248 597 2474 650; x_wconf 89' lang='lat' dir='ltr'><strong>Domini.</strong></span> <span class='ocrx_word' id='word_1_513' title='bbox 2525 598 2654 652; x_wconf 90' lang='lat' dir='ltr'><strong>Nam</strong></span> <span class='ocrx_word' id='word_1_514' title='bbox 2703 617 2823 654; x_wconf 89' lang='lat' dir='ltr'><strong>cum</strong></span> <span class='ocrx_word' id='word_1_515' title='bbox 2873 612 3051 670; x_wconf 87' lang='lat' dir='ltr'><strong>posset</strong></span> <span class='ocrx_word' id='word_1_516' title='bbox 3097 619 3165 658; x_wconf 90' lang='lat' dir='ltr'><strong>ne</strong></span> <span class='ocrx_word' id='word_1_517' title='bbox 3212 620 3473 675; x_wconf 85' lang='lat' dir='ltr'><strong>responso</strong></span> 
     </span>
    </p>
   </div>
   <div class='ocr_carea' id='block_1_64' title="bbox 1885 685 3473 764">
    <p class='ocr_par' dir='ltr' id='par_1_64' title="bbox 1885 685 3473 764">
     <span class='ocr_line' id='line_1_64' title="bbox 1885 685 3473 764; baseline 0.008 -26"><span class='ocrx_word' id='word_1_518' title='bbox 1885 685 2100 753; x_wconf 89' lang='lat' dir='ltr'><strong>quidem</strong></span> <span class='ocrx_word' id='word_1_519' title='bbox 2129 688 2332 757; x_wconf 85' lang='lat' dir='ltr'><strong>dignari</strong></span> <span class='ocrx_word' id='word_1_520' title='bbox 2360 703 2481 742; x_wconf 90' lang='lat' dir='ltr'><strong>eum</strong></span> <span class='ocrx_word' id='word_1_521' title='bbox 2511 690 2597 759; x_wconf 92' lang='lat' dir='ltr'><strong>qui</strong></span> <span class='ocrx_word' id='word_1_522' title='bbox 2628 701 2941 760; x_wconf 75' lang='lat' dir='ltr'><strong>peccaverat</strong></span> <span class='ocrx_word' id='word_1_523' title='bbox 2961 733 2974 754; x_wconf 92' lang='lat'><strong>,</strong></span> <span class='ocrx_word' id='word_1_524' title='bbox 3010 693 3102 748; x_wconf 90' lang='lat' dir='ltr'><strong>sed</strong></span> <span class='ocrx_word' id='word_1_525' title='bbox 3140 689 3340 750; x_wconf 54' lang='lat' dir='ltr'><strong>statim“</strong></span> <span class='ocrx_word' id='word_1_526' title='bbox 3361 710 3473 764; x_wconf 81' lang='lat' dir='ltr'><strong>pos-</strong></span> 
     </span>
    </p>
   </div>
   <div class='ocr_carea' id='block_1_65' title="bbox 1888 776 3471 852">
    <p class='ocr_par' dir='ltr' id='par_1_65' title="bbox 1888 776 3471 852">
     <span class='ocr_line' id='line_1_65' title="bbox 1888 776 3471 852; baseline 0.009 -24"><span class='ocrx_word' id='word_1_527' title='bbox 1888 790 2008 829; x_wconf 89' lang='lat' dir='ltr'><strong>nam</strong></span> <span class='ocrx_word' id='word_1_528' title='bbox 2050 776 2318 846; x_wconf 83' lang='lat' dir='ltr'><strong>inﬂigere,</strong></span> <span class='ocrx_word' id='word_1_529' title='bbox 2357 795 2514 848; x_wconf 90' lang='lat' dir='ltr'><strong>quam</strong></span> <span class='ocrx_word' id='word_1_530' title='bbox 2559 781 2706 848; x_wconf 88' lang='lat' dir='ltr'><strong>prius</strong></span> <span class='ocrx_word' id='word_1_531' title='bbox 2745 790 3001 836; x_wconf 78' lang='lat' dir='ltr'><strong>statuerat</strong></span> <span class='ocrx_word' id='word_1_532' title='bbox 3038 784 3471 852; x_wconf 63' lang='lat' dir='ltr'><strong>praevaricatum,</strong></span> 
     </span>
    </p>
   </div>
   <div class='ocr_carea' id='block_1_66' title="bbox 1887 866 3473 945">
    <p class='ocr_par' dir='ltr' id='par_1_66' title="bbox 1887 866 3473 945">
     <span class='ocr_line' id='line_1_66' title="bbox 1887 866 3473 945; baseline 0.008 -28"><span class='ocrx_word' id='word_1_533' title='bbox 1887 866 2145 934; x_wconf 88' lang='lat' dir='ltr'><strong>patienter</strong></span> <span class='ocrx_word' id='word_1_534' title='bbox 2175 876 2348 921; x_wconf 84' lang='lat' dir='ltr'><strong>tamen</strong></span> <span class='ocrx_word' id='word_1_535' title='bbox 2377 869 2506 937; x_wconf 76' lang='lat' dir='ltr'><strong>agit,</strong></span> <span class='ocrx_word' id='word_1_536' title='bbox 2534 870 2743 935; x_wconf 85' lang='lat' dir='ltr'><strong>tolerat,</strong></span> <span class='ocrx_word' id='word_1_537' title='bbox 2767 880 2818 924; x_wconf 90' lang='lat' dir='ltr'><strong>et</strong></span> <span class='ocrx_word' id='word_1_538' title='bbox 2848 873 3154 942; x_wconf 85' lang='lat' dir='ltr'><strong>interrogat,</strong></span> <span class='ocrx_word' id='word_1_539' title='bbox 3177 883 3228 926; x_wconf 86' lang='lat' dir='ltr'><strong>et</strong></span> <span class='ocrx_word' id='word_1_540' title='bbox 3255 889 3473 945; x_wconf 71' lang='lat' dir='ltr'><strong>resPun-</strong></span> 
     </span>
    </p>
   </div>
   <div class='ocr_carea' id='block_1_67' title="bbox 1885 958 3468 1032">
    <p class='ocr_par' dir='ltr' id='par_1_67' title="bbox 1885 958 3468 1032">
     <span class='ocr_line' id='line_1_67' title="bbox 1885 958 3468 1032; baseline 0.01 -24"><span class='ocrx_word' id='word_1_541' title='bbox 1885 972 2001 1008; x_wconf 90' lang='lat' dir='ltr'><strong>sum</strong></span> <span class='ocrx_word' id='word_1_542' title='bbox 2024 958 2217 1026; x_wconf 85' lang='lat' dir='ltr'><strong>accipit</strong></span> <span class='ocrx_word' id='word_1_543' title='bbox 2243 976 2258 1012; x_wconf 85' lang='lat'><strong>:</strong></span> <span class='ocrx_word' id='word_1_544' title='bbox 2287 969 2342 1013; x_wconf 91' lang='lat' dir='ltr'><strong>et</strong></span> <span class='ocrx_word' id='word_1_545' title='bbox 2371 959 2562 1014; x_wconf 90' lang='lat' dir='ltr'><strong>iterum</strong></span> <span class='ocrx_word' id='word_1_546' title='bbox 2591 961 2899 1032; x_wconf 79' lang='lat' dir='ltr'><strong>interrogat,</strong></span> <span class='ocrx_word' id='word_1_547' title='bbox 2926 965 3074 1032; x_wconf 90' lang='lat' dir='ltr'><strong>quasi</strong></span> <span class='ocrx_word' id='word_1_548' title='bbox 3105 964 3172 1019; x_wconf 90' lang='lat' dir='ltr'><strong>ad</strong></span> <span class='ocrx_word' id='word_1_549' title='bbox 3200 965 3468 1023; x_wconf 89' lang='lat' dir='ltr'><strong>defensio-</strong></span> 
     </span>
    </p>
   </div>
   <div class='ocr_carea' id='block_1_68' title="bbox 1888 1055 3470 1127">
    <p class='ocr_par' dir='ltr' id='par_1_68' title="bbox 1888 1055 3470 1127">
     <span class='ocr_line' id='line_1_68' title="bbox 1888 1055 3470 1127; baseline 0.01 -29"><span class='ocrx_word' id='word_1_550' title='bbox 1888 1063 2007 1099; x_wconf 76' lang='lat' dir='ltr'><strong>nem</strong></span> <span class='ocrx_word' id='word_1_551' title='bbox 2036 1065 2156 1101; x_wconf 88' lang='lat' dir='ltr'><strong>eum</strong></span> <span class='ocrx_word' id='word_1_552' title='bbox 2191 1065 2504 1118; x_wconf 77' lang='lat' dir='ltr'><strong>provocans,</strong></span> <span class='ocrx_word' id='word_1_553' title='bbox 2535 1061 2593 1106; x_wconf 90' lang='lat' dir='ltr'><strong>ut</strong></span> <span class='ocrx_word' id='word_1_554' title='bbox 2616 1063 2830 1122; x_wconf 89' lang='lat' dir='ltr'><strong>arrepta</strong></span> <span class='ocrx_word' id='word_1_555' title='bbox 2849 1055 3130 1112; x_wconf 83' lang='lat' dir='ltr'><strong>occasione</strong></span> <span class='ocrx_word' id='word_1_556' title='bbox 3161 1059 3319 1111; x_wconf 89' lang='lat' dir='ltr'><strong>etiam</strong></span> <span class='ocrx_word' id='word_1_557' title='bbox 3352 1069 3470 1127; x_wconf 84' lang='lat' dir='ltr'><strong>post</strong></span> 
     </span>
    </p>
   </div>
   <div class='ocr_carea' id='block_1_69' title="bbox 1887 1141 3470 1214">
    <p class='ocr_par' dir='ltr' id='par_1_69' title="bbox 1887 1141 3470 1214">
     <span class='ocr_line' id='line_1_69' title="bbox 1887 1141 3470 1214; baseline 0.009 -25"><span class='ocrx_word' id='word_1_558' title='bbox 1887 1146 2086 1190; x_wconf 83' lang='lat' dir='ltr'><strong>tantam</strong></span> <span class='ocrx_word' id='word_1_559' title='bbox 2120 1141 2628 1207; x_wconf 65' lang='lat' dir='ltr'><strong>praevaricationem,</strong></span> <span class='ocrx_word' id='word_1_560' title='bbox 2657 1157 2805 1198; x_wconf 83' lang='lat' dir='ltr'><strong>suam</strong></span> <span class='ocrx_word' id='word_1_561' title='bbox 2831 1160 2953 1214; x_wconf 85' lang='lat' dir='ltr'><strong>erga</strong></span> <span class='ocrx_word' id='word_1_562' title='bbox 2988 1146 3135 1200; x_wconf 90' lang='lat' dir='ltr'><strong>illum</strong></span> <span class='ocrx_word' id='word_1_563' title='bbox 3167 1147 3470 1203; x_wconf 76' lang='lat' dir='ltr'><strong>misericor-</strong></span> 
     </span>
    </p>
   </div>
   <div class='ocr_carea' id='block_1_70' title="bbox 1883 1226 3472 1307">
    <p class='ocr_par' dir='ltr' id='par_1_70' title="bbox 1883 1226 3472 1307">
     <span class='ocr_line' id='line_1_70' title="bbox 1883 1226 3472 1307; baseline 0.008 -27"><span class='ocrx_word' id='word_1_564' title='bbox 1883 1226 2022 1280; x_wconf 87' lang='lat' dir='ltr'><strong>diam</strong></span> <span class='ocrx_word' id='word_1_565' title='bbox 2067 1228 2319 1284; x_wconf 64' lang='lat' dir='ltr'><strong>exhibeat</strong></span> <span class='ocrx_word' id='word_1_566' title='bbox 2345 1247 2358 1283; x_wconf 94' lang='lat'><strong>:</strong></span> <span class='ocrx_word' id='word_1_567' title='bbox 2389 1247 2495 1299; x_wconf 91' lang='lat' dir='ltr'><strong>quo</strong></span> <span class='ocrx_word' id='word_1_568' title='bbox 2542 1233 2699 1286; x_wconf 90' lang='lat' dir='ltr'><strong>etiam</strong></span> <span class='ocrx_word' id='word_1_569' title='bbox 2748 1249 2847 1291; x_wconf 85' lang='lat' dir='ltr'><strong>nos</strong></span> <span class='ocrx_word' id='word_1_570' title='bbox 2884 1237 3058 1302; x_wconf 84' lang='lat' dir='ltr'><strong>docet,</strong></span> <span class='ocrx_word' id='word_1_571' title='bbox 3089 1247 3146 1291; x_wconf 88' lang='lat' dir='ltr'><strong>ut</strong></span> <span class='ocrx_word' id='word_1_572' title='bbox 3180 1238 3393 1307; x_wconf 82' lang='lat' dir='ltr'><strong>quando</strong></span> <span class='ocrx_word' id='word_1_573' title='bbox 3418 1251 3472 1293; x_wconf 89' lang='lat' dir='ltr'><strong>et</strong></span> 
     </span>
    </p>
   </div>
   <div class='ocr_carea' id='block_1_71' title="bbox 1886 1319 3469 1399">
    <p class='ocr_par' dir='ltr' id='par_1_71' title="bbox 1886 1319 3469 1399">
     <span class='ocr_line' id='line_1_71' title="bbox 1886 1319 3469 1399; baseline 0.008 -29"><span class='ocrx_word' id='word_1_574' title='bbox 1886 1334 1982 1370; x_wconf 89' lang='lat' dir='ltr'><strong>nos</strong></span> <span class='ocrx_word' id='word_1_575' title='bbox 2015 1320 2118 1373; x_wconf 84' lang='lat' dir='ltr'><strong>rcis</strong></span> <span class='ocrx_word' id='word_1_576' title='bbox 2143 1319 2231 1388; x_wconf 89' lang='lat' dir='ltr'><strong>jus</strong></span> <span class='ocrx_word' id='word_1_577' title='bbox 2256 1321 2480 1376; x_wconf 89' lang='lat' dir='ltr'><strong>dicimus</strong></span> <span class='ocrx_word' id='word_1_578' title='bbox 2500 1363 2513 1386; x_wconf 97' lang='lat'><strong>,</strong></span> <span class='ocrx_word' id='word_1_579' title='bbox 2541 1338 2647 1376; x_wconf 90' lang='lat' dir='ltr'><strong>non</strong></span> <span class='ocrx_word' id='word_1_580' title='bbox 2677 1331 2782 1376; x_wconf 87' lang='lat' dir='ltr'><strong>tam</strong></span> <span class='ocrx_word' id='word_1_581' title='bbox 2811 1324 3098 1380; x_wconf 85' lang='lat' dir='ltr'><strong>inhumane</strong></span> <span class='ocrx_word' id='word_1_582' title='bbox 3139 1327 3241 1381; x_wconf 88' lang='lat' dir='ltr'><strong>illis</strong></span> <span class='ocrx_word' id='word_1_583' title='bbox 3280 1328 3469 1399; x_wconf 85' lang='lat' dir='ltr'><strong>loqua-</strong></span> 
     </span>
    </p>
   </div>
   <div class='ocr_carea' id='block_1_72' title="bbox 1885 1409 3467 1478">
    <p class='ocr_par' dir='ltr' id='par_1_72' title="bbox 1885 1409 3467 1478">
     <span class='ocr_line' id='line_1_72' title="bbox 1885 1409 3467 1478; baseline 0.007 -16"><span class='ocrx_word' id='word_1_584' title='bbox 1885 1424 2021 1472; x_wconf 89' lang='lat' dir='ltr'><strong>mur,</strong></span> <span class='ocrx_word' id='word_1_585' title='bbox 2050 1425 2219 1478; x_wconf 89' lang='lat' dir='ltr'><strong>neque</strong></span> <span class='ocrx_word' id='word_1_586' title='bbox 2255 1409 2420 1464; x_wconf 90' lang='lat' dir='ltr'><strong>ferina</strong></span> <span class='ocrx_word' id='word_1_587' title='bbox 2461 1413 2511 1465; x_wconf 92' lang='lat' dir='ltr'><strong>in</strong></span> <span class='ocrx_word' id='word_1_588' title='bbox 2549 1413 2668 1466; x_wconf 87' lang='lat' dir='ltr'><strong>illos</strong></span> <span class='ocrx_word' id='word_1_589' title='bbox 2709 1424 2918 1468; x_wconf 88' lang='lat' dir='ltr'><strong>utamur</strong></span> <span class='ocrx_word' id='word_1_590' title='bbox 2950 1417 3150 1470; x_wconf 70' lang='lat' dir='ltr'><strong>smvitia</strong></span> <span class='ocrx_word' id='word_1_591' title='bbox 3179 1435 3191 1470; x_wconf 90' lang='lat'><strong>:</strong></span> <span class='ocrx_word' id='word_1_592' title='bbox 3225 1418 3318 1472; x_wconf 87' lang='lat' dir='ltr'><strong>sed</strong></span> <span class='ocrx_word' id='word_1_593' title='bbox 3344 1433 3467 1474; x_wconf 89' lang='lat' dir='ltr'><strong>cum</strong></span> 
     </span>
    </p>
   </div>
   <div class='ocr_carea' id='block_1_73' title="bbox 1887 1501 3471 1577">
    <p class='ocr_par' dir='ltr' id='par_1_73' title="bbox 1887 1501 3471 1577">
     <span class='ocr_line' id='line_1_73' title="bbox 1887 1501 3471 1577; baseline 0.005 -24"><span class='ocrx_word' id='word_1_594' title='bbox 1887 1501 2162 1554; x_wconf 89' lang='lat' dir='ltr'><strong>tolerantia</strong></span> <span class='ocrx_word' id='word_1_595' title='bbox 2208 1503 2371 1556; x_wconf 88' lang='lat' dir='ltr'><strong>multa</strong></span> <span class='ocrx_word' id='word_1_596' title='bbox 2410 1510 2465 1556; x_wconf 89' lang='lat' dir='ltr'><strong>et</strong></span> <span class='ocrx_word' id='word_1_597' title='bbox 2507 1504 2867 1559; x_wconf 88' lang='lat' dir='ltr'><strong>misericordia</strong></span> <span class='ocrx_word' id='word_1_598' title='bbox 2897 1521 3137 1577; x_wconf 85' lang='lat' dir='ltr'><strong>agamus,</strong></span> <span class='ocrx_word' id='word_1_599' title='bbox 3167 1519 3345 1577; x_wconf 82' lang='lat' dir='ltr'><strong>utpote</strong></span> <span class='ocrx_word' id='word_1_600' title='bbox 3371 1525 3471 1563; x_wconf 87' lang='lat' dir='ltr'><strong>no-</strong></span> 
     </span>
    </p>
   </div>
   <div class='ocr_carea' id='block_1_74' title="bbox 1885 1591 3466 1666">
    <p class='ocr_par' dir='ltr' id='par_1_74' title="bbox 1885 1591 3466 1666">
     <span class='ocr_line' id='line_1_74' title="bbox 1885 1591 3466 1666; baseline 0.004 -21"><span class='ocrx_word' id='word_1_601' title='bbox 1885 1591 2008 1645; x_wconf 89' lang='lat' dir='ltr'><strong>stris</strong></span> <span class='ocrx_word' id='word_1_602' title='bbox 2037 1593 2267 1660; x_wconf 90' lang='lat' dir='ltr'><strong>ipsorum</strong></span> <span class='ocrx_word' id='word_1_603' title='bbox 2305 1593 2556 1647; x_wconf 89' lang='lat' dir='ltr'><strong>membris</strong></span> <span class='ocrx_word' id='word_1_604' title='bbox 2580 1594 2666 1663; x_wconf 89' lang='lat' dir='ltr'><strong>jus</strong></span> <span class='ocrx_word' id='word_1_605' title='bbox 2692 1595 2917 1663; x_wconf 88' lang='lat' dir='ltr'><strong>dicturi,</strong></span> <span class='ocrx_word' id='word_1_606' title='bbox 2946 1605 2999 1651; x_wconf 86' lang='lat' dir='ltr'><strong>et</strong></span> <span class='ocrx_word' id='word_1_607' title='bbox 3023 1598 3321 1666; x_wconf 88' lang='lat' dir='ltr'><strong>cogitantes</strong></span> <span class='ocrx_word' id='word_1_608' title='bbox 3348 1599 3466 1653; x_wconf 88' lang='lat' dir='ltr'><strong>illos</strong></span> 
     </span>
    </p>
   </div>
   <div class='ocr_carea' id='block_1_75' title="bbox 1882 1683 3464 1754">
    <p class='ocr_par' dir='ltr' id='par_1_75' title="bbox 1882 1683 3464 1754">
     <span class='ocr_line' id='line_1_75' title="bbox 1882 1683 3464 1754; baseline 0.004 -19"><span class='ocrx_word' id='word_1_609' title='bbox 1882 1683 2034 1736; x_wconf 77' lang='lat' dir='ltr'><strong>nobis</strong></span> <span class='ocrx_word' id='word_1_610' title='bbox 2055 1697 2173 1736; x_wconf 90' lang='lat' dir='ltr'><strong>esse</strong></span> <span class='ocrx_word' id='word_1_611' title='bbox 2203 1697 2550 1751; x_wconf 85' lang='lat' dir='ltr'><strong>congeneres,</strong></span> <span class='ocrx_word' id='word_1_612' title='bbox 2583 1684 2899 1754; x_wconf 84' lang='lat' dir='ltr'><strong>supplicium</strong></span> <span class='ocrx_word' id='word_1_613' title='bbox 2931 1685 3293 1740; x_wconf 87' lang='lat' dir='ltr'><strong>misericordia</strong></span> <span class='ocrx_word' id='word_1_614' title='bbox 3329 1699 3464 1741; x_wconf 79' lang='lat' dir='ltr'><strong>tem-</strong></span> 
     </span>
    </p>
   </div>
   <div class='ocr_carea' id='block_1_76' title="bbox 1881 1773 3465 1849">
    <p class='ocr_par' dir='ltr' id='par_1_76' title="bbox 1881 1773 3465 1849">
     <span class='ocr_line' id='line_1_76' title="bbox 1881 1773 3465 1849; baseline 0.005 -24"><span class='ocrx_word' id='word_1_615' title='bbox 1881 1788 2148 1841; x_wconf 89' lang='lat' dir='ltr'><strong>peremus.</strong></span> <span class='ocrx_word' id='word_1_616' title='bbox 2187 1773 2302 1828; x_wconf 89' lang='lat' dir='ltr'><strong>Non</strong></span> <span class='ocrx_word' id='word_1_617' title='bbox 2333 1775 2472 1828; x_wconf 87' lang='lat' dir='ltr'><strong>enim</strong></span> <span class='ocrx_word' id='word_1_618' title='bbox 2502 1773 2696 1829; x_wconf 86' lang='lat' dir='ltr'><strong>frustra</strong></span> <span class='ocrx_word' id='word_1_619' title='bbox 2727 1785 2869 1831; x_wconf 88' lang='lat' dir='ltr'><strong>tanta</strong></span> <span class='ocrx_word' id='word_1_620' title='bbox 2894 1777 3172 1831; x_wconf 89' lang='lat' dir='ltr'><strong>verborum</strong></span> <span class='ocrx_word' id='word_1_621' title='bbox 3204 1787 3465 1849; x_wconf 82' lang='lat' dir='ltr'><strong>attempe—</strong></span> 
     </span>
    </p>
   </div>
   <div class='ocr_carea' id='block_1_77' title="bbox 1879 1864 3462 1934">
    <p class='ocr_par' dir='ltr' id='par_1_77' title="bbox 1879 1864 3462 1934">
     <span class='ocr_line' id='line_1_77' title="bbox 1879 1864 3462 1934; baseline 0.006 -18"><span class='ocrx_word' id='word_1_622' title='bbox 1879 1865 2084 1918; x_wconf 89' lang='lat' dir='ltr'><strong>ratione</strong></span> <span class='ocrx_word' id='word_1_623' title='bbox 2110 1865 2275 1918; x_wconf 91' lang='lat' dir='ltr'><strong>utitur</strong></span> <span class='ocrx_word' id='word_1_624' title='bbox 2298 1864 2475 1918; x_wconf 87' lang='lat' dir='ltr'><strong>divina</strong></span> <span class='ocrx_word' id='word_1_625' title='bbox 2504 1865 2772 1934; x_wconf 89' lang='lat' dir='ltr'><strong>Scriptura</strong></span> <span class='ocrx_word' id='word_1_626' title='bbox 2790 1907 2803 1930; x_wconf 94' lang='lat'><strong>,</strong></span> <span class='ocrx_word' id='word_1_627' title='bbox 2847 1869 2940 1922; x_wconf 90' lang='lat' dir='ltr'><strong>sed</strong></span> <span class='ocrx_word' id='word_1_628' title='bbox 2968 1868 3143 1924; x_wconf 87' lang='lat' dir='ltr'><strong>verbis</strong></span> <span class='ocrx_word' id='word_1_629' title='bbox 3176 1871 3462 1925; x_wconf 86' lang='lat' dir='ltr'><strong>humilibus</strong></span> 
     </span>
    </p>
   </div>
   <div class='ocr_carea' id='block_1_78' title="bbox 1877 1954 3464 2026">
    <p class='ocr_par' dir='ltr' id='par_1_78' title="bbox 1877 1954 3464 2026">
     <span class='ocr_line' id='line_1_78' title="bbox 1877 1954 3464 2026; baseline 0.006 -18"><span class='ocrx_word' id='word_1_630' title='bbox 1877 1954 2033 2008; x_wconf 87' lang='lat' dir='ltr'><strong>docet</strong></span> <span class='ocrx_word' id='word_1_631' title='bbox 2083 1965 2138 2009; x_wconf 88' lang='lat' dir='ltr'><strong>et</strong></span> <span class='ocrx_word' id='word_1_632' title='bbox 2173 1967 2442 2024; x_wconf 83' lang='lat' dir='ltr'><strong>provocat,</strong></span> <span class='ocrx_word' id='word_1_633' title='bbox 2483 1967 2540 2011; x_wconf 92' lang='lat' dir='ltr'><strong>ut</strong></span> <span class='ocrx_word' id='word_1_634' title='bbox 2589 1973 2682 2026; x_wconf 91' lang='lat' dir='ltr'><strong>pro</strong></span> <span class='ocrx_word' id='word_1_635' title='bbox 2722 1958 2918 2013; x_wconf 87' lang='lat' dir='ltr'><strong>viribus</strong></span> <span class='ocrx_word' id='word_1_636' title='bbox 2966 1960 3210 2015; x_wconf 89' lang='lat' dir='ltr'><strong>humanis</strong></span> <span class='ocrx_word' id='word_1_637' title='bbox 3254 1962 3464 2017; x_wconf 89' lang='lat' dir='ltr'><strong>Domini</strong></span> 
     </span>
    </p>
   </div>
   <div class='ocr_carea' id='block_1_79' title="bbox 1879 2044 3475 2118">
    <p class='ocr_par' dir='ltr' id='par_1_79' title="bbox 1879 2044 3475 2118">
     <span class='ocr_line' id='line_1_79' title="bbox 1879 2044 3475 2118; baseline 0.004 -19"><span class='ocrx_word' id='word_1_638' title='bbox 1879 2044 2256 2114; x_wconf 82' lang='lat' dir='ltr'><strong>benignitatem</strong></span> <span class='ocrx_word' id='word_1_639' title='bbox 2277 2047 2667 2101; x_wconf 65' lang='lat' dir='ltr'><strong>imitemurJl.</strong></span> <span class='ocrx_word' id='word_1_640' title='bbox 2700 2047 2979 2118; x_wconf 77' lang='lat' dir='ltr'><strong>Dixitque:</strong></span> <span class='ocrx_word' id='word_1_641' title='bbox 3007 2051 3130 2116; x_wconf 78' lang='lat' dir='ltr'><strong>Quis</strong></span> <span class='ocrx_word' id='word_1_642' title='bbox 3146 2053 3475 2112; x_wconf 72' lang='lat' dir='ltr'><strong>mmuntiaoit,</strong></span> 
     </span>
    </p>
   </div>
   <div class='ocr_carea' id='block_1_80' title="bbox 1879 2135 3462 2213">
    <p class='ocr_par' dir='ltr' id='par_1_80' title="bbox 1879 2135 3462 2213">
     <span class='ocr_line' id='line_1_80' title="bbox 1879 2135 3462 2213; baseline 0.008 -26"><span class='ocrx_word' id='word_1_643' title='bbox 1879 2135 1968 2188; x_wconf 84' lang='lat' dir='ltr'><strong>tibi</strong></span> <span class='ocrx_word' id='word_1_644' title='bbox 1989 2136 2126 2204; x_wconf 84' lang='lat' dir='ltr'><strong>quod</strong></span> <span class='ocrx_word' id='word_1_645' title='bbox 2153 2137 2316 2191; x_wconf 80' lang='lat' dir='ltr'><strong>nudus</strong></span> <span class='ocrx_word' id='word_1_646' title='bbox 2343 2155 2502 2202; x_wconf 82' lang='lat' dir='ltr'><strong>esses,</strong></span> <span class='ocrx_word' id='word_1_647' title='bbox 2534 2139 2630 2193; x_wconf 83' lang='lat' dir='ltr'><strong>nisi</strong></span> <span class='ocrx_word' id='word_1_648' title='bbox 2656 2137 2833 2213; x_wconf 71' lang='lat' dir='ltr'><strong>[quod]</strong></span> <span class='ocrx_word' id='word_1_649' title='bbox 2865 2142 2927 2194; x_wconf 89' lang='lat' dir='ltr'><strong>de</strong></span> <span class='ocrx_word' id='word_1_650' title='bbox 2957 2143 3112 2212; x_wconf 82' lang='lat' dir='ltr'><strong>ligno,</strong></span> <span class='ocrx_word' id='word_1_651' title='bbox 3142 2143 3204 2195; x_wconf 83' lang='lat' dir='ltr'><strong>de</strong></span> <span class='ocrx_word' id='word_1_652' title='bbox 3227 2160 3323 2213; x_wconf 80' lang='lat' dir='ltr'><strong>quo</strong></span> <span class='ocrx_word' id='word_1_653' title='bbox 3351 2146 3462 2199; x_wconf 85' lang='lat' dir='ltr'><strong>solo</strong></span> 
     </span>
    </p>
   </div>
   <div class='ocr_carea' id='block_1_81' title="bbox 1880 2228 3458 2302">
    <p class='ocr_par' dir='ltr' id='par_1_81' title="bbox 1880 2228 3458 2302">
     <span class='ocr_line' id='line_1_81' title="bbox 1880 2228 3458 2302; baseline 0.008 -24"><span class='ocrx_word' id='word_1_654' title='bbox 1880 2228 2097 2298; x_wconf 70' lang='lat' dir='ltr'><strong>precepi</strong></span> <span class='ocrx_word' id='word_1_655' title='bbox 2120 2228 2208 2281; x_wconf 86' lang='lat' dir='ltr'><strong>tibi</strong></span> <span class='ocrx_word' id='word_1_656' title='bbox 2227 2245 2288 2282; x_wconf 88' lang='lat' dir='ltr'><strong>ne</strong></span> <span class='ocrx_word' id='word_1_657' title='bbox 2311 2231 2612 2296; x_wconf 81' lang='lat' dir='ltr'><strong>comederes,</strong></span> <span class='ocrx_word' id='word_1_658' title='bbox 2636 2230 2698 2283; x_wconf 84' lang='lat' dir='ltr'><strong>de</strong></span> <span class='ocrx_word' id='word_1_659' title='bbox 2718 2229 2811 2284; x_wconf 83' lang='lat' dir='ltr'><strong>illo</strong></span> <span class='ocrx_word' id='word_1_660' title='bbox 2827 2231 2935 2302; x_wconf 85' lang='lat' dir='ltr'><strong>ipso</strong></span> <span class='ocrx_word' id='word_1_661' title='bbox 2955 2233 3212 2286; x_wconf 81' lang='lat' dir='ltr'><strong>comedisti</strong></span> <span class='ocrx_word' id='word_1_662' title='bbox 3231 2235 3256 2287; x_wconf 79' lang='grc'><em>7</em></span> <span class='ocrx_word' id='word_1_663' title='bbox 3285 2233 3458 2301; x_wconf 87' lang='lat' dir='ltr'><strong>Unde,</strong></span> 
     </span>
    </p>
   </div>
   <div class='ocr_carea' id='block_1_82' title="bbox 1881 2316 3459 2389">
    <p class='ocr_par' dir='ltr' id='par_1_82' title="bbox 1881 2316 3459 2389">
     <span class='ocr_line' id='line_1_82' title="bbox 1881 2316 3459 2389; baseline 0.006 -20"><span class='ocrx_word' id='word_1_664' title='bbox 1881 2316 2068 2384; x_wconf 88' lang='lat' dir='ltr'><strong>inquit,</strong></span> <span class='ocrx_word' id='word_1_665' title='bbox 2099 2331 2283 2386; x_wconf 82' lang='lat' dir='ltr'><strong>posses</strong></span> <span class='ocrx_word' id='word_1_666' title='bbox 2310 2318 2409 2371; x_wconf 92' lang='lat' dir='ltr'><strong>hoc</strong></span> <span class='ocrx_word' id='word_1_667' title='bbox 2435 2318 2600 2383; x_wconf 91' lang='lat' dir='ltr'><strong>scire,</strong></span> <span class='ocrx_word' id='word_1_668' title='bbox 2647 2329 2696 2374; x_wconf 90' lang='lat' dir='ltr'><strong>te</strong></span> <span class='ocrx_word' id='word_1_669' title='bbox 2744 2328 2888 2374; x_wconf 90' lang='lat' dir='ltr'><strong>tanto</strong></span> <span class='ocrx_word' id='word_1_670' title='bbox 2923 2321 3124 2389; x_wconf 90' lang='lat' dir='ltr'><strong>pudore</strong></span> <span class='ocrx_word' id='word_1_671' title='bbox 3167 2323 3324 2389; x_wconf 82' lang='lat' dir='ltr'><strong>afﬁci,</strong></span> <span class='ocrx_word' id='word_1_672' title='bbox 3360 2326 3459 2379; x_wconf 85' lang='lat' dir='ltr'><strong>nisi</strong></span> 
     </span>
    </p>
   </div>
   <div class='ocr_carea' id='block_1_83' title="bbox 1878 2406 3456 2475">
    <p class='ocr_par' dir='ltr' id='par_1_83' title="bbox 1878 2406 3456 2475">
     <span class='ocr_line' id='line_1_83' title="bbox 1878 2406 3456 2475; baseline 0.005 -16"><span class='ocrx_word' id='word_1_673' title='bbox 1878 2406 2100 2459; x_wconf 86' lang='lat' dir='ltr'><strong>multum</strong></span> <span class='ocrx_word' id='word_1_674' title='bbox 2146 2407 2505 2474; x_wconf 87' lang='lat' dir='ltr'><strong>intemperans</strong></span> <span class='ocrx_word' id='word_1_675' title='bbox 2553 2406 2781 2475; x_wconf 81' lang='lat' dir='ltr'><strong>fuisses,</strong></span> <span class='ocrx_word' id='word_1_676' title='bbox 2829 2417 2882 2464; x_wconf 90' lang='lat' dir='ltr'><strong>et</strong></span> <span class='ocrx_word' id='word_1_677' title='bbox 2931 2410 3235 2465; x_wconf 84' lang='lat' dir='ltr'><strong>mandatum</strong></span> <span class='ocrx_word' id='word_1_678' title='bbox 3281 2429 3456 2468; x_wconf 89' lang='lat' dir='ltr'><strong>meum</strong></span> 
     </span>
    </p>
   </div>
   <div class='ocr_carea' id='block_1_84' title="bbox 1878 2497 2938 2566">
    <p class='ocr_par' dir='ltr' id='par_1_84' title="bbox 1878 2497 2938 2566">
     <span class='ocr_line' id='line_1_84' title="bbox 1878 2497 2938 2566; baseline 0 -16"><span class='ocrx_word' id='word_1_679' title='bbox 1878 2497 2290 2566; x_wconf 88' lang='lat' dir='ltr'><strong>contempsisses</strong></span> <span class='ocrx_word' id='word_1_680' title='bbox 2308 2497 2331 2550; x_wconf 86' lang='lat'><strong>?</strong></span> <span class='ocrx_word' id='word_1_681' title='bbox 2935 2539 2938 2542; x_wconf 87' lang='lat'><strong>.</strong></span> 
     </span>
    </p>
   </div>
   <div class='ocr_carea' id='block_1_85' title="bbox 1949 2585 3454 2653">
    <p class='ocr_par' dir='ltr' id='par_1_85' title="bbox 1949 2585 3454 2653">
     <span class='ocr_line' id='line_1_85' title="bbox 1949 2585 3454 2653; baseline 0.003 -13"><span class='ocrx_word' id='word_1_682' title='bbox 1949 2588 2002 2640; x_wconf 78' lang='grc'><strong>4.</strong></span> <span class='ocrx_word' id='word_1_683' title='bbox 2042 2585 2354 2653; x_wconf 89' lang='lat' dir='ltr'><strong>Considera,</strong></span> <span class='ocrx_word' id='word_1_684' title='bbox 2398 2587 2610 2653; x_wconf 89' lang='lat' dir='ltr'><strong>dilecte,</strong></span> <span class='ocrx_word' id='word_1_685' title='bbox 2653 2587 2902 2643; x_wconf 88' lang='lat' dir='ltr'><strong>bonitatis</strong></span> <span class='ocrx_word' id='word_1_686' title='bbox 2946 2590 3035 2644; x_wconf 89' lang='lat' dir='ltr'><strong>Dei</strong></span> <span class='ocrx_word' id='word_1_687' title='bbox 3070 2591 3454 2651; x_wconf 75' lang='lat' dir='ltr'><strong>excellentiam.</strong></span> 
     </span>
    </p>
   </div>
   <div class='ocr_carea' id='block_1_86' title="bbox 1877 2677 3459 2752">
    <p class='ocr_par' dir='ltr' id='par_1_86' title="bbox 1877 2677 3459 2752">
     <span class='ocr_line' id='line_1_86' title="bbox 1877 2677 3459 2752; baseline 0.007 -25"><span class='ocrx_word' id='word_1_688' title='bbox 1877 2677 2146 2746; x_wconf 90' lang='lat' dir='ltr'><strong>quomodo</strong></span> <span class='ocrx_word' id='word_1_689' title='bbox 2186 2679 2334 2747; x_wconf 88' lang='lat' dir='ltr'><strong>quasi</strong></span> <span class='ocrx_word' id='word_1_690' title='bbox 2382 2680 2583 2733; x_wconf 89' lang='lat' dir='ltr'><strong>amicus</strong></span> <span class='ocrx_word' id='word_1_691' title='bbox 2621 2680 2792 2735; x_wconf 88' lang='lat' dir='ltr'><strong>amico</strong></span> <span class='ocrx_word' id='word_1_692' title='bbox 2836 2681 3085 2750; x_wconf 91' lang='lat' dir='ltr'><strong>loquitur,</strong></span> <span class='ocrx_word' id='word_1_693' title='bbox 3113 2692 3168 2737; x_wconf 90' lang='lat' dir='ltr'><strong>et</strong></span> <span class='ocrx_word' id='word_1_694' title='bbox 3193 2685 3342 2752; x_wconf 90' lang='lat' dir='ltr'><strong>quasi</strong></span> <span class='ocrx_word' id='word_1_695' title='bbox 3369 2699 3459 2738; x_wconf 80' lang='lat' dir='ltr'><strong>ex-</strong></span> 
     </span>
    </p>
   </div>
   <div class='ocr_carea' id='block_1_87' title="bbox 1879 2766 3460 2839">
    <p class='ocr_par' dir='ltr' id='par_1_87' title="bbox 1879 2766 3460 2839">
     <span class='ocr_line' id='line_1_87' title="bbox 1879 2766 3460 2839; baseline 0.005 -21"><span class='ocrx_word' id='word_1_696' title='bbox 1879 2766 2111 2835; x_wconf 85' lang='lat' dir='ltr'><strong>postulat</strong></span> <span class='ocrx_word' id='word_1_697' title='bbox 2141 2780 2260 2820; x_wconf 93' lang='lat' dir='ltr'><strong>cum</strong></span> <span class='ocrx_word' id='word_1_698' title='bbox 2289 2782 2353 2820; x_wconf 93' lang='lat' dir='ltr'><strong>eo</strong></span> <span class='ocrx_word' id='word_1_699' title='bbox 2377 2769 2465 2836; x_wconf 91' lang='lat' dir='ltr'><strong>qui</strong></span> <span class='ocrx_word' id='word_1_700' title='bbox 2499 2770 2739 2821; x_wconf 88' lang='lat' dir='ltr'><strong>mamlata</strong></span> <span class='ocrx_word' id='word_1_701' title='bbox 2770 2779 3130 2839; x_wconf 86' lang='lat' dir='ltr'><strong>transgressus</strong></span> <span class='ocrx_word' id='word_1_702' title='bbox 3154 2783 3286 2825; x_wconf 69' lang='lat' dir='ltr'><strong>erat.</strong></span> <span class='ocrx_word' id='word_1_703' title='bbox 3331 2772 3460 2837; x_wconf 82' lang='lat' dir='ltr'><strong>Quis</strong></span> 
     </span>
    </p>
   </div>
   <div class='ocr_carea' id='block_1_88' title="bbox 1879 2857 3458 2932">
    <p class='ocr_par' dir='ltr' id='par_1_88' title="bbox 1879 2857 3458 2932">
     <span class='ocr_line' id='line_1_88' title="bbox 1879 2857 3458 2932; baseline 0.004 -24"><span class='ocrx_word' id='word_1_704' title='bbox 1879 2857 2226 2910; x_wconf 85' lang='lat' dir='ltr'><strong>aununtiasset</strong></span> <span class='ocrx_word' id='word_1_705' title='bbox 2254 2857 2342 2910; x_wconf 81' lang='lat' dir='ltr'><strong>tibi</strong></span> <span class='ocrx_word' id='word_1_706' title='bbox 2365 2857 2500 2926; x_wconf 87' lang='lat' dir='ltr'><strong>quod</strong></span> <span class='ocrx_word' id='word_1_707' title='bbox 2526 2860 2692 2912; x_wconf 84' lang='lat' dir='ltr'><strong>nudus</strong></span> <span class='ocrx_word' id='word_1_708' title='bbox 2717 2876 2868 2926; x_wconf 81' lang='lat' dir='ltr'><strong>esses,</strong></span> <span class='ocrx_word' id='word_1_709' title='bbox 2898 2862 2994 2914; x_wconf 87' lang='lat' dir='ltr'><strong>nisi</strong></span> <span class='ocrx_word' id='word_1_710' title='bbox 3023 2862 3084 2914; x_wconf 86' lang='lat' dir='ltr'><strong>de</strong></span> <span class='ocrx_word' id='word_1_711' title='bbox 3112 2862 3247 2930; x_wconf 83' lang='lat' dir='ltr'><strong>ligno</strong></span> <span class='ocrx_word' id='word_1_712' title='bbox 3275 2865 3337 2916; x_wconf 80' lang='lat' dir='ltr'><strong>de</strong></span> <span class='ocrx_word' id='word_1_713' title='bbox 3361 2881 3458 2932; x_wconf 85' lang='lat' dir='ltr'><strong>quo</strong></span> 
     </span>
    </p>
   </div>
   <div class='ocr_carea' id='block_1_89' title="bbox 1878 2947 3459 3020">
    <p class='ocr_par' dir='ltr' id='par_1_89' title="bbox 1878 2947 3459 3020">
     <span class='ocr_line' id='line_1_89' title="bbox 1878 2947 3459 3020; baseline 0.004 -20"><span class='ocrx_word' id='word_1_714' title='bbox 1878 2947 1986 3000; x_wconf 80' lang='lat' dir='ltr'><strong>solo</strong></span> <span class='ocrx_word' id='word_1_715' title='bbox 2009 2947 2227 3016; x_wconf 75' lang='lat' dir='ltr'><strong>prwcepi</strong></span> <span class='ocrx_word' id='word_1_716' title='bbox 2247 2949 2334 3001; x_wconf 87' lang='lat' dir='ltr'><strong>tibi</strong></span> <span class='ocrx_word' id='word_1_717' title='bbox 2360 2965 2423 3001; x_wconf 88' lang='lat' dir='ltr'><strong>ne</strong></span> <span class='ocrx_word' id='word_1_718' title='bbox 2449 2950 2754 3016; x_wconf 71' lang='lat' dir='ltr'><strong>comedet-es,</strong></span> <span class='ocrx_word' id='word_1_719' title='bbox 2781 2950 2843 3003; x_wconf 84' lang='lat' dir='ltr'><strong>de</strong></span> <span class='ocrx_word' id='word_1_720' title='bbox 2868 2951 2956 3004; x_wconf 77' lang='lat' dir='ltr'><strong>illo</strong></span> <span class='ocrx_word' id='word_1_721' title='bbox 2985 2952 3096 3020; x_wconf 79' lang='lat' dir='ltr'><strong>ipso</strong></span> <span class='ocrx_word' id='word_1_722' title='bbox 3123 2954 3416 3008; x_wconf 64' lang='lat' dir='ltr'><strong>contulisses</strong></span> <span class='ocrx_word' id='word_1_723' title='bbox 3434 2956 3459 3007; x_wconf 81' lang='lat'><strong>?</strong></span> 
     </span>
    </p>
   </div>
   <div class='ocr_carea' id='block_1_90' title="bbox 1878 3037 3455 3116">
    <p class='ocr_par' dir='ltr' id='par_1_90' title="bbox 1878 3037 3455 3116">
     <span class='ocr_line' id='line_1_90' title="bbox 1878 3037 3455 3116; baseline 0.007 -26"><span class='ocrx_word' id='word_1_724' title='bbox 1878 3037 1994 3092; x_wconf 86' lang='lat' dir='ltr'><strong>Non</strong></span> <span class='ocrx_word' id='word_1_725' title='bbox 2025 3048 2170 3094; x_wconf 87' lang='lat' dir='ltr'><strong>caret</strong></span> <span class='ocrx_word' id='word_1_726' title='bbox 2195 3040 2456 3109; x_wconf 85' lang='lat' dir='ltr'><strong>emphasi,</strong></span> <span class='ocrx_word' id='word_1_727' title='bbox 2485 3049 2539 3095; x_wconf 89' lang='lat' dir='ltr'><strong>et</strong></span> <span class='ocrx_word' id='word_1_728' title='bbox 2568 3042 2747 3096; x_wconf 88' lang='lat' dir='ltr'><strong>latenti</strong></span> <span class='ocrx_word' id='word_1_729' title='bbox 2778 3044 3001 3111; x_wconf 90' lang='lat' dir='ltr'><strong>quadam</strong></span> <span class='ocrx_word' id='word_1_730' title='bbox 3032 3045 3108 3110; x_wconf 91' lang='lat' dir='ltr'><strong>vi,</strong></span> <span class='ocrx_word' id='word_1_731' title='bbox 3139 3047 3278 3116; x_wconf 90' lang='lat' dir='ltr'><strong>quod</strong></span> <span class='ocrx_word' id='word_1_732' title='bbox 3307 3048 3455 3112; x_wconf 90' lang='lat' dir='ltr'><strong>dicit,</strong></span> 
     </span>
    </p>
   </div>
   <div class='ocr_carea' id='block_1_91' title="bbox 1879 3128 3549 3204">
    <p class='ocr_par' dir='ltr' id='par_1_91' title="bbox 1879 3128 3549 3204">
     <span class='ocr_line' id='line_1_91' title="bbox 1879 3128 3549 3204; baseline 0.006 -22"><span class='ocrx_word' id='word_1_733' title='bbox 1879 3128 1959 3184; x_wconf 83' lang='lat' dir='ltr'><strong>De</strong></span> <span class='ocrx_word' id='word_1_734' title='bbox 1980 3146 2078 3199; x_wconf 79' lang='lat' dir='ltr'><strong>quo</strong></span> <span class='ocrx_word' id='word_1_735' title='bbox 2097 3131 2203 3184; x_wconf 84' lang='lat' dir='ltr'><strong>solo</strong></span> <span class='ocrx_word' id='word_1_736' title='bbox 2225 3147 2242 3182; x_wconf 89' lang='lat'><strong>:</strong></span> <span class='ocrx_word' id='word_1_737' title='bbox 2257 3133 2405 3201; x_wconf 90' lang='lat' dir='ltr'><strong>quasi</strong></span> <span class='ocrx_word' id='word_1_738' title='bbox 2427 3132 2647 3197; x_wconf 88' lang='lat' dir='ltr'><strong>diceret,</strong></span> <span class='ocrx_word' id='word_1_739' title='bbox 2669 3132 2805 3187; x_wconf 88' lang='lat' dir='ltr'><strong>Num</strong></span> <span class='ocrx_word' id='word_1_740' title='bbox 2827 3134 2960 3188; x_wconf 87' lang='lat' dir='ltr'><strong>adeo</strong></span> <span class='ocrx_word' id='word_1_741' title='bbox 2978 3146 3228 3204; x_wconf 85' lang='lat' dir='ltr'><strong>angustos</strong></span> <span class='ocrx_word' id='word_1_742' title='bbox 3248 3135 3453 3192; x_wconf 88' lang='lat' dir='ltr'><strong>fruendi</strong></span> <span class='ocrx_word' id='word_1_743' title='bbox 3544 3166 3549 3172; x_wconf 66' lang='grc' dir='ltr'><strong><em>ι</em></strong></span> 
     </span>
    </p>
   </div>
   <div class='ocr_carea' id='block_1_92' title="bbox 1880 3220 3522 3294">
    <p class='ocr_par' dir='ltr' id='par_1_92' title="bbox 1880 3220 3522 3294">
     <span class='ocr_line' id='line_1_92' title="bbox 1880 3220 3522 3294; baseline 0.005 -20"><span class='ocrx_word' id='word_1_744' title='bbox 1880 3220 2072 3275; x_wconf 89' lang='lat' dir='ltr'><strong>limites</strong></span> <span class='ocrx_word' id='word_1_745' title='bbox 2096 3220 2186 3275; x_wconf 91' lang='lat' dir='ltr'><strong>tibi</strong></span> <span class='ocrx_word' id='word_1_746' title='bbox 2210 3223 2539 3290; x_wconf 58' lang='lat' dir='ltr'><strong>praescripsi?</strong></span> <span class='ocrx_word' id='word_1_747' title='bbox 2565 3222 2750 3276; x_wconf 87' lang='lat' dir='ltr'><strong>Nonne</strong></span> <span class='ocrx_word' id='word_1_748' title='bbox 2771 3238 2981 3278; x_wconf 90' lang='lat' dir='ltr'><strong>omnem</strong></span> <span class='ocrx_word' id='word_1_749' title='bbox 3003 3227 3208 3293; x_wconf 88' lang='lat' dir='ltr'><strong>copiam</strong></span> <span class='ocrx_word' id='word_1_750' title='bbox 3232 3229 3451 3294; x_wconf 72' lang='lat' dir='ltr'><strong>praebui,</strong></span> <span class='ocrx_word' id='word_1_751' title='bbox 3519 3279 3522 3281; x_wconf 17' lang='grc' dir='ltr'><strong>Α</strong></span> 
     </span>
    </p>
   </div>
   <div class='ocr_carea' id='block_1_93' title="bbox 1879 3311 3458 3382">
    <p class='ocr_par' dir='ltr' id='par_1_93' title="bbox 1879 3311 3458 3382">
     <span class='ocr_line' id='line_1_93' title="bbox 1879 3311 3458 3382; baseline 0.005 -18"><span class='ocrx_word' id='word_1_752' title='bbox 1879 3320 1934 3364; x_wconf 91' lang='lat' dir='ltr'><strong>et</strong></span> <span class='ocrx_word' id='word_1_753' title='bbox 1959 3311 2194 3365; x_wconf 90' lang='lat' dir='ltr'><strong>omnium</strong></span> <span class='ocrx_word' id='word_1_754' title='bbox 2223 3327 2340 3380; x_wconf 83' lang='lat' dir='ltr'><strong>quae</strong></span> <span class='ocrx_word' id='word_1_755' title='bbox 2370 3311 2421 3365; x_wconf 92' lang='lat' dir='ltr'><strong>in</strong></span> <span class='ocrx_word' id='word_1_756' title='bbox 2447 3312 2687 3380; x_wconf 89' lang='lat' dir='ltr'><strong>paradiso</strong></span> <span class='ocrx_word' id='word_1_757' title='bbox 2715 3322 2838 3368; x_wconf 90' lang='lat' dir='ltr'><strong>sunt</strong></span> <span class='ocrx_word' id='word_1_758' title='bbox 2867 3323 3179 3382; x_wconf 86' lang='lat' dir='ltr'><strong>potestatem</strong></span> <span class='ocrx_word' id='word_1_759' title='bbox 3211 3317 3300 3370; x_wconf 89' lang='lat' dir='ltr'><strong>tibi</strong></span> <span class='ocrx_word' id='word_1_760' title='bbox 3329 3332 3458 3371; x_wconf 89' lang='lat' dir='ltr'><strong>con-</strong></span> 
     </span>
    </p>
   </div>
   <div class='ocr_carea' id='block_1_94' title="bbox 1879 3403 3458 3479">
    <p class='ocr_par' dir='ltr' id='par_1_94' title="bbox 1879 3403 3458 3479">
     <span class='ocr_line' id='line_1_94' title="bbox 1879 3403 3458 3479; baseline 0.004 -21"><span class='ocrx_word' id='word_1_761' title='bbox 1879 3403 2096 3468; x_wconf 88' lang='lat' dir='ltr'><strong>cedens,</strong></span> <span class='ocrx_word' id='word_1_762' title='bbox 2122 3404 2190 3459; x_wconf 87' lang='lat' dir='ltr'><strong>ab</strong></span> <span class='ocrx_word' id='word_1_763' title='bbox 2215 3405 2316 3460; x_wconf 90' lang='lat' dir='ltr'><strong>hoc</strong></span> <span class='ocrx_word' id='word_1_764' title='bbox 2339 3407 2494 3460; x_wconf 90' lang='lat' dir='ltr'><strong>unico</strong></span> <span class='ocrx_word' id='word_1_765' title='bbox 2529 3415 2586 3460; x_wconf 91' lang='lat' dir='ltr'><strong>ut</strong></span> <span class='ocrx_word' id='word_1_766' title='bbox 2623 3407 2919 3463; x_wconf 90' lang='lat' dir='ltr'><strong>abstineres</strong></span> <span class='ocrx_word' id='word_1_767' title='bbox 2957 3412 3204 3479; x_wconf 68' lang='lat' dir='ltr'><strong>przeccpi,</strong></span> <span class='ocrx_word' id='word_1_768' title='bbox 3235 3424 3289 3464; x_wconf 90' lang='lat' dir='ltr'><strong>ut</strong></span> <span class='ocrx_word' id='word_1_769' title='bbox 3318 3411 3458 3464; x_wconf 89' lang='lat' dir='ltr'><strong>scire</strong></span> 
     </span>
    </p>
   </div>
   <div class='ocr_carea' id='block_1_95' title="bbox 1881 3494 3453 3566">
    <p class='ocr_par' dir='ltr' id='par_1_95' title="bbox 1881 3494 3453 3566">
     <span class='ocr_line' id='line_1_95' title="bbox 1881 3494 3453 3566; baseline 0.001 -18"><span class='ocrx_word' id='word_1_770' title='bbox 1881 3507 2065 3563; x_wconf 85' lang='lat' dir='ltr'><strong>posses</strong></span> <span class='ocrx_word' id='word_1_771' title='bbox 2094 3503 2146 3549; x_wconf 90' lang='lat' dir='ltr'><strong>te</strong></span> <span class='ocrx_word' id='word_1_772' title='bbox 2170 3494 2269 3549; x_wconf 89' lang='lat' dir='ltr'><strong>sub</strong></span> <span class='ocrx_word' id='word_1_773' title='bbox 2291 3494 2510 3549; x_wconf 86' lang='lat' dir='ltr'><strong>domino</strong></span> <span class='ocrx_word' id='word_1_774' title='bbox 2537 3497 2766 3566; x_wconf 82' lang='lat' dir='ltr'><strong>quodam</strong></span> <span class='ocrx_word' id='word_1_775' title='bbox 2798 3513 2914 3552; x_wconf 86' lang='lat' dir='ltr'><strong>esse</strong></span> <span class='ocrx_word' id='word_1_776' title='bbox 2938 3539 2954 3563; x_wconf 95' lang='lat'><strong>,</strong></span> <span class='ocrx_word' id='word_1_777' title='bbox 2986 3499 3068 3552; x_wconf 91' lang='lat' dir='ltr'><strong>cui</strong></span> <span class='ocrx_word' id='word_1_778' title='bbox 3099 3499 3453 3553; x_wconf 76' lang='lat' dir='ltr'><strong>obedientiam</strong></span> 
     </span>
    </p>
   </div>
   <div class='ocr_carea' id='block_1_96' title="bbox 1880 3571 3457 3655">
    <p class='ocr_par' dir='ltr' id='par_1_96' title="bbox 1880 3571 3457 3655">
     <span class='ocr_line' id='line_1_96' title="bbox 1880 3571 3457 3655; baseline 0.002 -19"><span class='ocrx_word' id='word_1_779' title='bbox 1880 3582 2080 3637; x_wconf 88' lang='lat' dir='ltr'><strong>debes?</strong></span> <span class='ocrx_word' id='word_1_780' title='bbox 2104 3583 2232 3650; x_wconf 74' lang='lat' dir='ltr'><strong>Qua:</strong></span> <span class='ocrx_word' id='word_1_781' title='bbox 2263 3585 2419 3653; x_wconf 76' lang='lat' dir='ltr'><strong>igitur</strong></span> <span class='ocrx_word' id='word_1_782' title='bbox 2441 3594 2582 3638; x_wconf 88' lang='lat' dir='ltr'><strong>tanta</strong></span> <span class='ocrx_word' id='word_1_783' title='bbox 2610 3571 2928 3655; x_wconf 68' lang='lat' dir='ltr'><strong>negligentia</strong></span> <span class='ocrx_word' id='word_1_784' title='bbox 2959 3587 3068 3651; x_wconf 91' lang='lat' dir='ltr'><strong>illa,</strong></span> <span class='ocrx_word' id='word_1_785' title='bbox 3098 3598 3150 3640; x_wconf 91' lang='lat' dir='ltr'><strong>ut</strong></span> <span class='ocrx_word' id='word_1_786' title='bbox 3174 3589 3330 3640; x_wconf 84' lang='lat' dir='ltr'><strong>tantis</strong></span> <span class='ocrx_word' id='word_1_787' title='bbox 3348 3586 3457 3639; x_wconf 85' lang='lat' dir='ltr'><strong>fru-</strong></span> 
     </span>
    </p>
   </div>
   <div class='ocr_carea' id='block_1_97' title="bbox 1881 3673 3453 3742">
    <p class='ocr_par' dir='ltr' id='par_1_97' title="bbox 1881 3673 3453 3742">
     <span class='ocr_line' id='line_1_97' title="bbox 1881 3673 3453 3742; baseline 0.003 -17"><span class='ocrx_word' id='word_1_788' title='bbox 1881 3673 2054 3727; x_wconf 88' lang='lat' dir='ltr'><strong>ctibus</strong></span> <span class='ocrx_word' id='word_1_789' title='bbox 2080 3689 2185 3726; x_wconf 88' lang='lat' dir='ltr'><strong>non</strong></span> <span class='ocrx_word' id='word_1_790' title='bbox 2207 3683 2504 3737; x_wconf 88' lang='lat' dir='ltr'><strong>contentus,</strong></span> <span class='ocrx_word' id='word_1_791' title='bbox 2528 3677 2593 3728; x_wconf 89' lang='lat' dir='ltr'><strong>ab</strong></span> <span class='ocrx_word' id='word_1_792' title='bbox 2614 3676 2714 3730; x_wconf 90' lang='lat' dir='ltr'><strong>hoc</strong></span> <span class='ocrx_word' id='word_1_793' title='bbox 2734 3678 2890 3731; x_wconf 89' lang='lat' dir='ltr'><strong>unico</strong></span> <span class='ocrx_word' id='word_1_794' title='bbox 2914 3678 3180 3732; x_wconf 89' lang='lat' dir='ltr'><strong>abstinere</strong></span> <span class='ocrx_word' id='word_1_795' title='bbox 3199 3679 3453 3742; x_wconf 79' lang='lat' dir='ltr'><strong>nolueris,</strong></span> 
     </span>
    </p>
   </div>
   <div class='ocr_carea' id='block_1_98' title="bbox 1881 3763 3457 3837">
    <p class='ocr_par' dir='ltr' id='par_1_98' title="bbox 1881 3763 3457 3837">
     <span class='ocr_line' id='line_1_98' title="bbox 1881 3763 3457 3837; baseline 0.004 -23"><span class='ocrx_word' id='word_1_796' title='bbox 1881 3770 1934 3814; x_wconf 89' lang='lat' dir='ltr'><strong>et</strong></span> <span class='ocrx_word' id='word_1_797' title='bbox 1963 3763 2040 3832; x_wconf 82' lang='lat' dir='ltr'><strong>sic</strong></span> <span class='ocrx_word' id='word_1_798' title='bbox 2066 3764 2241 3816; x_wconf 89' lang='lat' dir='ltr'><strong>statim</strong></span> <span class='ocrx_word' id='word_1_799' title='bbox 2269 3763 2334 3816; x_wconf 91' lang='lat' dir='ltr'><strong>ad</strong></span> <span class='ocrx_word' id='word_1_800' title='bbox 2366 3765 2663 3818; x_wconf 88' lang='lat' dir='ltr'><strong>violandum</strong></span> <span class='ocrx_word' id='word_1_801' title='bbox 2687 3765 2989 3820; x_wconf 87' lang='lat' dir='ltr'><strong>mandatum</strong></span> <span class='ocrx_word' id='word_1_802' title='bbox 3015 3767 3152 3837; x_wconf 92' lang='lat' dir='ltr'><strong>quod</strong></span> <span class='ocrx_word' id='word_1_803' title='bbox 3184 3767 3304 3822; x_wconf 89' lang='lat' dir='ltr'><strong>dedi</strong></span> <span class='ocrx_word' id='word_1_804' title='bbox 3333 3782 3457 3836; x_wconf 83' lang='lat' dir='ltr'><strong>pro-</strong></span> 
     </span>
    </p>
   </div>
   <div class='ocr_carea' id='block_1_99' title="bbox 1882 3853 3468 3923">
    <p class='ocr_par' dir='ltr' id='par_1_99' title="bbox 1882 3853 3468 3923">
     <span class='ocr_line' id='line_1_99' title="bbox 1882 3853 3468 3923; baseline 0.002 -17"><span class='ocrx_word' id='word_1_805' title='bbox 1882 3853 2122 3921; x_wconf 85' lang='lat' dir='ltr'><strong>ruperis,</strong></span> <span class='ocrx_word' id='word_1_806' title='bbox 2154 3867 2218 3908; x_wconf 88' lang='lat' dir='ltr'><strong>ac</strong></span> <span class='ocrx_word' id='word_1_807' title='bbox 2257 3861 2307 3907; x_wconf 90' lang='lat' dir='ltr'><strong>te</strong></span> <span class='ocrx_word' id='word_1_808' title='bbox 2352 3855 2511 3907; x_wconf 90' lang='lat' dir='ltr'><strong>tantis</strong></span> <span class='ocrx_word' id='word_1_809' title='bbox 2557 3854 2707 3907; x_wconf 87' lang='lat' dir='ltr'><strong>malis</strong></span> <span class='ocrx_word' id='word_1_810' title='bbox 2753 3856 3144 3922; x_wconf 85' lang='lat' dir='ltr'><strong>implicaveris?</strong></span> <span class='ocrx_word' id='word_1_811' title='bbox 3192 3857 3319 3923; x_wconf 81' lang='lat' dir='ltr'><strong>Qua:</strong></span> <span class='ocrx_word' id='word_1_812' title='bbox 3362 3857 3468 3909; x_wconf 78' lang='lat' dir='ltr'><strong>tibi&#39;</strong></span> 
     </span>
    </p>
   </div>
   <div class='ocr_carea' id='block_1_100' title="bbox 1881 3940 3452 4012">
    <p class='ocr_par' dir='ltr' id='par_1_100' title="bbox 1881 3940 3452 4012">
     <span class='ocr_line' id='line_1_100' title="bbox 1881 3940 3452 4012; baseline 0.003 -18"><span class='ocrx_word' id='word_1_813' title='bbox 1881 3940 2003 3996; x_wconf 85' lang='lat' dir='ltr'><strong>inde</strong></span> <span class='ocrx_word' id='word_1_814' title='bbox 2034 3943 2267 3996; x_wconf 72' lang='lat' dir='ltr'><strong>utilitas“!</strong></span> <span class='ocrx_word' id='word_1_815' title='bbox 2308 3944 2496 3996; x_wconf 78' lang='lat' dir='ltr'><strong>Annon</strong></span> <span class='ocrx_word' id='word_1_816' title='bbox 2528 3941 2641 3997; x_wconf 76' lang='lat' dir='ltr'><strong>lucc</strong></span> <span class='ocrx_word' id='word_1_817' title='bbox 2670 3945 2921 4010; x_wconf 72' lang='lat' dir='ltr'><strong>praedixi?</strong></span> <span class='ocrx_word' id='word_1_818' title='bbox 2960 3961 3134 3997; x_wconf 90' lang='lat' dir='ltr'><strong>nonne</strong></span> <span class='ocrx_word' id='word_1_819' title='bbox 3165 3954 3305 3997; x_wconf 90' lang='lat' dir='ltr'><strong>metu</strong></span> <span class='ocrx_word' id='word_1_820' title='bbox 3337 3959 3452 4012; x_wconf 72' lang='lat' dir='ltr'><strong>pi}:-</strong></span> 
     </span>
    </p>
   </div>
   <div class='ocr_carea' id='block_1_101' title="bbox 1879 4031 3454 4103">
    <p class='ocr_par' dir='ltr' id='par_1_101' title="bbox 1879 4031 3454 4103">
     <span class='ocr_line' id='line_1_101' title="bbox 1879 4031 3454 4103; baseline 0.002 -21"><span class='ocrx_word' id='word_1_821' title='bbox 1879 4045 1962 4084; x_wconf 73' lang='lat' dir='ltr'><strong>na:</strong></span> <span class='ocrx_word' id='word_1_822' title='bbox 1991 4031 2128 4084; x_wconf 91' lang='lat' dir='ltr'><strong>volui</strong></span> <span class='ocrx_word' id='word_1_823' title='bbox 2157 4047 2250 4084; x_wconf 93' lang='lat' dir='ltr'><strong>vos</strong></span> <span class='ocrx_word' id='word_1_824' title='bbox 2275 4047 2524 4085; x_wconf 85' lang='lat' dir='ltr'><strong>coercere</strong></span> <span class='ocrx_word' id='word_1_825' title='bbox 2549 4042 2602 4085; x_wconf 89' lang='lat' dir='ltr'><strong>et</strong></span> <span class='ocrx_word' id='word_1_826' title='bbox 2625 4033 2864 4085; x_wconf 79' lang='lat' dir='ltr'><strong>nutnire?</strong></span> <span class='ocrx_word' id='word_1_827' title='bbox 2895 4048 3067 4087; x_wconf 90' lang='lat' dir='ltr'><strong>nonne</strong></span> <span class='ocrx_word' id='word_1_828' title='bbox 3093 4033 3200 4086; x_wconf 80' lang='lat' dir='ltr'><strong>dixi</strong></span> <span class='ocrx_word' id='word_1_829' title='bbox 3221 4049 3338 4103; x_wconf 80' lang='lat' dir='ltr'><strong>qua:</strong></span> <span class='ocrx_word' id='word_1_830' title='bbox 3363 4050 3454 4085; x_wconf 80' lang='lat' dir='ltr'><strong>vo-</strong></span> 
     </span>
    </p>
   </div>
   <div class='ocr_carea' id='block_1_102' title="bbox 1879 4116 3451 4186">
    <p class='ocr_par' dir='ltr' id='par_1_102' title="bbox 1879 4116 3451 4186">
     <span class='ocr_line' id='line_1_102' title="bbox 1879 4116 3451 4186; baseline 0.004 -17"><span class='ocrx_word' id='word_1_831' title='bbox 1879 4116 1961 4169; x_wconf 89' lang='lat' dir='ltr'><strong>his</strong></span> <span class='ocrx_word' id='word_1_832' title='bbox 1988 4127 2237 4171; x_wconf 87' lang='lat' dir='ltr'><strong>eventura</strong></span> <span class='ocrx_word' id='word_1_833' title='bbox 2271 4122 2460 4172; x_wconf 84' lang='lat' dir='ltr'><strong>erant?</strong></span> <span class='ocrx_word' id='word_1_834' title='bbox 2495 4133 2671 4172; x_wconf 92' lang='lat' dir='ltr'><strong>nonne</strong></span> <span class='ocrx_word' id='word_1_835' title='bbox 2701 4118 2798 4173; x_wconf 87' lang='lat' dir='ltr'><strong>hac</strong></span> <span class='ocrx_word' id='word_1_836' title='bbox 2823 4121 2889 4174; x_wconf 87' lang='lat' dir='ltr'><strong>de</strong></span> <span class='ocrx_word' id='word_1_837' title='bbox 2914 4135 3070 4174; x_wconf 87' lang='lat' dir='ltr'><strong>causa</strong></span> <span class='ocrx_word' id='word_1_838' title='bbox 3091 4161 3106 4186; x_wconf 97' lang='lat'><strong>,</strong></span> <span class='ocrx_word' id='word_1_839' title='bbox 3138 4137 3204 4175; x_wconf 88' lang='lat' dir='ltr'><strong>ne</strong></span> <span class='ocrx_word' id='word_1_840' title='bbox 3231 4123 3280 4175; x_wconf 91' lang='lat' dir='ltr'><strong>in</strong></span> <span class='ocrx_word' id='word_1_841' title='bbox 3311 4131 3451 4175; x_wconf 87' lang='lat' dir='ltr'><strong>tanta</strong></span> 
     </span>
    </p>
   </div>
   <div class='ocr_carea' id='block_1_103' title="bbox 1879 4206 3455 4279">
    <p class='ocr_par' dir='ltr' id='par_1_103' title="bbox 1879 4206 3455 4279">
     <span class='ocr_line' id='line_1_103' title="bbox 1879 4206 3455 4279; baseline 0.004 -22"><span class='ocrx_word' id='word_1_842' title='bbox 1879 4206 2016 4258; x_wconf 88' lang='lat' dir='ltr'><strong>mala</strong></span> <span class='ocrx_word' id='word_1_843' title='bbox 2047 4206 2370 4271; x_wconf 87' lang='lat' dir='ltr'><strong>incideretis,</strong></span> <span class='ocrx_word' id='word_1_844' title='bbox 2400 4207 2538 4261; x_wconf 89' lang='lat' dir='ltr'><strong>hunc</strong></span> <span class='ocrx_word' id='word_1_845' title='bbox 2563 4207 2739 4260; x_wconf 89' lang='lat' dir='ltr'><strong>cibmu</strong></span> <span class='ocrx_word' id='word_1_846' title='bbox 2771 4208 3048 4277; x_wconf 86' lang='lat' dir='ltr'><strong>prohibui?</strong></span> <span class='ocrx_word' id='word_1_847' title='bbox 3072 4209 3201 4276; x_wconf 87' lang='lat' dir='ltr'><strong>Quis</strong></span> <span class='ocrx_word' id='word_1_848' title='bbox 3242 4219 3291 4264; x_wconf 89' lang='lat' dir='ltr'><strong>te</strong></span> <span class='ocrx_word' id='word_1_849' title='bbox 3333 4219 3455 4279; x_wconf 90' lang='lat' dir='ltr'><strong>post</strong></span> 
     </span>
    </p>
   </div>
   <div class='ocr_carea' id='block_1_104' title="bbox 1879 4285 3456 4370">
    <p class='ocr_par' dir='ltr' id='par_1_104' title="bbox 1879 4285 3456 4370">
     <span class='ocr_line' id='line_1_104' title="bbox 1879 4285 3456 4370; baseline 0.006 -23"><span class='ocrx_word' id='word_1_850' title='bbox 1879 4296 2030 4349; x_wconf 87' lang='lat' dir='ltr'><strong>venia</strong></span> <span class='ocrx_word' id='word_1_851' title='bbox 2060 4296 2302 4363; x_wconf 70' lang='lat' dir='ltr'><strong>dignetur</strong></span> <span class='ocrx_word' id='word_1_852' title='bbox 2328 4338 2342 4361; x_wconf 94' lang='lat'><strong>,</strong></span> <span class='ocrx_word' id='word_1_853' title='bbox 2384 4285 2470 4367; x_wconf 85' lang='lat' dir='ltr'><strong>qui</strong></span> <span class='ocrx_word' id='word_1_854' title='bbox 2505 4307 2616 4366; x_wconf 89' lang='lat' dir='ltr'><strong>post</strong></span> <span class='ocrx_word' id='word_1_855' title='bbox 2647 4307 2787 4352; x_wconf 85' lang='lat' dir='ltr'><strong>tanta</strong></span> <span class='ocrx_word' id='word_1_856' title='bbox 2820 4300 3064 4354; x_wconf 85' lang='lat' dir='ltr'><strong>mandata</strong></span> <span class='ocrx_word' id='word_1_857' title='bbox 3092 4302 3198 4354; x_wconf 88' lang='lat' dir='ltr'><strong>Deo</strong></span> <span class='ocrx_word' id='word_1_858' title='bbox 3222 4303 3456 4370; x_wconf 81' lang='lat' dir='ltr'><strong>ingratus</strong></span> 
     </span>
    </p>
   </div>
   <div class='ocr_carea' id='block_1_105' title="bbox 1880 4384 3451 4454">
    <p class='ocr_par' dir='ltr' id='par_1_105' title="bbox 1880 4384 3451 4454">
     <span class='ocr_line' id='line_1_105' title="bbox 1880 4384 3451 4454; baseline 0.004 -17"><span class='ocrx_word' id='word_1_859' title='bbox 1880 4384 2074 4439; x_wconf 90' lang='lat' dir='ltr'><strong>fueris?</strong></span> <span class='ocrx_word' id='word_1_860' title='bbox 2100 4385 2284 4439; x_wconf 88' lang='lat' dir='ltr'><strong>Nonne</strong></span> <span class='ocrx_word' id='word_1_861' title='bbox 2299 4388 2437 4440; x_wconf 84' lang='lat' dir='ltr'><strong>sicut</strong></span> <span class='ocrx_word' id='word_1_862' title='bbox 2461 4399 2609 4454; x_wconf 84' lang='lat' dir='ltr'><strong>pater</strong></span> <span class='ocrx_word' id='word_1_863' title='bbox 2633 4387 2879 4440; x_wconf 88' lang='lat' dir='ltr'><strong>dilectum</strong></span> <span class='ocrx_word' id='word_1_864' title='bbox 2905 4389 3089 4454; x_wconf 83' lang='lat' dir='ltr'><strong>lilium,</strong></span> <span class='ocrx_word' id='word_1_865' title='bbox 3113 4389 3179 4442; x_wconf 91' lang='lat' dir='ltr'><strong>de</strong></span> <span class='ocrx_word' id='word_1_866' title='bbox 3206 4391 3451 4444; x_wconf 89' lang='lat' dir='ltr'><strong>omnibus</strong></span> 
     </span>
    </p>
   </div>
   <div class='ocr_carea' id='block_1_106' title="bbox 1878 4465 3451 4550">
    <p class='ocr_par' dir='ltr' id='par_1_106' title="bbox 1878 4465 3451 4550">
     <span class='ocr_line' id='line_1_106' title="bbox 1878 4465 3451 4550; baseline 0.006 -25"><span class='ocrx_word' id='word_1_867' title='bbox 1878 4474 2006 4525; x_wconf 89' lang='lat' dir='ltr'><strong>satis</strong></span> <span class='ocrx_word' id='word_1_868' title='bbox 2030 4473 2255 4528; x_wconf 83' lang='lat' dir='ltr'><strong>dilucide</strong></span> <span class='ocrx_word' id='word_1_869' title='bbox 2284 4484 2338 4528; x_wconf 92' lang='lat' dir='ltr'><strong>et</strong></span> <span class='ocrx_word' id='word_1_870' title='bbox 2381 4477 2626 4530; x_wconf 86' lang='lat' dir='ltr'><strong>distincte</strong></span> <span class='ocrx_word' id='word_1_871' title='bbox 2655 4477 2898 4539; x_wconf 80' lang='lat' dir='ltr'><strong>instruxi,</strong></span> <span class='ocrx_word' id='word_1_872' title='bbox 2927 4486 2982 4531; x_wconf 89' lang='lat' dir='ltr'><strong>ut</strong></span> <span class='ocrx_word' id='word_1_873' title='bbox 3006 4477 3074 4532; x_wconf 89' lang='lat' dir='ltr'><strong>de</strong></span> <span class='ocrx_word' id='word_1_874' title='bbox 3099 4479 3216 4533; x_wconf 89' lang='lat' dir='ltr'><strong>aliis</strong></span> <span class='ocrx_word' id='word_1_875' title='bbox 3241 4465 3451 4550; x_wconf 83' lang='lat' dir='ltr'><strong>quidem</strong></span> 
     </span>
    </p>
   </div>
   <div class='ocr_carea' id='block_1_107' title="bbox 1877 4564 3454 4633">
    <p class='ocr_par' dir='ltr' id='par_1_107' title="bbox 1877 4564 3454 4633">
     <span class='ocr_line' id='line_1_107' title="bbox 1877 4564 3454 4633; baseline 0.008 -19"><span class='ocrx_word' id='word_1_876' title='bbox 1877 4572 2138 4631; x_wconf 87' lang='lat' dir='ltr'><strong>gustares,</strong></span> <span class='ocrx_word' id='word_1_877' title='bbox 2165 4565 2232 4618; x_wconf 92' lang='lat' dir='ltr'><strong>ab</strong></span> <span class='ocrx_word' id='word_1_878' title='bbox 2274 4564 2374 4617; x_wconf 86' lang='lat' dir='ltr'><strong>hoc</strong></span> <span class='ocrx_word' id='word_1_879' title='bbox 2410 4575 2583 4621; x_wconf 86' lang='lat' dir='ltr'><strong>autem</strong></span> <span class='ocrx_word' id='word_1_880' title='bbox 2625 4567 2952 4633; x_wconf 88' lang='lat' dir='ltr'><strong>abstineres,</strong></span> <span class='ocrx_word' id='word_1_881' title='bbox 2984 4577 3042 4622; x_wconf 92' lang='lat' dir='ltr'><strong>ut</strong></span> <span class='ocrx_word' id='word_1_882' title='bbox 3068 4584 3135 4624; x_wconf 91' lang='lat' dir='ltr'><strong>ne</strong></span> <span class='ocrx_word' id='word_1_883' title='bbox 3161 4573 3335 4624; x_wconf 88' lang='lat' dir='ltr'><strong>omnia</strong></span> <span class='ocrx_word' id='word_1_884' title='bbox 3366 4581 3454 4627; x_wconf 89' lang='lat' dir='ltr'><strong>tua</strong></span> 
     </span>
    </p>
   </div>
   <div class='ocr_carea' id='block_1_108' title="bbox 1880 4653 3455 4722">
    <p class='ocr_par' dir='ltr' id='par_1_108' title="bbox 1880 4653 3455 4722">
     <span class='ocr_line' id='line_1_108' title="bbox 1880 4653 3455 4722; baseline 0.008 -19"><span class='ocrx_word' id='word_1_885' title='bbox 1880 4653 2014 4704; x_wconf 89' lang='lat' dir='ltr'><strong>bona</strong></span> <span class='ocrx_word' id='word_1_886' title='bbox 2045 4653 2202 4706; x_wconf 90' lang='lat' dir='ltr'><strong>simul</strong></span> <span class='ocrx_word' id='word_1_887' title='bbox 2232 4653 2519 4722; x_wconf 86' lang='lat' dir='ltr'><strong>perderes?</strong></span> <span class='ocrx_word' id='word_1_888' title='bbox 2544 4654 2646 4710; x_wconf 89' lang='lat' dir='ltr'><strong>Sed</strong></span> <span class='ocrx_word' id='word_1_889' title='bbox 2669 4654 2805 4710; x_wconf 92' lang='lat' dir='ltr'><strong>forte</strong></span> <span class='ocrx_word' id='word_1_890' title='bbox 2834 4667 2977 4711; x_wconf 88' lang='lat' dir='ltr'><strong>ratus</strong></span> <span class='ocrx_word' id='word_1_891' title='bbox 3001 4674 3060 4712; x_wconf 90' lang='lat' dir='ltr'><strong>es</strong></span> <span class='ocrx_word' id='word_1_892' title='bbox 3085 4658 3305 4714; x_wconf 87' lang='lat' dir='ltr'><strong>alterius</strong></span> <span class='ocrx_word' id='word_1_893' title='bbox 3326 4676 3455 4714; x_wconf 86' lang='lat' dir='ltr'><strong>con-</strong></span> 
     </span>
    </p>
   </div>
   <div class='ocr_carea' id='block_1_109' title="bbox 1877 4743 3452 4817">
    <p class='ocr_par' dir='ltr' id='par_1_109' title="bbox 1877 4743 3452 4817">
     <span class='ocr_line' id='line_1_109' title="bbox 1877 4743 3452 4817; baseline 0.005 -20"><span class='ocrx_word' id='word_1_894' title='bbox 1877 4743 2053 4797; x_wconf 88' lang='lat' dir='ltr'><strong>silium</strong></span> <span class='ocrx_word' id='word_1_895' title='bbox 2083 4760 2204 4799; x_wconf 89' lang='lat' dir='ltr'><strong>meo</strong></span> <span class='ocrx_word' id='word_1_896' title='bbox 2233 4745 2483 4800; x_wconf 86' lang='lat' dir='ltr'><strong>mandato</strong></span> <span class='ocrx_word' id='word_1_897' title='bbox 2507 4747 2696 4800; x_wconf 89' lang='lat' dir='ltr'><strong>melius</strong></span> <span class='ocrx_word' id='word_1_898' title='bbox 2733 4758 2788 4802; x_wconf 91' lang='lat' dir='ltr'><strong>et</strong></span> <span class='ocrx_word' id='word_1_899' title='bbox 2830 4747 2933 4802; x_wconf 84' lang='lat' dir='ltr'><strong>fide</strong></span> <span class='ocrx_word' id='word_1_900' title='bbox 2974 4749 3215 4817; x_wconf 82' lang='lat' dir='ltr'><strong>dignius;</strong></span> <span class='ocrx_word' id='word_1_901' title='bbox 3263 4758 3318 4804; x_wconf 94' lang='lat' dir='ltr'><strong>et</strong></span> <span class='ocrx_word' id='word_1_902' title='bbox 3355 4765 3452 4804; x_wconf 76' lang='lat' dir='ltr'><strong>ex-</strong></span> 
     </span>
    </p>
   </div>
   <div class='ocr_carea' id='block_1_110' title="bbox 1878 4835 3454 4904">
    <p class='ocr_par' dir='ltr' id='par_1_110' title="bbox 1878 4835 3454 4904">
     <span class='ocr_line' id='line_1_110' title="bbox 1878 4835 3454 4904; baseline 0.004 -17"><span class='ocrx_word' id='word_1_903' title='bbox 1878 4835 2199 4902; x_wconf 85' lang='lat' dir='ltr'><strong>spectatione</strong></span> <span class='ocrx_word' id='word_1_904' title='bbox 2241 4835 2501 4904; x_wconf 87' lang='lat' dir='ltr'><strong>majorum</strong></span> <span class='ocrx_word' id='word_1_905' title='bbox 2551 4837 2810 4890; x_wconf 89' lang='lat' dir='ltr'><strong>bouorum</strong></span> <span class='ocrx_word' id='word_1_906' title='bbox 2857 4838 2966 4889; x_wconf 68' lang='lat' dir='ltr'><strong>haec</strong></span> <span class='ocrx_word' id='word_1_907' title='bbox 3010 4837 3201 4904; x_wconf 86' lang='lat' dir='ltr'><strong>fecisti,</strong></span> <span class='ocrx_word' id='word_1_908' title='bbox 3229 4847 3283 4892; x_wconf 89' lang='lat' dir='ltr'><strong>et</strong></span> <span class='ocrx_word' id='word_1_909' title='bbox 3322 4855 3454 4894; x_wconf 84' lang='lat' dir='ltr'><strong>con-</strong></span> 
     </span>
    </p>
   </div>
   <div class='ocr_carea' id='block_1_111' title="bbox 1880 4925 3451 4994">
    <p class='ocr_par' dir='ltr' id='par_1_111' title="bbox 1880 4925 3451 4994">
     <span class='ocr_line' id='line_1_111' title="bbox 1880 4925 3451 4994; baseline 0.007 -19"><span class='ocrx_word' id='word_1_910' title='bbox 1880 4932 2080 4990; x_wconf 89' lang='lat' dir='ltr'><strong>tempto</strong></span> <span class='ocrx_word' id='word_1_911' title='bbox 2107 4925 2354 4978; x_wconf 87' lang='lat' dir='ltr'><strong>mandato</strong></span> <span class='ocrx_word' id='word_1_912' title='bbox 2383 4940 2524 4990; x_wconf 89' lang='lat' dir='ltr'><strong>meo,</strong></span> <span class='ocrx_word' id='word_1_913' title='bbox 2554 4925 2619 4979; x_wconf 91' lang='lat' dir='ltr'><strong>de</strong></span> <span class='ocrx_word' id='word_1_914' title='bbox 2647 4927 2787 4994; x_wconf 87' lang='lat' dir='ltr'><strong>ligno</strong></span> <span class='ocrx_word' id='word_1_915' title='bbox 2815 4925 2973 4979; x_wconf 85' lang='lat' dir='ltr'><strong>edere</strong></span> <span class='ocrx_word' id='word_1_916' title='bbox 3003 4941 3164 4980; x_wconf 82' lang='lat' dir='ltr'><strong>ausus</strong></span> <span class='ocrx_word' id='word_1_917' title='bbox 3194 4943 3272 4983; x_wconf 91' lang='lat' dir='ltr'><strong>es.</strong></span> <span class='ocrx_word' id='word_1_918' title='bbox 3318 4930 3451 4986; x_wconf 80' lang='lat' dir='ltr'><strong>Ecce</strong></span> 
     </span>
    </p>
   </div>
   <div class='ocr_carea' id='block_1_112' title="bbox 1877 5008 3452 5083">
    <p class='ocr_par' dir='ltr' id='par_1_112' title="bbox 1877 5008 3452 5083">
     <span class='ocr_line' id='line_1_112' title="bbox 1877 5008 3452 5083; baseline 0.006 -16"><span class='ocrx_word' id='word_1_919' title='bbox 1877 5014 2002 5083; x_wconf 91' lang='lat' dir='ltr'><strong>quid</strong></span> <span class='ocrx_word' id='word_1_920' title='bbox 2030 5015 2121 5068; x_wconf 91' lang='lat' dir='ltr'><strong>tibi</strong></span> <span class='ocrx_word' id='word_1_921' title='bbox 2153 5015 2421 5078; x_wconf 85' lang='lat' dir='ltr'><strong>acciderit,</strong></span> <span class='ocrx_word' id='word_1_922' title='bbox 2443 5031 2581 5068; x_wconf 91' lang='lat' dir='ltr'><strong>nunc</strong></span> <span class='ocrx_word' id='word_1_923' title='bbox 2597 5015 2916 5082; x_wconf 79' lang='lat' dir='ltr'><strong>experientia</strong></span> <span class='ocrx_word' id='word_1_924' title='bbox 2943 5008 3201 5073; x_wconf 85' lang='lat' dir='ltr'><strong>malorum</strong></span> <span class='ocrx_word' id='word_1_925' title='bbox 3223 5020 3452 5077; x_wconf 87' lang='lat' dir='ltr'><strong>didicisti</strong></span> 
     </span>
    </p>
   </div>
   <div class='ocr_carea' id='block_1_113' title="bbox 1877 5105 3451 5178">
    <p class='ocr_par' dir='ltr' id='par_1_113' title="bbox 1877 5105 3451 5178">
     <span class='ocr_line' id='line_1_113' title="bbox 1877 5105 3451 5178; baseline 0.005 -21"><span class='ocrx_word' id='word_1_926' title='bbox 1877 5115 2070 5177; x_wconf 85' lang='lat' dir='ltr'><strong>quanta</strong></span> <span class='ocrx_word' id='word_1_927' title='bbox 2114 5105 2317 5158; x_wconf 89' lang='lat' dir='ltr'><strong>consilii</strong></span> <span class='ocrx_word' id='word_1_928' title='bbox 2363 5105 2500 5158; x_wconf 90' lang='lat' dir='ltr'><strong>illius</strong></span> <span class='ocrx_word' id='word_1_929' title='bbox 2545 5105 2826 5173; x_wconf 90' lang='lat' dir='ltr'><strong>pernicies.</strong></span> <span class='ocrx_word' id='word_1_930' title='bbox 2873 5105 3089 5162; x_wconf 77' lang='lat' dir='ltr'><strong>Vidistis</strong></span> <span class='ocrx_word' id='word_1_931' title='bbox 3120 5108 3315 5178; x_wconf 86' lang='lat' dir='ltr'><strong>judicis</strong></span> <span class='ocrx_word' id='word_1_932' title='bbox 3343 5111 3451 5165; x_wconf 90' lang='lat' dir='ltr'><strong>cle-</strong></span> 
     </span>
    </p>
   </div>
   <div class='ocr_carea' id='block_1_114' title="bbox 1878 5193 3454 5252">
    <p class='ocr_par' dir='ltr' id='par_1_114' title="bbox 1878 5193 3454 5252">
     <span class='ocr_line' id='line_1_114' title="bbox 1878 5193 3454 5252; baseline 0.003 -4"><span class='ocrx_word' id='word_1_933' title='bbox 1878 5194 2170 5248; x_wconf 79' lang='lat' dir='ltr'><strong>mentiam?</strong></span> <span class='ocrx_word' id='word_1_934' title='bbox 2200 5193 2404 5247; x_wconf 88' lang='lat' dir='ltr'><strong>vidistis</strong></span> <span class='ocrx_word' id='word_1_935' title='bbox 2434 5194 2889 5248; x_wconf 86' lang='lat' dir='ltr'><strong>mansuetudinem</strong></span> <span class='ocrx_word' id='word_1_936' title='bbox 2921 5205 2975 5250; x_wconf 93' lang='lat' dir='ltr'><strong>et</strong></span> <span class='ocrx_word' id='word_1_937' title='bbox 3006 5198 3341 5251; x_wconf 88' lang='lat' dir='ltr'><strong>tolerantiam</strong></span> <span class='ocrx_word' id='word_1_938' title='bbox 3372 5199 3454 5252; x_wconf 86' lang='lat' dir='ltr'><strong>iu-</strong></span> 
     </span>
    </p>
   </div>
   <div class='ocr_carea' id='block_1_115' title="bbox 1879 5282 3447 5353">
    <p class='ocr_par' dir='ltr' id='par_1_115' title="bbox 1879 5282 3447 5353">
     <span class='ocr_line' id='line_1_115' title="bbox 1879 5282 3447 5353; baseline 0.002 -16"><span class='ocrx_word' id='word_1_939' title='bbox 1879 5283 2269 5337; x_wconf 85' lang='lat' dir='ltr'><strong>enarrabilcm?</strong></span> <span class='ocrx_word' id='word_1_940' title='bbox 2321 5282 2526 5336; x_wconf 88' lang='lat' dir='ltr'><strong>vidistis</strong></span> <span class='ocrx_word' id='word_1_941' title='bbox 2577 5283 2860 5338; x_wconf 87' lang='lat' dir='ltr'><strong>verborum</strong></span> <span class='ocrx_word' id='word_1_942' title='bbox 2914 5286 3447 5353; x_wconf 77' lang='lat' dir='ltr'><strong>attemperationem.</strong></span> 
     </span>
    </p>
   </div>
   <div class='ocr_carea' id='block_1_116' title="bbox 1878 5373 3455 5444">
    <p class='ocr_par' dir='ltr' id='par_1_116' title="bbox 1878 5373 3455 5444">
     <span class='ocr_line' id='line_1_116' title="bbox 1878 5373 3455 5444; baseline 0.003 -18"><span class='ocrx_word' id='word_1_943' title='bbox 1878 5375 2022 5428; x_wconf 91' lang='lat' dir='ltr'><strong>omni</strong></span> <span class='ocrx_word' id='word_1_944' title='bbox 2065 5389 2310 5430; x_wconf 82' lang='lat' dir='ltr'><strong>sermone</strong></span> <span class='ocrx_word' id='word_1_945' title='bbox 2358 5385 2411 5427; x_wconf 90' lang='lat' dir='ltr'><strong>et</strong></span> <span class='ocrx_word' id='word_1_946' title='bbox 2457 5373 2773 5442; x_wconf 74' lang='lat' dir='ltr'><strong>cogitatione</strong></span> <span class='ocrx_word' id='word_1_947' title='bbox 2825 5377 3189 5444; x_wconf 88' lang='lat' dir='ltr'><strong>superiorem?</strong></span> <span class='ocrx_word' id='word_1_948' title='bbox 3252 5377 3455 5430; x_wconf 74' lang='lat' dir='ltr'><strong>vidistis</strong></span> 
     </span>
    </p>
   </div>
   <div class='ocr_carea' id='block_1_117' title="bbox 1878 5463 3452 5532">
    <p class='ocr_par' dir='ltr' id='par_1_117' title="bbox 1878 5463 3452 5532">
     <span class='ocr_line' id='line_1_117' title="bbox 1878 5463 3452 5532; baseline 0.002 -17"><span class='ocrx_word' id='word_1_949' title='bbox 1878 5464 2145 5532; x_wconf 89' lang='lat' dir='ltr'><strong>quomodo</strong></span> <span class='ocrx_word' id='word_1_950' title='bbox 2165 5479 2258 5531; x_wconf 90' lang='lat' dir='ltr'><strong>per</strong></span> <span class='ocrx_word' id='word_1_951' title='bbox 2284 5463 2767 5530; x_wconf 86' lang='lat' dir='ltr'><strong>interrogationem,</strong></span> <span class='ocrx_word' id='word_1_952' title='bbox 2793 5474 2844 5518; x_wconf 92' lang='lat' dir='ltr'><strong>et</strong></span> <span class='ocrx_word' id='word_1_953' title='bbox 2873 5480 2965 5532; x_wconf 89' lang='lat' dir='ltr'><strong>per</strong></span> <span class='ocrx_word' id='word_1_954' title='bbox 2991 5465 3102 5518; x_wconf 81' lang='lat' dir='ltr'><strong>lucc</strong></span> <span class='ocrx_word' id='word_1_955' title='bbox 3125 5464 3300 5526; x_wconf 87' lang='lat' dir='ltr'><strong>verba,</strong></span> <span class='ocrx_word' id='word_1_956' title='bbox 3330 5467 3452 5529; x_wconf 80' lang='lat' dir='ltr'><strong>Quis</strong></span> 
     </span>
    </p>
   </div>
   <div class='ocr_carea' id='block_1_118' title="bbox 1879 5553 3448 5624">
    <p class='ocr_par' dir='ltr' id='par_1_118' title="bbox 1879 5553 3448 5624">
     <span class='ocr_line' id='line_1_118' title="bbox 1879 5553 3448 5624; baseline 0.004 -20"><span class='ocrx_word' id='word_1_957' title='bbox 1879 5554 2190 5606; x_wconf 71' lang='lat' dir='ltr'><strong>enituntiovit</strong></span> <span class='ocrx_word' id='word_1_958' title='bbox 2216 5554 2303 5607; x_wconf 84' lang='lat' dir='ltr'><strong>tibi</strong></span> <span class='ocrx_word' id='word_1_959' title='bbox 2331 5555 2463 5622; x_wconf 82' lang='lat' dir='ltr'><strong>quod</strong></span> <span class='ocrx_word' id='word_1_960' title='bbox 2488 5553 2652 5606; x_wconf 85' lang='lat' dir='ltr'><strong>nudus</strong></span> <span class='ocrx_word' id='word_1_961' title='bbox 2678 5571 2808 5608; x_wconf 85' lang='lat' dir='ltr'><strong>esses</strong></span> <span class='ocrx_word' id='word_1_962' title='bbox 2830 5597 2844 5617; x_wconf 91' lang='lat'><strong>,</strong></span> <span class='ocrx_word' id='word_1_963' title='bbox 2875 5556 2970 5607; x_wconf 86' lang='lat' dir='ltr'><strong>nisi</strong></span> <span class='ocrx_word' id='word_1_964' title='bbox 2997 5555 3059 5605; x_wconf 87' lang='lat' dir='ltr'><strong>de</strong></span> <span class='ocrx_word' id='word_1_965' title='bbox 3084 5555 3240 5623; x_wconf 82' lang='lat' dir='ltr'><strong>ligno,</strong></span> <span class='ocrx_word' id='word_1_966' title='bbox 3268 5556 3328 5608; x_wconf 85' lang='lat' dir='ltr'><strong>de</strong></span> <span class='ocrx_word' id='word_1_967' title='bbox 3353 5573 3448 5624; x_wconf 79' lang='lat' dir='ltr'><strong>quo</strong></span> 
     </span>
    </p>
   </div>
   <div class='ocr_carea' id='block_1_119' title="bbox 1878 5645 3444 5715">
    <p class='ocr_par' dir='ltr' id='par_1_119' title="bbox 1878 5645 3444 5715">
     <span class='ocr_line' id='line_1_119' title="bbox 1878 5645 3444 5715; baseline 0.002 -18"><span class='ocrx_word' id='word_1_968' title='bbox 1878 5645 1987 5697; x_wconf 85' lang='lat' dir='ltr'><strong>solo</strong></span> <span class='ocrx_word' id='word_1_969' title='bbox 2007 5646 2222 5715; x_wconf 71' lang='lat' dir='ltr'><strong>pracepi</strong></span> <span class='ocrx_word' id='word_1_970' title='bbox 2249 5645 2336 5696; x_wconf 88' lang='lat' dir='ltr'><strong>tibi</strong></span> <span class='ocrx_word' id='word_1_971' title='bbox 2361 5661 2421 5697; x_wconf 83' lang='lat' dir='ltr'><strong>ne</strong></span> <span class='ocrx_word' id='word_1_972' title='bbox 2445 5645 2745 5710; x_wconf 84' lang='lat' dir='ltr'><strong>comedcres,</strong></span> <span class='ocrx_word' id='word_1_973' title='bbox 2778 5651 2841 5697; x_wconf 87' lang='lat' dir='ltr'><strong>de</strong></span> <span class='ocrx_word' id='word_1_974' title='bbox 2869 5646 2956 5698; x_wconf 80' lang='lat' dir='ltr'><strong>illo</strong></span> <span class='ocrx_word' id='word_1_975' title='bbox 2982 5645 3090 5714; x_wconf 84' lang='lat' dir='ltr'><strong>ipso</strong></span> <span class='ocrx_word' id='word_1_976' title='bbox 3113 5646 3408 5700; x_wconf 79' lang='lat' dir='ltr'><strong>comedisses</strong></span> <span class='ocrx_word' id='word_1_977' title='bbox 3433 5690 3444 5709; x_wconf 89' lang='lat'><strong>,</strong></span> 
     </span>
    </p>
   </div>
   <div class='ocr_carea' id='block_1_120' title="bbox 1871 5731 3444 5803">
    <p class='ocr_par' dir='ltr' id='par_1_120' title="bbox 1871 5731 3444 5803">
     <span class='ocr_line' id='line_1_120' title="bbox 1871 5731 3444 5803; baseline 0.003 -18"><span class='ocrx_word' id='word_1_978' title='bbox 1871 5731 2064 5802; x_wconf 87' lang='lat' dir='ltr'><strong>januas</strong></span> <span class='ocrx_word' id='word_1_979' title='bbox 2092 5732 2163 5786; x_wconf 93' lang='lat' dir='ltr'><strong>illi</strong></span> <span class='ocrx_word' id='word_1_980' title='bbox 2190 5733 2396 5803; x_wconf 85' lang='lat' dir='ltr'><strong>aperire</strong></span> <span class='ocrx_word' id='word_1_981' title='bbox 2435 5733 2546 5786; x_wconf 85' lang='lat' dir='ltr'><strong>vult</strong></span> <span class='ocrx_word' id='word_1_982' title='bbox 2583 5733 2927 5800; x_wconf 89' lang='lat' dir='ltr'><strong>defensionis,</strong></span> <span class='ocrx_word' id='word_1_983' title='bbox 2967 5744 3022 5788; x_wconf 90' lang='lat' dir='ltr'><strong>ut</strong></span> <span class='ocrx_word' id='word_1_984' title='bbox 3059 5743 3112 5789; x_wconf 90' lang='lat' dir='ltr'><strong>et</strong></span> <span class='ocrx_word' id='word_1_985' title='bbox 3153 5734 3444 5790; x_wconf 79' lang='lat' dir='ltr'><strong>misericor-</strong></span> 
     </span>
    </p>
   </div>
  </div>
