4058 6302
542 376 642 434 139

536 491 676 546 diam
701 500 848 540 suam
873 496 998 553 erga
1026 494 1147 536 eum
1171 477 1259 548 qui
1285 483 1486 529 tantum
1516 480 1849 545 peccaverat,
1875 466 2109 523 declat-2.

540 579 655 636 ret?
702 575 993 631 Audiamus
1030 579 1084 626 et
1121 582 1306 632 reum,
1344 561 1470 635 quid
1511 564 1578 620 ad
1621 563 1734 618 bzee
1772 553 2106 628 respondeat.

543 667 626 724 ΙΞ.
657 665 721 720 Et
746 664 874 718 dixit
904 662 1104 716 Μαι-ε
1129 657 1312 711 Παιᾶσιν
1331 667 1489 725 quatit
1513 654 1693 710 dedisti
1721 661 1774 706 st
1799 652 1862 704 sit
1892 661 2109 707 meeum,

537 757 652 825 ipsa
677 754 800 808 mihi
820 751 957 806 dedit
984 748 1048 802 de
1075 748 1232 818 ligno,
1257 753 1303 799 et
1331 745 1551 799 comedi.
1591 739 1905 798 Iiserabilia
1923 735 2107 798 verba,

539 859 595 905 et
622 828 807 917 magna
835 841 1170 897 miseratione
1193 836 1371 907 plena,
1393 853 1457 891 ac
1475 836 1632 905 digna
1651 847 1768 902 qua:
1792 828 1855 884 ad
1877 829 2112 882 clemen-

543 938 668 992 tiam
697 934 976 990 Dominum
1007 936 1328 999 provocent,
1358 939 1465 983 tam
1496 932 1823 980 mansuetum
1865 929 1918 973 et
1959 917 2111 971 boni-

545 1037 652 1083 tate
689 1040 784 1079 sua
823 1023 1119 1077 vincentem
1156 1025 1342 1076 nostra
1385 1027 1616 1089 peccata.
1662 1014 1793 1068 Nam
1837 1019 2111 1080 postquam

542 1115 764 1173 multum
786 1111 1059 1169 tolerando
1081 1111 1218 1165 illius
1241 1118 1473 1166 mentem
1488 1105 1788 1168 commovit,
1809 1111 1864 1157 et
1887 1097 2118 1154 ostendit

543 1204 743 1274 peccati
789 1200 1226 1272 magnitudinem,
1255 1199 1405 1271 quasi
1441 1195 1800 1252 defensionem
1826 1205 2015 1262 parans
2045 1189 2118 1242 ait

546 1295 618 1348 illi
647 1293 813 1348 Adam
843 1309 858 1346 :
891 1291 1075 1344 Mulier
1095 1308 1248 1361 quam
1268 1289 1448 1344 dedisti
1468 1296 1521 1342 ut
1541 1289 1602 1341 sit
1630 1299 1841 1349 mecum,
1862 1283 1972 1352 ipsa
1994 1279 2116 1332 mihi

545 1384 681 1438 dedit
718 1384 782 1438 de
818 1382 912 1436 ltoc
956 1382 1118 1452 ligno,
1155 1394 1200 1438 et
1238 1383 1451 1437 comedi.
1488 1380 1632 1446 Scio,
1665 1378 1852 1447 inqttit,
1882 1391 1966 1430 me
1991 1388 2118 1443 pec-

545 1490 697 1530 casse
724 1491 738 1528 :
768 1474 858 1528 sed
888 1472 1083 1530 mulier
1104 1489 1261 1546 quam
1281 1471 1472 1528 dedisti
1503 1479 1560 1524 ut
1585 1471 1652 1523 sit
1677 1482 1904 1531 mecum,
1923 1465 1991 1520 de
2017 1480 2118 1535 qua

552 1565 664 1633 ipse
687 1563 886 1627 dixisti,
931 1562 1201 1619 Faciamus
1244 1563 1320 1616 illi
1361 1562 1640 1630 adjutorem
1678 1557 1948 1611 secundant
1985 1570 2118 1615 eum,

553 1656 666 1724 ipsa
695 1655 821 1710 mihi
851 1654 1008 1726 hujus
1039 1657 1205 1711 ruina:
1231 1667 1389 1708 causa
1416 1653 1528 1706 luit.
1561 1649 1744 1703 Mulier
1769 1664 1918 1716 quam
1941 1645 2120 1700 dedisti

552 1754 609 1797 ut
650 1745 717 1799 sit
759 1761 976 1801 meum.
1024 1743 1246 1816 Quando
1289 1744 1430 1797 enim
1471 1749 1863 1808 exspectassem
1896 1746 1952 1790 ut
1980 1745 2124 1790 tanta

554 1836 839 1904 ignominia
866 1851 951 1892 me
979 1835 1232 1899 alliceret,
1261 1849 1378 1903 quae
1403 1832 1523 1887 ideo
1551 1831 1759 1884 condita
1789 1841 1890 1892 est,
1917 1835 1976 1880 ttt
1997 1827 2124 1881 mihi

555 1924 744 1982 solatio
771 1926 949 1981 esset?
990 1925 1071 1979 'l‘u
1104 1924 1233 1978 milii
1275 1924 1439 1993 ipsam
1467 1920 1691 1985 dedisti,
1721 1931 1776 1974 tu
1807 1920 1972 1989 ipsam
1999 1918 2127 1974 milii

558 2015 843 2070 adduxisti.
885 2015 1022 2086 Ipsa.
1053 2019 1232 2068 nescio
1261 2013 1400 2068 unde
1427 2021 1592 2075 mota.
1613 2010 1762 2065 dedit
1799 2011 1925 2064 mihi
1960 2010 2026 2064 de
2063 2011 2129 2063 li-

559 2118 686 2174 gno,
713 2113 767 2161 et
797 2103 1026 2160 comedi.
1062 2102 1316 2156 Videntur
1353 2101 1468 2155 haec
1507 2099 1721 2170 quidem
1766 2097 2128 2153 defensionem

561 2190 841 2262 quamdam
882 2206 990 2261 pra:
1032 2205 1091 2245 se
1130 2189 1286 2255 ferre,
1335 2187 1427 2243 sed
1475 2201 1690 2258 prorsus
1735 2188 1888 2241 venia
1924 2197 2128 2242 carent.

563 2285 679 2350 Qua
706 2283 847 2338 enim
874 2282 1026 2337 venia
1054 2280 1246 2350 dignus
1269 2293 1349 2344 es,
1377 2279 1562 2349 inquit,
1595 2278 1681 2347 qui
1722 2292 1838 2331 mea
1871 2287 2130 2347 pracepta

562 2373 758 2428 oblitus
805 2371 989 2438 fueris,
1028 2380 1084 2426 et
1125 2371 1214 2440 qui
1266 2369 1504 2424 mulieris
1545 2367 1740 2424 donum
1787 2370 1919 2423 meis
1958 2369 2134 2423 verbis

566 2462 946 2535 pra-ferendum
977 2459 1281 2531 putaveris?
1324 2459 1452 2514 Nam
1483 2460 1604 2513 licet
1630 2459 1818 2513 mulier
1839 2457 2014 2513 cibum
2041 2458 2135 2513 de-

564 2553 738 2614 derit.
782 2550 1073 2606 sufliciebat
1117 2560 1289 2605 tamen
1334 2549 1634 2603 mandatum
1664 2565 1859 2626 meum,
1886 2561 1940 2604 et
1978 2549 2135 2604 timor

567 2641 831 2713 supplicii,
861 2651 918 2696 ut
947 2650 998 2696 te
1026 2640 1093 2695 ab
1120 2654 1213 2694 esu
1240 2638 1592 2694 deterrerent.
1625 2640 1704 2692 An
1732 2640 2043 2710 ignorabas?
2067 2654 2134 2693 an

572 2730 882 2786 nesciebas?
925 2730 1048 2785 Ideo
1081 2744 1262 2784 curam
1295 2729 1455 2784 vestri
1480 2743 1669 2798 gerens
1705 2729 1957 2799 praedixi,
1990 2745 2056 2783 ne
2084 2731 2135 2783 in

570 2818 685 2874 btec
727 2818 1068 2874 incideretis:
1103 2819 1277 2888 itaque
1321 2817 1445 2872 licet
1485 2818 1675 2872 mulier
1719 2818 1810 2872 tibi
1857 2818 1922 2873 ad
1969 2829 2140 2873 trans-

567 2909 895 2979 gressionem
935 2907 1168 2962 mandati
1206 2908 1542 2970 ministrarit.
1572 2919 1626 2962 ttt
1653 2918 1927 2978 propterea
1957 2909 2138 2964 insons

571 2999 823 3053 mineris.
852 2997 1100 3067 Maiorem
1122 2998 1262 3052 enim
1287 2997 1440 3052 lidetn
1463 2997 1708 3052 mandato
1730 3012 1849 3052 meo
1870 3005 1920 3052 te
1945 2997 2139 3053 habent:

570 3089 866 3159 oportebat,
906 3097 960 3143 et
996 3103 1100 3142 non
1142 3088 1313 3143 solum
1355 3098 1412 3142 ut
1450 3097 1506 3141 tu
1549 3087 1662 3156 ipse
1688 3087 1756 3140 ab
1782 3103 1874 3142 esu
1899 3103 2136 3153 caveres,

573 3179 667 3234 sed
701 3190 754 3233 et
796 3187 850 3232 ut
892 3179 1163 3233 mulierem
1202 3177 1422 3231 doceres
1456 3187 1793 3246 peccatorum
1828 3177 2142 3246 magnitudi-

571 3284 718 3325 nem.
748 3267 916 3336 Caput
943 3268 1082 3321 enim
1112 3281 1170 3322 es
1197 3266 1430 3320 mulieris
1457 3266 1532 3335 (l.
1565 3265 1682 3318 Cor.
1714 3266 1800 3319 ii.
1831 3265 1906 3332 ὅ),
1937 3274 1992 3319 et
2015 3281 2139 3334 pro-

573 3366 689 3426 pter
715 3365 765 3411 te
788 3355 872 3410 illa
900 3356 1152 3425 producta
1172 3366 1254 3409 est
1283 3372 1296 3408 :
1327 3365 1380 3408 tu
1401 3364 1575 3408 autem
1595 3352 1834 3408 ordinem
1862 3354 2139 3417 invertisti,

571 3456 627 3502 et
653 3461 758 3503 non
783 3447 952 3501 solum
984 3447 1123 3500 illam
1157 3461 1258 3499 non
1289 3445 1565 3499 correxiin
1586 3485 1600 3509 ,
1630 3444 1722 3498 sed
1751 3453 1804 3498 et
1843 3445 1954 3514 ipse
1985 3444 2143 3498 simul

573 3541 821 3608 abreptus
844 3552 903 3591 es
936 3555 950 3590 :
979 3551 1042 3591 ac
1069 3551 1190 3590 cum
1210 3543 1488 3604 oporteret
1515 3549 1706 3604 corpus
1746 3522 2007 3603 reliquum
2048 3549 2143 3588 ca-

576 3630 670 3699 piti
710 3629 950 3699 obsequi,
996 3629 1210 3683 diverso
1257 3627 1416 3681 modo
1461 3642 1548 3684 res
1593 3628 1786 3690 evenit,
1827 3626 2142 3695 corporiquc

577 3719 781 3789 reliquo
807 3727 963 3787 caput
988 3719 1333 3788 obsequutum
1363 3727 1440 3772 est
1462 3757 1478 3780 ,
1506 3728 1560 3772 et
1584 3732 1701 3785 qua:
1728 3732 1938 3771 sursum
1969 3725 2142 3780 erant,

575 3805 630 3862 in
653 3808 889 3864 inlimunt
911 3807 1084 3862 locum
1108 3816 1380 3862 venerunt.
1404 3806 1689 3874 Propterea
1711 3807 1955 3874 quoniam
1978 3813 2144 3858 totum

576 3899 816 3954 ordinem
863 3898 1141 3965 invertisti,
1183 3913 1248 3952 co
1294 3912 1432 3952 nunc
1480 3897 1722 3950 redactus
1759 3910 1836 3959 es,
1866 3897 1953 3966 qui
1995 3907 2146 3950 antea

579 3999 724 4045 tanta
752 3990 913 4060 gloria
945 3990 1161 4043 vestitus
1188 4003 1324 4042 eras.
1351 3989 1478 4054 Quis
1508 3998 1558 4042 te
1576 3989 1704 4042 satis
1726 3985 1880 4056 digne
1907 3987 2150 4057 deplora-

581 4080 736 4143 verit,
758 4079 840 4133 cui
870 4088 946 4134 tot
969 4089 1022 4133 et
1047 4087 1187 4133 tanta
1220 4079 1354 4133 bona
1386 4078 1558 4131 ablata
1584 4077 1746 4130 sunt?
1777 4076 2148 4132 Verumtamen

583 4171 706 4226 licet.
746 4169 859 4225 btec
898 4171 1078 4225 omnia
1119 4171 1208 4224 tibi
1250 4169 1557 4235 acciderint,
1605 4169 1728 4222 nulli
1779 4177 1951 4224 tamen
1999 4157 2148 4222 alteri

580 4273 796 4314 causam
824 4257 1064 4314 adscribe
1083 4300 1098 4322 ,
1130 4258 1223 4314 scd
1251 4259 1443 4326 tibiipsi
1470 4267 1522 4312 et
1549 4267 1649 4311 tum
1677 4259 1898 4327 ignavia:
1933 4277 1945 4312 :
1975 4259 2147 4313 nenti-

579 4362 738 4417 qttam
765 4347 903 4403 enim
931 4357 983 4402 te
1013 4348 1277 4402 nolentem
1316 4348 1502 4402 mulier
1540 4348 1592 4401 in
1633 4356 1829 4400 tantam
1857 4347 2151 4403 iiidUXirSCi

585 4439 812 4493 ruinam.
843 4438 975 4492 Num
1005 4439 1206 4492 hortata
1234 4440 1353 4492 est?
1385 4454 1509 4492 num
1542 4439 1827 4492 disseruit?
1851 4456 1974 4492 num
1997 4441 2153 4494 decc-

587 4527 699 4597 pitl
747 4527 899 4581 Dedit
945 4537 1167 4593 tantum,
1198 4539 1250 4582 et
1293 4530 1468 4584 statim
1511 4541 1721 4599 tamque
1765 4531 1917 4585 facile
1954 4533 2018 4584 ad
2065 4549 2153 4585 su-

584 4618 834 4673 mendum
863 4618 1036 4673 cibum
1062 4616 1316 4673 adductus
1338 4635 1416 4683 es,
1443 4620 1643 4673 nullam
1672 4621 1900 4674 mandati
1933 4624 2012 4676 vel
2038 4639 2149 4676 tne-

585 4710 806 4764 tnoriam
845 4709 1012 4763 fecisti
1045 4711 1273 4779 :pntasti
1318 4725 1348 4763 a
1386 4725 1472 4764 me
1517 4719 1568 4764 te
1611 4710 1888 4780 deceptum
1933 4729 2068 4776 mse,
2100 4725 2153 4768 ct

591 4807 868 4870 promerca
914 4799 1088 4853 cibum
1130 4797 1269 4853 hunc
1311 4798 1403 4852 tibi
1445 4815 1547 4853 non
1591 4802 1934 4862 concessisse,
1986 4815 2044 4856 ut
2089 4819 2154 4858 ne

594 4886 878 4955 majoribus
907 4885 1172 4941 fruereris.
1219 4887 1284 4942 Et
1319 4904 1423 4958 qua
1461 4891 1668 4944 ratione
1694 4906 1791 4958 ego
1821 4901 1870 4946 te
1896 4893 2152 4957 fallerent,

590 4975 679 5045 qui
707 4984 783 5028 tot
809 4975 860 5030 in
892 4985 943 5028 te
969 4975 1220 5032 beneﬁcia
1246 4978 1478 5032 contuli?
1508 4979 1572 5032 Et
1612 4979 1746 5031 istuc
1775 4980 1942 5048 ipsum
1964 4993 2156 5048 quanta

594 5070 951 5125 beneﬁcentia:
995 5072 1296 5140 magnitudo
1334 5082 1467 5139 erat,
1499 5083 1555 5128 ut
1599 5073 1930 5142 prmdicendo
1969 5074 2157 5128 diSIin-

591 5176 806 5228 guercm
831 5176 861 5214 a
888 5178 992 5228 quo
1020 5161 1388 5218 abstinendum
1419 5171 1581 5229 esset,
1606 5173 1662 5218 ut
1690 5180 1796 5218 non
1828 5164 2084 5219 incideres
2105 5167 2156 5220 in

592 5265 712 5319 quas
756 5251 1018 5305 incidisti?
1061 5251 1162 5306 Sed
1207 5251 1321 5308 lucc
1363 5254 1539 5307 omnia
1570 5253 1718 5307 nihili
1741 5253 1984 5308 faciebas.
2023 5253 2160 5310 Ecce

597 5354 737 5394 nunc
754 5342 1074 5410 experientia
1098 5351 1149 5396 te
1177 5343 1352 5406 docet,
1373 5353 1566 5411 quanta
1590 5353 1920 5412 peccatorum
1952 5354 2160 5401 tuorum

598 5432 666 5482 sit
693 5429 997 5498 magnitudo
1025 5447 1038 5485 :
1068 5431 1322 5500 reliquum
1350 5439 1465 5494 est,
1497 5441 1553 5486 ut
1586 5431 1684 5486 soli
1715 5431 1919 5487 mulieri
1953 5435 2162 5505 culpam

598 5535 704 5575 non
732 5521 1016 5586 δικαίως,
1041 5520 1134 5576 sed
1163 5531 1217 5576 et
1238 5522 1564 5593 negligentia!
1595 5534 1722 5579 tute.

669 5610 723 5664 5.
749 5607 904 5678 igitur
923 5610 1052 5664 satis
1082 5611 1340 5666 Adamum
1367 5613 1693 5683 alloquntns,
1733 5623 2010 5686 postquam
2037 5631 2164 5671 cou-

597 5698 879 5755 fessionetn
908 5699 991 5755 ille
1023 5698 1360 5768 delictorum,
1389 5710 1446 5757 ut
1474 5703 1707 5774 putabat,
1739 5705 1920 5769 edidit,
1950 5721 2163 5777 peccato

1251 363 1306 415 S.
1347 353 1625 415 JOANNIS
1659 349 2126 412 CllllYSOSTOMl

2241 345 2482 401 lCIilEl‘.
2521 341 3050 398 (ΖΟΝΞΤΛὺΤΙΝυΡ.
3695 337 3788 392 illi

2214 461 2267 516 in
2298 459 2572 514 mulierem
2597 458 2853 512 translato
2876 474 2890 512 :
2911 457 3031 512 vide
3052 457 3246 510 bonum
3271 455 3572 522 Dominum,
3596 467 3789 526 quanta

2216 553 2404 608 iterum
2432 549 2754 619 indulgentia
2774 550 3020 620 dignatur
3037 550 3197 605 etiam
3222 547 3365 603 illam
3385 561 3486 603 suo
3509 561 3788 617 responso.

2217 645 2302 700 15.
2347 642 2414 696 Et
2453 642 2598 708 dixit,
2631 641 2818 711 inquit,
2869 641 3003 694 Deus
3049 640 3290 694 mulieri:
3314 637 3416 694 Cttr
3456 639 3551 692 ltoe
3589 639 3793 708 fecisti!

2217 733 2422 788 Audisti
2451 733 2617 787 virum
2659 732 2711 786 in
2748 742 2797 786 te
2836 731 3044 802 culpam
3073 729 3501 790 transferentem,
3529 739 3585 784 ct
3614 729 3792 783 omnia

2218 822 2308 877 tibi
2345 822 2758 888 adscribentem,
2798 835 2915 889 qua:
2959 821 3057 888 ipsi
3103 820 3154 872 in
3192 819 3503 888 adiutricem
3541 817 3666 872 data
3711 831 3792 878 es,

2217 921 2375 981 atque
2404 911 2522 965 ideo
2549 911 2782 976 condita,
2813 919 2870 964 ut
2895 910 2999 964 tuis
3027 908 3230 963 solatiis
3256 909 3428 978 ipsum
3458 907 3687 972 foveres,
3715 916 3797 959 ut-

2219 1014 2342 1072 pote
2366 1003 2605 1057 eamdem
2637 1011 2877 1056 naturam
2905 1015 3024 1056 cum
3061 1001 3176 1070 ipso
3203 999 3410 1052 sortita.
3451 999 3559 1054 Cur
3590 999 3692 1052 hoc
3723 995 3798 1051 fe-

2219 1091 2335 1147 cisti
2360 1134 2374 1158 ,
2409 1108 2443 1146 o
2473 1093 2701 1146 mulier?
2727 1107 2822 1145 cur
2846 1101 2900 1146 ct
2928 1091 3041 1156 tibi,
3071 1099 3125 1145 et
3147 1091 3259 1144 viro
3287 1098 3447 1143 tanta:
3472 1088 3799 1143 confusionis

2221 1183 2358 1238 facta
2395 1199 2453 1238 es
2494 1186 2714 1237 auctor?
2749 1183 2878 1250 Quae
2917 1182 3112 1236 utilitas
3152 1195 3214 1235 ex
3258 1179 3357 1236 hac
3395 1180 3799 1246 intemperantia

2224 1277 2315 1330 tibi
2355 1275 2628 1330 accrevit?
2667 1274 2806 1345 quod
2834 1289 2902 1328 ex
2937 1274 3037 1326 hoc
3064 1288 3246 1327 errore
3272 1272 3474 1325 lucrum
3499 1270 3590 1325 tibi
3621 1283 3801 1326 acces-

2223 1365 2312 1431 sit,
2343 1382 2448 1435 quo
2473 1373 2660 1434 sponte
2686 1364 2927 1433 decepta,
2956 1363 3112 1417 etiam
3143 1363 3316 1416 virum
3345 1361 3459 1430 ejus
3489 1361 3611 1415 mali
3642 1359 3804 1429 parti-

2223 1455 2393 1524 cipem
2424 1454 2626 1510 fecisti?
2652 1454 2786 1522 Quid
2813 1469 2944 1523 ergo
2968 1452 3190 1507 mulieri
3217 1451 3440 1517 Serpens
3465 1453 3657 1521 decepit
3688 1467 3798 1515 me,

2223 1556 2270 1598 et
2303 1545 2518 1598 comedi.
2563 1543 2694 1598 Vide
2720 1545 2882 1598 etiam
2911 1543 3046 1598 hanc
3071 1541 3338 1610 quomodo
3364 1542 3645 1610 perterrita
3677 1556 3802 1609 pec-

2225 1644 2343 1689 cata
2363 1650 2458 1689 sua
2487 1635 2756 1689 defendat.
2785 1635 2916 1689 Nam
2945 1635 3082 1688 sicut
3107 1634 3186 1687 vir
3213 1634 3420 1703 cuipam
3450 1634 3503 1686 in
3527 1633 3802 1687 mulierem

2226 1725 2448 1794 rejicerc
2474 1725 2680 1779 videtur
2703 1724 2886 1779 dicens
2915 1743 2929 1779 :
2957 1724 3144 1778 Mulier
3171 1725 3308 1788 tulit,
3331 1733 3387 1778 et
3405 1722 3551 1777 dedit
3575 1722 3731 1786 mihi,
3753 1733 3806 1777 ct

2227 1816 2432 1870 comedi
2460 1834 2473 1870 :
2503 1816 2578 1870 sic
2599 1826 2653 1871 et
2683 1818 2794 1886 ipsa
2817 1815 3020 1870 nullum
3042 1815 3288 1886 elfugium
3313 1815 3590 1870 inveniens
3612 1813 3809 1869 fatetur

2232 1905 2446 1971 factum,
2473 1917 2527 1962 et
2557 1907 2723 1977 inquit
2747 1925 2760 1960 :
2787 1905 3006 1975 Serpens
3031 1907 3222 1976 decepit
3244 1922 3341 1968 me,
3363 1915 3412 1959 et
3431 1905 3647 1960 comedi.
3674 1904 3806 1960 Mala

2232 1997 2340 2060 illa,
2371 1996 2557 2068 inquit,
2599 1996 2766 2052 bestia
2811 1996 2954 2052 hunc
2997 1997 3150 2051 nobis
3191 1997 3394 2066 lapsum
3433 1996 3626 2060 attulit,
3669 1995 3810 2050 illius

2233 2087 2586 2156 perniciosum
2613 2088 2890 2143 consilium
2939 2088 2989 2141 in
3031 2087 3168 2142 banc
3204 2102 3302 2142 nos
3331 2088 3672 2158 ignominiam
3712 2088 3810 2141 ad-

2232 2178 2360 2248 egit,
2395 2178 2482 2233 ille
2510 2193 2596 2232 me
2622 2178 2848 2248 decepit,
2874 2189 2926 2234 et
2951 2178 3179 2233 comedi.
3223 2177 3409 2232 Dilecti
3428 2219 3443 2244 ,
3473 2193 3540 2232 ne
3566 2187 3812 2232 transea-

2234 2284 2352 2323 mus
2393 2269 2724 2339 simpliciter,
2751 2285 2870 2338 qutc
2911 2283 3053 2324 nunc
3095 2269 3372 2333 dicuntur;
3412 2269 3504 2324 sed
3530 2269 3814 2340 diligenter

2234 2369 2565 2424 scrutantes,
2607 2361 2888 2429 plurimam
2937 2359 3058 2414 inde
3107 2360 3383 2416 utilitatem
3433 2360 3812 2431 percipiamus.

2236 2450 2498 2521 Terribile
2544 2452 2684 2506 enim
2732 2452 2984 2519 judicium
3022 2461 3135 2518 est,
3170 2462 3225 2507 et
3279 2452 3501 2507 horrore
3547 2453 3810 2523 plenum:

2235 2550 2548 2611 oportetque
2587 2550 2834 2596 accurate
2871 2543 3046 2596 omnia
3077 2543 3384 2607 audientes,
3414 2558 3661 2613 magnum
3691 2543 3810 2598 tlte-

2237 2644 2448 2685 saurum
2498 2630 2692 2686 inferre
2736 2633 2920 2686 menti.
2963 2629 3252 2687 Considera
3282 2633 3423 2687 enim
3449 2643 3503 2688 et
3532 2635 3706 2688 virum
3736 2634 3816 2687 di-

2237 2730 2467 2779 centem.
2495 2719 2698 2784 Mulier,
2721 2737 2870 2790 quam
2904 2722 3082 2775 dedisti
3124 2732 3177 2774 ut
3218 2722 3283 2775 sit
3322 2738 3537 2785 mecum,
3559 2725 3673 2792 ipsa
3694 2725 3817 2776 milii

2240 2810 2396 2874 dedit,
2426 2820 2470 2864 et
2504 2811 2718 2864 comedi.
2764 2810 3031 2881 Nusquam
3074 2813 3386 2878 necessitas,
3415 2827 3674 2880 nuSquam
3701 2813 3815 2866 vio-

2241 2904 2422 2970 lentia,
2445 2904 2538 2959 sed
2566 2903 2757 2958 electio
2784 2912 2837 2958 et
2876 2904 3115 2959 voluntas
3142 2920 3155 2956 :
3184 2903 3328 2958 dedit
3366 2905 3536 2958 solum
3560 2946 3575 2970 ,
3615 2913 3670 2958 et
3712 2920 3817 2958 non

2239 2998 2430 3065 coegit,
2450 3011 2547 3050 nec
2566 2997 2672 3050 vim
2693 2995 2884 3048 attulit.
2911 2995 3046 3063 Quin
3073 3004 3126 3050 et
3151 2995 3264 3063 ipsa
3286 3011 3495 3065 quoque
3519 2995 3816 3065 apologiam

2242 3087 2566 3140 concinnans
2592 3102 2694 3138 non
2722 3085 2853 3139 dixit
2877 3104 2891 3139 :
2911 3085 3145 3155 Serpens
3170 3086 3344 3156 coegit
3369 3102 3473 3148 me,
3495 3095 3550 3140 et
3574 3087 3779 3142 comedi
3803 3105 3814 3138 :

2243 3175 2336 3229 sed
2365 3175 2530 3243 quid?
2557 3175 2778 3244 Serpens
2801 3175 2993 3240 decepit
3017 3193 3098 3230 me
3119 3191 3139 3229 :
3163 3184 3224 3230 ut
3248 3186 3424 3231 autem
3448 3175 3818 3247 deciperetur,

2243 3275 2335 3318 aut
2357 3281 2460 3317 non
2488 3263 2841 3334 deciperetur,
2865 3265 2916 3318 in
2940 3264 3105 3334 ipsius
3124 3273 3240 3318 erat
3265 3274 3544 3334 potestate.
3574 3266 3816 3337 Serpens,

2247 3357 2446 3427 inquit,
2497 3356 2689 3428 decepit
2733 3372 2830 3408 me.
2883 3355 3166 3410 lnimicus‘
3200 3355 3350 3411 .cnim
3395 3366 3592 3411 nostra:
3637 3357 3819 3411 salutis

2245 3463 2406 3517 opera
2437 3447 2590 3515 hujus
2618 3446 2771 3500 malze
2803 3444 2984 3498 bestia:
3011 3459 3162 3511 usus,
3185 3445 3465 3500 consilium
3490 3446 3641 3501 dedit
3666 3457 3721 3502 et
3741 3447 3821 3502 de-

2247 3538 2386 3609 cepit
2417 3557 2430 3592 :
2456 3553 2561 3591 non
2601 3538 2707 3591 vim
2747 3536 2902 3601 iecit,
2944 3551 3117 3606 neque
3147 3536 3351 3606 coegit,
3391 3536 3486 3591 sed
3527 3539 3825 3606 pernicioso

2247 3629 2470 3683 consilio
2499 3627 2710 3682 fraudes
2736 3641 2862 3681 suas
2885 3641 3048 3696 opere
3071 3627 3356 3696 complevit
3389 3645 3402 3682 :
3430 3630 3682 3697 quoniam
3715 3647 3826 3683 nut-

2250 3719 2432 3772 lierem
2475 3716 2733 3780 oli'endit,
2777 3731 2895 3785 qua:
2939 3715 3304 3784 deceptionem
3343 3717 3492 3772 facile
3529 3719 3828 3774 admissura

2250 3818 2384 3872 erat,
2413 3807 2555 3860 nulla
2585 3807 2735 3860 venia
2766 3807 2996 3875 dignam.
3031 3805 3256 3876 Serpens
3279 3808 3472 3877 decepit
3491 3825 3591 3876 me,
3618 3819 3666 3864 et
3693 3826 3832 3864 com-

2252 3898 2351 3949 edi.
2400 3896 2528 3951 Vide
2564 3898 2756 3950 bonum
2805 3895 3106 3962 Dominum,
3137 3897 3345 3950 illorum
3383 3899 3560 3953 verbis
3604 3911 3829 3955 conten-

2255 3998 2385 4051 tum,
2417 3996 2470 4042 et
2499 3987 2564 4040 ad
2597 3987 2740 4054 plura
2771 3985 2992 4040 dicenda
3023 4003 3130 4041 non
3158 3999 3453 4057 cogentem.
3483 3990 3830 4062 Quandoqui-

2253 4078 2372 4133 dem
2398 4080 2538 4134 enim
2563 4079 2675 4134 inec
2696 4094 2800 4134 non
2823 4079 3070 4149 ignorans
3091 4079 3466 4150 interrogabat.
3495 4083 3588 4136 sed
3609 4100 3830 4153 gnarus.

2254 4180 2306 4223 et
2331 4169 2613 4224 admodum
2637 4184 2851 4237 gnarus,
2878 4179 2934 4223 ut
2961 4170 3110 4222 suam
3131 4169 3366 4224 declaret
3389 4174 3832 4236 misericordiam,

2253 4259 2320 4313 ad
2353 4259 2560 4311 illorum
2589 4274 2644 4312 se
2666 4257 3021 4312 inﬁrmitatem
3048 4258 3295 4327 demittit,
3323 4273 3376 4315 et
3401 4262 3467 4314 atl
3496 4273 3834 4330 peccatorum
3904 4291 3906 4294 ν

2255 4349 2642 4404 eottfessiouem
2664 4351 2806 4419 ipsos
2833 4360 3100 4419 provocat.
3125 4351 3233 4405 Hac
3257 4351 3415 4421 igitur
3434 4353 3502 4407 de
3517 4369 3677 4408 causa
3705 4357 3835 4410 nihil

2257 4440 2478 4494 ulterius
2513 4456 2575 4494 ex
2611 4441 2688 4494 eis
2724 4441 2930 4510 quarrit.
2975 4432 3226 4495 Ediscere
3257 4440 3388 4497 forte
3417 4459 3509 4511 par
3536 4454 3652 4498 erat
3675 4447 3838 4501 dccc-

2260 4531 2453 4598 ptionis
2476 4543 2675 4598 genus;
2718 4547 2902 4585 verum
2923 4540 2980 4584 ut
3009 4530 3162 4584 nobis
3190 4533 3434 4585 ostendat
3463 4549 3521 4587 se
3549 4551 3652 4588 non
3686 4537 3836 4605 igno-

2259 4631 2463 4690 rantem
2507 4621 2875 4690 interrogasse,
2906 4621 3004 4675 fuit
3041 4631 3321 4676 contentus
3363 4625 3538 4678 dictis.
3583 4625 3714 4679 Nam
3751 4628 3836 4682 illa

2259 4710 2486 4764 dicendo
2515 4728 2528 4763 :
2563 4712 2780 4781 Serpens
2800 4714 2992 4781 decepit
3020 4731 3116 4777 me,
3145 4725 3192 4767 et
3225 4717 3418 4768 comedi
3441 4758 3456 4779 ,
3486 4713 3841 4775 subindicat-it

2261 4801 2610 4868 petniciosum
2634 4802 2933 4865 consilium,
2954 4804 3092 4872 quod
3119 4818 3146 4855 a
3178 4805 3386 4858 diabolo
3418 4821 3510 4874 per
3534 4820 3837 4878 serpentem

2263 4892 2466 4959 accepit
2485 4930 2499 4956 ,
2540 4891 2686 4960 quasi
2719 4902 2837 4960 post
2864 4899 3011 4946 esth
3041 4892 3202 4946 futuri
3229 4905 3408 4948 essent
3446 4903 3714 4965 tamquam
3744 4900 3834 4953 dii.

2266 4979 2480 5034 Vidistis
2501 4991 2693 5049 quanta
2713 4982 2980 5050 diligentia
3005 4982 3170 5036 Adam
3196 4985 3550 5053 interrogatus
3574 4986 3690 5040 est?
3719 5004 3839 5042 cum

2265 5080 2456 5139 quanta
2508 5071 2827 5140 indulgentia
2871 5073 2921 5125 in
2965 5073 3218 5140 judicium
3249 5076 3470 5129 adducta
3503 5087 3585 5132 est
3612 5081 3842 5136 mulier?

2265 5159 2532 5230 quomodo
2562 5171 2778 5230 uterque
2804 5176 2862 5215 se
2886 5162 3150 5217 defendit?
3183 5163 3368 5220 Videte
3395 5166 3608 5222 demum
3641 5172 3728 5224 ltic
3759 5172 3840 5226 in-

2266 5251 2528 5306 effabilem
2582 5251 2961 5306 misericordia:
3005 5251 3203 5308 Judicis
3247 5256 3634 5312 excellentiam.
3687 5260 3844 5316 Post-

2267 5358 2422 5413 quam
2464 5343 2651 5396 mulier
2690 5341 2816 5396 dixit
2852 5361 2865 5396 :
2897 5343 3118 5411 Serpens
3163 5346 3352 5415 decepit
3390 5364 3486 5412 me,
3519 5359 3565 5402 et
3604 5355 3802 5406 comedi
3832 5372 3849 5408 :

2269 5448 2374 5487 non
2401 5431 2510 5502 jam
2537 5442 2837 5500 serpentem
2865 5431 3113 5502 dignatur
3141 5437 3516 5506 responsione,
3550 5457 3723 5512 neque
3765 5445 3847 5498 lo-

2269 5540 2390 5579 cum
2418 5524 2465 5578 ei
2491 5522 2582 5577 dat
2607 5538 2724 5579 sese
2749 5525 3007 5595 purgandi
3036 5543 3049 5578 :
3079 5542 3250 5597 neque
3278 5528 3570 5601 interrogat
3606 5535 3745 5588 sicut
3771 5538 3851 5589 vi-

2335 5653 2563 5724 f.storel._.
2597 5654 2713 5724 Vide
2730 5654 2873 5724 enati,
2892 5654 3134 5724 inimicus.
3163 5665 3265 5711 Mss.
3283 5673 3412 5723 pene
3433 5674 3606 5714 omnes
3628 5669 3852 5718 etSsviL:

2278 5716 2454 5767 odium
2473 5716 2600 5765 enim
2615 5716 2781 5766 salutis
2799 5723 2988 5769 nostra.
