4058 6302
120 348 205 404 Nl

124 474 234 515 rum
260 467 312 514 et
341 457 624 513 mulierem
657 474 671 512 :
703 454 795 512 scd
823 462 1040 525 accepta
1071 452 1139 509 ab
1165 452 1265 508 illis
1286 449 1617 512 defensione,
1652 447 1703 501 in

121 552 285 615 illum,
306 550 455 621 quasi
479 549 743 604 malorum
767 556 1063 613 auctorem,
1081 560 1140 602 sc
1160 544 1441 600 convertit.
1474 542 1541 597 Et
1559 542 1707 611 quia,

122 652 296 712 utpote
326 643 490 706 Deus,
518 640 606 695 cui
634 639 793 695 etiam
822 652 1013 695 arcana
1045 645 1168 692 nota
1197 645 1342 701 sunt,
1370 633 1571 689 sciebat
1598 646 1713 687 ser-

122 745 332 801 pentem
362 730 749 786 ministravisse
766 729 960 785 diaboli
987 727 1192 783 insidiis
1218 735 1271 782 et
1293 723 1525 789 inviditc,
1551 734 1711 793 quam

122 839 241 891 erga
276 822 547 877 hominem
578 820 911 886 exhibuerat,
932 829 987 874 ut
1005 819 1181 875 discas
1206 819 1373 889 ipsius
1394 816 1709 879 bonitatem,

123 911 415 981 quomodo,
442 926 638 981 gnarus
679 920 876 976 tamen,
908 909 975 965 ad
1026 909 1192 964 Adam
1232 907 1446 978 quidem
1489 905 1585 972 ait,
1618 902 1717 958 Ubi

122 1003 213 1057 es?
254 1002 386 1069 Quis
425 1002 739 1057 annuatim-it
765 1002 853 1055 tibi
876 999 1014 1072 quod
1038 1002 1202 1055 nudus
1227 1000 1295 1054 sis
1316 998 1342 1052 .’
1385 997 1511 1052 Eva:
1537 1003 1715 1052 autem

123 1092 261 1148 dixit
294 1109 310 1147 :
344 1092 453 1149 Cur
477 1094 573 1147 hoc
598 1092 810 1162 fecisti?
852 1092 975 1148 huic
1021 1091 1176 1146 malae
1216 1089 1403 1145 bestiae
1442 1086 1575 1143 nihil
1613 1085 1718 1141 tale

125 1185 253 1241 dicit
280 1202 297 1251 ;
327 1184 425 1241 sed
450 1184 619 1256 quid?
646 1187 732 1240 14.
768 1184 832 1239 Et
858 1185 988 1240 dixit
1018 1183 1267 1239 Dominus
1293 1183 1432 1237 Deus
1453 1188 1671 1251 serpenti
1699 1192 1717 1232 :

129 1276 260 1341 Quia
298 1275 467 1347 fecisti
503 1275 615 1330 hoc.
647 1274 1264 1332 VMistLdill'erentiam?
1306 1274 1511 1329 Mulieri
1543 1272 1674 1327 dixit
1704 1287 1718 1326 :

126 1367 226 1423 Cur
272 1367 374 1423 hoc
423 1368 621 1439 fecisti?
666 1368 913 1439 Serpenti
963 1376 1139 1423 autem
1174 1385 1188 1423 :
1222 1366 1356 1435 Quia
1401 1365 1566 1439 fecisti
1603 1366 1718 1419 hoc.

126 1460 257 1528 Quia
290 1459 397 1515 hoc
422 1460 643 1525 malum,
674 1461 873 1530 inquit,
904 1468 1155 1529 operatus
1179 1475 1239 1515 es
1259 1501 1273 1525 ,
1306 1459 1427 1529 quia
1456 1457 1724 1528 pernicio-

127 1564 245 1604 sum
271 1548 378 1604 hoc
403 1550 683 1605 consilium
720 1550 993 1616 iuduxisti,
1022 1551 1147 1621 quia
1174 1548 1297 1604 huic
1318 1548 1529 1603 invidia:
1560 1547 1723 1602 mini-

127 1639 351 1703 strasti,
398 1640 521 1709 quia
576 1640 828 1695 invidiam
880 1640 1070 1696 acuisti
1121 1640 1379 1696 adversus
1425 1646 1723 1694 creaturam

132 1743 333 1794 meam,
369 1727 676 1785 Maledictus
716 1739 771 1784 tu
812 1746 919 1801 pra:
956 1729 1187 1784 omnibus
1224 1728 1506 1801 pecoribus,
1541 1738 1586 1782 et
1622 1743 1727 1797 prie

130 1820 366 1875 carnibus
412 1820 583 1875 bestiis
624 1829 790 1875 terra.
830 1820 1001 1891 Super
1028 1829 1200 1892 pectus
1227 1828 1375 1874 tuum
1418 1828 1466 1874 et
1509 1827 1729 1874 uentrem

130 1922 276 1965 tum
294 1912 569 1983 gradieris,
603 1920 653 1966 et
685 1922 871 1967 terram
896 1912 1134 1967 comedas
1166 1911 1394 1968 omnibus
1423 1911 1594 1966 diebus
1615 1910 1732 1965 vitae

131 2014 252 2059 tua.
287 2005 375 2060 15.
400 2002 471 2057 Et
493 2004 786 2060 inimicitias
806 2020 992 2074 ponam
1014 2004 1145 2058 inter
1164 2013 1212 2058 te
1230 2012 1277 2059 et
1297 2004 1428 2057 inter
1445 2002 1730 2068 mulierem,

132 2105 181 2150 et
209 2096 348 2149 inter
373 2111 544 2150 semen
574 2106 717 2150 tuum
740 2105 788 2150 et
813 2097 942 2150 inter
969 2111 1137 2150 semen
1161 2095 1318 2149 illius.
1357 2093 1386 2148 1
1392 2110 1481 2166 pse
1501 2093 1730 2149 observa-

134 2185 206 2237 bit
226 2194 385 2255 caput
410 2193 575 2255 tuum,
603 2194 652 2241 et
679 2196 735 2240 tu
754 2185 1037 2242 observabis
1065 2186 1177 2257 ejus
1200 2186 1516 2241 catcaneum.

204 2274 261 2329 6.
294 2274 560 2344 Serpentis
581 2274 859 2332 damnatio.
879 2307 953 2318 —
968 2277 1218 2343 Attende,
1243 2292 1360 2342 oro,
1384 2276 1472 2333 hic
1490 2276 1733 2333 ordinem

135 2372 427 2420 contextus
454 2364 714 2421 refertum
754 2366 850 2421 Dei
886 2381 1009 2438 erga
1051 2366 1305 2423 homines
1328 2366 1733 2423 benevolentia.

136 2457 274 2525 Nam
304 2457 642 2529 interrogans
670 2474 701 2514 a
728 2458 843 2515 viro
888 2459 1109 2531 incepit,
1138 2460 1333 2517 deinde
1351 2459 1418 2515 ad
1460 2460 1735 2516 mulierem

140 2548 379 2604 transiit.
408 2550 474 2605 Et
495 2561 775 2622 postquam
804 2552 914 2621 ipsa
943 2552 1098 2619 dixit,
1125 2553 1244 2623 quis
1268 2553 1369 2609 sibi
1399 2563 1585 2609 auctor
1610 2552 1744 2608 fuis-

135 2649 227 2696 set
258 2658 273 2695 :
306 2649 367 2696 ut
392 2650 609 2697 ventum
637 2650 724 2699 est
750 2643 816 2697 ad
845 2653 1180 2713 serpentem,
1208 2660 1314 2700 non
1336 2644 1450 2715 jam
1480 2645 1628 2700 illum
1654 2644 1740 2700 di-

136 2742 362 2802 gnatur,
385 2742 449 2788 ut
475 2748 791 2803 responsum
816 2750 884 2791 ex
906 2749 972 2792 eo
995 2737 1195 2803 audiat,
1214 2735 1309 2792 sed
1335 2751 1547 2807 poenam
1570 2737 1743 2793 inten-

140 2832 245 2889 tat,
273 2832 331 2879 et
361 2825 522 2880 talem
548 2840 667 2896 quae
692 2826 748 2881 in
773 2841 935 2882 omne
971 2835 1180 2898 tempus
1206 2827 1548 2897 extendatur,
1577 2836 1633 2884 et
1659 2828 1743 2897 sui

138 2916 459 2984 spectaculo
494 2918 744 2973 erunibus
787 2918 1007 2988 posthac
1046 2918 1240 2975 futuris
1280 2919 1520 2976 doctrina
1556 2922 1644 2986 sit,
1675 2936 1745 2977 ne

142 3006 289 3061 ultra
317 3006 574 3075 pestilens
612 3007 743 3063 illud
782 3009 1028 3065 audiatur
1050 3011 1355 3078 consilium,
1387 3026 1561 3081 neque
1596 3012 1745 3067 locus

140 3098 479 3153 concedatur
508 3097 711 3156 dolosis
742 3099 909 3170 ipsius
948 3100 1174 3158 insidiis.
1221 3101 1326 3159 Sed
1371 3103 1510 3159 forte
1551 3102 1747 3158 dixerit

142 3186 347 3257 aliquis
376 3205 393 3242 :
420 3188 552 3244 Cum
581 3189 826 3246 diabolus
851 3194 1117 3262 serpentis
1150 3208 1315 3264 opera
1350 3208 1508 3261 usus,
1548 3195 1747 3249 malum

142 3278 398 3334 attulerit
424 3280 707 3335 consilium
730 3321 747 3346 ,
786 3296 883 3338 cur
918 3282 1105 3339 bestiae
1145 3283 1224 3339 illi
1264 3299 1422 3355 paena
1454 3283 1749 3356 inﬂigitur?

144 3370 250 3427 Est
274 3379 332 3428 et
357 3370 462 3429 hoc
485 3372 768 3430 ineﬂ’abilis
788 3374 1128 3446 benignitatis
1153 3376 1244 3432 Dei
1271 3391 1425 3447 opus.
1453 3376 1584 3433 Nam
1614 3377 1753 3432 sicut

141 3464 560 3520 amantissimus
584 3474 737 3535 pater
765 3460 991 3537 puniens
1018 3482 1142 3524 cum
1171 3468 1259 3539 qui
1289 3467 1454 3523 ﬁlium
1481 3484 1634 3524 suum
1657 3482 1751 3523 oc-

141 3551 369 3619 ciderit,
396 3562 453 3609 et
470 3553 704 3625 gladium
727 3565 783 3612 et
806 3571 1011 3623 ensem,
1035 3572 1132 3628 per
1153 3573 1311 3628 quem
1340 3557 1480 3613 [ilius
1503 3573 1631 3613 suus
1660 3572 1754 3613 oc-

141 3643 320 3711 cisus,
345 3642 594 3712 destruit,
616 3657 671 3702 et
694 3646 747 3701 in
770 3645 967 3702 multas
985 3659 1164 3719 partes
1184 3647 1500 3703 comminuit
1524 3666 1537 3701 :
1561 3648 1751 3703 eodem

146 3736 321 3792 modo
367 3736 509 3793 Deus
537 3738 679 3808 egit;
724 3740 847 3809 quia
872 3752 1096 3809 serpens
1112 3739 1269 3810 quasi
1303 3739 1510 3811 gladius
1538 3738 1751 3809 quidam

144 3825 363 3882 diaboli
391 3828 610 3883 servivit
633 3829 869 3894 malitiae,
899 3838 1209 3900 perpetuam
1240 3830 1336 3900 ipsi
1369 3844 1581 3899 poenam
1609 3828 1751 3884 inlli-

145 3918 255 3986 git,
284 3927 346 3972 ιιι
376 3932 474 3988 per
494 3918 598 3974 hoc
619 3919 762 3990 quod
788 3921 887 3976 sub
911 3936 1126 3977 sensum
1151 3930 1207 3977 et
1232 3922 1331 3978 sub
1355 3930 1633 3993 aspectum
1660 3937 1753 3978 ca-

144 4008 257 4075 dit,
306 4008 669 4080 intelligamus
710 4010 762 4065 in
801 4020 996 4082 quanta
1040 4013 1332 4083 ignoninia
1378 4013 1447 4068 sit
1486 4013 1752 4068 diabolus.

147 4097 295 4152 Nam
335 4097 384 4153 si
427 4099 473 4152 is
517 4099 606 4169 qui
647 4109 705 4155 ut
740 4100 1149 4158 instrumentum
1189 4103 1531 4170 ministravit,
1560 4112 1757 4159 tantam

144 4199 421 4258 exponas
443 4200 525 4244 est
554 4189 969 4262 indignationem
990 4235 1005 4259 ,
1036 4194 1195 4264 quale
1226 4194 1542 4265 supplicium
1568 4193 1758 4249 verisi-

146 4278 291 4333 mile
333 4285 420 4334 est
456 4292 826 4351 suscepturum
863 4283 1168 4339 diabolum?
1212 4283 1324 4341 lino
1366 4286 1470 4342 hoc
1509 4300 1606 4342 nos
1647 4286 1757 4355 jam

144 4366 345 4425 docuit
368 4368 423 4423 in
445 4368 640 4428 divinis
668 4374 957 4444 evangeliis
981 4374 1226 4432 Christus
1246 4376 1433 4433 dicens
1459 4377 1526 4432 ad
1552 4391 1648 4433 eos
1670 4376 1761 4447 qui

145 4476 179 4515 ι
211 4462 446 4517 sinistra
474 4475 600 4519 sunt
627 4468 897 4523 constituti
928 4484 942 4521 :
969 4466 1228 4523 Discedite
1259 4487 1291 4523 a
1325 4486 1404 4524 me
1428 4470 1683 4524 maledicti
1708 4470 1762 4522 in

144 4554 335 4624 ignem
373 4562 646 4624 internum,
676 4558 763 4626 qui
796 4572 1112 4629 praeparatus
1145 4570 1217 4616 est
1254 4557 1454 4616 diabolo
1488 4572 1534 4616 et
1572 4560 1764 4632 angelis

145 4647 275 4715 ejus
307 4643 527 4715 (Matth.
552 4645 642 4703 25.
663 4648 773 4717 il).
805 4649 881 4703 illi
904 4652 1045 4705 enim
1066 4648 1193 4705 olim
1218 4662 1545 4722 praeparatus
1572 4662 1655 4707 est
1684 4654 1764 4707 iu-

144 4735 566 4806 exstinguiliilis
596 4739 682 4793 ille
710 4740 863 4811 ignis.
903 4741 1040 4808 Quid
1068 4758 1196 4814 ergo
1225 4745 1471 4799 miserius
1503 4745 1606 4799 illis
1627 4786 1641 4810 ,
1673 4747 1761 4814 qui

146 4827 493 4898 negligenda
540 4829 760 4885 salutem
801 4847 949 4885 suam
995 4833 1200 4903 seipsos
1244 4836 1504 4904 supplicio
1549 4836 1621 4890 illi
1667 4837 1764 4891 ob-

146 4918 366 4974 noxios
395 4917 647 4985 reddunt,
676 4922 827 4990 quod
852 4922 1064 4978 diabolo
1090 4935 1441 4994 praeparatum
1474 4926 1595 4981 est?
1633 4927 1763 4981 Nam

144 5011 312 5076 quod
342 5009 495 5064 nobis
519 5051 533 5075 ,
562 5012 605 5065 si
637 5013 960 5068 voluerimus
988 5014 1236 5069 virtutem
1265 5017 1575 5085 amplexari,
1607 5026 1662 5071 et
1686 5018 1763 5071 lc-

143 5120 251 5177 ges
270 5119 309 5159 a
332 5103 551 5159 Christo
570 5113 792 5162 statutas
807 5110 976 5177 sequi,
997 5119 1234 5178 paratum
1250 5106 1576 5180 sitii'egnum,
1598 5113 1764 5181 ipsum

141 5198 285 5253 andi
318 5196 627 5267 loquentem
659 5223 673 5257 :
710 5199 896 5267 Venite,
927 5203 1169 5258 benedicti
1194 5203 1364 5260 Patris
1390 5207 1504 5271 mei,
1529 5207 1579 5260 in
1603 5207 1766 5261 licere-

136 5294 388 5347 ditatem
427 5294 638 5362 accipite
666 5311 874 5363 regnum
898 5339 912 5361 ,
943 5300 1077 5366 quod
1111 5299 1245 5352 vobis
1272 5309 1611 5369 prceparatum
1636 5308 1709 5353 cst
1738 5318 1767 5352 α

145 5383 537 5437 constitutione
564 5386 739 5439 mundi
780 5386 938 5456 (Ibid.
963 5404 1013 5441 υ.
1044 5390 1153 5457 5i).
1188 5389 1374 5444 Vidiin
1403 5391 1476 5444 illi
1507 5391 1758 5444 inexstin-

149 5475 431 5547 gnibilem
461 5474 634 5543 ignem
667 5487 1015 5547 prmparatum
1036 5520 1052 5546 ,
1083 5479 1234 5534 nobis
1265 5492 1440 5536 autem
1463 5523 1476 5545 ,
1506 5483 1602 5536 nisi
1630 5482 1770 5536 desi-

152 5574 261 5626 des
316 5569 598 5636 fuerimus,
631 5572 893 5639 regnum?
939 5573 1063 5627 lltcc
1102 5572 1260 5643 igitur
1304 5576 1619 5641 cogitantes,
1652 5573 1770 5628 vitm

151 5675 382 5721 nostra:
410 5676 591 5717 curam
624 5678 874 5733 agamus,
911 5673 968 5719 et
1003 5665 1253 5718 malitiam
1295 5664 1576 5734 fugientes,
1611 5682 1767 5720 num-

154 5771 340 5825 quam
376 5754 651 5811 diabolicis
687 5756 889 5811 artibus
917 5755 1262 5826 decipiamur.
1304 5757 1368 5809 At
1400 5755 1443 5810 si
1472 5765 1519 5809 ct
1554 5772 1643 5811 vos
1674 5773 1768 5813 v0-

1215 338 1280 396 ΙΝ
1317 335 1469 395 CAP.
1500 333 1586 389 lll.
1629 282 1871 389 GENES.
1917 329 2141 388 llOMlL.
2184 330 2345 390 XVII.

3309 325 3416 385 113

1816 445 2041 515 lueritis,
2072 459 2125 502 et
2158 446 2393 502 nondum
2422 446 2545 515 iussi
2576 447 2724 516 estis,
2755 450 2945 502 iterum
2980 446 3031 501 in
3063 443 3298 500 medium
3324 445 3409 500 at-

1816 540 2045 595 leramus
2072 554 2282 610 pa-uam
2311 555 2430 610 qua:
2456 540 2690 609 serpenti
2722 537 2918 593 inﬂicta
2944 547 3047 605 est,
3072 547 3129 591 ut
3156 535 3409 606 paulatim

1815 632 1883 687 ad
1922 631 2082 688 linem
2126 631 2310 703 judieii
2358 626 3035 701 properantes,videamus
3069 628 3265 685 divina:
3302 627 3413 683 cle-

1816 724 2031 780 mentiae
2059 722 2499 793 magnitudinem.
2540 721 2672 777 Nam
2717 721 2762 776 si
2804 717 3414 789 hominesjudicemvi-

1818 818 2005 873 dentes
2036 816 2247 886 publice
2273 814 2571 881 sedentem,
2600 822 2650 869 et
2699 819 2885 869 contra
2927 826 3052 868 reos
3094 809 3415 867 sententiam

1820 909 2251 979 pronuntiantem
2273 947 2289 974 ,
2332 921 2475 976 saepe
2506 912 2617 961 toto
2645 903 2732 960 die
2769 904 2842 960 ibi
2881 911 3122 969 manent,
3153 915 3251 958 nec
3290 899 3443 961 inde.

1818 997 2136 1064 abscedunt,
2161 997 2334 1053 donec
2356 995 2657 1052 surrexisse
2682 994 2916 1051 viderint
2938 994 3173 1064 judicem
3206 1010 3219 1046 :
3249 992 3420 1046 multo

1821 1091 1999 1161 magis
2015 1104 2159 1146 nunc
2186 1103 2284 1143 nos
2312 1087 2522 1145 decebit
2538 1087 2773 1157 judicem
2796 1086 2983 1156 majori
3006 1100 3128 1142 cum
3145 1083 3422 1141 alacritate

1826 1181 2010 1238 videre
2036 1181 2235 1237 bonum
2264 1181 2428 1237 Deum
2447 1221 2464 1245 ,
2496 1180 2763 1251 quomodo
2789 1180 3020 1250 serpenti
3050 1193 3267 1249 gravem
3309 1191 3425 1248 pm.

1824 1288 1948 1345 nam
1975 1272 2308 1344 imposuerit,
2332 1281 2390 1327 ut
2412 1286 2509 1344 per
2528 1271 2797 1328 sensibilis
2818 1270 2978 1348 hujus
3003 1271 3186 1328 bestia:
3209 1284 3418 1340 ptenas,

1826 1380 1928 1438 qua
1959 1366 2103 1421 velut
2128 1380 2329 1436 organo
2373 1378 2500 1421 usus
2538 1372 2622 1421 est
2656 1362 2921 1435 malignus
2948 1363 3037 1419 ille
3058 1362 3269 1418 dmmon
3292 1402 3305 1425 ,
3339 1363 3426 1415 in-

1830 1462 2128 1533 telligamus
2148 1503 2161 1525 ,
2191 1474 2323 1531 quas
2350 1459 2421 1513 illi
2453 1472 2637 1529 pteaas
2664 1458 2715 1513 in
2744 1455 2924 1512 futuro
2963 1456 3159 1511 saeculo
3191 1454 3428 1510 inﬂictu-

1830 1566 1923 1607 rus
1949 1554 2019 1606 sit
2046 1570 2059 1606 :
2084 1550 2353 1621 quomodo
2383 1551 2507 1606 item
2532 1547 2864 1604 misericordi
2892 1546 3231 1616 correptione
3253 1545 3429 1600 virum

1831 1652 1885 1698 et
1914 1643 2191 1699 mulierem
2225 1644 2468 1711 castiget,
2492 1655 2611 1711 qum
2636 1638 2934 1695 admonitio
2964 1636 3141 1708 potius
3172 1637 3236 1691 sit
3269 1651 3429 1706 quam

1835 1734 2041 1803 punitio
2072 1750 2085 1787 :
2116 1744 2173 1789 ut
2213 1732 2296 1788 his
2323 1732 2572 1787 omnibus
2601 1731 2883 1801 diligenter
2903 1726 3311 1793 animadversis,
3337 1726 3434 1781 ad-

1834 1827 2090 1883 miremur
2118 1826 2400 1881 clementis
2427 1823 2518 1879 Dei
2547 1822 2935 1895 providentiam
2957 1862 2972 1889 ,
3000 1836 3159 1891 quam
3187 1820 3278 1875 ille
3304 1832 3432 1890 erga

1835 1928 2072 1974 nostram
2119 1926 2361 1972 naturam
2402 1915 2639 1971 exhibet.
2666 1912 2803 1981 Quid
2833 1928 2962 1984 ergo
2988 1911 3062 1966 illi
3093 1908 3335 1967 dictum?
3369 1909 3435 1963 Et

1837 2009 1967 2065 dixit
1991 2009 2239 2065 Dominus
2265 2007 2401 2063 Deus
2424 2005 2645 2075 serpenti
2672 2020 2691 2060 :
2729 2004 2864 2071 Quia
2888 2002 3053 2077 fecisti
3080 2001 3193 2068 hoc,
3221 1999 3440 2054 maledi-

1837 2111 1948 2157 ctus
1985 2111 2039 2155 tu
2077 2115 2185 2170 pra:
2210 2098 2443 2155 omnibus
2473 2097 2756 2168 pecoribus,
2782 2104 2828 2150 et
2868 2109 2977 2165 pra:
3006 2093 3236 2147 omnibus
3270 2091 3439 2146 bestiis

1838 2211 1951 2267 quia
1979 2204 2094 2249 sunt
2122 2209 2275 2265 super
2299 2202 2504 2248 terram.
2538 2189 2707 2263 Super
2740 2197 2912 2261 pectus
2948 2196 3092 2241 tuum
3132 2195 3179 2240 et
3213 2193 3454 2243 ventrem

1841 2285 2276 2359 tuumgradicris,
2308 2295 2354 2340 et
2395 2294 2583 2338 terram
2618 2282 2849 2337 comedcs
2876 2278 3107 2355 omnibus
3127 2276 3303 2332 diebus
3326 2275 3442 2330 uitta

1841 2389 1961 2435 tuae.
2005 2376 2074 2433 Et
2110 2377 2400 2433 inimicitias
2434 2390 2623 2445 ponam
2650 2374 2781 2429 inter
2805 2380 2853 2426 te
2871 2378 2920 2427 et
2940 2371 3070 2425 inter
3087 2368 3370 2428 mulierem.
3393 2374 3442 2419 et

1843 2473 1975 2526 inter
2006 2468 2180 2527 'semen
2215 2477 2359 2523 tuum
2394 2476 2439 2522 et
2478 2481 2649 2522 semen
2687 2464 2817 2535 ejus.
2851 2459 2973 2531 Ipse
2995 2469 3139 2515 tuum
3160 2454 3443 2514 observabit

1844 2570 2017 2632 caput,
2039 2569 2086 2615 et
2107 2569 2159 2615 tu
2185 2558 2471 2615 observabis
2489 2557 2602 2628 ejus
2625 2554 2943 2611 calcaneum.

1916 2655 1977 2709 τε.
2019 2652 2209 2709 Gravis
2252 2659 2307 2706 et
2349 2649 2642 2705 vehemens
2690 2644 2985 2717 indignatio
3032 2660 3046 2698 :
3083 2641 3208 2713 quia
3250 2652 3443 2710 magna

1846 2746 2008 2803 etiam
2038 2754 2092 2801 et
2137 2743 2325 2813 ingens
2367 2740 2633 2811 deceptio,
2682 2752 2844 2809 quam
2874 2750 2972 2807 per
2999 2734 3149 2791 illum
3175 2732 3445 2803 malignus

1846 2837 2057 2893 daemon
2105 2834 2303 2891 intulit.
2335 2833 2402 2889 Et
2429 2833 2558 2888 dixit
2584 2830 2833 2887 Dominus
2860 2828 2997 2883 Deus
3023 2822 3244 2897 serpenti
3269 2840 3287 2879 :
3314 2824 3450 2891 Quia

1852 2926 2013 2998 fecisti
2040 2926 2154 2979 hoc.
2197 2923 2331 2993 Quia
2372 2922 2485 2990 tali,
2534 2921 2725 2993 inquit,
2772 2918 2996 2977 malitia:
3022 2915 3360 2984 ministrasti,
3390 2924 3452 2971 ut

1852 3017 2017 3071 fraus
2044 3016 2132 3069 illa
2181 3028 2346 3084 opere
2364 3013 2744 3082 compleretur,
2787 3009 2985 3065 malum
3012 3007 3293 3064 consilium
3318 3004 3451 3061 alle-

1854 3106 2042 3172 rendo,
2086 3115 2141 3160 et
2186 3103 2344 3159 letale
2375 3101 2622 3172 poculum
2654 3098 3034 3171 temperando;
3063 3098 3184 3169 quia
3213 3097 3289 3152 sic
3318 3086 3453 3151 feci-

1853 3201 1944 3267 sti,
1967 3209 2021 3256 et
2044 3213 2075 3255 a
2105 3212 2224 3254 mea
2250 3195 2622 3254 benevolentia
2642 3193 2931 3250 excludere
2948 3191 3158 3247 voluisti
3181 3198 3457 3245 creaturas

1855 3307 2023 3359 meas,
2071 3291 2372 3347 ministerio
2418 3288 2636 3359 maligni
2684 3285 2948 3343 daemonis
2991 3283 3274 3341 sententia:
3298 3281 3448 3339 exhi-

1856 3384 1990 3451 bito,
2022 3383 2111 3455 qui
2142 3381 2211 3439 ob
2237 3381 2488 3437 invidiam
2516 3389 2572 3436 et
2602 3380 2873 3448 ingentem
2900 3374 3205 3446 superbiam
3244 3387 3395 3429 suam
3426 3387 3459 3429 e

1857 3475 2004 3531 exulis
2032 3474 2083 3528 in
2113 3482 2311 3528 terram
2334 3471 2574 3542 deiectus
2603 3477 2685 3525 est
2714 3486 2727 3522 :
2754 3474 3037 3538 propterea
3063 3463 3185 3535 quia
3217 3472 3269 3519 te
3293 3463 3346 3517 in
3372 3460 3459 3516 bis

1858 3574 1917 3621 ut
1942 3566 2297 3621 instrumento
2343 3571 2427 3618 est
2470 3576 2619 3626 usus,
2647 3566 2959 3629 perpetuam
2986 3554 3080 3612 tibi
3111 3568 3321 3625 poenam
3351 3553 3459 3608 im-

1861 3672 2023 3729 pono,
2074 3665 2132 3712 ut
2168 3672 2266 3727 per
2310 3669 2395 3722 ea,
2434 3646 2560 3725 qua:
2606 3651 2697 3706 tibi
2742 3650 3063 3729 inferuntur,
3106 3655 3163 3704 et
3201 3647 3293 3703 ille
3320 3646 3461 3702 scire

1862 3726 2049 3818 possit,
2079 3726 2348 3817 quodnam
2391 3742 2565 3814 ipsum
2605 3748 2820 3796 maneat
2843 3726 3187 3811 supplicium,
3221 3745 3273 3793 et
3298 3735 3462 3792 futuri

1865 3841 2109 3897 homines
2134 3837 2465 3903 erudiantur,
2507 3849 2577 3890 ne
2600 3834 2927 3889 seducantur
2963 3828 3162 3891 diaboli
3199 3827 3459 3893 consiliis,

1864 3949 2038 4005 neque
2069 3932 2212 3987 illius
2251 3929 2467 3985 fraudes
2498 3927 2801 3993 admittant,
2831 3932 2887 3980 ut
2914 3938 2981 3979 ne
3008 3922 3061 3977 in
3086 3921 3303 3977 easdem
3331 3920 3467 3975 inei-

1864 4029 1992 4084 dant
2032 4042 2237 4099 ptenas.
2287 4010 2574 4094 Propterea
2603 4020 2915 4076 maledictus
2935 4032 2996 4073 es
3026 4027 3082 4071 tu
3110 4017 3247 4071 inter
3274 4029 3466 4070 omnes

1867 4121 2083 4187 bestias,
2132 4119 2254 4189 quia
2280 4114 2600 4172 calliditate'
2622 4113 2759 4167 male
2784 4120 2838 4167 et
2870 4125 2977 4166 non
3007 4117 3067 4164 ut
3094 4104 3377 4179 oportebat
3403 4119 3465 4161 es

1868 4227 2016 4278 usus,
2048 4209 2143 4266 sed
2172 4208 2505 4280 privilegium
2553 4203 2695 4276 quod
2738 4216 2900 4273 super
2944 4200 3124 4257 omnia
3171 4197 3465 4253 animantia

1867 4301 2202 4374 possidebas,
2233 4300 2335 4355 boc
2362 4298 2456 4354 tibi
2486 4298 2538 4352 in
2569 4295 2808 4352 omnium
2834 4292 3096 4348 malorum
3117 4290 3282 4346 cessit
3303 4302 3464 4344 occa-

1868 4397 2096 4453 sionem.
2144 4394 2319 4463 lnquit
2366 4391 2512 4448 enim
2561 4409 2575 4444 :
2638 4389 2861 4458 Serpens
2912 4393 3020 4441 erat
3067 4381 3467 4455 prudentissima

1869 4489 2093 4544 omnium
2118 4486 2407 4548 bestiarum,
2436 4497 2549 4544 ante
2572 4490 2713 4535 erant
2749 4495 2903 4549 super
2941 4487 3148 4531 terram.
3176 4474 3467 4544 Propterea

1873 4580 2185 4635 maledictus
2214 4587 2269 4631 tu
2319 4576 2457 4629 inter
2482 4556 2660 4627 omnia
2705 4571 2946 4641 jumenta
2970 4577 3025 4626 et
3050 4581 3237 4624 omnes
3264 4565 3467 4621 bestias

1873 4683 2031 4727 terra:
2078 4669 2288 4723 futurus
2317 4681 2396 4721 es.
2428 4663 2495 4719 Et
2521 4662 2642 4734 quia
2674 4659 2977 4716 maledictio
3007 4673 3113 4713 non
3150 4666 3266 4712 erat
3290 4655 3469 4711 sensi-

1872 4765 2012 4828 bilis,
2046 4776 2219 4831 ncque
2259 4758 2427 4814 oculis
2454 4756 2620 4812 videri
2652 4762 2880 4825 poterat,
2912 4760 3131 4823 propter
3164 4749 3267 4805 hoc
3291 4747 3472 4803 sensi-

1874 4858 2032 4911 biletn
2074 4854 2145 4909 illi
2187 4867 2398 4922 prunam
2428 4848 2609 4917 infert,
2648 4856 2705 4901 ut
2735 4845 2991 4903 continuo
3017 4850 3140 4899 ante
3170 4840 3357 4897 oculos
3386 4838 3468 4894 vi-

1874 4948 2000 5002 dere
2030 4945 2295 5017 possimus
2322 4940 2562 5011 supplicii
2588 4939 2704 5007 ejus
2736 4938 3081 4993 monimenta.
3107 4933 3278 5005 Super
3299 4942 3473 5003 pectus

1875 5048 1923 5093 et
1964 5054 2115 5106 super
2144 5044 2362 5089 ventrem
2391 5031 2659 5104 gradieris,
2704 5040 2751 5083 et
2773 5040 2959 5082 terram
2983 5026 3209 5080 comedes
3238 5024 3471 5078 omnibus

1875 5130 2047 5184 diebus
2076 5128 2190 5182 vita:
2210 5137 2349 5180 tuae:
2379 5125 2500 5195 quia
2524 5122 2693 5178 forma
2717 5130 2803 5177 tua
2831 5120 3026 5177 abusus
3050 5132 3129 5185 es,
3156 5126 3212 5173 et
3237 5118 3288 5173 in
3318 5115 3470 5170 {tritti-

1878 5224 2160 5276 li.u'italem
2206 5218 2482 5273 rationalis
2526 5216 2771 5270 animalis
2816 5228 2845 5268 τι
2895 5229 2981 5269 me
3036 5211 3238 5268 conditi
3282 5208 3471 5266 venire

1878 5330 1984 5369 non
2009 5311 2325 5367 formidasti.
2354 5310 2503 5366 Sicut
2530 5308 2691 5378 igitur
2715 5306 2977 5372 diabolus,
3021 5303 3107 5374 qui
3135 5318 3229 5373 per
3256 5310 3307 5357 te
3334 5316 3471 5371 ope-

1879 5421 2043 5472 ratus,
2089 5416 2145 5461 et
2189 5414 2240 5460 te
2285 5406 2639 5459 instrumento
2682 5415 2811 5454 usus
2841 5409 2943 5464 est,
2990 5396 3190 5452 ecaelis
3214 5393 3468 5450 deorsum

1879 5500 2132 5572 depulsus
2176 5503 2275 5559 est,
2330 5494 2451 5565 quia
2502 5493 2623 5562 plus
2668 5506 2827 5561 quam
2868 5486 3138 5559 dignitatis
3186 5502 3299 5541 sure
3332 5490 3467 5542 erat.

1879 5605 2063 5660 sapere
2098 5588 2311 5643 volebat
2341 5604 2352 5639 :
2388 5586 2457 5639 ita
2498 5584 2743 5639 similiter
2787 5583 3015 5651 impero,
3049 5589 3107 5635 ut
3146 5586 3198 5635 ct
3224 5585 3279 5632 ttt
3317 5578 3470 5633 aliam

1951 5766 1965 5795 ί
1997 5761 2213 5823 t;oisliu.,
2232 5774 2359 5819 recc,
2385 5774 2489 5822 pro,
2516 5757 2814 5819 calliditate;
2840 5770 2933 5808 non
2969 5755 3113 5806 male.
3148 5812 3151 5816 g
