4058 6302
636 362 732 412 ΞἎΞ

631 474 956 530 t‘utmationis
1001 477 1217 546 tiguram
1266 476 1492 541 habeas;
1530 486 1586 531 et
1607 491 1767 546 super
1795 485 1991 532 terram
2020 492 2197 547 repss,

630 580 799 635 caque
822 566 1013 630 alaris;
1041 575 1201 637 atque
1229 567 1363 622 adeo
1389 582 1455 622 ne
1480 566 1629 621 liceat
1664 567 1754 622 tibi
1780 566 2002 637 posthac
2026 568 2201 637 suspi-

630 670 773 717 cere,
814 655 907 709 sed
947 670 1159 725 semper
1203 656 1256 710 iu
1306 656 1405 711 hoc
1442 671 1659 711 maneas
1700 666 1859 723 statu,
1890 667 1946 713 et
1967 656 2111 711 solus
2136 672 2200 712 ex

627 746 948 801 animalibus
970 756 1108 802 terra
1140 746 1406 817 pascaris;
1430 756 1485 802 et
1506 762 1678 817 neque
1713 747 1813 803 hoc
1836 747 2045 802 solum:
2077 762 2201 801 nam

635 834 702 889 Et
719 836 1004 892 inimicitias
1029 854 1211 904 ponam
1244 837 1373 891 inter
1399 847 1446 891 te
1462 846 1511 892 et
1538 839 1666 891 inter
1678 835 1953 900 mulierem,
1978 836 2199 891 interse-

627 942 740 981 meu
762 935 899 980 tuum
919 935 965 981 et
982 942 1147 981 semen
1166 927 1295 995 ejus.
1317 926 1496 998 Neque
1516 926 1613 980 hoc
1625 934 1901 980 contentus
1919 940 2033 990 ero,
2060 925 2201 996 quod

622 1029 783 1084 super
833 1025 1025 1070 terram
1073 1026 1284 1085 reptes,
1337 1016 1429 1072 sed
1473 1025 1527 1071 et
1572 1016 1839 1070 inimicam
1884 1013 2200 1086 findet-isque

624 1104 853 1159 nesciam
898 1105 1084 1161 iaciam
1135 1108 1225 1161 tibi
1274 1106 1548 1161 mulierem
1586 1119 1805 1177 :neque
1845 1120 1965 1161 eam
2007 1105 2197 1173 solam,

620 1197 713 1252 sed
752 1206 807 1253 et
847 1214 1031 1253 semen
1060 1200 1175 1267 ejus
1197 1198 1405 1271 _semini
1436 1207 1528 1254 tuo
1553 1200 1760 1257 hostem
1788 1210 2096 1270 perpetuum
2124 1200 2200 1255 l'a-

620 1286 775 1340 ciam.
810 1286 838 1340 Ι
844 1304 932 1357 pse
958 1297 1096 1341 tuum
1120 1288 1395 1343 obseruabit
1414 1298 1589 1359 caput,
1632 1298 1680 1344 et
1703 1298 1759 1343 tu
1784 1290 1893 1360 ejus
1921 1289 2198 1345 oburrabis

621 1375 927 1430 enlcaneum.
980 1377 1205 1433 Tantum
1252 1378 1395 1433 enim
1446 1378 1518 1432 illi
1566 1380 1729 1435 robur
1770 1379 2089 1447 concedam,
2140 1388 2197 1435 ut

616 1467 870 1521 continuo
917 1468 1187 1525 incumbat
1228 1468 1388 1539 capiti
1434 1481 1543 1536 tuo,
1577 1480 1629 1526 te
1674 1480 1851 1527 autem
1887 1470 2072 1525 faciam
2096 1472 2198 1527 sub

618 1556 838 1623 pedibus
880 1559 995 1627 ejus
1038 1560 1237 1628 jacere.
1282 1560 1411 1615 Vide
1433 1560 1537 1623 hic,
1583 1561 1792 1625 dilecte,
1842 1575 1938 1631 per
1982 1575 2193 1631 ptenam

620 1648 740 1704 huic
768 1650 952 1705 bestia:
978 1651 1302 1719 deputatam,
1330 1660 1581 1720 quautam
1608 1652 1823 1707 humani
1864 1655 2077 1724 generis
2102 1667 2194 1708 cu-

618 1752 729 1792 ram
759 1739 908 1795 nosz
932 1740 1279 1796 demonstret.
1304 1741 1370 1795 Et
1399 1740 1499 1796 hoc
1527 1740 1741 1811 quidem
1771 1741 1840 1797 de
1869 1742 2057 1797 visibili
2080 1756 2196 1799 ser-

618 1837 773 1896 pcute
802 1847 815 1884 :
849 1830 971 1884 licet
1016 1841 1192 1886 autem
1222 1832 1418 1888 volenti
1464 1842 1650 1902 postea
1695 1833 2035 1891 considerare
2058 1835 2192 1891 scri-

621 1926 827 1985 ptorum
857 1920 1072 1987 seriem,
1094 1929 1149 1976 et
1172 1936 1495 1991 cognoscere
1520 1922 1563 1975 si
1586 1922 1654 1977 de
1682 1922 1919 1978 sensibili
1946 1930 2194 1992 serpente

619 2008 732 2063 lucc
774 2009 913 2065 dicta
942 2023 1083 2074 sunt,
1128 2012 1293 2066 multo
1322 2014 1489 2083 magis
1515 2013 1820 2084 accipienda
1849 2029 1972 2071 esse
1995 2014 2064 2071 de
2086 2014 2194 2087 spi-

616 2100 789 2157 rituali
842 2113 1110 2171 serpente.
1160 2104 1365 2159 Etenim
1413 2113 1467 2159 et
1518 2105 1668 2159 illum
1724 2105 1948 2176 pedibus
1995 2106 2193 2163 nostris

614 2191 840 2261 subjecit
873 2193 1223 2259 humiliatum,
1249 2202 1304 2250 et
1332 2194 1383 2249 id
1427 2196 1669 2264 praestitit
1693 2204 1752 2251 ut
1772 2211 1870 2253 uos
1890 2197 2008 2267 ejus
2032 2197 2191 2267 capiti

615 2281 999 2337 incumbamus.
1042 2285 1232 2339 Annon
1280 2284 1383 2340 hoc
1427 2286 1691 2357 significat
1737 2287 1942 2356 dicens,
1992 2288 2195 2345 Cafcate

613 2386 767 2439 super
791 2382 1063 2441 serpentes,
1112 2383 1160 2429 et
1200 2375 1488 2443 scorpiones
1520 2374 1669 2447 (Luc.
1699 2378 1785 2433 lo.
1826 2377 1954 2449 l9)?
1990 2377 2193 2434 Deinde

617 2475 683 2515 ne
712 2470 955 2531 putemus
983 2462 1050 2517 de
1073 2463 1412 2519 senaibilibus
1442 2463 1569 2520 feris
1592 2479 1712 2521 esse
1736 2466 1957 2534 dictum,
1979 2467 2191 2523 subdit:

622 2549 686 2603 Et
711 2566 862 2620 super
884 2567 1080 2606 omnem
1108 2554 1338 2607 virtutem
1374 2554 1584 2608 inimici.
1620 2554 1837 2610 Vidistis
1873 2569 1938 2611 ex
1966 2556 2049 2610 his
2072 2571 2193 2627 quae

613 2639 752 2695 dicta
794 2649 917 2695 sunt
960 2642 1028 2697 de
1072 2656 1229 2712 pana
1277 2643 1629 2699 instrumento
1672 2643 1935 2701 diabolico
1971 2645 2189 2713 inﬂicta,

615 2731 884 2799 ingentem
925 2730 1016 2786 Dei
1069 2731 1492 2788 humanitatem?
1541 2731 1827 2790 Veniamus
1870 2738 2094 2803 iterum,
2146 2736 2192 2790 si

610 2820 806 2890 placet,
854 2821 919 2877 ad
966 2824 1261 2879 mulierem.
1290 2824 1521 2895 Serpens
1546 2826 1667 2895 quia
1694 2825 1953 2882 fallaciam
1994 2827 2189 2893 intulit,

615 2919 892 2978 propterea
938 2920 993 2967 et
1037 2926 1247 2982 pinnam
1289 2915 1402 2985 ipse
1439 2914 1644 2985 primus
1679 2916 1926 2987 accepit:
1968 2924 2023 2972 et
2067 2917 2192 2987 quia

614 2999 786 3068 primo
824 3000 1100 3056 mulierem
1128 3002 1355 3073 decepit,
1387 3014 1443 3060 et
1470 3004 1562 3059 illa
1588 3013 1769 3075 postea
1808 3006 1978 3061 virum
2008 3018 2191 3061 secum

613 3091 794 3155 traxit,
826 3090 946 3148 ideo
974 3101 1028 3147 et
1056 3093 1168 3163 ipsa
1200 3095 1345 3164 prior
1369 3094 1619 3164 plectitur
1645 3110 1799 3163 ptena
1825 3110 2072 3167 magnam
2098 3097 2193 3151 ad-

618 3180 963 3236 monitionem
1003 3181 1252 3238 habente.
1300 3183 1387 3239 l6.
1415 3182 1483 3237 Et
1508 3184 1708 3238 mulieri
1733 3184 1863 3239 dixit
1885 3201 1904 3238 :
1930 3183 2191 3254 Multipli-

614 3284 735 3324 eans
773 3271 1111 3338 multijdirabo
1151 3288 1402 3327 mutuas
1427 3282 1559 3341 tuas,
1587 3283 1634 3327 et
1656 3274 1897 3344 gemitum
1936 3283 2074 3329 tuum
2102 3290 2122 3328 .·
2139 3276 2193 3331 in

610 3362 868 3417 doloribus
890 3367 1056 3434 partes
1082 3366 1251 3433 filios;
1284 3374 1334 3421 et
1358 3366 1428 3420 ad
1448 3368 1611 3420 virum
1638 3376 1777 3421 tutan
1803 3368 2057 3422 conversio
2083 3378 2189 3436 tua,

611 3463 657 3506 et
680 3455 788 3525 ipse
804 3457 876 3509 tui
894 3457 1252 3511 dominabitur.
1276 3457 1409 3514 Vide
1429 3458 1720 3516 bonitatem
1742 3459 1975 3526 Domini,
1997 3465 2192 3530 quanta

614 3556 731 3615 pou
782 3556 979 3602 tantam
1030 3548 1515 3617 praevaricationem
1555 3551 1963 3607 mansuetudine
2005 3552 2188 3607 utitur.

621 3636 963 3706 Multiplicans
1003 3639 1341 3710 multiplicabo
1384 3656 1636 3696 aerumnas
1674 3651 1807 3696 tuas.
1839 3641 1954 3712 Ego
1980 3642 2189 3712 quidem

620 3728 882 3795 volebam,
914 3728 1102 3797 inquit,
1122 3737 1172 3785 te
1191 3730 1321 3784 citra
1342 3730 1577 3786 dolorem
1603 3739 1657 3785 et
1675 3746 1966 3787 aerumnam
1988 3732 2188 3800 vivere,

616 3820 939 3889 liberamque
968 3820 1034 3875 ab
1060 3820 1204 3874 omni
1230 3836 1461 3877 maerore
1485 3829 1539 3877 et
1575 3822 1804 3886 tristitia,
1845 3831 1900 3878 et
1928 3824 2073 3877 omni
2100 3838 2194 3877 vo-

613 3908 811 3977 luptate
844 3908 1056 3979 repleri,
1083 3919 1136 3964 et
1166 3910 1289 3965 licet
1307 3925 1534 3981 corpore
1558 3910 1961 3977 circumdatam,
1995 3926 2191 3983 corpo-

613 3998 869 4067 paralium
922 4014 1084 4055 sensu
1129 4015 1235 4055 non
1279 4000 1418 4056 allici
1451 4018 1464 4055 :
1493 4010 1547 4057 at
1590 4003 1713 4073 quia
1758 4019 1864 4058 uou
1913 4019 2007 4059 usa
2051 4018 2110 4060 es
2136 4013 2195 4060 ut

612 4096 823 4154 oportet
871 4097 1013 4143 tanta
1057 4089 1430 4160 prosperitate,
1476 4090 1571 4147 sed
1618 4091 1888 4147 al'llueutia
1928 4092 2189 4148 bonorum

618 4187 727 4232 tam
756 4178 1017 4248 ingratum
1061 4178 1155 4234 tibi
1206 4180 1441 4235 animum
1494 4183 1715 4248 invexit,
1770 4193 2049 4252 propterea
2096 4183 2191 4239 tibi

614 4272 818 4323 frenum
871 4271 1105 4340 impono,
1165 4278 1225 4325 ut
1269 4285 1337 4326 ne
1391 4272 1615 4342 amplius
1665 4271 1929 4339 lascivias,
1972 4273 2040 4328 ad
2091 4276 2189 4329 tri-

614 4359 788 4414 stitias
846 4368 899 4414 ct
950 4360 1193 4431 gemitus
1266 4369 1320 4415 te
1379 4360 1763 4417 condemnatis.
1838 4362 2189 4434 Hultiplicans

614 4452 952 4515 multiplicabo
1012 4467 1263 4507 terumnas
1316 4462 1458 4519 tuas,
1516 4462 1563 4507 et
1615 4454 1852 4523 gemitum
1918 4465 2057 4509 tuum
2086 4473 2104 4509 :
2136 4456 2193 4509 in

576 4542 871 4596 doloribus
916 4543 1079 4611 paries
1117 4543 1272 4608 filios.
1316 4544 1471 4611 Rem,
1515 4544 1703 4615 inquit,
1752 4559 1956 4615 magna:
1999 4547 2193 4602 laetitia:

615 4642 670 4688 ct
698 4633 923 4689 filiorum
946 4634 1374 4703 propagatiouem
1398 4648 1429 4687 a
1455 4633 1641 4689 dolore
1661 4646 1718 4689 ut
1741 4636 1961 4705 incipias
1976 4636 2188 4703 faciam,

617 4733 673 4777 ut
700 4732 753 4777 et
780 4724 889 4792 ipsa
920 4738 1017 4793 per
1060 4724 1316 4795 cujusque
1345 4733 1524 4794 partus
1556 4724 1768 4781 dolores
1811 4736 1865 4781 et
1892 4743 2186 4798 aerumnas,

610 4821 874 4883 perpetuo
899 4813 1165 4868 mouearis
1188 4825 1379 4883 quanta
1409 4814 1480 4867 sit
1504 4815 1705 4882 peccati
1728 4823 1782 4869 et
1818 4815 2191 4871 inobedicutim

620 4902 947 4972 magnitudo,
994 4912 1047 4958 ct
1086 4920 1154 4959 ue
1179 4920 1427 4974 processu
1458 4907 1709 4974 temporis
1733 4907 1980 4962 oblivioni
2013 4909 2189 4964 tradas

616 4993 758 5063 quod
790 4993 981 5048 factum
1012 5003 1111 5061 est,
1141 4994 1234 5050 sed
1263 5010 1449 5050 noscas
1477 4995 1776 5065 huiusmodi
1805 4996 2065 5053 fallaciam
2094 5000 2189 5054 ho-

617 5100 734 5138 rum
762 5086 852 5139 tibi
883 5100 1092 5140 causam
1118 5086 1300 5141 fuisse.
1330 5086 1615 5155 Propterea
1642 5087 1989 5159 Multiplieans
2015 5093 2189 5145 multi-

618 5178 810 5244 plicabo
849 5192 1097 5231 teruumas
1134 5187 1265 5244 tuas,
1306 5188 1352 5231 ct
1376 5179 1614 5249 gemitum
1659 5188 1832 5234 tuum:
1858 5183 1908 5235 in
1934 5181 2190 5237 doloribus

619 5268 783 5333 paries
843 5267 993 5334 ﬁlios.
1038 5267 1134 5321 llic
1180 5268 1441 5335 significat
1490 5269 1891 5337 parturientium
1950 5270 2185 5339 dolores,

622 5358 1065 5428 multiplicemque
1106 5359 1249 5413 illum
1300 5360 1553 5427 laborem,
1601 5376 1758 5431 quem
1787 5360 1925 5417 ferre
1970 5377 2188 5420 necesse

620 5456 704 5500 est
733 5465 746 5499 :
776 5464 963 5517 nempe
1006 5458 1083 5502 tot
1130 5450 1421 5513 mensibus,
1460 5452 1605 5506 velut
1642 5452 1904 5509 sarcinam
1936 5454 2185 5509 infantem

621 5549 852 5606 gestare,
903 5549 955 5593 et
992 5540 1191 5595 sentire
1234 5540 1542 5609 singulares,
1596 5557 1713 5612 qure
1762 5543 1885 5597 inde
1923 5545 2185 5609 oriuntur,

623 5642 907 5693 aerumnas,
937 5630 1291 5685 membrorum
1323 5630 1717 5695 distorsioncm,
1751 5643 1803 5687 et
1832 5634 2187 5690 intolerabiles

624 5717 739 5772 illos
766 5718 971 5774 dolores
996 5734 1127 5787 quos
1159 5719 1282 5774 sola!
1316 5720 1418 5775 illm
1440 5722 1629 5789 sciunt,
1647 5738 1766 5793 qua:
1794 5734 2024 5794 etgrcrtm
2042 5734 2181 5778 sunt.

1366 364 1422 420 S.
1457 361 1732 420 JOANNIS
1769 362 2235 427 CllllYSOSTOIlI
2272 364 2587 432 ARCHIEP.
2626 367 3159 428 CONSTANTINOP.
3784 372 3869 425 144

2382 480 2435 535 8.
2468 482 2601 551 Spes
2624 482 2742 537 boui
2761 482 2919 553 futuri
2948 483 3082 535 mala
3109 483 3238 536 leuat
3264 482 3552 551 praesentia.
3577 510 3646 522 --
3670 481 3847 537 Verum

2310 574 2487 622 tamen
2517 568 2787 625 doloribus
2824 578 2967 624 tanta
2996 569 3185 625 solatia
3232 570 3387 637 simul
3425 569 3708 625 admiscuit
3734 571 3868 625 beni-

2307 674 2442 729 gnus
2472 660 2632 729 Deus,
2664 672 2719 715 ut
2747 659 2917 717 ferme
2947 660 3328 718 conferendum
3354 662 3423 714 sit
3446 660 3716 731 gaudium,
3743 662 3870 729 quod

2306 765 2373 804 ex
2404 760 2529 806 nato
2572 765 2739 822 puero
2773 752 3031 819 habetur,
3061 768 3183 807 cum
3223 752 3494 807 doloribus
3538 752 3645 806 illis
3678 752 3765 822 qui
3803 760 3871 806 tot

2308 842 2583 896 mensibus
2608 851 2846 897 ventrem
2885 842 3168 899 dissecant.
3201 841 3333 898 Nam
3357 857 3477 911 quze
3506 850 3711 896 tantum
3740 841 3872 897 labo-

2308 946 2421 986 rem
2453 930 2653 998 feruut,
2684 942 2867 1003 totque
2887 932 3129 988 dolorum
3150 931 3469 988 cruciatibus
3493 930 3869 1000 discerpuntur,

2306 1032 2362 1075 ut
2390 1035 2528 1092 pene
2551 1021 2619 1076 de
2646 1022 2759 1092 ipsa
2780 1025 2884 1077 vita
2904 1022 3221 1092 desperent;
3253 1032 3531 1092 postquam
3559 1023 3867 1091 pepereriut,

2303 1117 2357 1163 et
2385 1108 2661 1166 doloribus
2687 1109 2883 1166 fuerint
2905 1112 3127 1178 solutae,
3154 1110 3441 1181 laetitiaque
3469 1110 3573 1165 frui
3600 1110 3867 1181 capeript,

2304 1199 2495 1254 iterum
2521 1202 2673 1271 quasi
2700 1202 2878 1257 oblitae
2905 1201 3145 1256 laborum
3172 1201 3434 1264 omnium,
3465 1200 3694 1255 filiorum
3723 1214 3873 1270 gene-

2302 1288 2494 1345 rationi
2539 1305 2758 1361 operam
2800 1289 2930 1345 dant
2961 1307 2976 1343 :
3006 1290 3084 1345 sic
3112 1289 3455 1359 dispensante
3492 1288 3723 1359 benigno
3750 1288 3869 1351 Deo.

2302 1389 2359 1433 ut
2384 1379 2657 1434 hominum
2685 1388 2928 1435 servetur
2950 1394 3138 1450 genus.
3167 1379 3392 1449 Semper
3415 1377 3557 1433 enim
3586 1376 3871 1431 futurorum

2300 1469 2561 1525 bonomm
2607 1486 2732 1541 spes
2774 1470 2828 1527 id
2876 1471 3039 1527 eﬂicit
3060 1511 3078 1537 ,
3121 1480 3179 1526 ut
3221 1469 3502 1540 prasentia
3550 1466 3872 1523 incommoda

2298 1561 2467 1615 levius
2494 1561 2747 1616 ferantur.
2779 1557 2835 1617 Id
2863 1561 3003 1632 quod
3036 1562 3090 1616 in
3121 1558 3540 1630 negotiatoribus
3592 1559 3715 1628 quis
3737 1556 3872 1612 vide-

2298 1650 2400 1717 rit,
2432 1652 2521 1721 qui
2566 1651 2796 1722 ingentia
2842 1652 3007 1706 maria
3041 1657 3315 1705 transeunt
3334 1690 3350 1715 ,
3381 1647 3651 1718 naufragia
3682 1652 3873 1713 ferunt,

2298 1747 2353 1795 et
2386 1741 2583 1810 piratas
2606 1781 2622 1806 ,
2667 1755 2731 1796 ac
2771 1749 2891 1811 post
2933 1740 3170 1811 pericula
3202 1739 3365 1794 multa
3389 1779 3405 1805 ,
3436 1738 3628 1809 quibus
3673 1739 3873 1794 illorum

2297 1843 2421 1898 spes
2444 1828 2748 1896 frustratur,
2773 1845 2946 1900 neque
2972 1829 3049 1885 sic
3070 1838 3242 1884 tamen
3265 1828 3547 1894 desistunt,
3571 1829 3662 1882 sed
3691 1829 3874 1883 iterum

2296 1918 2484 1975 eadem
2529 1927 2813 1975 attentant.
2861 1920 2973 1974 Hoc
3009 1920 3169 1975 etiam
3210 1917 3279 1974 de
3308 1918 3557 1989 agricolis
3603 1932 3877 1988 possemus

2296 2011 2477 2069 dicere
2500 2014 2515 2045 ⁸
2546 2029 2560 2066 :
2592 2013 2790 2068 etenim
2821 2021 2875 2069 et
2902 2013 2976 2067 illi
3012 2027 3133 2067 cum
3175 2009 3437 2081 profunde
3461 2010 3731 2065 secuerint
3772 2018 3875 2065 ter-

2296 2118 2433 2168 ram,
2466 2110 2521 2158 et
2556 2102 2844 2173 diligenter
2869 2102 3234 2165 excoluerint,
3260 2115 3325 2156 ac
3361 2100 3561 2171 largam
3587 2107 3876 2155 sementem

2291 2192 2552 2262 jeceriut,
2593 2206 2737 2261 saepe
2780 2192 3027 2247 ariditate
3066 2190 3150 2246 vel
3178 2190 3482 2247 immodicis
3530 2189 3763 2258 pluviis,
3797 2189 3876 2243 vel

2297 2282 2513 2337 tandem
2543 2282 2761 2354 quando
2790 2282 3043 2353 manipuli
3071 2281 3393 2352 colligendi,
3423 2280 3668 2351 rubigine
3694 2294 3877 2350 super-

2296 2374 2542 2428 veniente
2560 2414 2577 2441 ,
2608 2387 2703 2443 Spe
2726 2388 2823 2429 sua
2848 2372 3104 2429 excidunt
3135 2390 3148 2425 :
3196 2380 3562 2427 verumtamen
3604 2386 3782 2441 neque
3809 2370 3877 2425 illi

2297 2462 2374 2517 sic
2400 2461 2700 2528 desistunt;
2741 2463 2835 2518 sed
2862 2463 3054 2518 iterum
3081 2471 3138 2517 ut
3168 2470 3378 2532 tempus
3398 2459 3712 2532 appetierit,
3743 2460 3878 2530 agri?

2296 2553 2563 2606 culturam
2601 2560 2877 2607 exercent.
2911 2552 3086 2622 Atque
3132 2552 3185 2606 in
3228 2551 3649 2622 quibuscumque
3694 2549 3881 2604 studiis

2294 2652 2351 2698 et
2376 2642 2578 2697 artibus
2607 2643 2710 2697 hoc
2738 2641 2952 2699 obvium
2982 2650 3085 2697 est.
3112 2641 3203 2698 Sic
3229 2641 3424 2697 mulier
3449 2656 3663 2712 quoque
3688 2650 3749 2698 et
3773 2641 3881 2711 ipsa

2295 2747 2440 2803 saepe
2465 2742 2585 2803 post
2608 2741 2686 2788 tot
2708 2746 2928 2788 menses
2949 2732 3090 2799 illos,
3112 2739 3235 2802 post
3259 2730 3623 2786 intolerabiles
3647 2730 3879 2795 dolores,

2298 2833 2417 2893 post
2444 2832 2627 2878 noctes
2648 2822 2943 2888 insomnes,
2967 2830 3087 2893 post
3114 2821 3480 2877 membrorum
3499 2820 3881 2889 distensiones,

2297 2928 2461 2983 parvo
2501 2912 2736 2984 quodam
2780 2925 2909 2967 casu
2952 2912 3259 2979 incidente,
3306 2912 3429 2968 licet
3472 2921 3598 2967 ante
3628 2922 3883 2969 statutum

2295 2988 2509 3073 tempus
2555 3011 2765 3074 partum
2813 3001 3128 3057 abortiverit
3175 3002 3455 3057 informem
3479 3043 3495 3070 ,
3543 3012 3597 3059 et
3648 3004 3885 3061 nondum

2298 3093 2637 3150 lineamentis
2681 3092 3003 3166 ﬁguratum;
3034 3092 3121 3148 vel
3165 3092 3450 3148 formatum
3479 3093 3699 3164 quidem
3724 3134 3741 3160 ,
3783 3109 3885 3150 non

2300 3184 2564 3253 integrum
2594 3191 2791 3250 autem,
2827 3197 3001 3253 neque
3026 3197 3237 3251 sanum,
3266 3183 3353 3238 vel
3381 3184 3541 3238 etiam
3569 3198 3722 3253 saepe
3747 3200 3888 3241 mor-

2298 3282 2447 3330 tuum
2472 3315 2486 3338 ,
2517 3274 2603 3328 vix
2646 3288 2677 3327 e
2704 3272 2956 3342 periculis
2984 3274 3202 3343 elapsa:
3235 3280 3468 3327 attamen
3515 3273 3672 3343 quasi
3722 3274 3886 3330 oblita

2297 3366 2487 3420 horum
2512 3365 2791 3431 omnium,
2838 3363 3027 3419 eadem
3064 3378 3186 3434 quae
3229 3372 3385 3418 antea
3429 3364 3530 3418 fert
3570 3372 3629 3418 et
3674 3365 3884 3420 tolerat.

2298 3456 2365 3510 Et
2393 3454 2518 3525 quid
2546 3454 2665 3509 dico
2692 3453 2925 3509 eadem?
2971 3452 3126 3523 Szepc
3152 3467 3272 3507 cum
3313 3451 3424 3508 fetu
3467 3460 3592 3507 nato
3620 3454 3887 3510 commori

2296 3561 2390 3602 eas
2433 3546 2733 3615 contingit,
2780 3553 2834 3599 ct
2862 3559 3035 3614 neque
3075 3544 3177 3600 hoc
3213 3552 3437 3600 caeteras
3465 3553 3672 3611 terret,
3717 3561 3888 3617 neque

2297 3637 2581 3707 persuadet
2608 3646 2665 3690 ut
2692 3651 2806 3692 rem
2836 3634 3034 3706 fugiant
3064 3653 3077 3691 :
3110 3642 3309 3690 tantam
3340 3636 3481 3691 Deus
3508 3637 3757 3693 tristibus
3785 3638 3888 3694 illis

2297 3727 2490 3781 insevit
2526 3727 2852 3795 voluptatem
2896 3725 3056 3781 simul
3098 3734 3152 3779 et
3198 3726 3459 3781 laetitiam.
3504 3725 3742 3796 Propter
3787 3728 3888 3783 hoc

2295 3816 2504 3872 diccbat
2543 3834 2557 3869 :
2609 3816 2958 3886 Multiplicans
3010 3815 3356 3886 multiplicabo
3398 3832 3655 3872 azrumnas
3701 3827 3817 3873 tuas
3840 3828 3889 3875 at

2294 3907 2532 3974 gemitum
2562 3915 2743 3969 tuum;
2784 3906 2837 3958 in
2879 3904 3138 3959 doloribus
3183 3905 3349 3975 paries
3388 3904 3545 3973 ﬁlios.
3576 3905 3696 3963 [loc
3726 3909 3886 3962 etiam

2297 3995 2543 4051 Christus
2569 3996 2777 4051 dicebat
2804 3996 3078 4066 discipulis
3103 3997 3234 4063 suis,
3260 4005 3569 4053 monstrans
3596 4008 3710 4054 tam
3740 4000 3890 4055 dolo-

2299 4086 2373 4140 ris
2398 4084 2837 4155 magnitudinem,
2858 4101 3018 4155 quam
3042 4086 3238 4140 Iretitize
3264 4087 3632 4142 excellentiam
3660 4106 3676 4142 :
3700 4087 3890 4144 Mulier

2294 4179 2499 4248 quando
2526 4178 2683 4247 parit,
2716 4177 2967 4231 tristitiam
2999 4178 3171 4243 habet,
3198 4180 3435 4248 quoniam
3462 4180 3593 4232 venit
3622 4180 3758 4234 liora
3784 4182 3891 4252 ejus

2299 4266 2486 4336 (Joan.
2517 4266 2602 4322 l6.
2625 4267 2690 4322 21
2720 4267 2739 4336 )
2771 4282 2786 4322 :
2817 4265 3011 4322 deinde
3035 4266 3223 4321 volens
3247 4266 3404 4321 nobis
3428 4266 3709 4323 declarare
3752 4286 3890 4339 quo-

2296 4357 2456 4413 modo
2476 4358 2647 4411 tristia
2675 4358 2832 4412 simul
2861 4371 2893 4412 e
2918 4356 3095 4412 medio
3124 4356 3398 4420 tollantur,
3420 4357 3677 4427 gaudium
3710 4368 3889 4413 autent

2294 4458 2348 4505 ct
2372 4448 2552 4503 latitia
2581 4446 2906 4513 succedant,
2936 4447 3106 4517 inquit
3138 4463 3153 4501 :
3190 4446 3413 4513 Quando
3439 4455 3604 4500 autem
3633 4450 3889 4519 pepererit

2296 4557 2526 4611 puerum,
2570 4555 2670 4593 non
2705 4543 2817 4610 jam
2844 4554 3035 4593 memor
3064 4547 3137 4594 est
3164 4539 3449 4609 aﬂlictionis
3470 4579 3484 4602 ,
3510 4550 3731 4609 promer
3754 4557 3888 4611 gau-

2295 4633 2434 4685 dium
2453 4673 2467 4697 ,
2499 4632 2618 4702 quia
2648 4640 2798 4684 natus
2824 4639 2898 4684 est
2928 4630 3077 4683 homo
3120 4629 3173 4682 in
3197 4629 3465 4683 ntuudum.
3499 4628 3732 4683 Vidistis
3760 4646 3889 4700 pro-

2294 4722 2580 4777 videntiam
2608 4729 2661 4775 et
2686 4733 2866 4776 curam
2906 4718 3070 4774 nostri
3108 4717 3404 4772 eximiam?
3432 4717 3639 4773 vidistis
3667 4733 3887 4788 pinnam

2294 4810 2671 4866 admonitionis
2712 4808 2962 4880 plenam?
2992 4806 3059 4861 In
3090 4807 3347 4862 doloribus
3376 4808 3541 4877 paries
3572 4808 3733 4877 ﬁlios.
3783 4809 3884 4864 De.

2296 4903 2439 4967 inde,
2466 4901 2545 4956 Ad
2565 4902 2728 4955 virum
2755 4910 2897 4954 tuum
2922 4900 3177 4955 conversio
3198 4909 3308 4965 tua,
3335 4910 3382 4953 et
3405 4900 3515 4969 ipse
3538 4900 3887 4955 dominabitur

2298 4997 2383 5048 ηιξ.
2432 4994 2593 5062 Quasi
2636 5008 2695 5047 se
2736 4990 3031 5046 defendens
3077 4990 3217 5060 apud
3266 4990 3545 5045 mulierem
3589 4989 3711 5046 hac
3761 4992 3888 5047 dicit

2295 5085 2551 5155 benignus
2582 5085 2745 5140 Deus.
2775 5081 2917 5152 Ego,
2950 5081 3150 5151 inquit,
3184 5081 3251 5135 ab
3280 5080 3433 5135 initio
3459 5080 3668 5137 honore
3700 5096 3886 5153 parem

2296 5185 2349 5231 te
2376 5176 2593 5231 formavi
2614 5217 2628 5241 ,
2661 5185 2716 5231 et
2738 5173 2977 5245 ejusdem
3009 5172 3279 5242 dignitatis
3306 5173 3358 5227 in
3387 5172 3637 5227 omnibus
3666 5175 3888 5243 partici-

2296 5282 2413 5336 pem
2437 5308 2453 5333 ,
2496 5276 2551 5321 et
2580 5267 2718 5323 sicut
2756 5266 2902 5329 viro,
2935 5264 3004 5317 ita
3046 5273 3101 5319 et
3132 5264 3223 5319 tibi
3262 5264 3499 5319 omnium
3525 5265 3887 5335 principatum

2294 5355 2597 5412 concredidi
2627 5338 2915 5409 :czeteruiu
2943 5352 3062 5423 quia
3084 5353 3246 5408 abusa
3273 5366 3332 5408 es
3358 5352 3577 5408 honoris
3594 5352 3885 5423 dignitate.

2292 5448 2517 5517 subjicio
2564 5456 2613 5500 te
2640 5447 2773 5509 viro,
2822 5444 2885 5498 Et
2912 5445 2978 5496 ad
3004 5445 3165 5497 virum
3204 5454 3344 5498 tuum
3388 5445 3644 5497 conversio
3679 5458 3772 5501 tua
3795 5488 3814 5511 ,
3846 5456 3886 5499 et

2294 5539 2401 5606 ipse
2424 5536 2496 5588 tui
2516 5535 2870 5589 dominabitur.
2901 5534 3031 5599 Quia
3064 5533 3249 5587 relicto
3270 5547 3333 5587 eo
3363 5533 3452 5603 qui
3480 5532 3746 5604 dignitate
3768 5552 3881 5605 par,

2359 5672 2373 5703 ¹
2411 5674 2483 5719 sic
2504 5671 2639 5719 Sat-il.
2689 5670 2815 5731 Apud
2860 5668 3023 5715 Morel.
3071 5675 3122 5717 et
3167 5666 3355 5719 Montef.
3392 5682 3404 5717 :
3436 5676 3535 5718 Hoc
3574 5668 3724 5721 etiam
3757 5674 3883 5731 apud

2293 5732 2531 5795 agricolas
2545 5730 2739 5781 unitum!
2747 5744 2809 5781 re;
2823 5730 2858 5781 ti
2877 5739 3041 5793 potest.
