4058 6302
301 323 400 378 ιιιςς

301 449 352 494 et
377 435 531 503 cujus
570 442 778 490 natura
809 435 1071 504 particeps
1090 475 1106 500 ,
1147 442 1202 489 et
1230 442 1445 504 propter
1473 450 1632 504 quem
1659 432 1887 487 for-inata

304 544 392 594 es,
419 526 844 582 familiaritatem
874 542 995 581 cum
1023 535 1271 595 serpente
1318 526 1454 579 mala
1484 526 1569 580 illa
1598 525 1764 580 bestia
1796 525 1890 579 ha-

306 619 428 674 bere
454 659 471 684 ,
519 627 574 673 ct
602 617 720 687 ejus
748 618 992 686 accipere
1019 617 1296 672 consilium
1325 617 1536 672 voluisti
1566 633 1578 669 :
1613 627 1894 686 propterea

305 709 529 776 posthac
555 707 628 761 illi
658 715 708 762 te
734 706 980 776 subjicio,
1010 715 1064 762 et
1093 707 1240 762 illum
1267 706 1542 761 dominum
1573 715 1722 761 tuum
1749 721 1897 762 asse-

304 814 396 861 ro,
443 807 507 852 ut
549 797 691 852 illius
736 797 941 852 scilicet
981 795 1278 853 dominium
1323 811 1581 867 agnoscas
1624 815 1638 852 :
1679 806 1733 852 et
1775 798 1895 867 quia

303 887 580 944 nescivisti
628 889 930 958 imperare,
978 887 1124 943 disce
1173 887 1309 944 bene
1359 903 1567 958 parere.
1611 888 1692 942 Ad
1736 889 1896 943 virum

302 979 450 1032 enim
486 988 624 1032 tuum
648 1019 664 1046 ,
699 980 888 1049 inquit,
917 980 1174 1034 conversio
1201 989 1286 1033 tua
1308 1021 1323 1045 ,
1356 989 1402 1033 et
1427 981 1534 1050 ipse
1559 979 1900 1034 dominabitur

304 1069 398 1122 tui.
433 1069 619 1124 Melius
647 1078 730 1124 est
759 1079 812 1124 ut
848 1077 901 1123 tu
941 1070 1040 1125 sub
1069 1069 1160 1125 illo
1189 1071 1297 1134 sis,
1346 1080 1400 1125 et
1441 1070 1587 1126 illum
1623 1069 1895 1125 dominum

307 1158 530 1224 habeas,
577 1175 735 1230 quam
781 1157 950 1216 libere
994 1169 1048 1217 et
1088 1176 1210 1217 cum
1258 1170 1521 1232 potestate
1570 1163 1752 1218 vivens
1803 1179 1899 1233 per

305 1250 600 1319 praecipitia
628 1249 836 1306 feraris.
862 1251 995 1306 Nam
1024 1259 1080 1307 et
1107 1267 1246 1323 equo
1271 1254 1450 1308 utilius
1475 1264 1557 1309 est
1584 1256 1733 1310 h'eno
1763 1255 1893 1325 regi,

301 1350 358 1394 et
387 1342 687 1411 composite
711 1343 998 1414 progredi,
1030 1359 1190 1415 quam
1218 1346 1335 1401 sine
1364 1347 1458 1400 illo
1488 1362 1581 1415 per
1606 1347 1897 1417 praecipitia

303 1429 455 1485 ferri.
493 1432 675 1502 Itaque
701 1432 1050 1489 considerans
1075 1434 1202 1505 quid
1239 1434 1331 1489 tibi
1361 1436 1429 1491 sit
1458 1436 1585 1491 utile
1605 1479 1620 1502 ,
1647 1437 1714 1491 ad
1746 1438 1897 1492 illum

304 1533 359 1579 te
383 1524 584 1580 habere
604 1526 726 1580 volo
751 1525 1156 1605 conversionem
1182 1544 1194 1580 :
1223 1528 1359 1583 sicut
1380 1529 1620 1598 corporis
1640 1539 1722 1585 est
1741 1539 1900 1598 caput

300 1610 499 1686 sequi;
512 1626 567 1672 et
594 1617 890 1672 dominium
918 1618 1036 1688 ejus
1060 1621 1294 1675 suaviter
1318 1635 1628 1689 agnoscere.
1656 1621 1779 1678 Seio
1803 1637 1899 1677 vos

302 1707 576 1763 dictorum
598 1708 753 1779 copia
781 1708 986 1780 fatigari
1013 1725 1027 1777 ;
1057 1709 1150 1766 sed
1172 1711 1479 1766 exeitemini
1506 1713 1897 1783 aliquantulum

301 1813 437 1863 oro,
467 1814 537 1855 ne
567 1799 939 1870 imperfectum
984 1800 1242 1871 judicium
1288 1804 1654 1875 relinquamus
1676 1845 1692 1872 ,
1726 1822 1898 1877 neque

299 1890 494 1946 relicto
535 1891 712 1946 adhuc
752 1891 933 1961 judice
970 1894 1196 1950 sedente
1223 1895 1558 1953 discedamus
1589 1917 1602 1954 :
1634 1899 1896 1970 siquidem

301 1979 476 2034 tenue
507 1979 573 2033 ad
602 1979 762 2036 tinem
795 1985 1156 2052 pervenimus.

373 2069 428 2124 9.
472 2069 760 2126 Videamus
803 2074 984 2146 itaque
1024 2076 1153 2145 quid
1194 2087 1314 2147 post
1354 2091 1656 2134 sermonem
1685 2080 1895 2136 mulieri

299 2158 542 2228 factum,
593 2164 711 2219 viro
755 2164 937 2233 dicat,
988 2177 1042 2222 et
1084 2184 1242 2240 quam
1294 2171 1367 2225 illi
1413 2185 1628 2242 poenam
1673 2173 1892 2244 inﬂigat.

307 2252 394 2306 l7.
430 2253 561 2308 Ade:
586 2265 754 2309 autem
781 2257 910 2312 dia-it
936 2274 954 2313 :
981 2259 1113 2326 Quia
1152 2262 1342 2315 audisti
1369 2278 1534 2318 vocem
1573 2265 1745 2319 uxoris
1780 2276 1899 2329 tum,

299 2353 346 2396 rt
373 2345 638 2409 comedisti
675 2348 739 2401 de
766 2347 938 2418 ligno,
985 2351 1050 2405 de
1093 2368 1192 2424 quo
1229 2354 1464 2408 ntandavi
1495 2356 1583 2409 tibi
1606 2398 1622 2422 ,
1670 2367 1812 2411 utea:
1837 2373 1897 2412 eo

301 2439 410 2491 solo
439 2455 541 2494 non
584 2441 837 2509 comedas,
883 2443 947 2497 de
989 2443 1080 2498 illo
1124 2446 1238 2515 ipso
1280 2448 1584 2512 comedtsti;
1630 2451 1896 2505 maledicta

302 2538 436 2582 terra
463 2529 515 2582 in
543 2530 779 2600 operibus
803 2533 923 2587 tuis.
953 2532 1021 2588 In
1042 2537 1283 2590 (erumnis
1308 2538 1536 2593 comedes
1564 2539 1708 2594 illaut
1733 2544 1896 2596 omni-

301 2618 394 2674 bus
415 2619 592 2674 diebus
611 2621 726 2676 vitae
745 2631 866 2677 tuae.
894 2622 980 2679 18.
1007 2623 1203 2696 Spinas
1224 2610 1272 2682 et
1296 2627 1503 2682 tribulos
1525 2629 1613 2683 tibi
1631 2631 1891 2701 producet,

298 2719 348 2764 et
372 2711 604 2766 comedas
629 2711 821 2781 fanum
848 2715 980 2786 agri.
1015 2715 1101 2770 i9.
1127 2715 1195 2770 In
1220 2717 1405 2772 sudore
1429 2721 1578 2791 faciei
1607 2731 1708 2776 tum
1731 2739 1895 2778 vesce-

299 2799 368 2855 ris
399 2817 532 2869 pone
565 2810 651 2857 tuo
674 2844 690 2868 ,
737 2803 897 2859 donec
940 2808 1204 2862 revertaris
1249 2817 1303 2862 tu
1347 2810 1399 2862 in
1429 2820 1613 2866 terram
1629 2852 1646 2878 ,
1691 2813 1753 2866 de
1795 2830 1893 2882 qua

297 2903 530 2962 sumptus
554 2910 606 2948 es
631 2910 650 2948 :
679 2895 799 2966 quia
828 2906 962 2952 terra
980 2915 1052 2966 es,
1084 2909 1130 2953 et
1157 2900 1208 2954 in
1235 2909 1422 2956 terram
1447 2902 1624 2958 abibis.
1657 2905 1890 2961 Plurima

294 2990 352 3036 et
381 2981 671 3040 ineti'abilis
700 2987 864 3042 etiam
894 2988 995 3042 hoc
1022 2989 1140 3045 loco
1168 2993 1466 3048 ostenditur
1493 2995 1700 3049 Domini
1727 2997 1740 3026 ¹
1766 3012 1889 3066 erga

295 3075 571 3130 hominem
605 3078 937 3148 providentia
967 3089 1018 3135 et
1045 3096 1170 3136 cura
1201 3099 1215 3135 :
1244 3083 1337 3139 sed
1366 3084 1642 3140 audiamus
1667 3087 1891 3157 diligen-

296 3176 378 3222 ter
426 3168 845 3240 unumquodque
887 3170 1173 3226 dietorum.
1206 3173 1332 3228 Adae
1359 3185 1524 3230 autem
1555 3176 1682 3230 dixit
1710 3195 1728 3232 :
1760 3177 1890 3243 Quia

292 3258 485 3312 audisti
510 3274 680 3314 vocem
707 3261 878 3314 uxoris
903 3269 1021 3327 tute,
1049 3272 1095 3315 et
1120 3265 1380 3319 comedisti
1409 3268 1472 3320 de
1496 3269 1631 3338 ligno
1654 3310 1667 3336 ,
1701 3270 1762 3323 de
1790 3287 1889 3342 quo

295 3369 638 3424 praeceperant
680 3354 790 3421 tibi,
837 3364 891 3408 ut
921 3373 983 3410 ea:
1009 3372 1068 3410 eo
1094 3359 1204 3411 solo
1248 3373 1348 3412 non
1391 3361 1655 3426 comedas,
1698 3362 1761 3416 de
1799 3365 1888 3419 illo

292 3445 405 3511 ipso
441 3445 724 3500 comedisti.
757 3444 1020 3511 Quoniam
1042 3488 1057 3513 ,
1104 3449 1312 3519 inquit,
1359 3450 1558 3506 audisti
1606 3454 1884 3509 mulierem

289 3545 462 3602 tuam,
494 3545 550 3591 et
570 3536 852 3592 comedisti
882 3538 950 3594 de
978 3539 1124 3609 ligno
1145 3581 1160 3606 ,
1205 3550 1259 3596 et
1284 3544 1565 3599 consilium
1593 3545 1737 3600 illius
1765 3563 1888 3603 meo

293 3629 549 3683 mandato
573 3630 742 3699 pluris
773 3629 943 3686 fecisti
964 3673 979 3696 ,
1010 3643 1064 3687 et
1090 3634 1306 3688 noluisti
1333 3636 1590 3693 ab‘unieo
1617 3639 1719 3695 hoc
1745 3641 1885 3710 ligno

285 3718 582 3785 abstinere,
628 3720 697 3775 de
739 3736 846 3790 quo
873 3723 992 3777 solo
1021 3726 1251 3794 praecepi
1297 3726 1388 3781 tibi
1432 3743 1501 3782 ne
1529 3730 1882 3786 comederes:

288 3824 418 3863 num
463 3809 558 3864 tibi
608 3812 836 3881 praecepi
875 3821 934 3866 ut
973 3828 1002 3867 a
1049 3814 1232 3870 multis
1270 3816 1612 3872 abstineres?
1651 3821 1732 3875 Ab
1774 3837 1884 3875 uno

288 3898 428 3966 solo,
453 3907 511 3953 et
536 3914 711 3970 neque
739 3902 807 3957 ab
838 3903 930 3956 illo
959 3904 1289 3970 abstinuisti,
1317 3906 1411 3962 sed
1439 3907 1635 3964 oblitus
1663 3911 1877 3965 manda.

292 4000 471 4045 torum
516 4006 798 4059 meorum,
849 3994 1060 4049 mulieri
1107 3995 1533 4067 obtemperasti:
1580 4000 1780 4058 idcirco
1823 4017 1881 4057 re

287 4081 400 4152 ipsa
430 4081 642 4150 disces,
671 4095 924 4154 quantum
955 4087 1154 4142 malum
1181 4089 1256 4143 sis
1288 4099 1558 4159 operatus.

362 4173 563 4229 Uxores
589 4175 707 4229 viris
734 4192 912 4243 parere
939 4177 1134 4231 debent.
1164 4209 1234 4218 —
1261 4181 1490 4236 Audiant
1515 4183 1634 4248 viri,
1662 4185 1879 4241 audiant

285 4265 578 4333 mulieres,
611 4275 666 4321 et
695 4267 770 4320 illi
798 4267 1015 4337 quidem
1035 4311 1050 4336 ,
1083 4278 1140 4324 ut
1165 4286 1232 4326 ne
1260 4271 1434 4326 ferant
1459 4289 1551 4328 eas
1581 4277 1715 4329 mala
1745 4293 1874 4333 con-

285 4357 564 4422 sulentes;
608 4356 691 4412 ha:
733 4367 933 4424 autem,
980 4368 1038 4414 ut
1077 4375 1145 4416 ne
1175 4362 1296 4416 talia
1343 4365 1641 4419 consulant.
1672 4366 1802 4421 Nam
1831 4369 1876 4424 si

286 4448 373 4500 hic
399 4445 560 4515 culpa
590 4447 643 4501 iu
673 4448 950 4504 mulierem
995 4451 1190 4520 rejecta
1211 4493 1225 4517 ,
1261 4453 1458 4508 nullam
1488 4457 1694 4510 veniam
1727 4474 1874 4515 asse-

284 4546 483 4606 quutus
521 4545 640 4602 est,
688 4539 897 4608 qualem
942 4539 1061 4610 quis
1101 4540 1322 4597 haberet
1351 4545 1558 4599 veniam
1584 4590 1598 4612 ,
1645 4548 1872 4604 dicens:

283 4628 516 4697 Propter
542 4643 760 4684 uxorem
793 4629 896 4686 hoc
921 4630 1105 4687 ethoc
1151 4636 1362 4702 peccavi
1386 4676 1400 4700 ,
1447 4646 1501 4691 et
1543 4637 1645 4693 hoc
1683 4649 1736 4695 et
1775 4641 1877 4696 hoc

284 4718 431 4773 ieci?
476 4718 552 4772 Ea
595 4720 740 4775 enim
768 4720 835 4776 de
878 4736 1036 4777 causa
1067 4723 1166 4778 sub
1197 4734 1282 4779 tua
1314 4736 1577 4795 potestate
1604 4728 1741 4784 facta
1769 4741 1870 4799 est,

281 4818 337 4864 et
365 4807 619 4863 dominus
646 4810 766 4890 ejus
805 4814 1181 4880 pronuntiatus
1219 4831 1312 4880 es,
1348 4825 1404 4871 ut
1429 4818 1514 4872 illa
1547 4821 1635 4874 tibi
1666 4832 1867 4890 pareat,

279 4909 333 4954 ct
368 4913 475 4955 non
515 4909 676 4968 caput
694 4888 864 4969 pedes
907 4912 1175 4973 sequatur.
1209 4905 1401 4961 Verum
1433 4924 1537 4963 non
1578 4888 1698 4966 raro
1722 4914 1870 4970 vide-

282 5003 405 5044 mus
447 4992 774 5045 contrarium
817 5008 914 5046 usu
962 4996 1216 5063 evenire,
1262 5008 1315 5053 ut
1366 5000 1411 5053 is
1439 5001 1531 5070 qui
1561 5016 1659 5058 suo
1685 5007 1872 5063 ordine

279 5089 444 5150 caput
470 5095 590 5136 esse
612 5082 856 5151 deberet,
885 5101 1056 5155 neque
1083 5088 1274 5157 pedum
1301 5090 1543 5148 ordinem
1569 5107 1744 5152 servet
1773 5117 1785 5153 :
1818 5111 1872 5155 et

269 5183 340 5224 ea
392 5173 597 5239 quas‘in
642 5173 836 5242 pedum
884 5176 1003 5230 loco
1047 5189 1148 5244 est,
1192 5181 1245 5235 in
1290 5193 1449 5252 caput
1490 5188 1867 5244 constituatur.

272 5261 480 5317 idcirco
516 5269 572 5316 et
610 5263 798 5318 beatus
827 5264 1027 5322 Paulus
1071 5270 1324 5339 magister
1362 5274 1506 5329 orbis
1553 5277 1664 5331 haec
1690 5281 1866 5336 omnia

269 5351 575 5423 pnevidens
602 5394 618 5418 ,
653 5353 918 5411 clamabat
942 5373 955 5410 :
988 5356 1134 5412 Unde
1162 5375 1376 5431 namque
1403 5365 1500 5418 scis
1545 5367 1727 5422 mulier
1753 5412 1768 5436 ,
1801 5388 1868 5424 an

274 5437 444 5486 cirum
473 5439 550 5491 sis
586 5443 844 5520 salvatura
865 5447 892 5500 .’
935 5458 1023 5500 aut
1051 5450 1135 5516 qui
1179 5451 1276 5506 scis
1306 5453 1379 5505 vir
1401 5495 1417 5520 ,
1462 5472 1527 5510 an
1557 5474 1763 5513 uxorem
1798 5462 1866 5516 sis

271 5527 576 5587 salvaturus
607 5535 687 5600 (i.
715 5518 833 5591 (lor.
864 5539 916 5590 7.
953 5538 1017 5595 16
1039 5539 1102 5607 )?
1134 5518 1510 5600 Verumtamen
1539 5547 1632 5601 viri
1660 5560 1775 5616 est,
1809 5563 1865 5608 ut

339 5715 432 5766 lin
454 5714 747 5774 quihusdam
767 5720 881 5772 uss.
902 5736 1012 5786 vox,
1029 5720 1220 5774 Domini
1245 5720 1349 5784 (τοῦ
1382 5726 1671 5792 Δεσκὸτον),
1687 5731 1843 5782 deest.

1405 318 1468 372 IN
1507 319 1657 375 CAP.
1702 317 2072 375 Ill.‘GENES.
2117 315 2342 371 HOMIL.
2388 315 2548 372 XVII.

3496 322 3595 377 iiii

2005 431 2244 501 diligenti
2292 447 2456 501 opera
2507 432 2646 487 male
2691 433 3061 488 consulentem
3107 433 3333 504 repellat
3361 476 3373 489 .
3405 437 3595 490 mulier

2007 539 2133 576 vero
2163 538 2376 592 semper
2419 523 2471 577 in
2507 523 2766 578 memoria
2795 524 3022 578 retineat
3051 525 3368 594 supplicium
3396 567 3409 590 ,
3454 529 3598 595 quod

2008 613 2133 667 Eva:
2171 614 2460 683 irrogatqu
2492 624 2572 667 est
2593 655 2606 678 ,
2653 630 2771 684 qum
2819 614 3124 684 pestiferum
3157 615 3286 671 illud
3315 617 3596 673 consilium

2006 704 2120 757 viro
2150 714 2486 773 suggesserat
2520 722 2532 758 :
2567 720 2634 759 ne
2676 705 2874 759 audeat
2907 707 3026 759 talia
3056 707 3342 763 consulere
3366 749 3381 774 ,
3429 722 3600 779 neque

2006 795 2242 848 imitetur
2281 793 2492 848 Evam:
2525 794 2621 851 sed
2666 796 2805 851 illius
2852 799 3098 867 exemplo
3131 798 3444 866 prudentior
3485 799 3597 864 (lat,

2006 895 2059 940 et
2091 886 2213 939 talia
2243 887 2505 951 consulat,
2533 903 2649 956 qua:
2678 889 2849 958 ipsam
2879 897 2930 942 ct
2959 889 3130 943 virum
3161 890 3600 964 omnisupplicio

2007 977 2292 1031 liberatum
2339 979 2464 1032 sint.
2499 978 2664 1032 Porro
2694 979 2760 1033 ad
2795 980 3093 1034 institutum
3139 981 3442 1036 redeamus.
3477 982 3604 1035 Adae

2006 1077 2170 1121 autem
2199 1069 2325 1121 dixit
2359 1067 2495 1123 Deus
2532 1087 2549 1122 :
2582 1070 2715 1136 Quia
2759 1070 2949 1124 audisti
2977 1087 3144 1124 vocem
3187 1072 3360 1127 uxoris
3391 1081 3521 1138 tutu,
3557 1085 3604 1127 et

2005 1155 2265 1212 comedisti
2293 1161 2357 1214 de
2402 1160 2538 1229 ligno
2562 1201 2577 1226 ,
2623 1161 2685 1213 de
2713 1177 2812 1230 quo
2840 1161 3057 1231 praecepi
3102 1161 3192 1214 tibi
3227 1162 3291 1216 de
3318 1179 3374 1218 eo
3404 1163 3512 1217 solo
3545 1180 3606 1218 ne

2005 1249 2326 1314 comedet-es,
2371 1250 2435 1304 de
2479 1252 2570 1304 illo
2614 1252 2725 1321 ipso
2754 1252 3032 1306 comedisti.
3079 1252 3362 1321 Quoniam,
3409 1253 3602 1325 inquit,

2008 1349 2113 1396 tam
2141 1343 2416 1413 negligens
2443 1342 2586 1398 luisti
2618 1345 2669 1399 in
2696 1344 3029 1400 observando
3059 1345 3310 1402 mandato
3334 1361 3478 1414 meo,
3510 1363 3603 1404 no-

2005 1447 2109 1502 que
2140 1434 2300 1488 timor
2330 1442 2380 1488 te
2407 1436 2666 1501 coercuit,
2697 1450 2868 1506 neque
2899 1435 3210 1506 praecedens
3238 1437 3604 1492 interminum

2005 1524 2326 1580 calamitatis
2355 1541 2504 1602 esum
2554 1538 2966 1595 consequuturos
2999 1528 3091 1583 tibi
3138 1528 3427 1599 quidquam
3475 1544 3601 1599 pro-

2006 1616 2124 1684 fuit,
2153 1617 2249 1673 sed
2275 1618 2325 1672 in
2360 1628 2559 1674 tantam
2589 1620 2876 1690 nequitiam
2907 1620 3221 1691 pervenisti,
3253 1630 3312 1676 ut
3337 1637 3510 1692 neque
3537 1621 3604 1677 ab

2007 1709 2165 1763 unico
2192 1708 2293 1766 hoc
2323 1710 2466 1781 ligno
2493 1711 2584 1766 tibi
2616 1715 3020 1783 lemperaveris,
3053 1715 3263 1770 tametsi
3293 1722 3370 1770 tot
3398 1724 3451 1771 et
3482 1724 3603 1770 tan-

2007 1799 2076 1853 tis
2106 1799 2201 1854 tibi
2230 1799 2333 1854 l’rui
2362 1802 2547 1858 liceret
2577 1822 2591 1858 :
2625 1804 2747 1859 ideo
2775 1804 3048 1859 Maledicta
3076 1807 3168 1860 erit
3195 1818 3330 1861 terra
3357 1807 3410 1861 in
3436 1809 3604 1877 operi-

2007 1891 2096 1944 bus
2137 1892 2257 1946 tuis.
2298 1893 2426 1949 Vide
2473 1895 2852 1966 benignitatem
2885 1898 3092 1952 Domini
3117 1939 3132 1964 ,
3178 1899 3450 1969 quomodo
3490 1914 3604 1955 scr-

2006 1992 2218 2050 pentem
2251 1986 2441 2054 punit,
2491 1987 2759 2057 quomodo
2806 1988 2934 2043 item
2982 1998 3036 2044 et
3086 1990 3347 2046 rationale
3382 1990 3597 2054 animal.

2005 2072 2081 2128 Illi
2132 2075 2275 2129 enim
2318 2075 2452 2131 dixit
2485 2096 2498 2131 :
2531 2077 2837 2134 Maledict'us
2880 2088 2934 2132 tu
2976 2081 3040 2135 de
3077 2089 3212 2135 terra
3249 2096 3268 2135 :
3299 2081 3385 2136 hic
3423 2090 3602 2137 autem

2005 2180 2109 2220 non
2141 2167 2254 2232 sic;
2303 2166 2398 2222 sed
2427 2169 2596 2237 quid?
2627 2168 2905 2225 Maledicta
2945 2180 3079 2225 terra
3117 2172 3171 2226 in
3197 2173 3434 2244 operibus
3478 2174 3597 2228 tuis.

2005 2255 2070 2309 Et
2102 2257 2313 2311 merito.
2346 2257 2478 2313 Nam
2507 2259 2632 2329 quia
2665 2269 2882 2331 propter
2905 2261 3176 2318 hominem
3207 2263 3463 2332 producta
3493 2279 3526 2319 e
3558 2274 3598 2328 t,

2003 2357 2060 2402 ut
2092 2348 2180 2403 ille
2231 2358 2410 2418 posset
2457 2350 2560 2405 l'rui
2615 2352 2677 2407 iis
2712 2367 2831 2423 qua:
2878 2368 2948 2408 ex
2999 2368 3061 2409 ea
3107 2365 3401 2410 nascuntur
3433 2374 3446 2409 :
3481 2355 3602 2410 ideo

2003 2437 2195 2493 iterum
2245 2449 2463 2510 propter
2506 2441 2777 2497 hominem
2830 2453 3137 2512 peccantem
3182 2444 3522 2501 maledictum
3551 2445 3600 2502 ei

2003 2528 2202 2584 inditur
2236 2548 2248 2584 :
2278 2531 2402 2600 quia
2448 2532 2789 2588 maledictum
2831 2544 2989 2590 terra:
3028 2536 3317 2604 cveuiens,
3366 2537 3600 2592 hominis

2000 2621 2275 2676 securitati
2305 2631 2360 2677 et
2388 2624 2554 2693 quieti
2580 2626 2755 2692 obest,
2794 2625 3070 2680 Maledicta
3090 2668 3106 2692 ,
3138 2627 3346 2700 inquit,
3384 2638 3518 2682 terra
3545 2630 3597 2683 in

2000 2711 2233 2782 aperibus
2262 2714 2380 2767 tuis.
2415 2713 2551 2768 Exin
2584 2725 2640 2770 ut
2679 2715 2949 2771 discamus
2993 2717 3120 2787 quid
3152 2719 3259 2785 sit,
3299 2717 3595 2778 Maledicta.

1999 2800 2178 2855 subdit
2207 2819 2220 2855 :
2247 2800 2312 2856 In
2341 2802 2599 2858 doloribus
2627 2807 2858 2860 comedes
2886 2824 3000 2860 eam
3024 2808 3256 2862 omnibus
3285 2809 3458 2864 diebus
3485 2811 3596 2864 vita:

1999 2900 2119 2945 tute.
2147 2893 2275 2948 Vide
2297 2909 2726 2965 unamquamque
2747 2912 2961 2966 poenam
2987 2899 3040 2952 in
3071 2898 3266 2953 sa‘cula
3290 2899 3593 2966 durantem,

2000 2993 2054 3036 ut
2087 3000 2189 3038 non
2223 2987 2394 3040 Solum
2435 2987 2541 3041 illis
2572 2987 2621 3041 id
2653 2989 2782 3042 utile
2810 2989 2878 3042 sit
2898 3030 2912 3054 ,
2957 2989 3050 3044 sed
3081 2999 3135 3045 ct
3163 2991 3362 3059 posteri
3406 2991 3594 3048 iisdem

1997 3073 2156 3130 rebus
2183 3074 2510 3153 doceantur,
2545 3077 2685 3132 unde
2729 3078 2834 3134 illis
2882 3078 2998 3134 ιιωο
3035 3080 3295 3151 supplicia
3342 3092 3466 3137 sunt
3513 3082 3585 3136 in-

1997 3176 2146 3221 vecta
2183 3185 2196 3222 ε
2233 3167 2301 3222 In
2343 3167 2640 3240 doloribus,
2688 3170 2890 3240 inquit,
2936 3171 3166 3226 comedas
3208 3190 3320 3227 eam
3364 3175 3594 3247 omnibus

1995 3258 2169 3314 diebus
2195 3261 2310 3314 vim
2338 3270 2456 3315 luce.
2506 3261 2696 3316 Postea
2741 3261 3050 3333 diligentius
3078 3263 3278 3319 docens
3322 3265 3590 3320 maledicti

1994 3351 2227 3421 speciem
2255 3361 2310 3407 et
2336 3352 2542 3408 doloris
2568 3368 2807 3421 causam,
2839 3354 3019 3409 subdit
3047 3372 3061 3409 :
3089 3355 3282 3427 Spinas
3310 3367 3354 3410 et
3380 3356 3592 3411 tribulos

1996 3442 2084 3495 tibi
2113 3443 2374 3511 producet.
2408 3443 2547 3500 Ecce
2575 3444 2842 3501 maledicti
2882 3448 3229 3502 meniinenta.
3264 3448 3474 3517 Spinas,
3507 3450 3590 3503 in-

1993 3532 2106 3601 quit
2131 3574 2145 3598 ,
2176 3532 2487 3598 et.tribulos
2525 3535 2762 3604 proferet
2801 3546 2941 3592 terra
2972 3555 2984 3591 :
3021 3539 3197 3608 itaque
3226 3539 3408 3594 multis
3438 3540 3588 3595 labo-

1991 3623 2136 3678 ribus
2166 3634 2218 3678 et
2246 3626 2503 3681 aerumnis
2539 3628 2868 3696 cperandum
2913 3629 3048 3696 tibi,
3079 3639 3132 3685 et
3159 3631 3303 3684 omni
3349 3641 3589 3701 tempore

1991 3728 2110 3767 eum
2143 3714 2352 3769 tristitia
2389 3719 2568 3772 vivere
2611 3725 2663 3772 te
2706 3718 2936 3786 curabo,
2984 3728 3041 3774 ut
3087 3720 3191 3774 hoc
3236 3721 3331 3776 tibi
3380 3723 3585 3778 frenum

1990 3804 2078 3866 sit,
2109 3820 2175 3858 ne
2201 3805 2326 3874 quid
2355 3820 2514 3875 supra
2538 3807 2849 3877 dignitatem
2880 3808 2947 3863 de
2979 3818 3030 3873 te
3055 3811 3255 3865 sentias
3287 3830 3299 3865 :
3333 3812 3426 3867 sed
3456 3827 3585 3868 enn-

1989 3896 2137 3950 tinuo
2167 3897 2370 3967 cogites
2400 3908 2544 3952 tuam
2597 3899 2762 3970 ipsius
2803 3900 3155 3956 substantiam
3183 3943 3197 3966 ,
3247 3918 3417 3972 neque
3446 3903 3586 3958 feras

1989 3997 2046 4042 ut
2075 3988 2297 4058 posthac
2330 3989 2408 4044 sic
2432 3990 2735 4060 decipiaris.
2770 3991 2836 4044 Et
2865 3993 3094 4047 comedas
3119 3997 3309 4064 [minim
3338 3996 3468 4064 agri.
3517 3995 3582 4049 In

1988 4079 2176 4134 sudore
2213 4080 2361 4150 faciei
2387 4091 2487 4135 tua:
2517 4084 2725 4136 vesceris
2765 4100 2895 4152 pane
2921 4093 3029 4137 tuo.
3068 4083 3447 4140 Animadverte
3475 4103 3582 4155 quo

1987 4179 2141 4239 pacto
2171 4181 2290 4240 post
2331 4171 2745 4227 inobedientiam
2771 4174 2954 4228 omnia
2997 4175 3324 4244 contigerint
3366 4185 3578 4230 contra--

1981 4262 2059 4316 ria
2093 4262 2256 4329 priori
2285 4263 2407 4317 vita:
2437 4264 2750 4319 conditioni.
2785 4265 2894 4335 Ego
2921 4265 3134 4330 quidem
3157 4306 3172 4332 ,
3214 4265 3423 4336 inquit,
3457 4283 3580 4322 eum

1985 4351 2036 4406 in
2070 4353 2213 4407 hunc
2243 4362 2293 4408 te
2323 4354 2578 4408 mundum
2612 4355 2861 4424 produxi,
2885 4355 3131 4409 volebam
3159 4363 3212 4410 te
3233 4355 3424 4425 degere
3454 4358 3578 4412 abs-

1982 4457 2085 4510 que
2113 4441 2407 4510 doloribus,
2439 4445 2740 4508 laboribus,
2771 4445 3056 4500 sudoribus
3077 4487 3092 4510 ,
3120 4455 3171 4500 et
3200 4448 3454 4501 :crumnis
3479 4490 3492 4514 ,
3527 4459 3579 4504 et

1981 4533 2128 4586 onnni
2169 4534 2424 4588 felicitate
2460 4535 2585 4600 frui,
2629 4550 2803 4604 neque
2847 4537 3215 4605 corporalibus
3242 4540 3577 4593 necessitati—

1982 4623 2080 4677 bus
2107 4623 2398 4678 obnoxium
2437 4637 2556 4678 esse
2577 4665 2591 4690 ,
2625 4624 2718 4678 sed
2749 4624 2815 4678 ab
2842 4625 3092 4679 omnibus
3123 4626 3229 4681 illis
3262 4641 3486 4681 vacuum
3524 4629 3575 4682 in

1977 4713 2124 4766 onmi
2174 4713 2419 4769 libertate
2462 4714 2683 4769 versari.
2732 4714 2864 4780 Quia
2906 4730 3032 4770 vero
3079 4731 3186 4770 non
3233 4717 3433 4785 profuit
3483 4720 3574 4772 tibi

1983 4813 2128 4858 tanta
2158 4807 2435 4868 securitas,
2467 4816 2752 4874 capropter
2780 4815 2832 4859 et
2859 4813 3016 4860 terra:
3046 4806 3381 4874 maledicam,
3419 4810 3485 4862 ita
3520 4822 3575 4864 ut

1979 4897 2181 4966 absque
2210 4898 2414 4951 satione
2442 4907 2495 4952 et
2522 4899 2763 4952 aratione
2790 4913 2895 4952 non
2935 4899 3161 4967 proferat
3193 4915 3319 4954 suos
3351 4901 3572 4964 fructus,

1979 4987 2115 5042 sicut
2141 4996 2297 5042 antea
2331 5003 2345 5040 :
2378 4987 2471 5042 sed
2502 4998 2556 5041 et
2583 5001 2705 5042 cum
2737 4991 2908 5043 multo
2951 4989 3131 5044 labore
3154 5033 3166 5055 ,
3199 4991 3458 5046 molestiis
3479 5033 3492 5056 ,
3521 5001 3575 5046 et

1979 5081 2255 5146 aerumnis,
2277 5079 2585 5135 afﬁciam’te
2609 5080 2905 5146 doloribus,
2934 5091 2988 5135 et
3015 5082 3282 5136 continuis
3307 5082 3572 5153 fatigatio-

1977 5173 2134 5226 uibus
2163 5190 2175 5226 :
2207 5171 2437 5228 efﬁciam
2470 5174 2596 5227 item
2627 5182 2682 5227 ut
2712 5173 2843 5226 nihil
2881 5188 3199 5243 promoveas
3235 5175 3440 5244 absque
3477 5193 3569 5230 su-

1974 5264 2229 5331 doribus;
2280 5273 2337 5320 ut
2385 5265 2469 5319 his
2513 5265 2866 5328 exercitatus,
2914 5275 3225 5335 perpetuam
3270 5268 3569 5323 doctrinam

1978 5356 2171 5412 habeas
2192 5357 2656 5428 modesteagendi,
2680 5367 2927 5426 tuamque
2961 5360 3125 5428 ipsius
3149 5368 3391 5412 naturam
3409 5374 3567 5429 agno-

1973 5448 2177 5502 secndi.
2209 5447 2395 5518 Neque
2420 5448 2520 5504 hoc
2545 5448 2610 5504 ad
2635 5448 2901 5504 modicum
2924 5459 2981 5505 et
3011 5450 3170 5504 brc're
3203 5460 3412 5520 tempus
3441 5452 3564 5510 erit.

1971 5539 2063 5594 sed
2091 5540 2236 5594 omni
2270 5549 2506 5611 tempore
2527 5540 2650 5596 vitae
2673 5541 2886 5596 durabit
2911 5560 2923 5596 :
2956 5540 3014 5594 in
3038 5542 3224 5595 sudore
3248 5542 3388 5595 enim
3417 5543 3563 5611 faciei

1972 5645 2071 5688 tua:
2096 5635 2306 5689 vesceris
2348 5650 2480 5703 pane
2507 5645 2594 5689 tuo
2614 5677 2629 5701 ,
2661 5635 2818 5688 donec
2861 5634 3126 5688 revertaris
3173 5645 3225 5687 tu
3257 5635 3308 5686 in
3351 5644 3559 5697 terram,

1971 5730 2033 5783 de
2071 5746 2165 5792 qua
2193 5742 2421 5793 sumptus
2461 5749 2511 5788 es
2540 5747 2555 5784 :
2583 5733 2698 5797 quia
2729 5741 2862 5786 terra
2889 5747 2939 5785 es
2962 5771 2979 5794 ,
3015 5739 3061 5783 et
3088 5729 3138 5784 in
3165 5738 3349 5783 terram
3376 5727 3553 5780 abibis.
