4058 6302
530 306 632 359 li'i
1226 305 1284 363 S.
1322 302 1598 361 JOANNIS
1635 296 2108 358 CllltYSOSTOMl
2155 297 2469 355 ARClllEP.
2499 297 3030 355 CONS'I‘ANTINUP.
3686 284 3787 338 “3

528 416 649 470 llu‘c
678 415 962 471 sustinebis
992 431 1158 487 usque
1187 417 1251 471 ad
1283 416 1439 472 litiem
1469 417 1590 471 vita:
1621 428 1743 481 tum,
1770 428 1823 471 et
1848 415 2016 471 donec
2044 414 2095 467 in

528 505 671 560 illam
703 507 981 563 resolvaris
1008 550 1022 573 ,
1055 525 1118 563 ex
1149 522 1248 578 qua
1294 508 1548 562 formatus
1574 523 1651 564 es.
1694 507 1822 561 Nam
1858 505 2098 576 quamvis

529 596 622 650 tihi
653 598 891 666 corporis
919 598 1153 652 dederim
1195 607 1433 653 naturam
1473 599 1542 654 ob
1570 613 1739 652 meam
1786 597 2093 659 bonitatem,

527 687 700 755 ipsum
731 697 904 742 tamen
945 688 1044 743 hoc
1082 703 1276 758 corpus
1306 705 1370 744 ex
1402 698 1539 744 terra
1569 689 1859 753 exsistcns,
1907 688 2097 742 iterum

526 778 813 855 crittcrra.
841 777 997 832 Terra
1036 780 1177 833 cnim
1206 796 1285 848 es,
1328 791 1373 835 et
1402 781 1452 834 iu
1480 790 1661 833 terram
1697 778 1874 832 abibis.
1914 778 2098 831 Enim-

525 884 653 924 vero
684 878 740 923 ut
779 885 843 923 ne
889 871 1000 925 hmo
1044 870 1231 926 fierent
1255 913 1270 939 ,
1311 871 1451 938 dixi,
1497 870 1578 924 Ne
1619 870 1889 924 comedatis
1914 870 1975 924 de
2005 869 2097 921 hoc

526 958 664 1029 ligna
690 974 710 1011 :
734 966 1045 1030 quocumque
1073 962 1203 1015 enim
1243 962 1323 1015 die
1363 961 1705 1025 comederitis,
1738 971 1895 1014 morte
1920 960 2096 1011 maric-

524 1048 667 1102 mius'.
698 1048 812 1103 Non
854 1051 996 1105 enim
1024 1049 1125 1105 hoc
1154 1050 1391 1105 volebam
1425 1069 1438 1104 :
1466 1052 1559 1107 sed
1594 1052 1713 1120 quia
1754 1065 1934 1105 eorum
1977 1064 2095 1117 qua:

525 1138 591 1191 ad
623 1153 708 1193 me
733 1140 1044 1203 attinebant,
1071 1139 1200 1194 nihil
1224 1140 1583 1195 intermissum
1607 1150 1687 1194 est
1714 1158 1726 1193 :
1758 1149 1811 1192 tu
1840 1149 2012 1193 autem
2044 1147 2095 1191 te

525 1226 697 1295 ipsum
730 1228 781 1282 in
813 1228 925 1283 hate
950 1230 1222 1299 coniecisti
1243 1271 1260 1297 ,
1303 1246 1369 1287 ne
1397 1232 1447 1285 in
1477 1231 1633 1285 alium
1661 1245 1872 1284 causam
1902 1229 2089 1283 retule-

519 1317 633 1383 ris,
684 1318 777 1373 sed
825 1329 924 1374 tua:
965 1321 1129 1390 ipsius
1158 1321 1377 1377 desidiae
1419 1331 1585 1377 tctum
1629 1321 1930 1375 abscribito.
1976 1320 2092 1375 Jam

520 1406 698 1463 denuo
726 1411 827 1464 alia
854 1413 1007 1467 nobis
1032 1413 1252 1481 quzrstio
1280 1413 1406 1469 hinc
1435 1414 1699 1477 nascitur,
1728 1427 1827 1482 qua
1847 1452 1864 1477 ,
1896 1413 1949 1469 si
1980 1412 2092 1481 pla-

521 1499 726 1565 cuerit,
764 1500 994 1555 breviter
1021 1501 1256 1556 absoluta
1282 1543 1296 1567 _.
1344 1503 1501 1556 linem
1528 1503 1789 1557 sermonis
1817 1502 1901 1555 hic
1929 1500 2091 1556 facie-

522 1603 658 1642 mus.
691 1590 859 1656 Dixit,
892 1591 1091 1660 inquit,
1135 1593 1270 1645 Deus
1296 1610 1310 1644 :
1337 1591 1658 1661 Quocumque
1681 1593 1761 1644 die
1784 1592 2094 1646 comederitis

522 1694 585 1731 ea:
608 1694 684 1742 eo,
714 1690 871 1733 morte
890 1680 1168 1734 moriemini
1193 1680 1343 1751 (Gen.
1366 1680 1420 1734 2.
1451 1683 1539 1748 l7)
1567 1700 1579 1737 :
1604 1681 1888 1735 multorum
1916 1690 2092 1735 autem

517 1781 775 1821 annorum
804 1784 1027 1825 numero
1064 1771 1360 1825 ostenditur
1386 1771 1579 1826 vixisse
1609 1771 1725 1825 illos
1756 1780 1871 1841 post
1910 1771 2093 1826 iuobe-

518 1855 768 1912 dientiam
790 1900 803 1923 ,
836 1867 889 1915 et
914 1861 1017 1914 cibi
1044 1862 1187 1915 vetiti
1218 1876 1391 1916 esum.
1419 1861 1480 1915 Et
1514 1864 1735 1931 quaestio
1761 1861 1971 1931 quidem
2000 1862 2095 1915 alio

518 1963 620 2019 qua
650 1965 768 2006 esse
793 1951 1001 2007 videtur
1027 1954 1089 2007 iis
1113 1953 1200 2022 qui
1230 1969 1259 2007 a
1301 1954 1581 2021 superficie
1618 1956 1848 2008 salutant
1885 1955 2094 2009 divinas

522 2038 726 2093 Literas
755 2056 768 2091 :
802 2050 852 2093 at
891 2042 935 2095 si
966 2043 1082 2109 quis
1110 2057 1262 2110 aequo
1288 2044 1466 2096 animo
1494 2057 1648 2096 aures
1673 2043 1949 2105 adhibeat,
1983 2059 2095 2097 ma-

524 2127 768 2181 nifestum
791 2139 873 2183 est
895 2130 1033 2199 quod
1063 2130 1276 2196 dicitur,
1303 2128 1470 2200 neque
1494 2132 1716 2200 qurcstio
1740 2131 1895 2187 fuerit
1923 2142 2094 2187 atten-

518 2217 682 2271 denti.
727 2217 859 2274 Nam
903 2220 1027 2274 licet
1071 2222 1264 2275 multos
1290 2235 1458 2276 annos
1503 2224 1764 2289 vixerint,
1798 2232 2028 2279 attamen
2063 2240 2093 2278 a

520 2322 626 2374 quo
652 2317 886 2377 tempore
916 2310 1195 2365 audierunt
1225 2329 1236 2363 :
1263 2310 1416 2365 Terra
1446 2328 1517 2379 es,
1558 2323 1601 2366 et
1627 2315 1678 2365 in
1704 2322 1887 2367 terram
1915 2314 2091 2379 abibis,

522 2406 576 2449 et
601 2401 915 2452 sententiam
946 2411 1263 2469 acceperunt
1290 2403 1476 2456 mortis
1500 2443 1516 2467 ,
1560 2404 1809 2457 mortales
1840 2404 2047 2459 fuerunt
2077 2424 2091 2459 :

520 2494 574 2539 et
598 2500 661 2539 ex
692 2485 781 2541 illo
818 2495 1054 2557 tempore
1085 2489 1297 2543 fuerunt
1344 2491 1560 2560 perinde
1582 2533 1597 2557 ,
1644 2507 1705 2547 ac
1747 2494 1790 2547 si
1829 2494 1946 2563 quis
1976 2494 2093 2549 illos

522 2575 663 2630 dicat
688 2588 925 2634 mortuos
969 2580 1149 2635 fuisse.
1183 2581 1293 2637 Hoc
1323 2582 1478 2651 igitur
1514 2592 1567 2638 et
1596 2583 1864 2654 Scriptura
1895 2586 2092 2656 signiﬁ-

520 2680 668 2729 cans,
696 2666 861 2733 dixit,
894 2668 1217 2739 Quocumque
1246 2672 1327 2725 die
1346 2673 1677 2740 comederitis,
1714 2686 1870 2729 morte
1906 2678 2090 2730 morie-

520 2754 643 2807 mini
672 2772 691 2808 :
720 2754 821 2809 hoc
846 2767 947 2820 est,
986 2760 1301 2815 sententiam
1327 2761 1597 2831 accipietis
1622 2805 1635 2828 ,
1670 2766 1917 2819 mortales
1944 2775 2091 2835 post-

522 2844 618 2898 hac
664 2861 757 2900 vos
801 2846 1022 2903 futuros.
1085 2849 1233 2906 Sicut
1274 2853 1415 2907 enim
1467 2854 1515 2907 in
1565 2854 1808 2909 humanis
1855 2856 2088 2925 judiciis,

516 2936 730 3002 quando
753 2936 871 3004 quis
895 2940 1153 2994 sententia
1180 2940 1279 2994 lata
1304 2953 1358 2995 ut
1384 2944 1553 3011 capite
1580 2946 1881 3013 mulctetur,
1904 2948 2089 3002 iterum

523 3022 574 3075 in
600 3038 869 3079 carcerem
894 3027 1204 3098 conjicitur,
1238 3031 1360 3086 licet
1395 3032 1467 3087 ibi
1496 3034 1661 3089 multo
1691 3043 1928 3104 tempore
1951 3047 2089 3108 agat,

520 3111 653 3167 nihil
685 3114 871 3171 melius
898 3124 1071 3172 tamen
1096 3119 1253 3175 habet
1271 3120 1533 3177 defunctis
1559 3132 1613 3179 et
1642 3127 1884 3193 mortuis,
1911 3136 2093 3196 utpote

514 3199 624 3268 jam
652 3216 747 3271 per
774 3208 1086 3261 sententiam
1112 3221 1351 3263 mortuus
1378 3226 1392 3263 :
1425 3211 1610 3267 eodem
1636 3215 1792 3269 modo
1821 3224 1874 3270 ct
1907 3216 1959 3270 hi
1980 3259 1993 3282 ,
2026 3218 2093 3273 ab

520 3304 586 3344 eo
613 3290 700 3346 die
723 3306 752 3346 a
772 3308 877 3363 quo
903 3298 1237 3352 mortalitatis
1263 3301 1577 3356 sententiam
1605 3316 1942 3374 acceperunt,
1968 3318 2091 3363 tam-

520 3380 621 3434 etsi
650 3381 810 3453 longo
840 3394 1079 3455 tempore
1105 3388 1429 3458 duraverint,
1461 3393 1803 3451 nihilominus
1832 3402 2089 3456 sententia

518 3472 713 3525 mortui
739 3481 909 3528 erant.
935 3476 1058 3531 Scio
1084 3492 1170 3533 me
1193 3481 1488 3550 copiosiora
1514 3496 1760 3539 sermone
1781 3496 1833 3542 et
1855 3488 2092 3557 longiore

510 3559 759 3619 doctrina
791 3581 940 3621 usum
976 3586 989 3621 :
1023 3569 1144 3625 ideo
1168 3571 1290 3640 quia
1336 3588 1429 3642 per
1456 3575 1676 3643 gratiam
1706 3576 1795 3637 Dei
1821 3618 1834 3639 ,
1869 3594 1962 3647 pro
1992 3594 2088 3633 no-

519 3652 646 3707 stris
674 3655 873 3711 viribus
912 3659 1087 3713 omnia
1119 3660 1171 3714 in
1203 3662 1433 3716 medium
1477 3664 1681 3732 prolata
1719 3676 1875 3734 sunt,
1916 3680 1969 3723 et
2009 3669 2092 3725 his

519 3758 638 3812 qua:
666 3744 801 3800 lecta
831 3756 953 3802 sunt
976 3747 1134 3804 linem
1178 3752 1564 3823 imposuimus,
1607 3771 1746 3812 nunc
1787 3771 2089 3815 sermonem

516 3834 911 3891 coutrahamus.

587 3923 675 3979 l0.
708 3924 950 3999 Epilogus
971 3931 1506 3989 humilia—Possem
1524 3936 1737 4006 quidem
1762 3947 1817 3993 et
1836 3938 1935 3992 alia
1964 3955 2089 4009 pro-

518 4012 685 4081 ferri,
709 4024 759 4070 et
792 4017 982 4073 iterum
1013 4023 1296 4077 monstrari
1324 4023 1577 4079 inﬂictam
1609 4026 1733 4082 hinc
1756 4043 1964 4097 pcenam
1990 4070 2005 4093 ,
2037 4043 2093 4086 et

519 4103 893 4161 mortalitatem
926 4108 976 4162 in
1004 4125 1102 4165 nos
1127 4112 1394 4166 inductam
1423 4153 1439 4180 ,
1468 4114 1686 4169 multam
1714 4116 1963 4187 abyssum
1994 4118 2090 4174 ha-

520 4195 649 4250 bere
675 4195 865 4253 divinae
894 4200 1270 4259 misericordia:
1294 4221 1306 4256 :
1339 4205 1434 4259 sed
1463 4221 1531 4261 ne
1559 4207 1894 4265 multitudine
1923 4211 2092 4266 dicto-

515 4300 633 4339 rum
655 4296 885 4343 mentcm
905 4302 1133 4347 vestram
1154 4292 1460 4361 obruamus,
1475 4311 1591 4367 age,
1605 4298 1949 4356 Obsecremus
1972 4317 2085 4371 vos,

517 4383 577 4429 ut
598 4390 719 4430 cum
747 4377 869 4432 hinc
898 4380 1153 4448 abicritis,
1183 4399 1249 4438 ne
1271 4385 1321 4439 in
1340 4388 1706 4443 conventicula
1730 4391 2086 4461 insipientium

516 4480 610 4521 vos
629 4467 937 4538 conferatis,
959 4487 1129 4542 neque
1155 4475 1535 4547 intempestiva:
1556 4484 1836 4550 nugacitati
1864 4488 2083 4554 vacetis,

515 4558 611 4613 sed
636 4559 773 4629 apud
819 4576 912 4617 vos
964 4563 1241 4635 intelligite
1288 4576 1341 4621 et
1382 4580 1502 4621 cum
1547 4570 1663 4635 aliis
1702 4572 1931 4641 colligite
1969 4591 2088 4645 quae

516 4647 656 4703 dicta
680 4658 802 4705 sunt
827 4691 843 4716 ,
867 4660 921 4707 ct
950 4653 1002 4707 in
1034 4655 1343 4709 memoriam
1380 4656 1575 4712 referte
1597 4698 1613 4724 ,
1645 4659 1895 4729 quidnam
1924 4662 2085 4731 judcx

516 4740 890 4808 responderit,
918 4743 1043 4813 quid
1086 4745 1161 4799 rei
1200 4760 1295 4814 pro
1341 4761 1400 4803 se
1436 4747 1708 4815 dixerint,
1737 4759 1791 4805 et
1821 4752 2088 4821 quomodo

517 4828 687 4884 Adam
711 4830 921 4900 culpam
953 4832 1003 4886 in
1030 4848 1247 4889 uxorem
1275 4838 1635 4904 transtulerit,
1665 4839 1754 4894 illa
1777 4840 1828 4895 in
1863 4856 2088 4913 serpen-

515 4931 644 4984 tem,
672 4924 938 4992 quomodo
959 4925 1083 4981 item
1110 4926 1247 4982 Deus
1263 4928 1420 4983 etiam
1449 4929 1590 4987 hunc
1619 4933 1868 5001 punierit,
1896 4943 1949 4990 et
1972 4949 2087 5004 pce-

516 5028 636 5067 nam
667 5014 741 5069 illi
771 5021 883 5071 toto
908 5019 1104 5073 saeculo
1121 5017 1427 5075 duraturam
1451 5022 1698 5078 indixerit
1718 5065 1732 5090 ,
1766 5039 2085 5095 gravemque

515 5104 567 5157 in
608 5103 754 5159 illum
798 5105 1215 5176 indignationem
1251 5110 1638 5179 declaraverit,
1685 5123 1843 5185 atque
1874 5130 1942 5170 ex
1986 5114 2088 5169 hoc

511 5193 807 5249 ostenderit
850 5211 999 5253 suam
1044 5212 1167 5267 erga
1197 5198 1447 5270 deceptos
1488 5216 1691 5255 curam.
1733 5202 1811 5256 Ex
1838 5218 1903 5258 eo
1942 5204 2083 5259 enim

513 5283 654 5351 quol
678 5283 1026 5368 decipientem
1055 5288 1131 5341 sic
1160 5276 1298 5344 uitus
1328 5299 1447 5357 est,
1476 5290 1784 5362 intelligitur
1808 5293 1875 5348 ab
1896 5307 1962 5348 eo
1986 5293 2081 5348 dc-

513 5382 697 5443 ceptos
720 5389 812 5429 eos
832 5375 1012 5443 fuisse,
1032 5377 1119 5447 qui
1142 5377 1252 5433 Deo
1263 5377 1413 5433 valde
1428 5381 1558 5449 grati
1576 5390 1745 5446 erant,
1761 5392 1813 5437 et
1836 5398 1931 5450 pro
1964 5383 2081 5452 qui-

515 5463 616 5517 bus
656 5465 875 5519 multum
914 5467 1167 5523 sollicitus
1198 5468 1385 5523 fuerat.
1437 5468 1566 5523 Dein
1610 5481 1931 5527 mementote
1959 5486 2083 5542 sup‘

512 5554 654 5624 plicii
686 5557 942 5621 mulieris,
964 5568 1017 5613 ct
1034 5573 1203 5628 pinna:
1223 5575 1338 5629 qua:
1356 5559 1430 5615 illi
1452 5558 1645 5614 inﬂicta
1667 5569 1767 5624 est,
1787 5561 1893 5615 imo
1909 5561 2084 5631 potius

512 5646 887 5703 sditionitiouis
914 5687 930 5715 ,
970 5658 1021 5704 et
1061 5650 1138 5705 sic
1174 5663 1381 5722 quoque
1419 5646 1771 5707 rccordemini
1815 5666 1932 5722 qua:
1977 5650 2080 5705 sint

2214 410 2343 466 Adae
2395 410 2533 465 dicta
2562 453 2577 476 ,
2617 410 3037 479 sententiamque
3095 408 3230 463 hanc
3288 406 3465 461 animo
3513 409 3777 476 repetite,

2212 500 2367 554 Terra
2395 519 2448 556 es
2472 544 2487 569 ,
2525 514 2572 556 et
2599 504 2651 556 in
2682 513 2865 557 terra»:
2893 500 3067 555 abibis.
3101 500 3235 555 lliuc
3259 500 3620 570 obstupescite
3646 500 3782 553 inef-

2207 590 2417 646 fabilem
2461 592 2552 646 Dei
2596 591 3010 646 misericordiam
3036 630 3051 653 ,
3089 591 3229 661 quod
3269 605 3396 654 nos,
3421 593 3510 660 qui
3537 605 3602 645 ex
3643 600 3789 644 terra

2204 694 2387 735 sumus
2406 723 2421 748 ,
2450 692 2503 737 ct
2533 681 2583 737 in
2612 690 2809 738 terram
2832 682 3215 744 dissolvemur.
3247 680 3293 736 si
3331 681 3651 735 voluerimus
3676 681 3775 731 vir.

2206 780 2368 824 tutem
2398 772 2693 840 amplexari
2723 812 2739 835 ,
2772 781 2823 825 et
2849 771 2969 825 vitia
2998 770 3177 839 fugere
3206 810 3220 833 ,
3251 770 3459 838 assequi
3491 770 3786 837 poterimus

2206 860 2487 915 iuetl'abilia
2516 862 2603 916 illa
2643 862 2779 916 bona
2805 902 2818 926 ,
2842 875 2958 931 qua:
2987 861 3195 929 paravit
3213 869 3266 915 et
3290 860 3530 930 promisit
3555 860 3785 928 diligen-

2203 951 2341 1007 tibus
2358 968 2433 1011 se.
2450 968 2566 1021 qua:
2580 953 2766 1009 oculus
2781 968 2884 1007 non
2897 953 3027 1007 vidit
3045 955 3082 1018 ι,
3106 966 3205 1007 nec
3215 953 3355 1006 auris
3372 951 3591 1017 audivit,
3610 966 3709 1006 nec
3729 953 3785 1006 in

2200 1056 2293 1093 cor
2312 1042 2906 1097 hominisascenderunt
2926 1043 3004 1111 (l.
3029 1041 3146 1096 Cor.
3185 1042 3238 1096 2.
3268 1040 3346 1113 9).
3383 1040 3589 1096 Gratias
3616 1041 3781 1109 igitur

2202 1132 2392 1183 multas
2415 1132 2638 1185 Domino
2667 1142 2847 1185 nostro
2872 1131 3129 1185 debemus
3152 1145 3247 1201 pro
3276 1140 3352 1184 tot
3376 1131 3669 1200 talibusque
3692 1130 3786 1184 be-

2201 1222 2402 1275 neficiis
2422 1240 2435 1275 :
2452 1231 2504 1277 et
2518 1238 2578 1277 ca
2596 1237 2926 1293 nequaquam
2952 1238 3015 1277 ex
3035 1223 3291 1276 memoria
3308 1221 3618 1275 dimittenda
3636 1263 3648 1283 ,
3684 1234 3781 1288 per

2201 1309 2334 1364 bona
2362 1326 2519 1379 opera
2540 1353 2553 1375 ,
2588 1320 2637 1365 et
2664 1311 2899 1380 diligenti
2934 1311 3194 1365 malorum
3232 1308 3348 1379 fuga
3372 1310 3539 1378 ipsum
3565 1310 3781 1377 mitige—

2200 1413 2337 1461 mus,
2353 1413 2414 1452 ac
2430 1400 2711 1468 propitium
2730 1399 2881 1455 nobis
2897 1398 3199 1453 reddamus.
3225 1397 3500 1465 Quomodo
3512 1400 3650 1452 enim
3667 1414 3779 1451 non

2200 1489 2390 1556 ingrati
2422 1504 2639 1561 prorsus
2666 1489 2827 1543 animi
2855 1490 3065 1558 signum
3096 1489 3251 1542 fuerit
3275 1529 3289 1551 ,
3314 1488 3359 1541 si
3388 1490 3499 1556 ipse
3522 1488 3736 1557 quidem
3760 1530 3779 1551 ,

2197 1591 2317 1632 cum
2364 1578 2502 1633 Dens
2546 1579 2616 1633 sit
2659 1588 2714 1633 ct
2765 1578 3078 1633 immortalis
3123 1585 3323 1631 naturae
3355 1617 3369 1640 ,
3399 1592 3504 1630 non
3554 1576 3786 1645 refugiat

2197 1682 2469 1724 assumere
2508 1671 2785 1723 mortalem
2830 1677 2883 1722 et
2928 1678 3232 1723 terrestrem
3261 1677 3497 1721 nosuam
3529 1668 3784 1721 substan-

2200 1762 2347 1826 tiam,
2378 1771 2433 1816 ut
2460 1770 2511 1817 et
2532 1762 2599 1815 ab
2623 1762 2834 1830 antiqua
2866 1768 3034 1814 morte
3066 1774 3163 1813 nos
3186 1758 3392 1823 liberet,
3424 1772 3582 1826 supra
3608 1758 3785 1812 cmlns

2199 1853 2409 1917 evehat,
2443 1861 2663 1921 paterno
2688 1864 2942 1905 consessu
2965 1850 3211 1914 honoret,
3241 1858 3296 1902 et
3319 1848 3387 1901 ab
3405 1848 3548 1900 omni
3575 1846 3783 1900 czclesti

2199 1943 2435 1998 exercitu
2476 1941 2683 1995 adorari
2714 1950 2901 1995 curet:
2927 1953 3020 1993 nos
3051 1946 3228 1992 autem
3262 1936 3527 1990 contraria
3573 1936 3644 1987 illi
3690 1950 3788 1987 re-

2199 2031 2431 2085 tribuere
2472 2046 2575 2084 non
2616 2030 2992 2084 erubescamus
3019 2069 3034 2095 ,
3068 2026 3163 2081 sed
3197 2036 3250 2081 et
3283 2027 3632 2080 immortalem
3663 2026 3787 2078 aui-

2199 2134 2361 2185 mam,
2386 2120 2532 2189 quasi
2554 2118 2745 2173 dixerit
2762 2118 2899 2187 quis,
2923 2118 3068 2171 carui
3090 2115 3489 2185 agglutinatam,
3512 2124 3782 2168 terrenam

2197 2219 2252 2265 et
2280 2220 2543 2264 mortuam
2574 2250 2590 2275 ,
2613 2218 2668 2263 et
2693 2207 2820 2262 nihil
2852 2206 3061 2276 operari
3085 2207 3347 2260 valentem
3382 2245 3396 2267 ,
3429 2203 3655 2259 evadere
3683 2217 3782 2256 cu-

2200 2301 2415 2355 remus?
2439 2300 2696 2361 Obsecro,
2734 2313 2803 2353 ne
2842 2299 2921 2352 sic
2967 2298 3057 2351 tiat
3087 2338 3100 2363 ,
3146 2310 3216 2351 ne
3257 2296 3332 2350 sic
3370 2295 3558 2363 ingrati
3607 2295 3783 2348 simus

2199 2407 2321 2461 erga
2353 2401 2555 2446 tantum
2607 2392 2998 2447 benefactorem
3041 2395 3282 2444 nostrum
3314 2406 3327 2443 :
3353 2389 3445 2443 scd
3472 2388 3609 2443 illius
3639 2404 3782 2457 prae—

2197 2483 2363 2551 ceptis
2390 2480 2702 2535 obedientes
2724 2521 2739 2545 ,
2771 2495 2889 2549 quae
2925 2479 3023 2548 ipsi
3056 2489 3202 2548 grata
3226 2487 3344 2532 sunt
3372 2488 3421 2531 et
3451 2477 3740 2547 probantur
3760 2518 3778 2539 ,

2196 2584 2482 2641 cperemur
2518 2586 2531 2621 :
2565 2580 2622 2625 ut
2659 2578 2712 2625 et
2745 2584 2841 2625 nos
2868 2569 3083 2623 internis
3119 2567 3272 2623 bonis
3309 2567 3496 2636 dignos
3542 2565 3732 2620 efﬁciat
3759 2584 3779 2621 :

2197 2675 2316 2731 qua:
2346 2675 2442 2714 nos
2468 2674 2655 2714 omnes
2683 2659 2899 2728 assequi
2926 2658 3232 2726 contingat,
3259 2658 3424 2726 gratia
3454 2666 3507 2711 et
3530 2654 3782 2724 benigni-

2201 2757 2306 2803 tate
2349 2747 2557 2802 Domini
2586 2748 2754 2801 nostri
2794 2747 2920 2801 .lcsu
2964 2744 3199 2809 Christi,
3231 2745 3315 2798 cui
3356 2759 3476 2798 cum
3524 2743 3682 2797 Patre
3722 2752 3782 2796 et

2197 2837 2393 2908 Spiritu
2419 2846 2602 2891 sancto
2626 2838 2694 2891 sit
2723 2836 2886 2906 gloria
2906 2876 2920 2899 ,
2951 2835 3122 2888 honor
3146 2875 3161 2898 ,
3191 2835 3468 2901 imperium
3499 2875 3514 2900 ,
3551 2848 3690 2886 nunc
3720 2845 3780 2886 et

2198 2942 2427 2998 semper,
2459 2936 2511 2983 et
2537 2927 2588 2981 in
2618 2925 2810 2981 saecula
2832 2924 3170 2979 saeculorum.
3202 2924 3395 2977 Amen.

2730 3058 3008 3115 HOMILIA
3054 3057 3241 3113 XVIII.

2199 3169 2265 3222 Et
2294 3170 2482 3226 vocarit
2508 3170 2670 3223 Adam
2699 3185 2879 3222 nomen
2920 3168 3093 3222 uxoris
3129 3183 3234 3222 sua:
3283 3166 3447 3220 Vitam
3472 3206 3488 3232 ,
3518 3166 3638 3233 quia
3663 3166 3785 3251 ipﬂ

2268 3268 2339 3312 est
2370 3267 2525 3313 mater
2556 3259 2778 3311 omnium
2815 3258 3099 3310 virentium.
3131 3256 3198 3308 Et
3222 3257 3339 3323 fecit
3366 3254 3613 3308 Dominus
3640 3253 3780 3307 Deus

2267 3350 2392 3404 Adae
2416 3358 2460 3402 et
2491 3348 2637 3403 uxori
2662 3350 2770 3417 ejus
2786 3348 2978 3401 tunicas
3002 3348 3254 3417 pollicens,
3286 3357 3331 3398 et
3364 3346 3525 3398 induit
3549 3344 3688 3397 illos.
3710 3343 3777 3397 Et

2267 3444 2337 3495 ait
2364 3440 2538 3496 Deus:
2567 3439 2699 3493 Ecce
2722 3440 2885 3493 Adam
2913 3441 3079 3509 factus
3118 3447 3189 3493 est
3224 3439 3354 3492 sicut
3376 3454 3503 3490 unus
3534 3453 3595 3490 ea:
3631 3437 3775 3489 nobis

2270 3531 2425 3602 (Gen.
2457 3531 2513 3585 3.
2536 3529 2605 3584 20
2634 3529 2746 3597 se).

2268 3664 2319 3717 l.
2352 3662 2427 3715 De
2454 3670 2655 3730 peccato
2696 3661 2878 3713 Adami
2917 3660 3146 3728 superius
3168 3658 3303 3711 dicta
3330 3657 3615 3712 summatim
3645 3657 3776 3710 rete.

2198 3758 2286 3823 git.
2316 3752 2529 3806 (ἕταυίοτ
2558 3768 2705 3822 pana
2742 3760 2910 3804 manet
2937 3766 3023 3803 eos
3056 3791 3069 3814 ,
3103 3750 3189 3817 qui
3212 3758 3323 3818 post
3348 3748 3506 3818 legem
3541 3757 3774 3816 pereant.

2194 3843 2486 3898 -—Vidistis
2510 3843 2625 3901 heri
2650 3840 2848 3897 iudicis
2871 3838 3288 3909 benignitatem?
3309 3838 3513 3891 vidistis
3541 3851 3772 3892 examen

2196 3933 2430 3988 bonitate
2447 3930 2735 3986 refertum?
2752 3930 2956 3985 vidistis
2971 3928 3347 3999 suppliciorum
3371 3925 3734 3981 diversitatem
3753 3928 3778 3981 ?

2197 4021 2465 4093 quomodo
2491 4020 2705 4091 punitus
2731 4020 2799 4073 sit
2824 4019 3041 4072 dolosus
3070 4018 3157 4072 ille
3182 4018 3549 4087 supplantator
3579 4057 3596 4081 ,
3628 4031 3773 4084 quo-

2202 4115 2361 4169 modo
2387 4114 2544 4167 etiam
2565 4112 2798 4179 deceptis
2823 4124 2977 4179 poma
3008 4110 3076 4163 sit
3105 4108 3322 4172 inﬂicta,
3354 4122 3475 4176 qua:
3521 4122 3775 4175 magnam

2197 4207 2289 4261 Dei
2334 4222 2443 4276 prae
2484 4220 2545 4260 se
2588 4203 2750 4258 ferret
2794 4200 3208 4271 benignitatem?
3259 4198 3464 4253 vidistis
3505 4198 3782 4267 quomodo

2196 4296 2348 4351 nobis
2372 4292 2775 4350 commodorum
2806 4291 3015 4346 occasio
3040 4288 3139 4343 fuit
3163 4328 3178 4354 ,
3210 4289 3463 4344 assistere
3491 4288 3776 4357 tribunali,

2195 4398 2248 4443 et
2272 4387 2453 4443 videre
2479 4384 2743 4457 quomodo
2774 4381 3090 4453 processerit
3119 4381 3380 4436 examen?
3408 4379 3779 4448 Cognovimus

2194 4479 2335 4533 enim
2361 4518 2374 4541 ,
2398 4477 2608 4545 quantis
2633 4475 2839 4545 seipsos
2877 4472 3031 4527 bonis
3073 4470 3307 4525 mandati
3348 4470 3781 4539 transgressione

2194 4572 2452 4640 privarim
2477 4568 2645 4622 Adam
2693 4574 2750 4621 et
2780 4564 2890 4619 Eva
2914 4604 2930 4628 ,
2959 4562 3142 4617 nudati
3171 4561 3338 4631 gloria
3364 4561 3449 4615 illa
3476 4558 3724 4614 iueﬂ‘abili
3754 4601 3772 4625 ,

2194 4670 2248 4715 et
2276 4659 2375 4713 vita
2405 4671 2509 4712 non
2538 4654 2788 4710 inferiore
2816 4668 2973 4723 quam
3016 4651 3275 4721 angelica.
3304 4649 3546 4704 Vidimus
3573 4649 3778 4718 patien-

2195 4750 2317 4804 tiam
2346 4745 2576 4811 Domini,
2595 4744 2877 4799 didicimus
2897 4752 3153 4812 quantum
3183 4739 3379 4794 malum
3418 4739 3489 4793 sit
3522 4737 3721 4793 desidia
3749 4777 3773 4806 ,

2191 4837 2457 4910 quomodo
2483 4846 2535 4892 et
2562 4834 2909 4905 praesentibus
2938 4832 3148 4901 spoliet,
3180 4838 3236 4886 et
3261 4844 3449 4900 magna
3480 4829 3773 4901 ignominia

2192 4927 2404 4983 aiticiat.
2428 4926 2647 4990 Idcirco,
2675 4923 2919 4987 obsecro,
2948 4919 3113 4976 sobrii
3138 4918 3327 4985 simus,
3351 4917 3585 4988 fiantque
3607 4916 3773 4973 nobis

2193 5019 2395 5073 illorum
2425 5016 2605 5084 lapsus
2626 5010 2884 5076 remedia,
2912 5018 2966 5064 ct
2996 5008 3205 5063 illorum
3236 5006 3438 5063 desidia
3464 5007 3771 5063 securitatis

2193 5123 2379 5162 causa:
2411 5100 2836 5176 quandoquidem
2856 5100 3025 5169 major
3044 5113 3199 5169 pmna
3218 5106 3301 5153 est
3318 5110 3503 5153 eorum
3524 5096 3613 5167 qui
3639 5106 3768 5168 post

2193 5199 2308 5253 illos
2332 5204 2568 5265 peccant,
2593 5203 2645 5249 et
2669 5208 2736 5248 eo
2762 5192 2929 5259 major
2947 5190 3088 5259 quod
3116 5187 3375 5257 exemplis
3399 5188 3684 5243 emendare
3703 5203 3770 5245 se

2191 5289 2376 5343 nolint.
2404 5286 2518 5341 Non
2543 5286 2681 5340 enim
2713 5284 2802 5353 qui
2828 5293 3011 5353 postea
3032 5280 3217 5336 eadem
3246 5288 3471 5351 peccant
3501 5294 3619 5349 qua
3648 5280 3765 5349 pri-

2189 5380 2259 5435 mi
2286 5421 2301 5447 ,
2326 5379 2378 5433 in
2405 5376 2643 5432 eamdem
2666 5387 2878 5444 pennam
2904 5372 3153 5426 incident.
3188 5368 3244 5425 ld
3272 5368 3413 5441 quod
3442 5369 3676 5426 breviter
3695 5368 3769 5425 ab

2250 5465 2265 5493 ‘
2297 5466 2346 5513 ln
2372 5469 2484 5512 octo
2502 5462 2613 5511 Mss.
2636 5468 2690 5510 et
2712 5474 2807 5509 uno
2840 5460 3028 5519 Savilil,
3052 5462 3184 5511 bene
3218 5466 3391 5518 multa.
3424 5462 3483 5512 ab
3517 5464 3595 5513 bis
3626 5466 3760 5514 voci-

2185 5521 2291 5582 bus,
2322 5536 2431 5588 qua:
2450 5526 2614 5573 oculus
2636 5535 2731 5588 non
2751 5519 2873 5588 vidit
2896 5524 3107 5588 (adsita)
3118 5524 3204 5588 μᾲς
3230 5524 3318 5571 οὐκ
3353 5523 3488 5584 εἶδε),
3514 5538 3673 5586 usque
3700 5528 3758 5573 ad

2185 5588 2307 5644 ιιυερ,
2334 5583 2490 5633 iribus
2510 5591 2624 5632 ante
2650 5586 2799 5630 tinem
2816 5583 3034 5646 homines
3054 5583 3297 5641 versibus,
3318 5596 3427 5646 qua:
3466 5583 3552 5636 nos
3591 5583 3759 5637 omnes

2188 5648 2271 5713 ίῶν
2294 5642 2473 5709 γένοιτο
2495 5648 2667 5700 πάντας
2687 5642 2831 5706 ἡμᾶς)
2866 5643 3225 5696 desiderantur.
