4058 6302
352 407 450 465 ηε)

346 517 491 571 orbls
524 513 744 570 doctore
783 513 1174 585 sapientissimo
1198 553 1214 580 ,
1261 511 1418 566 beato
1467 507 1632 562 Paulo
1677 507 1890 576 inquam
1915 546 1931 572 ,

347 610 554 664 discere
585 624 871 677 possumus
895 649 909 675 ,
953 609 1039 678 qui
1080 607 1207 662 dicit
1249 624 1263 660 :
1309 605 1620 675 Quicumque
1655 602 1789 657 enim
1829 600 1938 655 sine

349 700 457 771 lege
482 717 818 770 peccaverunt
837 740 853 766 ,
897 701 1003 754 sine
1031 701 1138 769 lege
1164 700 1314 752 etiam
1340 696 1568 767 peribunt
1592 710 1611 749 :
1637 704 1683 749 et
1710 694 1938 764 quicum-

339 808 437 862 que
466 792 523 847 in
550 792 656 864 lege
680 806 889 862 peccare
919 800 1045 854 unt,
1079 808 1167 858 per
1187 790 1342 859 legem
1360 786 1730 858 judicabttntur
1755 783 1933 846 (Rom.

341 882 542 953 2.12).
576 882 668 937 llis
706 881 880 936 verbis
922 881 1183 952 signiﬁcat
1209 919 1225 948 ,
1269 894 1376 934 non
1419 876 1663 934 eamdem
1712 875 1936 930 inituros

347 987 562 1041 plenam
612 987 708 1028 eos
749 973 839 1042 qui
877 981 1002 1026 ante
1044 971 1214 1041 legem
1247 1012 1262 1036 ,
1294 978 1348 1024 et
1374 983 1468 1024 eos
1495 968 1583 1038 qui
1614 976 1734 1037 post
1761 966 1934 1036 legem

343 1071 719 1131 peccaverunt.
752 1061 980 1118 Gravius
1002 1063 1144 1116 enim
1179 1059 1466 1130 punientur
1492 1058 1580 1127 qui
1611 1065 1732 1126 post
1761 1055 1934 1125 legem

341 1150 521 1205 datam
547 1153 905 1222 peccaverint.
934 1151 1067 1206 Nam
1094 1150 1402 1220 Quicumque
1420 1150 1528 1204 sine
1555 1149 1662 1219 lege
1689 1163 1931 1219 peccave-

341 1250 484 1308 runt,
518 1243 667 1296 etiam
695 1242 803 1296 sine
829 1242 936 1312 lege
973 1241 1202 1310 peribunt
1231 1257 1249 1294 :
1277 1238 1515 1310 proﬁciet
1539 1239 1643 1293 illis
1668 1239 1734 1293 ad
1765 1238 1934 1292 levio-

342 1345 458 1386 rem
500 1346 751 1402 plenam,
779 1331 921 1402 quod
955 1332 1085 1402 legis
1123 1331 1364 1387 doctrina
1393 1339 1450 1385 et
1477 1329 1801 1385 adminiculo
1840 1343 1932 1383 ca-

344 1423 576 1477 ruerint.
605 1421 672 1477 Et
693 1423 995 1494 quicumque
1028 1423 1118 1476 sub
1143 1421 1249 1493 lege
1273 1430 1624 1492 peccaverunt,
1659 1436 1747 1491 per
1771 1420 1932 1490 legem

339 1520 388 1566 et
406 1511 797 1582 judicabantur.
826 1513 913 1568 lsti
943 1554 960 1580 ,
990 1513 1180 1583 inquit,
1209 1514 1330 1582 quia
1357 1521 1412 1567 et
1431 1511 1604 1581 legem
1631 1509 1933 1564 habuerunt

340 1601 652 1672 magistram
677 1642 694 1668 ,
728 1611 782 1658 et
808 1617 981 1673 neque
1005 1603 1084 1658 sic
1121 1600 1390 1658 emendati
1430 1610 1556 1655 sunt
1580 1641 1597 1666 ,
1619 1599 1713 1654 sed
1743 1597 1928 1652 eadem

338 1707 460 1761 qua:
491 1691 565 1746 illi
598 1701 952 1761 peccaverunt
981 1733 998 1760 ,
1029 1693 1328 1765 graviorem
1355 1704 1568 1762 quoque
1593 1703 1806 1759 poenam
1831 1687 1929 1742 da-

339 1781 492 1836 bunt.
530 1780 639 1838 Sed
681 1782 960 1838 audiamus
1006 1797 1127 1854 quas
1167 1782 1323 1838 hodie
1365 1791 1490 1836 sunt
1522 1783 1694 1842 lecta.
1725 1779 1815 1836 20.
1863 1778 1931 1833 Et

337 1875 554 1941 vocavit,
585 1873 776 1945 inquit,
807 1875 973 1929 Adam
999 1891 1180 1930 nomen
1198 1875 1372 1928 uxoris
1396 1889 1523 1940 suat,
1555 1871 1680 1937 Eva,
1712 1871 1768 1925 id
1795 1871 1931 1940 quod

336 1975 412 2020 est
437 1967 560 2034 vita,
591 1967 711 2037 quia
729 1967 842 2039 ipsa
866 1956 1027 2021 maler
1054 1967 1279 2021 omnium
1303 1965 1595 2020 viventium.
1624 1962 1760 2020 Vide
1787 1962 1929 2018 divi-

337 2071 425 2112 na:
465 2054 758 2127 Scriptura:
787 2057 1137 2129 diligentiam,
1162 2056 1432 2130 quomodo
1463 2072 1637 2128 neque
1665 2055 1767 2112 hoc
1787 2071 1928 2126 prat-

340 2149 487 2213 terit,
517 2149 613 2204 sed
639 2148 796 2204 docet
817 2163 947 2214 nos,
967 2149 1230 2227 Adatnum
1273 2150 1438 2206 etiam
1475 2149 1685 2205 mulieri
1729 2163 1927 2204 nomen

338 2237 681 2309 imposuisse.
760 2239 968 2296 Vocatn't
995 2281 1010 2307 ,
1069 2241 1277 2312 inquit,
1323 2258 1504 2297 nomen
1578 2243 1754 2298 uxoris
1825 2257 1932 2297 sua:

245 2332 248 2334 ⁷
338 2326 490 2393 Eva,
537 2330 591 2384 id
644 2339 720 2385 est
768 2332 869 2386 vita
898 2347 918 2384 .·
948 2332 1066 2401 quia
1098 2333 1212 2402 ipsa
1263 2342 1425 2386 mater
1474 2342 1547 2387 est
1589 2333 1811 2387 omnium
1849 2334 1926 2387 oi-

338 2420 563 2474 ventium
587 2435 606 2474 :
640 2423 740 2476 hoc
776 2430 859 2476 est
881 2460 898 2488 ,
942 2421 1056 2492 ipsa
1091 2432 1176 2478 est
1197 2422 1348 2493 origo
1372 2435 1560 2478 eorum
1605 2423 1697 2494 qui
1732 2438 1799 2479 ex
1839 2423 1929 2478 illa

337 2519 464 2563 sunt
505 2509 701 2576 futuri,
730 2509 986 2582 radixque
1021 2521 1075 2568 et
1102 2511 1503 2569 fundamentum
1532 2514 1807 2583 sequentis
1831 2528 1927 2584 ge-

339 2599 653 2656 nerationis.
689 2600 820 2655 Dein
851 2612 1131 2672 postquam
1167 2602 1347 2659 docuit
1386 2619 1485 2658 nos
1511 2602 1783 2672 quomodo
1813 2618 1930 2657 mu-

338 2687 456 2744 lieri
473 2690 777 2760 impositum
791 2705 984 2748 nomen
1001 2691 1182 2760 fuerit,
1197 2693 1389 2748 iterum
1402 2694 1636 2750 ostendit
1659 2693 1814 2749 nobis
1835 2693 1929 2749 Dei

341 2778 661 2847 bonitatem,
684 2795 806 2851 qua:
829 2797 934 2837 non
951 2782 1196 2853 despexit
1211 2798 1306 2839 eos
1322 2785 1412 2854 qui
1437 2799 1466 2838 a
1487 2799 1550 2842 se
1567 2787 1733 2840 creati
1754 2793 1924 2850 erant,

339 2869 396 2922 in
421 2877 566 2924 tanta
593 2870 835 2927 nuditate
861 2880 916 2926 et
941 2873 1229 2943 ignominia
1249 2883 1546 2930 versantes.
1573 2875 1665 2930 2i.
1691 2875 1758 2929 Et
1787 2875 1926 2946 fecit,

339 2958 555 3030 inquit,
585 2959 837 3016 Dominus
863 2960 1003 3017 Deus
1039 2964 1165 3019 Adte
1188 2973 1232 3023 et
1252 2965 1402 3020 uxori
1425 2965 1565 3020 illius
1593 2976 1748 3024 vestes
1778 2966 1933 3037 pelli-

338 3063 455 3103 θεας
484 3089 501 3116 ,
536 3061 583 3104 et
606 3051 772 3105 induit
796 3052 931 3107 illos.
964 3052 1114 3108 Sicut
1138 3053 1442 3110 misericors
1470 3064 1621 3126 pater
1641 3055 1806 3111 mium
1834 3055 1931 3110 ha-

339 3138 476 3195 bens
502 3140 639 3196 bona
661 3141 838 3198 indole
857 3145 873 3175 ¹
895 3144 1196 3214 praeditum,
1224 3154 1278 3201 et
1302 3147 1448 3202 omni
1467 3155 1596 3202 cura
1622 3148 1929 3212 educatum,

340 3236 396 3283 ct
423 3228 691 3285 fruentem
717 3233 964 3288 omnibus
993 3233 1198 3290 deliciis
1220 3275 1237 3301 ,
1287 3245 1437 3291 veste
1467 3237 1630 3291 nitida
1655 3253 1720 3292 ac
1743 3239 1931 3294 sericis

339 3317 596 3375 amictum
621 3362 636 3386 ,
669 3319 1013 3395 paternis‘que
1050 3325 1240 3396 Opibus
1266 3341 1456 3382 secure
1494 3337 1734 3384 utentem
1763 3369 1777 3396 ,
1805 3345 1927 3384 cum

340 3411 536 3467 viderit
560 3426 683 3468 eum
711 3414 870 3470 nimia
895 3419 1246 3486 prosperitate
1267 3418 1319 3473 in
1342 3419 1558 3475 malitia:
1573 3422 1928 3491 praecipitium

340 3505 670 3577 prolapsum,
694 3509 868 3578 privat
891 3509 994 3565 illis
1019 3511 1284 3576 omnibus,
1304 3522 1358 3567 et
1385 3527 1495 3568 sua:
1520 3513 1770 3582 potestati
1799 3515 1931 3570 sub-

343 3595 476 3666 iicit,
509 3604 660 3652 veste
679 3597 904 3668 spoliat,
932 3613 996 3654 ac
1015 3600 1104 3655 vili
1133 3602 1420 3672 servilique
1439 3604 1634 3659 amictu
1662 3604 1812 3660 illum
1841 3605 1923 3660 in-

339 3686 478 3752 duit,
506 3702 575 3742 ne
600 3689 820 3744 omnino
847 3689 1020 3746 nudus
1050 3691 1120 3746 sit
1158 3700 1212 3748 et
1245 3695 1414 3762 turpis
1446 3712 1459 3748 :
1493 3694 1564 3749 ita
1594 3702 1647 3750 et
1670 3694 1930 3765 benignus

341 3777 517 3844 Deus,
545 3779 796 3848 quoniam
825 3780 999 3836 Adam
1025 3791 1080 3837 et
1108 3783 1216 3837 Eva
1243 3784 1492 3854 indignos
1519 3799 1640 3841 sese
1669 3786 1931 3842 exhibue-

339 3877 467 3923 runt
488 3869 803 3925 indumento
827 3872 1058 3942 glorioso
1081 3873 1173 3928 illo
1188 3883 1243 3930 et
1264 3875 1452 3941 nitido,
1475 3890 1582 3946 quo
1607 3878 1932 3934 amicieban—

341 3966 430 4012 tur
459 3999 476 4025 ,
524 3967 581 4014 et
627 3960 769 4030 quod
800 3962 960 4018 nullis
1001 3965 1370 4033 corporalibus
1396 3981 1491 4022 eos
1518 3968 1930 4024 necessitatibus

339 4048 603 4106 obnoxios
647 4065 770 4108 esse
797 4053 1003 4109 sinebat
1032 4096 1048 4118 ,
1083 4055 1300 4111 nudavit
1331 4057 1450 4113 illos
1470 4061 1615 4114 onmi
1645 4060 1734 4115 illa
1760 4061 1928 4131 gloria

341 4151 396 4196 et
419 4141 691 4210 fruittone,
714 4160 816 4214 qua
838 4156 960 4201 ante
978 4136 1192 4216 gravem
1221 4148 1358 4203 hanc
1381 4151 1586 4205 ruinam
1606 4151 1926 4222 gaudebant:

341 4236 674 4304 multamque
693 4251 816 4306 erga
843 4236 962 4292 illos
989 4238 1039 4292 in
1072 4246 1270 4294 tantam
1304 4241 1592 4310 perniciem
1631 4243 1808 4312 lapsos
1838 4259 1933 4298 ex-

344 4321 536 4380 hibens
577 4326 972 4383 miserationem
1004 4370 1019 4394 ,
1063 4329 1353 4401 vidensque
1382 4346 1574 4401 magno
1604 4332 1806 4403 pudore
1829 4336 1932 4390 cir-

345 4415 621 4470 cumfusos
652 4455 668 4482 ,
699 4418 1016 4488 consiliique
1061 4420 1249 4490 inopes
1279 4463 1294 4490 ,
1328 4438 1396 4478 ne
1444 4423 1572 4477 nudi
1627 4436 1807 4479 essent
1833 4467 1848 4491 ,
1878 4433 1933 4480 et

349 4502 603 4560 indecore
631 4519 689 4561 se
712 4519 981 4576 gererent,
1009 4521 1186 4565 vestes
1212 4511 1341 4580 ipsis
1373 4513 1621 4582 pelliceas
1643 4515 1787 4582 facit,
1819 4529 1931 4570 eos-

342 4608 450 4663 que
473 4596 727 4666 contegit.
751 4595 907 4652 Tales
927 4599 1069 4654 enim
1092 4602 1235 4654 sunt'
1253 4601 1451 4657 diaboli
1475 4605 1926 4662 machinatiOues:

344 4687 391 4740 si
420 4686 635 4756 quando
654 4687 796 4742 enim
816 4689 1023 4760 aliquos
1045 4692 1307 4747 invenerit
1330 4694 1420 4763 qui
1443 4693 1542 4749 sibi
1567 4707 1808 4764 parcant,
1838 4713 1930 4754 eos

345 4775 620 4844 voluptate
635 4777 860 4846 quadam
882 4779 1088 4836 modica
1117 4783 1509 4851 supplantatos,
1541 4795 1596 4840 et
1624 4787 1676 4840 in
1709 4789 1928 4855 profun-

342 4865 472 4920 dum
497 4867 717 4921 malitia:
745 4870 1010 4940 proiectos
1034 4911 1049 4935 ,
1083 4874 1332 4942 omnique
1361 4875 1675 4934 confusione
1705 4888 1757 4931 et
1783 4879 1932 4948 igno-

347 4956 510 5010 minia
538 4957 747 5026 plenos,
769 4959 950 5028 jacere
990 4963 1279 5032 relinquit,
1329 4966 1634 5023 miserabile
1681 4971 1931 5026 omnibus

347 5047 438 5116 qui
467 5047 615 5101 illum
646 5048 829 5104 vident
875 5053 1259 5121 spectaculum.
1290 5056 1358 5108 At
1385 5057 1684 5111 animarum
1716 5071 1928 5114 nostra-

347 5152 465 5190 rum
486 5137 714 5193 Curator
748 5181 765 5206 ,
793 5141 982 5197 videns
1007 5143 1126 5198 illos
1152 5145 1203 5198 in
1232 5147 1393 5200 tantis
1416 5145 1840 5215 difﬁcultatibus,
1875 5151 1930 5206 in

349 5227 454 5285 hoc
476 5233 848 5302 statu-positos
870 5249 974 5288 non
1004 5234 1230 5306 despicit
1261 5278 1276 5302 ,
1309 5237 1404 5292 sed
1441 5239 1796 5295 velamentum
1828 5243 1931 5297 illis

344 5321 614 5388 excogitat
646 5363 660 5387 ,
692 5339 788 5392 per
813 5334 1013 5379 vestem
1056 5327 1217 5381 vilem
1262 5329 1554 5385 ostendens
1583 5334 1828 5402 qualibus
1871 5349 1929 5390 se

348 5407 679 5466 vestimentis
706 5412 894 5484 dignos
919 5415 1160 5471 fecerint.

413 5611 436 5680 ξ
462 5615 672 5680 Quatuor
694 5616 822 5680 Mss,
850 5612 1041 5671 decore,
1067 5628 1169 5680 pro,
1195 5614 1317 5680 bona
1333 5615 1516 5680 indole.

411 5673 436 5702 ι
463 5668 626 5730 savil.,
650 5668 938 5742 multumque
960 5668 1082 5742 erga
1098 5668 1204 5727 illos
1225 5676 1440 5742 exhibuit
1463 5679 1831 5742 miserationem,
1869 5683 1930 5733 ri-

349 5732 465 5806 dens
488 5742 660 5806 magno
695 5732 881 5806 pudore
900 5732 1127 5806 somnos,
1146 5737 1424 5803 consiliique
1447 5753 1626 5806 mopes.
1653 5746 1781 5794 Tales
1803 5732 1928 5795 enim

350 5796 473 5844 sunt.
499 5800 616 5843 etc..
641 5799 832 5848 omissis
854 5796 1173 5861 interpositis.

1416 396 1480 454 IN
1519 393 1668 452 CAP.
1703 392 1789 448 III.
1817 391 2060 449 GENES.
2098 390 2307 447 IIOMIL
2368 390 2556 447 XVIII.

3537 393 3639 448 150

2122 504 2384 571 Quomodo
2410 514 2564 558 vestes
2585 503 2818 575 pelliceas
2849 504 3014 575 ptimo
3063 494 3259 574 parenti
3284 514 3330 558 et
3349 505 3494 558 uxori
3521 507 3638 576 fecit.

2047 592 2208 650 Deus.
2265 595 2441 650 Luxus
2483 597 2536 649 in
2562 597 2776 651 vestibus
2817 605 3040 667 tempore
3078 593 3449 667 Chrysoslomi.
3476 627 3546 637 —
3573 596 3638 652 Et

2046 686 2167 750 fecit
2196 686 2443 740 Dominus
2471 684 2608 740 Deus
2631 686 2755 741 Ade:
2786 696 2833 740 et
2865 689 3012 740 uxori
3030 687 3168 740 illius
3188 696 3346 742 uestes
3372 687 3631 757 pollicens,

2043 785 2091 830 et
2132 776 2298 830 induit
2345 776 2481 831 illos.
2536 773 2688 845 Vide,
2712 793 2914 847 quzeso,
2956 788 3207 850 quantam
3239 779 3507 834 sermonis
3537 780 3639 833 hu~

2043 868 2321 923 utilitatem
2385 868 2540 924 nobis
2591 878 2911 939 attemperat
2959 870 3136 925 divina
3193 870 3488 941 Scriptura.
3532 871 3637 928 Sed

2040 956 2182 1028 quod
2206 974 2350 1028 saepe
2379 959 2510 1026 dixi,
2547 961 2597 1015 id
2627 971 2681 1014 et
2708 976 2850 1015 nunc
2871 961 2993 1017 dico
3021 979 3034 1015 :
3059 965 3238 1018 omnia
3268 965 3338 1017 ita
3369 964 3634 1033 intelliga-

2043 1065 2161 1104 mus
2193 1091 2207 1114 ,
2238 1051 2374 1106 sicut
2415 1067 2511 1121 par
2553 1062 2634 1108 ost
2664 1052 2731 1107 de
2777 1053 2888 1108 Deo
2923 1053 3169 1124 intelligi.
3216 1055 3450 1119 Verbum
3494 1055 3636 1110 Fecit

2036 1143 2221 1211 accipe
2267 1156 2363 1210 pro
2409 1155 2476 1197 eo
2501 1141 2641 1208 quod
2670 1151 2755 1198 est
2788 1183 2804 1206 ,
2847 1143 3132 1214 imperavit
3159 1153 3219 1200 ut
3243 1154 3445 1200 essent.
3469 1145 3637 1200 Jussit

2034 1232 2179 1286 enim
2222 1233 2413 1289 tunicis
2455 1233 2693 1303 pelliceis
2736 1235 2918 1290 vestiri
2960 1237 3012 1290 in
3063 1244 3374 1307 perpetuam
3416 1237 3634 1292 inobse-

2035 1322 2268 1392 quentia:
2296 1324 2631 1378 memoriam.

2103 1414 2156 1468 2.
2174 1415 2671 1486 Audiantopulenti,
2688 1425 2743 1472 et
2758 1417 2847 1488 qui
2867 1417 3134 1473 luxuriant
3159 1419 3210 1472 in
3230 1419 3490 1474 vermium
3517 1428 3636 1474 tex-

2036 1504 2235 1573 tilibus,
2257 1520 2321 1560 ac
2347 1507 2646 1562 vestiuntur
2673 1507 2860 1564 sericis
2882 1549 2900 1576 ,
2921 1507 3240 1578 discantque
3267 1509 3538 1580 quomodo
3563 1510 3632 1564 ah

2036 1597 2189 1654 initio
2221 1598 2506 1653 humanam
2532 1599 2735 1654 docens
2753 1607 3000 1654 naturam
3025 1599 3289 1670 benignus
3331 1600 3592 1655 Dominus
3618 1640 3632 1664 ,

2035 1690 2156 1759 quia
2194 1695 2412 1760 propter
2433 1690 2917 1760 transgressionem
2947 1704 3120 1759 plenae
3147 1689 3336 1745 mortis
3364 1704 3487 1744 rcus
3517 1698 3632 1744 erat

2036 1781 2239 1852 primus
2267 1780 2431 1836 homo
2454 1821 2469 1848 ,
2497 1795 2739 1852 opusque
2767 1780 2996 1836 habebat
3024 1788 3176 1836 veste
3201 1796 3320 1852 qua:
3365 1780 3627 1851 pudorem

2036 1879 2272 1942 tegeret,
2302 1871 2552 1941 pelliceas
2596 1871 2695 1940 ipsi
2719 1869 2845 1926 fecit
2871 1879 3049 1926 vestes
3080 1888 3092 1924 :
3126 1885 3234 1941 quo
3273 1870 3456 1926 docuit
3481 1886 3581 1925 uos
3602 1910 3621 1937 ,

2034 1971 2093 2017 ut
2123 1962 2340 2017 mollem
2363 1971 2417 2018 et
2445 1961 2756 2018 dissolutam
2775 1962 2938 2019 vitam
2966 1961 3257 2033 fugiamus,
3282 1977 3454 2032 neque
3481 1963 3628 2016 incr-

2037 2061 2141 2106 tem
2170 2060 2225 2106 ct
2250 2051 2528 2107 remissam
2560 2060 2864 2116 sectemur,
2897 2051 2991 2107 scd
3021 2053 3188 2122 magis
3219 2061 3490 2107 austeram
3515 2065 3632 2105 ams

2035 2143 2328 2212 plexemur.
2361 2141 2468 2198 Sed
2490 2141 2627 2198 forte
2650 2142 2909 2212 gravatim
2944 2139 3176 2197 ferentes
3195 2141 3309 2196 haee
3326 2141 3538 2208 divites,
3554 2141 3635 2196 di-

2033 2243 2152 2288 cent
2184 2249 2197 2287 :
2227 2233 2366 2302 Quid
2390 2233 2582 2304 igitur?
2606 2249 2676 2288 an
2704 2233 2929 2304 pellibus
2954 2233 3139 2288 vestiri
3167 2246 3264 2287 nos
3285 2231 3442 2301 jubes
3461 2232 3484 2286 ‘i
3504 2230 3624 2286 Non

2034 2324 2138 2381 hoc
2161 2324 2282 2380 dico
2315 2343 2330 2380 :
2362 2339 2487 2380 nam
2517 2339 2693 2395 neque
2737 2323 2812 2379 illi
2861 2333 3122 2394 perpetuo
3165 2322 3248 2377 usi
3292 2321 3508 2376 luerunt
3549 2321 3632 2376 his

2033 2401 2306 2483 vestibus;
2334 2416 2599 2489 benignus
2630 2417 2774 2473 enim
2823 2417 3082 2473 Dominus
3124 2416 3393 2488 prioribus
3418 2430 3634 2484 semper

2034 2508 2309 2565 beneficiis
2339 2512 2639 2565 recentiora
2662 2508 2908 2580 quaedam
2942 2508 3273 2580 superaddit.
3305 2507 3438 2562 Nam
3481 2517 3630 2576 post-

2034 2614 2191 2670 quam
2209 2614 2329 2656 sese
2345 2600 2717 2671 corporalibus
2730 2600 3136 2656 necessitatibus
3152 2599 3414 2653 obnoxios
3431 2595 3629 2662 fecere,

2034 2699 2088 2745 et
2116 2705 2145 2743 a
2170 2690 2356 2746 dolore
2386 2705 2550 2746 vacua
2580 2701 2634 2746 et
2652 2690 2890 2760 angelica
2916 2690 3022 2744 vita
3044 2689 3380 2754 exciderunt,
3407 2688 3628 2757 dispen-

2035 2783 2172 2838 savit
2221 2782 2404 2846 Deus,
2439 2791 2496 2837 ut
2524 2797 2590 2838 ex
2638 2782 2816 2837 ovium
2860 2782 3150 2838 velleribus
3191 2780 3437 2836 homines
3485 2779 3634 2834 indu-

2036 2881 2214 2926 menta
2243 2871 2344 2926 sibi
2377 2880 2785 2941 pararent,vnon
2812 2873 2915 2926 alia
2958 2872 3026 2928 de
3055 2886 3213 2926 causa
3234 2911 3250 2939 ,
3277 2887 3438 2942 quam
3471 2879 3527 2926 ut
3552 2880 3628 2925 te-

2035 2971 2344 3035 gumeutum
2377 2963 2608 3019 habeant
2633 3003 2647 3028 ,
2679 2973 2734 3018 et
2761 2981 2829 3019 ue
2860 2965 3120 3019 rationale
3148 2964 3346 3018 animal
3389 2963 3491 3018 hoc
3522 2979 3628 3018 non

2035 3068 2192 3109 secus
2219 3069 2285 3110 ac
2308 3053 2464 3109 bruta
2504 3054 2557 3108 in
2587 3054 2829 3110 nuditate
2855 3063 2910 3108 et
2949 3053 3218 3109 dedecore
3255 3056 3418 3110 vitam
3450 3056 3630 3125 degat.

2035 3144 2218 3212 Itaque
2254 3144 2484 3198 vestium
2528 3142 2754 3198 amictus
2781 3142 3095 3198 continuum
3145 3143 3300 3199 nobis
3347 3144 3417 3198 sit
3461 3146 3625 3199 moni-

2037 3241 2274 3289 mentum
2299 3275 2314 3300 ,
2343 3248 2449 3303 quo
2481 3247 2748 3288 memores
2792 3233 2960 3288 simus
2985 3274 3000 3301 ,
3031 3234 3246 3304 quantis
3294 3234 3450 3289 bouis
3475 3237 3634 3291 exci-

2036 3324 2296 3397 derimus,
2319 3335 2375 3379 et
2403 3324 2674 3380 discamus
2699 3332 2899 3393 quanto
2925 3325 3190 3395 supplicio
3220 3325 3508 3380 humanum
3533 3342 3630 3395 ge.

2037 3430 2135 3469 nus
2153 3413 2222 3469 ob
2248 3412 2665 3469 inobedientiam
2692 3413 2762 3469 sit
2786 3413 3059 3469 allectum.
3080 3415 3265 3470 Dicant
3287 3414 3447 3486 igitur
3473 3416 3628 3472 nobis

2035 3503 2124 3572 qui
2159 3512 2304 3558 tanto
2330 3510 2550 3560 utuntur
2566 3513 2844 3574 apparatu,
2862 3512 2922 3559 ut
2939 3504 3051 3573 jam
3074 3505 3381 3560 usumlanze
3413 3522 3632 3576 prorsus

2013 3610 2196 3652 nosse
2225 3595 2437 3664 nolint,
2470 3595 2567 3650 sed
2618 3595 2794 3652 serico
2837 3597 3155 3663 vestiantur,
3186 3611 3361 3666 eoque
3408 3597 3632 3652 insania:

2035 3700 2363 3756 pervenere,
2397 3696 2456 3740 ut
2507 3701 2695 3740 aurum
2741 3686 2978 3741 vestibus
3025 3687 3269 3741 intexant
3297 3703 3310 3740 :
3343 3687 3395 3740 in
3445 3689 3631 3756 primis

2035 3779 2176 3835 enim
2223 3778 2477 3834 mulieres
2522 3779 2645 3833 huic
2685 3779 2924 3834 mollitiei
2975 3779 3170 3834 deditae
3217 3791 3341 3836 sunt
3369 3798 3381 3834 :
3410 3781 3626 3849 Quare,

2035 3868 2142 3935 die,
2171 3870 2396 3924 obsecro
2415 3911 2429 3936 ,
2465 3883 2659 3939 corpus
2681 3871 2752 3923 ita
2780 3884 2960 3932 ornas,
2991 3877 3047 3924 et
3069 3870 3269 3940 gaudes
3298 3871 3626 3940 ejuscemodi

2036 3962 2281 4017 amictu?
2309 3977 2417 4017 non
2450 3962 2654 4031 cogitas
2701 3975 2798 4030 pro
2843 3974 3034 4030 magno
3074 3961 3369 4031 supplicio,
3415 3972 3634 4031 propter

2037 4053 2516 4124 transgressionem
2539 4093 2552 4117 ,
2590 4061 2799 4122 tegmen
2847 4050 2949 4105 hoc
2996 4054 3353 4121 excogitatum
3377 4054 3540 4108 esse?
3569 4054 3633 4107 Et

2037 4160 2202 4216 quare
2229 4161 2333 4200 non
2373 4145 2526 4199 audis
2552 4144 2772 4198 Paulum
2803 4143 3069 4199 dicentem
3097 4161 3110 4196 :
3147 4142 3405 4198 Habentes
3444 4147 3632 4198 victum

2037 4249 2082 4292 et
2110 4238 2349 4292 amictum
2375 4278 2390 4303 ,
2413 4235 2518 4291 illis
2547 4236 2767 4291 contenti
2791 4237 2978 4290 erimus
3007 4235 3082 4306 (i.
3113 4235 3250 4290 Tim.
3276 4236 3326 4290 6.
3358 4237 3434 4307 8).
3472 4237 3634 4294 Vides

2040 4331 2194 4384 unius
2217 4328 2502 4382 dumtaxat
2539 4328 2618 4382 rei
2670 4326 2972 4382 habendam
3019 4341 3141 4382 esse
3167 4341 3351 4381 curam
3390 4344 3403 4381 :
3435 4327 3634 4382 videli-

2038 4431 2143 4488 cct,
2168 4437 2235 4474 ne
2258 4435 2454 4489 corpus
2479 4418 2678 4475 nudum
2705 4419 2794 4484 sit,
2823 4419 2916 4472 sed
2943 4427 2993 4472 ut
3030 4426 3256 4488 tegatur,
3280 4435 3376 4474 nec
3403 4420 3634 4490 amplius

2038 4515 2106 4570 de
2136 4515 2389 4569 varietate
2416 4513 2646 4567 vestium
2687 4525 2808 4566 esse
2840 4526 2937 4565 nos
2965 4510 3228 4565 sollicitos
3254 4521 3487 4581 oportet.
3519 4511 3629 4566 Cte-

2038 4615 2207 4660 tcrum
2235 4604 2300 4658 ad
2337 4603 2612 4672 sequentia
2644 4603 2942 4657 veniamus.
2984 4599 3075 4654 22.
3117 4600 3183 4653 Et
3219 4601 3347 4654 dixit
3379 4601 3632 4656 Dominus

2036 4696 2176 4752 Deus
2206 4711 2225 4749 :
2252 4694 2384 4749 Ecce
2412 4694 2578 4748 Adam
2607 4694 2772 4762 factus
2814 4702 2883 4746 εει
2923 4694 3048 4746 sicut
3088 4709 3219 4746 unus
3261 4709 3322 4745 ea:
3359 4692 3502 4745 nobis
3523 4733 3535 4751 ,
3567 4692 3640 4744 nd

2034 4787 2295 4842 sciendum
2321 4785 2506 4840 bonum
2552 4793 2598 4838 et
2627 4783 2836 4837 malum.
2871 4782 2938 4836 Et
2968 4799 3100 4835 nunc
3143 4799 3204 4835 ne
3237 4785 3366 4852 forte
3404 4783 3636 4836 extendat

2036 4893 2244 4932 manum
2269 4892 2414 4931 suam
2434 4915 2448 4940 ,
2474 4884 2518 4928 et
2539 4874 2756 4942 accipiat
2791 4873 2852 4926 de
2880 4872 3016 4944 ligno
3038 4873 3152 4925 vitae
3173 4913 3187 4935 ,
3216 4880 3263 4926 et
3293 4869 3521 4926 comedril
3545 4913 3558 4936 ,
3589 4882 3635 4926 et

2033 4971 2168 5032 uiuat
2192 4970 2245 5021 in
2273 4967 2534 5021 saxulum.
2561 4966 2653 5020 εδ.
2683 4964 2750 5018 Et
2773 4965 2938 5019 emisit
2962 4964 3107 5017 illum
3139 4962 3392 5018 Dominus
3414 4963 3550 5017 Deus
3573 4981 3637 5020 ea:

2035 5057 2278 5130 paradiso
2302 5056 2575 5126 voluptatis
2592 5097 2607 5124 ,
2637 5065 2691 5108 ut
2711 5065 3007 5126 aperaretur
3035 5064 3252 5117 terram,
3277 5054 3340 5107 de
3363 5070 3463 5125 qua
3491 5071 3633 5108 sunt-

2035 5159 2153 5219 plus
2192 5158 2322 5203 erat.
2352 5147 2449 5202 llic
2473 5161 2684 5217 quoque
2715 5146 2838 5200 vide
2883 5161 3041 5215 quam
3090 5144 3293 5199 idoneis
3333 5143 3629 5200 inﬁrmitati

2034 5251 2233 5296 nostrae
2263 5240 2447 5296 verbis
2469 5248 2650 5294 utatur
2671 5239 2832 5294 Deus.
2867 5237 2935 5291 Et
2966 5237 3129 5303 dixit,
3161 5237 3351 5306 inquit,
3381 5236 3632 5292 Dominus

2037 5332 2178 5388 Deus
2211 5347 2229 5386 :
2258 5331 2391 5386 Ecce
2415 5332 2582 5385 Adam
2613 5331 2781 5400 factus
2831 5337 2902 5384 est
2938 5329 3085 5399 quasi
3118 5343 3252 5382 unus
3278 5344 3340 5381 ea:
3365 5327 3506 5382 nobis
3527 5368 3541 5391 ,
3565 5327 3631 5381 ad

2034 5423 2297 5481 sciendum
2337 5426 2524 5478 bonum
2572 5433 2618 5478 et
2657 5423 2870 5477 malum.
2901 5420 3091 5476 Vidisti
3131 5429 3329 5490 quanta
3377 5420 3626 5474 dictionis

2036 5517 2350 5573 humilitas?
2379 5517 2505 5572 Hrcc
2531 5526 2729 5582 autem,
2764 5526 2820 5570 ut
2848 5515 3021 5580 decet,
3048 5514 3204 5583 digne
3225 5513 3290 5568 de
3323 5513 3433 5567 Deo
3465 5512 3627 5566 intel-

2037 5603 2284 5682 ligamus.
2320 5611 2443 5665 Vult
2469 5611 2611 5664 enim
2639 5624 2733 5678 per
2761 5609 2874 5663 haec
2899 5607 3057 5662 verba
3080 5607 3131 5659 in
3174 5604 3488 5658 memoriam
3537 5620 3624 5657 re-

2038 5705 2197 5768 l'errc,
2223 5701 2492 5772 quomodo
2527 5699 2736 5768 decepti
2766 5691 2962 5754 fuerint
2985 5713 3012 5749 a
3043 5696 3258 5750 diabolo
3285 5709 3379 5763 per
3401 5709 3624 5764 serpen-

2037 5805 2161 5850 tem.
2187 5793 2626 5864 Quandoquidcm
2655 5789 2740 5848 ille
2765 5790 2976 5846 dicebat
2999 5831 3012 5857 ,
3041 5787 3102 5844 Si
3120 5787 3465 5857 comedetitis,
3483 5787 3626 5844 eritis
