4058 6302
502 374 590 430 IS!
885 394 889 401 '
1220 385 1275 440 S.
1317 385 1592 445 JO.\NNIS
1629 389 2104 453 CHRYSOSTOMI
2139 398 2448 460 ARCHIEP.
2491 404 3021 472 CONSTANTINOP.

497 499 549 541 ut
584 490 677 556 itit,
710 499 765 547 et
794 507 888 562 spe
935 496 1196 564 potiendm
1227 501 1540 570 tequelitatis
1589 519 1710 559 cum
1757 506 1868 562 Deo
1896 509 2071 563 cibum

501 578 640 633 hunc
670 595 886 637 sumere
914 587 1027 639 ausi
1054 596 1194 640 sunt.
1229 589 1398 659 Atque
1419 590 1519 645 hac
1547 591 1615 649 de
1641 609 1797 649 causa
1829 597 1967 652 Deus
1987 598 2078 653 ite-

498 683 614 722 rum
648 671 763 724 illos
795 688 1014 730 monere
1035 677 1217 731 volens
1237 718 1251 739 ,
1284 687 1337 731 ut
1368 681 1630 737 sentirent
1663 700 1820 753 quam
1845 687 2077 756 graviter

497 771 678 815 essent
725 763 859 833 lapsi
890 782 986 835 per
1028 768 1444 827 inohedientiam
1485 783 1541 828 et
1563 774 1930 845 deceptionem
1950 819 1965 845 ,
1995 779 2077 833 in-

495 851 611 918 quit
645 870 660 902 :
693 851 820 906 Ecce
856 855 1017 907 Adam
1046 859 1210 925 factus
1257 869 1328 913 est
1356 863 1502 929 quasi
1548 879 1676 916 unus
1701 880 1765 918 ea:
1802 867 1963 921 nobis.
2020 867 2074 923 ln

499 951 703 996 tantum
733 944 980 1000 ruborem
1012 946 1113 1002 hoc
1151 951 1368 1004 verbum
1403 953 1601 1020 injicit,
1634 963 1692 1008 ut
1720 967 2079 1028 transgresso-

497 1045 608 1083 rem
657 1033 888 1101 graviter
917 1044 1132 1106 tangere
1181 1040 1372 1095 valeat.
1420 1040 1575 1109 Ideo,
1607 1043 1809 1115 inquit,
1839 1058 2077 1103 contem—

498 1119 647 1186 psisti
690 1122 996 1178 mandatum
1046 1143 1221 1182 meum
1248 1129 1386 1198 quod
1427 1115 1682 1200 mq’ualem
1729 1141 1781 1189 te
1812 1135 1920 1191 Deo
1964 1137 2077 1193 fore

501 1219 713 1277 putares
747 1215 804 1266 εἳ
833 1214 971 1271 Ecce
998 1217 1166 1273 factus
1192 1235 1250 1274 es
1277 1223 1415 1288 quod
1441 1228 1758 1294 exspectasti
1787 1245 1800 1280 ε
1831 1229 1937 1282 ἰιιιο
1967 1245 2071 1284 non

496 1300 636 1366 quod
663 1307 1017 1371 exspectasti,
1050 1308 1141 1362 sed
1185 1309 1393 1377 qualem
1438 1321 1488 1366 te
1541 1314 1651 1368 fieri
1679 1316 1897 1386 dignum
1934 1328 2070 1374 erat.

495 1386 649 1453 Ecce,
683 1391 870 1459 inquit,
905 1393 1066 1447 Adam
1103 1397 1262 1464 {actus
1285 1409 1356 1454 est
1390 1403 1536 1469 quasi
1557 1419 1684 1458 unus
1716 1422 1779 1459 ea:
1803 1408 1944 1462 nobis
1965 1450 1977 1470 .
2004 1410 2073 1462 ad

491 1479 747 1532 sciendum
771 1482 953 1536 bonum
981 1496 1027 1538 et
1049 1489 1255 1542 malum.
1289 1490 1399 1546 Hoc
1437 1493 1580 1547 enim
1629 1493 1784 1550 fallax
1830 1498 2074 1555 diabolus

493 1566 702 1622 diccbat
729 1588 821 1639 per
846 1585 1165 1644 serpentem,
1198 1579 1497 1647 Aperiantur
1530 1585 1664 1637 oculi
1707 1589 1855 1641 vestri
1871 1629 1886 1654 ,
1911 1591 2062 1644 eritis-

492 1674 590 1724 (μω
625 1659 751 1712 sicut
777 1662 883 1727 dii,
932 1666 1140 1718 scientes
1175 1667 1360 1721 bonum
1390 1679 1436 1722 et
1480 1673 1688 1726 malum.
1736 1673 1802 1728 Et
1837 1694 1966 1732 nunc
2010 1696 2074 1734 ne

499 1750 629 1813 forte
650 1751 884 1804 extendat
938 1769 1144 1807 manant
1187 1765 1235 1808 et
1263 1765 1436 1825 tangat
1463 1761 1651 1830 lignum
1685 1765 1830 1831 vita,
1863 1777 1910 1820 et
1936 1784 2074 1822 com-

491 1833 626 1899 etlut,
652 1846 698 1888 et
727 1838 855 1891 vivat
871 1841 921 1892 in
942 1853 1205 1899 internum.
1222 1843 1373 1908 Vide,
1394 1862 1511 1915 oro,
1541 1848 1627 1904 hic
1649 1853 2070 1911 misericordiam

492 1925 718 1981 Domini.
773 1927 995 1998 Oportet
1041 1935 1183 1987 enim
1226 1937 1367 2005 quod
1411 1939 1611 1994 dictum
1659 1952 1742 1996 est
1791 1945 2072 2015 diligenter

490 2018 752 2085 scrutari,
786 2029 843 2073 ut
877 2022 1008 2075 nihil
1034 2038 1218 2079 eorum
1248 2041 1366 2095 quae
1411 2029 1465 2083 in
1505 2031 1666 2086 fundo
1698 2043 1823 2089 sunt
1846 2036 2074 2093 abscon-

490 2104 620 2173 dita,
647 2106 813 2164 latere
840 2126 938 2165 nos
975 2123 1153 2181 queat.
1179 2116 1312 2171 Cum
1362 2119 1503 2174 Deus
1531 2122 1736 2178 Adamo
1762 2128 2070 2184 mandatum

489 2195 640 2250 daret
663 2238 678 2264 ,
707 2214 735 2252 a
762 2202 907 2255 nullo
928 2203 1032 2257 alio
1052 2205 1320 2264 abstinere
1343 2213 1615 2283 praecepit,
1642 2230 1800 2285 quam
1823 2217 1889 2272 ab
1911 2219 2069 2275 unico

489 2285 653 2355 ligno,
681 2288 748 2343 de
779 2304 885 2360 quo
915 2294 1034 2361 quia
1057 2295 1217 2351 edere
1245 2296 1342 2353 fuit
1366 2315 1548 2369 ausus,
1573 2318 1728 2373 pretia
1753 2307 1941 2363 mortis
1970 2310 2070 2378 ipsi

485 2372 714 2446 irrogata
762 2389 844 2434 est
873 2383 1050 2451 :quod
1080 2399 1199 2439 cum
1250 2372 1584 2460 praeciperet
1609 2393 1680 2448 illi
1712 2394 1951 2452 delinivit
1974 2372 2004 2462 ί
2021 2400 2066 2454 si

487 2467 961 2538 praevaricaretur,
1028 2473 1094 2529 de
1151 2476 1294 2546 ligno
1352 2481 1475 2534 vitze
1545 2482 1676 2537 nihil
1731 2487 2064 2557 praecipiens.

485 2556 924 2628 Quandoquidem
953 2564 1096 2618 enim
1117 2607 1132 2631 ,
1159 2573 1215 2620 ut
1236 2569 1484 2625 existimo
1507 2611 1524 2637 ,
1546 2582 1601 2628 et
1631 2556 1924 2646 intelligere
1949 2587 2061 2643 est,

487 2645 839 2702 immortalem
869 2651 1019 2706 illum
1049 2655 1248 2709 creavit
1267 2697 1282 2722 ,
1316 2661 1576 2727 potuisset
1619 2662 1760 2734 ipse,
1789 2645 1834 2719 si
1861 2667 2062 2723 voluis-

482 2742 582 2801 sct,
607 2750 727 2791 cum
755 2739 873 2795 aliis
902 2742 1060 2796 etiam
1088 2743 1155 2798 de
1183 2746 1284 2801 hoc
1312 2750 1450 2804 vesci
1472 2751 1612 2820 quod
1644 2763 1953 2824 perpetuam
1983 2758 2059 2812 illi

480 2827 792 2885 contulisset
830 2832 991 2886 vitam
1023 2850 1224 2904 :quare
1263 2839 1469 2894 nullum
1514 2842 1823 2899 mandatum
1853 2845 1920 2902 de
1968 2847 2060 2904 illo

481 2919 704 2986 accepit.

557 3009 608 3062 5.
638 3009 694 3064 Si
729 3021 907 3066 autem
935 3004 1182 3073 curiosus
1213 3018 1404 3089 aliquis
1431 3032 1583 3092 rogat
1605 3064 1618 3088 ,
1647 3039 1812 3094 quare
1863 3025 2061 3097 lignum

482 3097 603 3150 vitae
652 3099 722 3153 sit
773 3101 1090 3168 appellatum
1119 3123 1132 3158 :
1160 3106 1326 3173 sciat,
1383 3124 1489 3164 non
1544 3126 1703 3181 posse
1752 3114 2060 3185 hominem,

479 3187 589 3240 suis
621 3188 859 3243 innixum
889 3193 1180 3248 ratiociniis
1200 3237 1213 3260 ,
1246 3199 1425 3253 omnia
1458 3200 1550 3256 Dei
1589 3217 1751 3274 opera
1794 3209 2058 3265 contueri.

481 3275 661 3330 Visum
688 3278 828 3334 enim
855 3278 952 3334 fuit
975 3283 1216 3353 Domino,
1235 3295 1292 3340 ut
1316 3290 1748 3348 exercitationem
1769 3298 2056 3366 quamdam

477 3366 796 3423 obedientiae
824 3380 880 3424 et
904 3371 1273 3431 inobedientitc
1290 3378 1511 3436 haberet
1540 3381 1699 3439 homo
1725 3402 1757 3441 a
1784 3403 1844 3444 se
1863 3389 2054 3460 tactus,

475 3467 533 3512 et
563 3459 615 3512 in
667 3459 912 3528 paradiso
941 3463 1172 3534 degens,
1205 3476 1264 3521 ut
1301 3469 1407 3524 duo
1436 3471 1534 3527 ista
1573 3473 1710 3545 ligna
1740 3477 1810 3533 ibi
1856 3459 2056 3536 consti¥

474 3555 647 3604 lueret
668 3589 685 3616 ,
716 3548 941 3607 alterum
984 3555 1199 3623 quidem
1228 3559 1350 3614 vitae
1370 3601 1385 3626 ,
1421 3562 1650 3620 alterum
1676 3581 1840 3629 vero.
1894 3580 1952 3626 ut
1980 3571 2058 3627 sic

474 3637 676 3704 lotttar,
704 3643 908 3697 mortis.
935 3643 1065 3699 Nam
1085 3646 1202 3716 ejus
1233 3664 1358 3704 esus
1378 3659 1431 3706 et
1449 3658 1797 3725 transgressio
1823 3662 2054 3718 mandati

477 3738 704 3785 mortem
735 3730 808 3785 illi
868 3735 1064 3789 attulit.
1097 3737 1318 3804 Quando
1340 3742 1518 3811 igitur,
1551 3746 1637 3800 ubi
1684 3745 1751 3802 de
1777 3748 1877 3804 hoc
1902 3765 2055 3807 com-

473 3817 605 3880 edit,
637 3819 875 3876 mortalis
899 3821 1066 3878 lactus
1110 3835 1224 3890 est,
1261 3833 1603 3902 corporisque
1649 3840 2053 3897 necessitatibus

470 3906 767 3976 obnoxius,
793 3919 847 3964 et
871 3912 1043 3980 primo
1067 3924 1338 3982 peccatum
1370 3919 1662 3989 ingressum
1688 3937 1768 3980 est
1793 3968 1809 3994 ,
1839 3941 2054 3999 propter

472 3998 614 4066 quod
652 4007 707 4054 et
733 4015 880 4057 mors
908 4019 939 4058 a
980 4004 1209 4062 Domino
1233 4010 1432 4066 utiliter
1468 4013 1770 4084 dispensata
1802 4028 1920 4086 est,
1943 3998 2052 4077 non

469 4089 693 4156 posthac
718 4092 772 4146 in
803 4095 1048 4162 paradiso
1090 4099 1342 4170 relinquit
1387 4103 1590 4172 Adam,
1620 4106 1714 4162 sed
1741 4110 1890 4166 exire
1931 4112 2054 4170 inde

465 4178 638 4247 jubet,
670 4192 975 4239 monstrans
1020 4201 1078 4242 se
1109 4201 1324 4258 propter
1357 4193 1486 4248 nihil
1513 4197 1655 4252 aliud
1701 4199 1802 4256 hoc
1831 4201 2008 4260 facere
2030 4246 2047 4272 ,

469 4283 629 4336 quam
656 4281 874 4341 propter
902 4273 1278 4347 benignitatem
1299 4296 1402 4352 qua
1433 4283 1580 4340 illum
1608 4293 2044 4360 prosequebatur.

469 4357 537 4414 Et
590 4370 645 4415 ut
692 4362 794 4418 hoc
819 4376 1063 4423 accurate
1087 4369 1390 4438 discamus,
1434 4357 1617 4444 operte
1635 4357 1860 4447 pretium
1889 4382 2047 4440 fuerit

471 4449 625 4504 verba
642 4449 836 4509 divina:
855 4453 1142 4525 Scriptura:
1166 4460 1343 4517 denuo
1369 4464 1562 4534 legere.
1587 4466 1654 4522 Et
1671 4487 1822 4540 nunc,
1853 4473 2041 4545 inquit,

467 4555 529 4611 ne
570 4542 770 4609 «unde
795 4547 1029 4600 extendat
1057 4564 1262 4604 manum
1281 4592 1297 4619 ,
1329 4563 1377 4606 et
1398 4555 1612 4625 accipiat
1636 4560 1698 4614 de
1724 4559 1860 4632 ligno
1890 4542 2004 4620 vita:
2026 4606 2042 4633 ,

470 4640 521 4686 et
549 4633 799 4700 comedat,
824 4643 872 4688 et
891 4637 1022 4691 vivat
1059 4640 1112 4693 in
1155 4650 1415 4698 trternunt.
1443 4645 1576 4702 Nam
1600 4650 1723 4718 quia
1747 4668 1934 4724 magna
1960 4657 2045 4712 in-

464 4724 850 4792 temperantia,
883 4726 1070 4797 inquit,
1105 4731 1296 4786 indicia
1318 4734 1590 4805 exhibuit,
1616 4744 2042 4808 praevaricando-

461 4824 565 4878 que
586 4812 889 4868 mandatum
916 4817 1155 4873 mortalis
1176 4819 1345 4876 factus
1363 4832 1467 4890 est,
1491 4840 1557 4881 ne
1574 4843 1713 4884 nunc
1732 4839 1786 4886 et
1816 4833 2040 4903 lignum,

459 4899 598 4968 quod
627 4901 786 4957 vitam
826 4905 1025 4972 praebet
1043 4909 1367 4980 continuam,
1396 4914 1659 4986 attingere
1679 4899 1892 4989 audeat,

456 4997 675 5044 caturus
704 5002 966 5062 perpetuo
984 5035 1000 5061 ,
1029 4999 1196 5054 satius
1241 5000 1401 5058 fuerit
1437 5004 1562 5061 hinc
1583 5008 1753 5079 ipsum
1781 5012 1936 5082 ejici;
1966 5017 2036 5072 ita

457 5089 514 5135 ut
539 5081 708 5152 magis
735 5085 1108 5155 providentia,
1135 5104 1296 5160 quam
1326 5094 1701 5166 indignationis
1743 5081 1904 5160 fuerit
1947 5107 2036 5162 illa

453 5169 662 5239 ejectio.
697 5172 958 5258 Hiclenim
1005 5193 1123 5235 mos
1148 5192 1232 5237 est
1259 5183 1466 5241 Domini
1496 5191 1692 5255 nostri.
1722 5202 1780 5249 ut
1809 5196 2036 5264 puniens

453 5277 558 5318 non
581 5265 755 5321 minus
781 5256 939 5336 quam
966 5263 1307 5331 benefaciens
1345 5292 1496 5333 suam
1522 5296 1648 5352 erga
1673 5299 1770 5340 nos
1794 5256 2036 5345 declaret

456 5357 843 5420 providentiam
865 5401 881 5426 ,
908 5363 1104 5432 quippe
1138 5375 1194 5421 et
1223 5369 1359 5424 hanc
1412 5386 1624 5441 pmnam
1653 5375 2031 5436 admonitionis

451 5445 616 5510 gratia
641 5448 795 5504 nobis
821 5450 1090 5521 irrogavit.
1121 5454 1253 5523 Quia
1280 5460 1459 5530 utique
1492 5462 1539 5518 si
1565 5465 1753 5522 scisset
1793 5482 1892 5523 nos
1919 5485 2047 5530 non.

449 5532 662 5603 pejores
690 5537 804 5594 ﬁeri
848 5541 1064 5615 impune
1093 5547 1393 5616 peccando,
1424 5566 1729 5624 neutiquam
1757 5557 1894 5612 ultra
1926 5575 2025 5628 pu-

523 5628 1304 5714 L'fft'ﬁ‘i?z_‘l".‘l"£’1"£“”1‘i
1321 5639 1418 5714 Ρερ
1438 5647 1633 5714 νεμέτω
1655 5645 1886 5714 (postea
1911 5668 2027 5714 φαν-

456 5689 700 5811 τιξἶῖεῇζὲ
706 5689 890 5746 desunt
908 5697 957 5745 ιιι
980 5689 1177 5759 κόνει,
1204 5699 1294 5749 sed
1320 5689 1566 5753 ωέηιιῑ
1585 5689 1636 5755 in}
1656 5689 2022 5786 ἓίἆῐιῗξέιὲἲιῖ

3667 427 3764 485 152

2183 515 2370 572 niisset
2401 535 2415 574 :
2442 520 2538 576 sed
2568 532 2622 577 ut
2671 527 2926 594 reprimat
2967 539 3207 588 nostrum
3236 532 3303 589 ad
3346 533 3612 594 deteriora
3638 557 3765 612 pro-

2178 618 2420 673 gressum
2445 649 2460 674 ,
2505 620 2562 667 et
2619 613 2769 670 tollat
2809 619 3064 674 malitiam
3118 621 3340 679 ulterius
3380 637 3714 696 grassantem
3744 670 3764 701 ,

2181 711 2331 753 suam
2380 701 2642 758 servando
2689 706 3109 766 misericordiam
3137 752 3152 777 ,
3197 715 3346 783 punit
3376 733 3392 772 :
3423 717 3476 771 id
3517 719 3659 789 quod
3709 729 3767 777 et

2181 804 2323 844 nunc
2363 790 2507 849 fecit.
2537 792 2729 850 Curam
2773 800 2915 854 enim
2960 817 3122 872 agens
3167 807 3466 877 primigenii
3495 808 3763 877 hominis,

2181 879 2300 948 ejici
2332 882 2501 951 ipsum
2549 902 2580 942 e
2605 888 2849 957 paradiso
2879 897 3148 964 praecepit.
3196 897 3285 952 25.
3314 898 3384 953 Et
3409 903 3570 957 emisit
3616 904 3765 958 illum

2183 968 2430 1028 Dominus
2475 975 2610 1030 Deus
2653 996 2716 1033 ex
2753 983 2990 1049 paradiso
3027 986 3324 1057 voluptatis,
3371 1002 3426 1045 ut
3471 1005 3767 1062 operaretur

2180 1065 2364 1112 terram
2391 1063 2454 1116 de
2476 1081 2576 1132 qua
2620 1080 2848 1138 sumptus
2876 1081 2966 1126 est.
2999 1073 3191 1130 Iterum
3220 1091 3338 1145 oro,
3372 1089 3430 1134 ut
3458 1081 3542 1137 hic
3567 1083 3766 1139 divina:

2179 1144 2466 1216 Scriptura:
2488 1152 2812 1222 diligentiam
2831 1160 3030 1216 videas.
3057 1162 3238 1219 Emisit
3257 1144 3422 1234 illam,
3451 1169 3641 1241 inquit,
3669 1171 3766 1227 Do-

2179 1237 2348 1294 minus
2372 1239 2511 1297 Deus
2541 1260 2604 1298 ea:
2644 1250 2886 1314 paradiso
2928 1254 3202 1322 voluptatis
3221 1299 3236 1320 ,
3261 1269 3314 1311 ut
3341 1237 3638 1326 aperaretur
3662 1276 3762 1317 ter-

2178 1344 2288 1381 ram
2313 1330 2374 1382 de
2390 1348 2491 1399 qua
2529 1347 2760 1405 sumptus
2780 1351 2870 1394 est.
2903 1341 3042 1396 Ecce
3073 1347 3388 1400 sententiam
3411 1363 3562 1405 suam
3589 1353 3762 1420 reipsa

2179 1420 2522 1490 exsequitur;
2571 1433 2626 1480 et
2667 1442 2736 1482 ex
2767 1431 3015 1498 paradiso
3040 1437 3326 1507 voluptatis
3365 1440 3616 1509 ejectum,
3651 1453 3764 1499 ter-

2179 1521 2291 1561 ram
2320 1509 2386 1564 de
2410 1527 2512 1581 qua
2552 1526 2794 1586 sumptus
2816 1530 2933 1574 erat
2959 1526 3167 1592 operari
3211 1526 3380 1596 jubet.
3408 1529 3518 1585 Nec
3559 1541 3762 1588 temere

2177 1599 2342 1666 dixit,
2371 1603 2444 1657 De
2481 1621 2579 1673 qua
2600 1618 2829 1678 sumptus
2856 1623 2930 1665 est
2956 1629 2976 1666 :
3005 1615 3096 1668 sed
3143 1625 3200 1669 ut
3232 1629 3487 1687 perpetuo
3515 1634 3754 1676 commo-

2177 1692 2400 1748 nelieret
2442 1693 2756 1753 humilitatis
2798 1700 2938 1755 inter
2965 1704 3291 1772 operandum
3353 1709 3601 1780 scireque
3641 1725 3763 1781 ρω-
3871 1771 3876 1782 ,

2177 1788 2258 1835 set
2280 1795 2339 1837 se
2365 1782 2488 1838 inde
2511 1799 2632 1840 esse
2657 1790 3029 1859 constitutum,
3059 1801 3114 1848 et
3136 1794 3486 1851 substantiam
3518 1800 3761 1869 corporis

2176 1885 2242 1927 ex
2289 1881 2430 1929 terra
2480 1875 2677 1934 habere
2719 1879 2787 1934 ab
2816 1881 2967 1937 initio
2998 1902 3011 1938 :
3044 1892 3102 1937 ut
3141 1885 3284 1939 illam
3326 1887 3525 1957 ipsam,
3552 1891 3756 1959 inquit,

2175 1974 2426 2034 operetur
2456 1976 2676 2034 terram,
2705 1986 2769 2027 ex
2795 1987 2896 2043 qua
2924 1984 2978 2028 et
2998 1977 3113 2044 ipse
3145 1979 3464 2034 constitutus
3493 1989 3598 2036 est.
3629 1981 3757 2038 Nam

2176 2055 2278 2112 hoc
2303 2058 2442 2127 quod
2472 2059 2525 2114 in
2559 2063 2820 2117 sententia
2868 2065 3080 2121 dicebat
3100 2107 3118 2132 ,
3167 2066 3233 2121 In
3269 2069 3454 2125 sudore
3481 2073 3633 2142 faciei
3662 2083 3762 2126 tua:

2173 2148 2380 2201 vesceris
2428 2165 2559 2217 pane
2595 2161 2680 2205 tuo
2721 2167 2741 2206 :
2772 2152 2998 2221 idipsum
3054 2164 3110 2210 et
3155 2173 3295 2212 nunc
3337 2160 3498 2225 dicit,
3546 2161 3758 2230 quando

2174 2234 2361 2305 inquit,
2391 2236 2459 2292 Ut
2482 2251 2776 2310 aperaretur
2810 2253 2996 2297 terram
3021 2246 3203 2316 dequo
3225 2259 3453 2318 sumptus
3482 2258 3575 2304 est.
3608 2250 3760 2305 Post-

2175 2325 2289 2393 hac,
2325 2338 2380 2383 ut
2400 2328 2669 2386 discamus
2697 2345 2895 2402 quanto
2916 2337 3088 2404 spatio
3107 2338 3276 2406 ipsum
3305 2352 3333 2391 a
3361 2338 3610 2407 paradiso
3639 2339 3755 2395 eol-

2172 2414 2402 2482 locavit,
2446 2420 2604 2474 etiam
2647 2420 2775 2476 illud
2803 2423 2973 2493 ipsum
2999 2423 3275 2496 Scriptura
3318 2427 3498 2483 divina
3531 2444 3631 2484 nos
3655 2429 3756 2485 do-

2170 2512 2257 2560 cet
2278 2523 2291 2559 :
2315 2505 2405 2562 24.
2437 2508 2695 2580 Ejecitque
2737 2511 2983 2568 Dominus
3023 2513 3162 2570 Deus
3187 2516 3383 2585 Adam,
3407 2525 3454 2572 et
3492 2519 3758 2575 collocavit

2167 2610 2283 2648 eum
2309 2596 2554 2668 elegione
2577 2603 2802 2669 paradisi
2829 2603 3118 2675 voluptatis.

2241 2684 2343 2738 Cur
2358 2701 2422 2739 ea:
2435 2687 2642 2742 adverso
2658 2691 2885 2760 paradisi
2909 2697 3102 2764 positus
3115 2695 3418 2752 Adam.—A
3426 2699 3604 2755 nimad
3611 2710 3758 2758 verte

2165 2786 2503 2830 communem
2524 2778 2803 2834 Dominum
2821 2791 3060 2838 nostrum
3076 2784 3133 2860 in
3152 2786 3377 2856 singulis
3390 2789 3643 2857 cperibus
3665 2791 3756 2845 be-

2168 2863 2436 2933 nignitatis
2454 2881 2821 2938 argumentum
2843 2872 3118 2939 exhibere,
3138 2885 3193 2930 et
3220 2877 3453 2947 singulas
3473 2895 3754 2948 pennarum

2164 2957 2372 3024 species
2401 2956 2637 3016 bonitate
2662 2962 2845 3030 plenas
2870 2978 3010 3020 esse.
3037 2963 3154 3020 Non
3180 2967 3322 3021 enim
3344 2967 3446 3024 hoc
3460 2972 3634 3026 solum
3653 2973 3754 3024 nti-

2164 3046 2469 3102 sericordia:
2483 3059 2538 3105 et
2554 3051 2896 3122 benignitatis
2906 3065 3278 3124 argumentum
3296 3066 3430 3125 erat,
3447 3060 3590 3129 quod
3603 3061 3754 3115 emit-

2165 3143 2298 3190 teret
2322 3148 2376 3191 et
2401 3139 2650 3207 ejiceret;
2674 3142 2767 3196 sed
2790 3153 2843 3197 et
2879 3144 3022 3213 quod
3047 3145 3196 3202 illum
3234 3156 3418 3202 contra
3443 3149 3750 3219 paradisum

2163 3226 2465 3293 collocaret,
2486 3239 2543 3284 ut
2565 3230 2745 3302 jugem
2763 3232 3000 3289 dolorem
3020 3235 3234 3292 haberet
3251 3239 3489 3307 quotidie
3508 3240 3752 3310 cogitans

2164 3316 2306 3372 unde
2328 3319 2600 3375 exciderat
2617 3363 2633 3389 ,
2664 3331 2719 3378 et
2761 3325 2815 3379 in
2835 3338 2993 3394 quem
3022 3335 3220 3383 statam
3244 3344 3304 3385 se
3324 3331 3650 3401 coniecerat.
3679 3333 3750 3388 Et

2160 3406 2402 3475 quamvis
2446 3411 2744 3478 gravissimi
2790 3413 2994 3470 doloris
3045 3420 3408 3485 spectaculum
3453 3431 3632 3487 esset,
3663 3433 3747 3478 ta-

2160 3513 2280 3553 men
2308 3513 2512 3570 magnte
2534 3503 2773 3560 utilitatis
2795 3515 2911 3560 erat
2935 3509 3167 3576 occasio,
3192 3519 3248 3564 ut
3276 3511 3470 3567 dolens
3490 3515 3750 3570 continuo

2159 3598 2397 3659 aspectu,
2431 3593 2688 3649 munitior
2712 3603 2766 3649 et
2792 3599 2999 3654 cautior
3019 3608 3164 3655 esset
3193 3600 3245 3655 in
3274 3600 3392 3656 aliis
3413 3644 3428 3670 ,
3453 3618 3521 3659 ne
3549 3604 3746 3661 iterum

2159 3679 2210 3731 in
2237 3677 2422 3734 eadem
2446 3693 2658 3750 peccata
2687 3683 2969 3741 incideret.
3006 3687 3137 3742 Nam
3164 3692 3417 3758 quoniam
3453 3692 3539 3748 hic
3565 3693 3745 3750 homi-

2158 3770 2241 3824 nis
2268 3781 2322 3825 ut
2349 3773 2634 3843 plurimum
2659 3791 2776 3831 mos
2794 3786 2896 3845 est,
2930 3788 2987 3834 ut
3013 3780 3138 3835 dum
3159 3781 3316 3838 bonis
3343 3784 3588 3851 fruimur,
3614 3786 3746 3856 ipsis

2157 3869 2213 3913 ut
2250 3871 2459 3930 oportet
2494 3865 2568 3918 uti
2595 3867 2897 3922 nesciamus
2920 3910 2934 3933 ,
2965 3868 3176 3924 illorum
3215 3872 3513 3940 privatione
3552 3889 3743 3932 emen-

2155 3947 2364 4016 damur,
2395 3962 2448 4006 et
2487 3963 2612 4010 tunc
2636 3958 2962 4027 experientia
2986 3958 3130 4015 docti
3153 3962 3355 4017 sentire
3382 3973 3619 4020 nostram
3644 3965 3742 4022 de-

2155 4040 2342 4095 sidiam
2371 4042 2649 4113 incipimus
2671 4088 2684 4110 ,
2715 4057 2874 4119 atque
2920 4051 2994 4105 ita
3042 4061 3186 4106 tanta
3237 4069 3419 4110 rerum
3445 4058 3742 4114 mutatione

2155 4130 2429 4199 docemur,
2454 4144 2508 4189 et
2531 4149 2562 4189 a
2587 4137 2780 4206 quibus
2799 4140 3125 4211 excidimus,
3151 4155 3203 4198 et
3232 4145 3425 4214 quibus
3466 4162 3566 4202 nos
3591 4149 3741 4216 ipsos

2154 4223 2307 4278 malis
2327 4225 2792 4284 circumdedimus.
2817 4229 2999 4301 Itaque
3025 4233 3166 4303 quod
3198 4250 3362 4306 prope
3386 4244 3442 4292 et
3463 4252 3496 4294 e
3516 4240 3739 4308 regione

2152 4313 2381 4381 paradisi
2420 4330 2542 4371 eum
2589 4318 2678 4387 qui
2723 4320 2868 4376 illinc
2919 4321 3191 4379 exciderat
3237 4326 3476 4384 habitare
3537 4329 3731 4401 jussit.

2152 4405 2395 4461 maxima:
2438 4408 2784 4476 providentia;
2809 4420 2864 4466 et
2901 4427 3044 4469 cura:
3087 4415 3297 4485 signum
3340 4417 3438 4473 fuit
3465 4458 3482 4484 ,
3509 4429 3568 4475 ut
3605 4436 3734 4492 ape-

2149 4495 2346 4550 ctando
2371 4511 2577 4553 memor
2596 4510 2742 4555 esset
2769 4511 2825 4558 et
2847 4501 2972 4558 inde
2995 4504 3200 4561 lucrum
3223 4505 3441 4577 faceret,
3468 4523 3533 4566 ac
3558 4525 3733 4580 neque

2151 4585 2433 4641 immodica
2450 4589 2662 4651 vivendi
2685 4594 3138 4663 concupiscentia,
3168 4597 3254 4652 vel
3282 4597 3412 4653 loris
3438 4601 3728 4668 exsistens,

2147 4673 2215 4728 de
2243 4675 2384 4745 ligno
2404 4678 2685 4734 comedere
2705 4693 3071 4750 praesumeret.
3093 4685 3274 4740 Divina
3296 4688 3436 4743 enim
3459 4689 3730 4758 Scriptura

2148 4767 2322 4822 Omnia
2353 4770 2525 4836 nobis,
2544 4781 2700 4840 prout
2727 4783 2924 4830 nostra:
2949 4776 3242 4834 inﬁrmitati
3263 4791 3581 4849 congruunt,
3607 4797 3732 4836 nar-

2147 4867 2250 4912 rat.
2279 4857 2348 4912 Et
2369 4861 2630 4916 collocarit
2673 4862 2938 4921 Cherubim
2966 4877 3013 4921 et
3038 4869 3328 4939 ﬂammei
3353 4872 3584 4943 gladium
3613 4890 3730 4928 aer-
3759 4911 3764 4915 η

2145 4949 2339 5004 sutilem
2365 4952 2431 5005 ad
2467 4955 2848 5010 custodiendam
2880 4959 3012 5013 niam
3044 4961 3170 5031 tigni
3202 4962 3332 5018 vita.
3363 4962 3692 5036 Negligentia
3707 5006 3727 5033 .

2143 5054 2299 5109 quam
2335 5041 2445 5111 jam
2488 5044 2630 5100 circa
2674 5047 2924 5104 traditum
2973 5060 3294 5121 prmeeptum
3334 5053 3724 5123 exhibuerant,

2143 5131 2196 5186 in
2224 5148 2381 5188 causa
2411 5135 2510 5190 fuit
2532 5146 2588 5191 ut
2633 5147 2775 5194 tanta
2818 5142 3067 5199 cautione
3106 5144 3282 5201 aditus
3308 5147 3723 5217 ipsisinterclu-

2142 5224 2374 5282 deretur.
2392 5229 2774 5288 Animadverte
2786 5231 2872 5289 hic
2888 5234 3174 5308 benignum
3193 5238 3356 5315 Deum
3376 5255 3480 5296 non
3497 5253 3722 5299 conten-

2149 5323 2257 5368 tum
2291 5316 2453 5374 fuisse
2477 5318 2749 5376 hominem
2777 5336 2808 5377 e
2836 5323 3052 5394 regione
3079 5329 3312 5396 paradisi
3335 5329 3596 5397 habitare,
3624 5334 3720 5389 sed

2141 5409 2457 5478 prtecepisse
2481 5412 2640 5466 etiam
2661 5452 2676 5478 ,
2705 5421 2763 5467 ut
2789 5415 3009 5472 virtutes
3036 5418 3140 5472 illa:
3169 5417 3453 5476 Cberubim
3483 5428 3539 5476 et
3561 5419 3718 5476 nam-

2141 5513 2289 5553 meus
2317 5501 2524 5570 gladius
2554 5502 2646 5558 illo
2673 5506 2936 5561 versatilis
2964 5509 3298 5565 custodirent
3317 5513 3481 5576 viam,
3511 5528 3631 5582 qua:
3657 5513 3718 5567 ilo

2139 5589 2224 5644 lue
2255 5591 2553 5648 inducebat.
2588 5592 2697 5648 Nec
2723 5594 2924 5665 absque
2945 5613 3106 5654 causa
3136 5602 3356 5669 addidit,
3392 5601 3720 5668 Venatilem,

2134 5679 2228 5734 scd
2257 5689 2310 5734 ut
2325 5679 2513 5737 doceat
2557 5697 2688 5748 nos,
2721 5698 2936 5741 omnem
2964 5689 3101 5744 viam
3133 5689 3226 5745 illo
3265 5690 3548 5748 ducentem
3573 5707 3714 5761 pne-

2136 5768 2339 5825 elusam
2384 5770 2544 5829 fuisse
2567 5813 2583 5842 ,
2614 5774 2841 5844 ecquod
2874 5776 3080 5848 gladius
3119 5778 3206 5837 ille
3230 5781 3358 5839 dum
3391 5791 3710 5846 versaretur.
