  <div class='ocr_page' id='page_1' title='image "/cluster/home/n/w/nwhite01/storage/ocr_20150623/53/pst.000005712526/154.png"; bbox 0 0 4058 6302; ppageno 0'>
   <div class='ocr_carea' id='block_1_1' title="bbox 229 374 330 434">
    <p class='ocr_par' dir='ltr' id='par_1_1' title="bbox 229 374 330 434">
     <span class='ocr_line' id='line_1_1' title="bbox 229 374 330 434; baseline 0.01 -1"><span class='ocrx_word' id='word_1_1' title='bbox 229 374 330 434; x_wconf 70' lang='grc'><strong>153</strong></span> 
     </span>
    </p>
   </div>
   <div class='ocr_carea' id='block_1_2' title="bbox 226 468 1817 554">
    <p class='ocr_par' dir='ltr' id='par_1_2' title="bbox 226 468 1817 554">
     <span class='ocr_line' id='line_1_2' title="bbox 226 468 1817 554; baseline -0.014 -10"><span class='ocrx_word' id='word_1_2' title='bbox 226 487 503 544; x_wconf 72' lang='lat' dir='ltr'><strong>alitur-aret</strong></span> <span class='ocrx_word' id='word_1_3' title='bbox 547 491 603 541; x_wconf 84' lang='lat' dir='ltr'><strong>et</strong></span> <span class='ocrx_word' id='word_1_4' title='bbox 646 481 990 554; x_wconf 65' lang='lat' dir='ltr'><strong>praemuniret</strong></span> <span class='ocrx_word' id='word_1_5' title='bbox 1026 490 1215 534; x_wconf 89' lang='lat' dir='ltr'><strong>omnes</strong></span> <span class='ocrx_word' id='word_1_6' title='bbox 1250 475 1362 530; x_wconf 82' lang='lat' dir='ltr'><strong>vias</strong></span> <span class='ocrx_word' id='word_1_7' title='bbox 1391 487 1509 543; x_wconf 67' lang='lat' dir='ltr'><strong>quin</strong></span> <span class='ocrx_word' id='word_1_8' title='bbox 1539 472 1631 526; x_wconf 85' lang='lat' dir='ltr'><strong>illo</strong></span> <span class='ocrx_word' id='word_1_9' title='bbox 1659 468 1817 525; x_wconf 67' lang='lat' dir='ltr'><strong>dure</strong></span> 
     </span>
    </p>
   </div>
   <div class='ocr_carea' id='block_1_3' title="bbox 228 562 1824 646">
    <p class='ocr_par' dir='ltr' id='par_1_3' title="bbox 228 562 1824 646">
     <span class='ocr_line' id='line_1_3' title="bbox 228 562 1824 646; baseline -0.011 -10"><span class='ocrx_word' id='word_1_10' title='bbox 228 586 391 646; x_wconf 86' lang='lat' dir='ltr'><strong>rent,</strong></span> <span class='ocrx_word' id='word_1_11' title='bbox 420 587 479 633; x_wconf 86' lang='lat' dir='ltr'><strong>et</strong></span> <span class='ocrx_word' id='word_1_12' title='bbox 508 586 569 632; x_wconf 90' lang='lat' dir='ltr'><strong>ut</strong></span> <span class='ocrx_word' id='word_1_13' title='bbox 603 576 911 632; x_wconf 83' lang='lat' dir='ltr'><strong>continuam</strong></span> <span class='ocrx_word' id='word_1_14' title='bbox 941 570 1254 637; x_wconf 78' lang='lat' dir='ltr'><strong>memoriam</strong></span> <span class='ocrx_word' id='word_1_15' title='bbox 1293 576 1348 625; x_wconf 88' lang='lat' dir='ltr'><strong>et</strong></span> <span class='ocrx_word' id='word_1_16' title='bbox 1373 567 1623 621; x_wconf 88' lang='lat' dir='ltr'><strong>timorem</strong></span> <span class='ocrx_word' id='word_1_17' title='bbox 1673 562 1824 619; x_wconf 88' lang='lat' dir='ltr'><strong>incu-</strong></span> 
     </span>
    </p>
   </div>
   <div class='ocr_carea' id='block_1_4' title="bbox 229 665 733 739">
    <p class='ocr_par' dir='ltr' id='par_1_4' title="bbox 229 665 733 739">
     <span class='ocr_line' id='line_1_4' title="bbox 229 665 733 739; baseline -0.008 -17"><span class='ocrx_word' id='word_1_18' title='bbox 229 680 345 724; x_wconf 88' lang='lat' dir='ltr'><strong>tere</strong></span> <span class='ocrx_word' id='word_1_19' title='bbox 372 666 449 722; x_wconf 86' lang='lat' dir='ltr'><strong>illi</strong></span> <span class='ocrx_word' id='word_1_20' title='bbox 477 674 660 739; x_wconf 82' lang='lat' dir='ltr'><strong>posset</strong></span> <span class='ocrx_word' id='word_1_21' title='bbox 692 665 733 718; x_wconf 78' lang='grc'><strong>⁸.</strong></span> 
     </span>
    </p>
   </div>
   <div class='ocr_carea' id='block_1_5' title="bbox 296 739 1820 823">
    <p class='ocr_par' dir='ltr' id='par_1_5' title="bbox 296 739 1820 823">
     <span class='ocr_line' id='line_1_5' title="bbox 296 739 1820 823; baseline -0.011 -11"><span class='ocrx_word' id='word_1_22' title='bbox 296 757 355 813; x_wconf 69' lang='grc' dir='ltr'>ι.</span> <span class='ocrx_word' id='word_1_23' title='bbox 398 756 567 810; x_wconf 78' lang='lat' dir='ltr'><strong>Adam</strong></span> <span class='ocrx_word' id='word_1_24' title='bbox 590 763 761 808; x_wconf 83' lang='lat' dir='ltr'><strong>autem</strong></span> <span class='ocrx_word' id='word_1_25' title='bbox 784 750 1013 823; x_wconf 70' lang='lat' dir='ltr'><strong>cognovit</strong></span> <span class='ocrx_word' id='word_1_26' title='bbox 1041 747 1205 803; x_wconf 80' lang='lat' dir='ltr'><strong>Evam</strong></span> <span class='ocrx_word' id='word_1_27' title='bbox 1228 747 1440 802; x_wconf 73' lang='lat' dir='ltr'><strong>uxorem</strong></span> <span class='ocrx_word' id='word_1_28' title='bbox 1455 758 1603 799; x_wconf 63' lang='lat' dir='ltr'><strong>nam</strong></span> <span class='ocrx_word' id='word_1_29' title='bbox 1642 739 1663 815; x_wconf 92' lang='lat'><strong>(</strong></span> <span class='ocrx_word' id='word_1_30' title='bbox 1690 740 1820 812; x_wconf 87' lang='lat' dir='ltr'><strong>Cap.</strong></span> 
     </span>
    </p>
   </div>
   <div class='ocr_carea' id='block_1_6' title="bbox 228 833 1824 916">
    <p class='ocr_par' dir='ltr' id='par_1_6' title="bbox 228 833 1824 916">
     <span class='ocr_line' id='line_1_6' title="bbox 228 833 1824 916; baseline -0.011 -14"><span class='ocrx_word' id='word_1_31' title='bbox 228 848 280 902; x_wconf 66' lang='grc' dir='ltr'><strong>Δ.</strong></span> <span class='ocrx_word' id='word_1_32' title='bbox 314 863 366 901; x_wconf 75' lang='grc' dir='ltr'>ιι.</span> <span class='ocrx_word' id='word_1_33' title='bbox 402 844 482 916; x_wconf 76' lang='grc' dir='ltr'><strong>Ι).</strong></span> <span class='ocrx_word' id='word_1_34' title='bbox 509 842 801 899; x_wconf 75' lang='lat' dir='ltr'><strong>Considera</strong></span> <span class='ocrx_word' id='word_1_35' title='bbox 847 840 1060 912; x_wconf 78' lang='lat' dir='ltr'><strong>quando</strong></span> <span class='ocrx_word' id='word_1_36' title='bbox 1081 840 1201 895; x_wconf 88' lang='lat' dir='ltr'><strong>.hoc</strong></span> <span class='ocrx_word' id='word_1_37' title='bbox 1229 837 1426 893; x_wconf 87' lang='lat' dir='ltr'><strong>factum</strong></span> <span class='ocrx_word' id='word_1_38' title='bbox 1465 835 1556 890; x_wconf 90' lang='lat' dir='ltr'><strong>sit.</strong></span> <span class='ocrx_word' id='word_1_39' title='bbox 1584 834 1711 888; x_wconf 86' lang='lat' dir='ltr'><strong>Post</strong></span> <span class='ocrx_word' id='word_1_40' title='bbox 1740 833 1824 886; x_wconf 91' lang='lat' dir='ltr'><strong>in-</strong></span> 
     </span>
    </p>
   </div>
   <div class='ocr_carea' id='block_1_7' title="bbox 227 919 1825 1002">
    <p class='ocr_par' dir='ltr' id='par_1_7' title="bbox 227 919 1825 1002">
     <span class='ocr_line' id='line_1_7' title="bbox 227 919 1825 1002; baseline -0.01 -11"><span class='ocrx_word' id='word_1_41' title='bbox 227 919 616 998; x_wconf 77' lang='lat' dir='ltr'><strong>obedientiam,</strong></span> <span class='ocrx_word' id='word_1_42' title='bbox 638 940 757 1002; x_wconf 89' lang='lat' dir='ltr'><strong>post</strong></span> <span class='ocrx_word' id='word_1_43' title='bbox 786 928 1017 1001; x_wconf 76' lang='lat' dir='ltr'><strong>paradisi</strong></span> <span class='ocrx_word' id='word_1_44' title='bbox 1042 927 1409 991; x_wconf 76' lang='lat' dir='ltr'><strong>amissionem,</strong></span> <span class='ocrx_word' id='word_1_45' title='bbox 1428 934 1558 979; x_wconf 89' lang='lat' dir='ltr'><strong>tunc</strong></span> <span class='ocrx_word' id='word_1_46' title='bbox 1593 921 1825 993; x_wconf 90' lang='lat' dir='ltr'><strong>primum</strong></span> 
     </span>
    </p>
   </div>
   <div class='ocr_carea' id='block_1_8' title="bbox 228 1012 1824 1090">
    <p class='ocr_par' dir='ltr' id='par_1_8' title="bbox 228 1012 1824 1090">
     <span class='ocr_line' id='line_1_8' title="bbox 228 1012 1824 1090; baseline -0.008 -13"><span class='ocrx_word' id='word_1_47' title='bbox 228 1038 363 1079; x_wconf 85' lang='lat' dir='ltr'><strong>usus</strong></span> <span class='ocrx_word' id='word_1_48' title='bbox 394 1022 473 1077; x_wconf 89' lang='lat' dir='ltr'><strong>rei</strong></span> <span class='ocrx_word' id='word_1_49' title='bbox 505 1036 749 1078; x_wconf 70' lang='lat' dir='ltr'><strong>venerea:</strong></span> <span class='ocrx_word' id='word_1_50' title='bbox 801 1018 985 1090; x_wconf 75' lang='lat' dir='ltr'><strong>erepit.</strong></span> <span class='ocrx_word' id='word_1_51' title='bbox 1031 1018 1172 1073; x_wconf 84' lang='lat' dir='ltr'><strong>Ante</strong></span> <span class='ocrx_word' id='word_1_52' title='bbox 1215 1013 1632 1071; x_wconf 89' lang='lat' dir='ltr'><strong>inobedientiam</strong></span> <span class='ocrx_word' id='word_1_53' title='bbox 1680 1012 1824 1067; x_wconf 89' lang='lat' dir='ltr'><strong>enim</strong></span> 
     </span>
    </p>
   </div>
   <div class='ocr_carea' id='block_1_9' title="bbox 228 1105 1824 1183">
    <p class='ocr_par' dir='ltr' id='par_1_9' title="bbox 228 1105 1824 1183">
     <span class='ocr_line' id='line_1_9' title="bbox 228 1105 1824 1183; baseline -0.006 -17"><span class='ocrx_word' id='word_1_54' title='bbox 228 1113 537 1183; x_wconf 82' lang='lat' dir='ltr'><strong>angelicam</strong></span> <span class='ocrx_word' id='word_1_55' title='bbox 569 1113 727 1167; x_wconf 80' lang='lat' dir='ltr'><strong>vitam</strong></span> <span class='ocrx_word' id='word_1_56' title='bbox 759 1110 1126 1175; x_wconf 72' lang='lat' dir='ltr'><strong>imitabantur,</strong></span> <span class='ocrx_word' id='word_1_57' title='bbox 1156 1116 1211 1164; x_wconf 89' lang='lat' dir='ltr'><strong>et</strong></span> <span class='ocrx_word' id='word_1_58' title='bbox 1231 1106 1410 1164; x_wconf 87' lang='lat' dir='ltr'><strong>nullus</strong></span> <span class='ocrx_word' id='word_1_59' title='bbox 1430 1105 1499 1161; x_wconf 86' lang='lat' dir='ltr'><strong>de</strong></span> <span class='ocrx_word' id='word_1_60' title='bbox 1516 1120 1575 1160; x_wconf 89' lang='lat' dir='ltr'><strong>re</strong></span> <span class='ocrx_word' id='word_1_61' title='bbox 1598 1116 1824 1158; x_wconf 75' lang='lat' dir='ltr'><strong>venerea</strong></span> 
     </span>
    </p>
   </div>
   <div class='ocr_carea' id='block_1_10' title="bbox 229 1192 1828 1271">
    <p class='ocr_par' dir='ltr' id='par_1_10' title="bbox 229 1192 1828 1271">
     <span class='ocr_line' id='line_1_10' title="bbox 229 1192 1828 1271; baseline -0.007 -12"><span class='ocrx_word' id='word_1_62' title='bbox 229 1218 417 1259; x_wconf 78' lang='lat' dir='ltr'><strong>sermo</strong></span> <span class='ocrx_word' id='word_1_63' title='bbox 445 1212 575 1258; x_wconf 60' lang='lat' dir='ltr'><strong>erat.</strong></span> <span class='ocrx_word' id='word_1_64' title='bbox 608 1202 709 1268; x_wconf 80' lang='lat' dir='ltr'><strong>Qui</strong></span> <span class='ocrx_word' id='word_1_65' title='bbox 729 1201 872 1256; x_wconf 89' lang='lat' dir='ltr'><strong>enim</strong></span> <span class='ocrx_word' id='word_1_66' title='bbox 896 1200 1085 1271; x_wconf 87' lang='lat' dir='ltr'><strong>potuit,</strong></span> <span class='ocrx_word' id='word_1_67' title='bbox 1107 1213 1229 1253; x_wconf 90' lang='lat' dir='ltr'><strong>cum</strong></span> <span class='ocrx_word' id='word_1_68' title='bbox 1259 1211 1433 1267; x_wconf 88' lang='lat' dir='ltr'><strong>neque</strong></span> <span class='ocrx_word' id='word_1_69' title='bbox 1458 1192 1828 1262; x_wconf 64' lang='lat' dir='ltr'><strong>corporalibus</strong></span> 
     </span>
    </p>
   </div>
   <div class='ocr_carea' id='block_1_11' title="bbox 230 1272 1830 1357">
    <p class='ocr_par' dir='ltr' id='par_1_11' title="bbox 230 1272 1830 1357">
     <span class='ocr_line' id='line_1_11' title="bbox 230 1272 1830 1357; baseline -0.006 -12"><span class='ocrx_word' id='word_1_70' title='bbox 230 1292 643 1348; x_wconf 77' lang='lat' dir='ltr'><strong>necessitatibus</strong></span> <span class='ocrx_word' id='word_1_71' title='bbox 664 1291 877 1346; x_wconf 80' lang='lat' dir='ltr'><strong>obnoxii</strong></span> <span class='ocrx_word' id='word_1_72' title='bbox 898 1288 1133 1345; x_wconf 75' lang='lat' dir='ltr'><strong>fuerint?</strong></span> <span class='ocrx_word' id='word_1_73' title='bbox 1163 1287 1344 1357; x_wconf 88' lang='lat' dir='ltr'><strong>Itaque</strong></span> <span class='ocrx_word' id='word_1_74' title='bbox 1365 1272 1435 1340; x_wconf 73' lang='lat' dir='ltr'><strong>ab</strong></span> <span class='ocrx_word' id='word_1_75' title='bbox 1465 1285 1617 1339; x_wconf 90' lang='lat' dir='ltr'><strong>initio</strong></span> <span class='ocrx_word' id='word_1_76' title='bbox 1664 1282 1830 1353; x_wconf 87' lang='lat' dir='ltr'><strong>virgi-</strong></span> 
     </span>
    </p>
   </div>
   <div class='ocr_carea' id='block_1_12' title="bbox 235 1378 1831 1454">
    <p class='ocr_par' dir='ltr' id='par_1_12' title="bbox 235 1378 1831 1454">
     <span class='ocr_line' id='line_1_12' title="bbox 235 1378 1831 1454; baseline -0.004 -17"><span class='ocrx_word' id='word_1_77' title='bbox 235 1384 376 1438; x_wconf 81' lang='lat' dir='ltr'><strong>nitas</strong></span> <span class='ocrx_word' id='word_1_78' title='bbox 400 1384 634 1453; x_wconf 80' lang='lat' dir='ltr'><strong>palmam</strong></span> <span class='ocrx_word' id='word_1_79' title='bbox 658 1382 983 1454; x_wconf 82' lang='lat' dir='ltr'><strong>principatus</strong></span> <span class='ocrx_word' id='word_1_80' title='bbox 1013 1380 1215 1449; x_wconf 88' lang='lat' dir='ltr'><strong>aecepit</strong></span> <span class='ocrx_word' id='word_1_81' title='bbox 1249 1397 1263 1433; x_wconf 89' lang='lat'><strong>:</strong></span> <span class='ocrx_word' id='word_1_82' title='bbox 1292 1378 1385 1433; x_wconf 88' lang='lat' dir='ltr'><strong>sed</strong></span> <span class='ocrx_word' id='word_1_83' title='bbox 1410 1386 1688 1448; x_wconf 84' lang='lat' dir='ltr'><strong>postquam</strong></span> <span class='ocrx_word' id='word_1_84' title='bbox 1737 1390 1831 1445; x_wconf 87' lang='lat' dir='ltr'><strong>per</strong></span> 
     </span>
    </p>
   </div>
   <div class='ocr_carea' id='block_1_13' title="bbox 235 1468 1832 1540">
    <p class='ocr_par' dir='ltr' id='par_1_13' title="bbox 235 1468 1832 1540">
     <span class='ocr_line' id='line_1_13' title="bbox 235 1468 1832 1540; baseline -0.006 -10"><span class='ocrx_word' id='word_1_85' title='bbox 235 1475 502 1531; x_wconf 79' lang='lat' dir='ltr'><strong>desidiam</strong></span> <span class='ocrx_word' id='word_1_86' title='bbox 525 1475 740 1529; x_wconf 82' lang='lat' dir='ltr'><strong>intravit</strong></span> <span class='ocrx_word' id='word_1_87' title='bbox 764 1473 1143 1536; x_wconf 86' lang='lat' dir='ltr'><strong>inobedientia,</strong></span> <span class='ocrx_word' id='word_1_88' title='bbox 1196 1479 1253 1526; x_wconf 91' lang='lat' dir='ltr'><strong>et</strong></span> <span class='ocrx_word' id='word_1_89' title='bbox 1302 1470 1477 1525; x_wconf 87' lang='lat' dir='ltr'><strong>aditus</strong></span> <span class='ocrx_word' id='word_1_90' title='bbox 1533 1468 1832 1540; x_wconf 89' lang='lat' dir='ltr'><strong>patefactus</strong></span> 
     </span>
    </p>
   </div>
   <div class='ocr_carea' id='block_1_14' title="bbox 230 1558 1833 1639">
    <p class='ocr_par' dir='ltr' id='par_1_14' title="bbox 230 1558 1833 1639">
     <span class='ocr_line' id='line_1_14' title="bbox 230 1558 1833 1639; baseline -0.007 -15"><span class='ocrx_word' id='word_1_91' title='bbox 230 1579 319 1625; x_wconf 85' lang='lat' dir='ltr'><strong>est</strong></span> <span class='ocrx_word' id='word_1_92' title='bbox 349 1577 596 1639; x_wconf 85' lang='lat' dir='ltr'><strong>peccato,</strong></span> <span class='ocrx_word' id='word_1_93' title='bbox 626 1568 715 1621; x_wconf 89' lang='lat' dir='ltr'><strong>illa</strong></span> <span class='ocrx_word' id='word_1_94' title='bbox 742 1566 955 1637; x_wconf 88' lang='lat' dir='ltr'><strong>quidem</strong></span> <span class='ocrx_word' id='word_1_95' title='bbox 978 1563 1230 1630; x_wconf 85' lang='lat' dir='ltr'><strong>avolavit,</strong></span> <span class='ocrx_word' id='word_1_96' title='bbox 1278 1572 1468 1633; x_wconf 80' lang='lat' dir='ltr'><strong>utpote</strong></span> <span class='ocrx_word' id='word_1_97' title='bbox 1522 1562 1592 1617; x_wconf 85' lang='lat' dir='ltr'><strong>ab</strong></span> <span class='ocrx_word' id='word_1_98' title='bbox 1636 1559 1703 1615; x_wconf 84' lang='lat' dir='ltr'><strong>iis</strong></span> <span class='ocrx_word' id='word_1_99' title='bbox 1743 1558 1833 1629; x_wconf 92' lang='lat' dir='ltr'><strong>qui</strong></span> 
     </span>
    </p>
   </div>
   <div class='ocr_carea' id='block_1_15' title="bbox 237 1650 1834 1731">
    <p class='ocr_par' dir='ltr' id='par_1_15' title="bbox 237 1650 1834 1731">
     <span class='ocr_line' id='line_1_15' title="bbox 237 1650 1834 1731; baseline -0.006 -17"><span class='ocrx_word' id='word_1_100' title='bbox 237 1660 443 1731; x_wconf 86' lang='lat' dir='ltr'><strong>indigni</strong></span> <span class='ocrx_word' id='word_1_101' title='bbox 475 1668 636 1714; x_wconf 79' lang='lat' dir='ltr'><strong>tanta:</strong></span> <span class='ocrx_word' id='word_1_102' title='bbox 662 1658 876 1713; x_wconf 66' lang='lat' dir='ltr'><strong>virtuiis</strong></span> <span class='ocrx_word' id='word_1_103' title='bbox 902 1655 1271 1728; x_wconf 75' lang='lat' dir='ltr'><strong>magnitudine</strong></span> <span class='ocrx_word' id='word_1_104' title='bbox 1307 1654 1431 1709; x_wconf 84' lang='lat' dir='ltr'><strong>facti</strong></span> <span class='ocrx_word' id='word_1_105' title='bbox 1478 1659 1633 1707; x_wconf 85' lang='lat' dir='ltr'><strong>erant</strong></span> <span class='ocrx_word' id='word_1_106' title='bbox 1659 1665 1675 1705; x_wconf 72' lang='grc' dir='ltr'><strong>ι</strong></span> <span class='ocrx_word' id='word_1_107' title='bbox 1704 1650 1834 1706; x_wconf 87' lang='lat' dir='ltr'><strong>sub-</strong></span> 
     </span>
    </p>
   </div>
   <div class='ocr_carea' id='block_1_16' title="bbox 238 1740 1834 1816">
    <p class='ocr_par' dir='ltr' id='par_1_16' title="bbox 238 1740 1834 1816">
     <span class='ocr_line' id='line_1_16' title="bbox 238 1740 1834 1816; baseline -0.009 -10"><span class='ocrx_word' id='word_1_108' title='bbox 238 1752 466 1806; x_wconf 86' lang='lat' dir='ltr'><strong>intravit</strong></span> <span class='ocrx_word' id='word_1_109' title='bbox 487 1759 664 1805; x_wconf 88' lang='lat' dir='ltr'><strong>autem</strong></span> <span class='ocrx_word' id='word_1_110' title='bbox 713 1749 797 1803; x_wconf 80' lang='lat' dir='ltr'><strong>lex</strong></span> <span class='ocrx_word' id='word_1_111' title='bbox 839 1760 1176 1816; x_wconf 86' lang='lat' dir='ltr'><strong>congressus.</strong></span> <span class='ocrx_word' id='word_1_112' title='bbox 1207 1745 1387 1814; x_wconf 89' lang='lat' dir='ltr'><strong>Cogita</strong></span> <span class='ocrx_word' id='word_1_113' title='bbox 1414 1742 1591 1813; x_wconf 79' lang='lat' dir='ltr'><strong>igitur,</strong></span> <span class='ocrx_word' id='word_1_114' title='bbox 1617 1740 1834 1809; x_wconf 80' lang='lat' dir='ltr'><strong>dilecte,</strong></span> 
     </span>
    </p>
   </div>
   <div class='ocr_carea' id='block_1_17' title="bbox 237 1830 1837 1911">
    <p class='ocr_par' dir='ltr' id='par_1_17' title="bbox 237 1830 1837 1911">
     <span class='ocr_line' id='line_1_17' title="bbox 237 1830 1837 1911; baseline -0.007 -17"><span class='ocrx_word' id='word_1_115' title='bbox 237 1830 441 1911; x_wconf 83' lang='lat' dir='ltr'><strong>quanta</strong></span> <span class='ocrx_word' id='word_1_116' title='bbox 464 1840 791 1911; x_wconf 76' lang='lat' dir='ltr'><strong>virginitatis</strong></span> <span class='ocrx_word' id='word_1_117' title='bbox 810 1839 1062 1909; x_wconf 74' lang='lat' dir='ltr'><strong>dignitas,</strong></span> <span class='ocrx_word' id='word_1_118' title='bbox 1095 1851 1255 1907; x_wconf 88' lang='lat' dir='ltr'><strong>quam</strong></span> <span class='ocrx_word' id='word_1_119' title='bbox 1287 1832 1529 1890; x_wconf 87' lang='lat' dir='ltr'><strong>sublimis</strong></span> <span class='ocrx_word' id='word_1_120' title='bbox 1559 1840 1615 1887; x_wconf 89' lang='lat' dir='ltr'><strong>et</strong></span> <span class='ocrx_word' id='word_1_121' title='bbox 1642 1844 1837 1900; x_wconf 88' lang='lat' dir='ltr'><strong>magna</strong></span> 
     </span>
    </p>
   </div>
   <div class='ocr_carea' id='block_1_18' title="bbox 240 1928 1840 2001">
    <p class='ocr_par' dir='ltr' id='par_1_18' title="bbox 240 1928 1840 2001">
     <span class='ocr_line' id='line_1_18' title="bbox 240 1928 1840 2001; baseline -0.004 -13"><span class='ocrx_word' id='word_1_122' title='bbox 240 1932 538 2001; x_wconf 78' lang='lat' dir='ltr'><strong>posseSsio,</strong></span> <span class='ocrx_word' id='word_1_123' title='bbox 566 1947 687 2001; x_wconf 70' lang='lat' dir='ltr'><strong>qua:</strong></span> <span class='ocrx_word' id='word_1_124' title='bbox 708 1931 779 1985; x_wconf 88' lang='lat' dir='ltr'><strong>sit</strong></span> <span class='ocrx_word' id='word_1_125' title='bbox 804 1944 963 1998; x_wconf 83' lang='lat' dir='ltr'><strong>supra</strong></span> <span class='ocrx_word' id='word_1_126' title='bbox 988 1928 1272 1982; x_wconf 81' lang='lat' dir='ltr'><strong>humanam</strong></span> <span class='ocrx_word' id='word_1_127' title='bbox 1305 1933 1549 1981; x_wconf 86' lang='lat' dir='ltr'><strong>naturam</strong></span> <span class='ocrx_word' id='word_1_128' title='bbox 1572 1963 1589 1988; x_wconf 86' lang='lat'><strong>.</strong></span> <span class='ocrx_word' id='word_1_129' title='bbox 1637 1932 1692 1979; x_wconf 89' lang='lat' dir='ltr'><strong>et</strong></span> <span class='ocrx_word' id='word_1_130' title='bbox 1720 1937 1840 1993; x_wconf 63' lang='lat' dir='ltr'><strong>quin</strong></span> 
     </span>
    </p>
   </div>
   <div class='ocr_carea' id='block_1_19' title="bbox 241 2013 1835 2091">
    <p class='ocr_par' dir='ltr' id='par_1_19' title="bbox 241 2013 1835 2091">
     <span class='ocr_line' id='line_1_19' title="bbox 241 2013 1835 2091; baseline -0.008 -14"><span class='ocrx_word' id='word_1_131' title='bbox 241 2036 381 2091; x_wconf 84' lang='lat' dir='ltr'><strong>opus</strong></span> <span class='ocrx_word' id='word_1_132' title='bbox 413 2021 611 2076; x_wconf 83' lang='lat' dir='ltr'><strong>habeat</strong></span> <span class='ocrx_word' id='word_1_133' title='bbox 639 2035 799 2075; x_wconf 87' lang='lat' dir='ltr'><strong>manu</strong></span> <span class='ocrx_word' id='word_1_134' title='bbox 820 2022 841 2052; x_wconf 82' lang='grc'>²</span> <span class='ocrx_word' id='word_1_135' title='bbox 870 2034 1123 2089; x_wconf 89' lang='lat' dir='ltr'><strong>superna.</strong></span> <span class='ocrx_word' id='word_1_136' title='bbox 1151 2017 1301 2086; x_wconf 86' lang='lat' dir='ltr'><strong>Quod</strong></span> <span class='ocrx_word' id='word_1_137' title='bbox 1324 2016 1469 2072; x_wconf 90' lang='lat' dir='ltr'><strong>enim</strong></span> <span class='ocrx_word' id='word_1_138' title='bbox 1492 2015 1527 2070; x_wconf 90' lang='lat' dir='ltr'><strong>ii</strong></span> <span class='ocrx_word' id='word_1_139' title='bbox 1557 2015 1646 2085; x_wconf 91' lang='lat' dir='ltr'><strong>qui</strong></span> <span class='ocrx_word' id='word_1_140' title='bbox 1672 2013 1835 2083; x_wconf 86' lang='lat' dir='ltr'><strong>virgi-</strong></span> 
     </span>
    </p>
   </div>
   <div class='ocr_carea' id='block_1_20' title="bbox 245 2109 1839 2179">
    <p class='ocr_par' dir='ltr' id='par_1_20' title="bbox 245 2109 1839 2179">
     <span class='ocr_line' id='line_1_20' title="bbox 245 2109 1839 2179; baseline -0.006 -14"><span class='ocrx_word' id='word_1_141' title='bbox 245 2111 470 2166; x_wconf 81' lang='lat' dir='ltr'><strong>nitatem</strong></span> <span class='ocrx_word' id='word_1_142' title='bbox 500 2111 747 2165; x_wconf 84' lang='lat' dir='ltr'><strong>alacriter</strong></span> <span class='ocrx_word' id='word_1_143' title='bbox 771 2109 1054 2179; x_wconf 79' lang='lat' dir='ltr'><strong>arripiam,</strong></span> <span class='ocrx_word' id='word_1_144' title='bbox 1085 2109 1137 2163; x_wconf 88' lang='lat' dir='ltr'><strong>in</strong></span> <span class='ocrx_word' id='word_1_145' title='bbox 1162 2122 1388 2174; x_wconf 89' lang='lat' dir='ltr'><strong>corpore</strong></span> <span class='ocrx_word' id='word_1_146' title='bbox 1417 2120 1481 2161; x_wconf 85' lang='lat' dir='ltr'><strong>ea</strong></span> <span class='ocrx_word' id='word_1_147' title='bbox 1523 2112 1682 2174; x_wconf 89' lang='lat' dir='ltr'><strong>agant</strong></span> <span class='ocrx_word' id='word_1_148' title='bbox 1719 2118 1839 2174; x_wconf 72' lang='lat' dir='ltr'><strong>quae</strong></span> 
     </span>
    </p>
   </div>
   <div class='ocr_carea' id='block_1_21' title="bbox 249 2193 1842 2269">
    <p class='ocr_par' dir='ltr' id='par_1_21' title="bbox 249 2193 1842 2269">
     <span class='ocr_line' id='line_1_21' title="bbox 249 2193 1842 2269; baseline -0.003 -17"><span class='ocrx_word' id='word_1_149' title='bbox 249 2200 692 2269; x_wconf 82' lang='lat' dir='ltr'><strong>incorporearum</strong></span> <span class='ocrx_word' id='word_1_150' title='bbox 714 2208 842 2254; x_wconf 86' lang='lat' dir='ltr'><strong>sunt</strong></span> <span class='ocrx_word' id='word_1_151' title='bbox 868 2198 1147 2265; x_wconf 89' lang='lat' dir='ltr'><strong>virtutum,</strong></span> <span class='ocrx_word' id='word_1_152' title='bbox 1177 2196 1301 2252; x_wconf 84' lang='lat' dir='ltr'><strong>audi</strong></span> <span class='ocrx_word' id='word_1_153' title='bbox 1327 2195 1599 2251; x_wconf 87' lang='lat' dir='ltr'><strong>Christum</strong></span> <span class='ocrx_word' id='word_1_154' title='bbox 1628 2193 1842 2250; x_wconf 83' lang='lat' dir='ltr'><strong>Saddu-</strong></span> 
     </span>
    </p>
   </div>
   <div class='ocr_carea' id='block_1_22' title="bbox 246 2284 1841 2357">
    <p class='ocr_par' dir='ltr' id='par_1_22' title="bbox 246 2284 1841 2357">
     <span class='ocr_line' id='line_1_22' title="bbox 246 2284 1841 2357; baseline -0.004 -13"><span class='ocrx_word' id='word_1_155' title='bbox 246 2296 376 2344; x_wconf 62' lang='lat' dir='ltr'><strong>casis</strong></span> <span class='ocrx_word' id='word_1_156' title='bbox 406 2290 717 2345; x_wconf 84' lang='lat' dir='ltr'><strong>dicentem:</strong></span> <span class='ocrx_word' id='word_1_157' title='bbox 750 2304 871 2344; x_wconf 91' lang='lat' dir='ltr'><strong>nam</strong></span> <span class='ocrx_word' id='word_1_158' title='bbox 926 2289 995 2344; x_wconf 93' lang='lat' dir='ltr'><strong>de</strong></span> <span class='ocrx_word' id='word_1_159' title='bbox 1043 2286 1439 2344; x_wconf 86' lang='lat' dir='ltr'><strong>resurrectione</strong></span> <span class='ocrx_word' id='word_1_160' title='bbox 1490 2284 1841 2357; x_wconf 67' lang='lat' dir='ltr'><strong>quarstionem</strong></span> 
     </span>
    </p>
   </div>
   <div class='ocr_carea' id='block_1_23' title="bbox 250 2375 1840 2447">
    <p class='ocr_par' dir='ltr' id='par_1_23' title="bbox 250 2375 1840 2447">
     <span class='ocr_line' id='line_1_23' title="bbox 250 2375 1840 2447; baseline -0.004 -13"><span class='ocrx_word' id='word_1_161' title='bbox 250 2388 559 2447; x_wconf 78' lang='lat' dir='ltr'><strong>moventes,</strong></span> <span class='ocrx_word' id='word_1_162' title='bbox 582 2380 914 2435; x_wconf 85' lang='lat' dir='ltr'><strong>sciscitantes</strong></span> <span class='ocrx_word' id='word_1_163' title='bbox 933 2379 1179 2434; x_wconf 86' lang='lat' dir='ltr'><strong>dicebant</strong></span> <span class='ocrx_word' id='word_1_164' title='bbox 1203 2394 1219 2431; x_wconf 89' lang='lat'><strong>:</strong></span> <span class='ocrx_word' id='word_1_165' title='bbox 1244 2378 1506 2446; x_wconf 71' lang='lat' dir='ltr'><strong>Magister,</strong></span> <span class='ocrx_word' id='word_1_166' title='bbox 1538 2386 1678 2430; x_wconf 85' lang='lat' dir='ltr'><strong>erant</strong></span> <span class='ocrx_word' id='word_1_167' title='bbox 1700 2375 1840 2446; x_wconf 85' lang='lat' dir='ltr'><strong>apud</strong></span> 
     </span>
    </p>
   </div>
   <div class='ocr_carea' id='block_1_24' title="bbox 243 2468 1842 2541">
    <p class='ocr_par' dir='ltr' id='par_1_24' title="bbox 243 2468 1842 2541">
     <span class='ocr_line' id='line_1_24' title="bbox 243 2468 1842 2541; baseline -0.002 -18"><span class='ocrx_word' id='word_1_168' title='bbox 243 2486 343 2534; x_wconf 81' lang='lat' dir='ltr'><strong>nos</strong></span> <span class='ocrx_word' id='word_1_169' title='bbox 366 2478 559 2537; x_wconf 86' lang='lat' dir='ltr'><strong>septem</strong></span> <span class='ocrx_word' id='word_1_170' title='bbox 579 2469 783 2541; x_wconf 87' lang='lat' dir='ltr'><strong>fratres,</strong></span> <span class='ocrx_word' id='word_1_171' title='bbox 812 2479 858 2524; x_wconf 87' lang='lat' dir='ltr'><strong>et</strong></span> <span class='ocrx_word' id='word_1_172' title='bbox 884 2472 1080 2540; x_wconf 86' lang='lat' dir='ltr'><strong>primus</strong></span> <span class='ocrx_word' id='word_1_173' title='bbox 1102 2486 1258 2524; x_wconf 76' lang='lat' dir='ltr'><strong>uxore</strong></span> <span class='ocrx_word' id='word_1_174' title='bbox 1282 2470 1434 2523; x_wconf 84' lang='lat' dir='ltr'><strong>ducta</strong></span> <span class='ocrx_word' id='word_1_175' title='bbox 1454 2468 1721 2538; x_wconf 83' lang='lat' dir='ltr'><strong>defunctus</strong></span> <span class='ocrx_word' id='word_1_176' title='bbox 1749 2476 1842 2535; x_wconf 85' lang='lat' dir='ltr'><strong>est,</strong></span> 
     </span>
    </p>
   </div>
   <div class='ocr_carea' id='block_1_25' title="bbox 252 2559 1844 2629">
    <p class='ocr_par' dir='ltr' id='par_1_25' title="bbox 252 2559 1844 2629">
     <span class='ocr_line' id='line_1_25' title="bbox 252 2559 1844 2629; baseline -0.003 -12"><span class='ocrx_word' id='word_1_177' title='bbox 252 2578 353 2617; x_wconf 79' lang='lat' dir='ltr'><strong>non</strong></span> <span class='ocrx_word' id='word_1_178' title='bbox 382 2562 571 2615; x_wconf 74' lang='lat' dir='ltr'><strong>habens</strong></span> <span class='ocrx_word' id='word_1_179' title='bbox 600 2562 803 2629; x_wconf 84' lang='lat' dir='ltr'><strong>liberos,</strong></span> <span class='ocrx_word' id='word_1_180' title='bbox 832 2570 879 2616; x_wconf 86' lang='lat' dir='ltr'><strong>et</strong></span> <span class='ocrx_word' id='word_1_181' title='bbox 905 2561 1095 2615; x_wconf 82' lang='lat' dir='ltr'><strong>dimisit</strong></span> <span class='ocrx_word' id='word_1_182' title='bbox 1133 2576 1342 2615; x_wconf 75' lang='lat' dir='ltr'><strong>mrem</strong></span> <span class='ocrx_word' id='word_1_183' title='bbox 1382 2576 1528 2615; x_wconf 82' lang='lat' dir='ltr'><strong>suam</strong></span> <span class='ocrx_word' id='word_1_184' title='bbox 1552 2559 1704 2629; x_wconf 88' lang='lat' dir='ltr'><strong>fratri</strong></span> <span class='ocrx_word' id='word_1_185' title='bbox 1730 2575 1844 2613; x_wconf 87' lang='lat' dir='ltr'><strong>suo.</strong></span> 
     </span>
    </p>
   </div>
   <div class='ocr_carea' id='block_1_26' title="bbox 257 2646 1842 2723">
    <p class='ocr_par' dir='ltr' id='par_1_26' title="bbox 257 2646 1842 2723">
     <span class='ocr_line' id='line_1_26' title="bbox 257 2646 1842 2723; baseline -0.002 -17"><span class='ocrx_word' id='word_1_186' title='bbox 257 2650 508 2706; x_wconf 74' lang='lat' dir='ltr'><strong>Similiter</strong></span> <span class='ocrx_word' id='word_1_187' title='bbox 526 2660 575 2705; x_wconf 88' lang='lat' dir='ltr'><strong>et</strong></span> <span class='ocrx_word' id='word_1_188' title='bbox 600 2646 874 2723; x_wconf 79' lang='lat' dir='ltr'><strong>secundus,</strong></span> <span class='ocrx_word' id='word_1_189' title='bbox 907 2661 955 2707; x_wconf 87' lang='lat' dir='ltr'><strong>et</strong></span> <span class='ocrx_word' id='word_1_190' title='bbox 980 2652 1173 2718; x_wconf 80' lang='lat' dir='ltr'><strong>tertius,</strong></span> <span class='ocrx_word' id='word_1_191' title='bbox 1206 2660 1253 2705; x_wconf 87' lang='lat' dir='ltr'><strong>et</strong></span> <span class='ocrx_word' id='word_1_192' title='bbox 1279 2660 1509 2720; x_wconf 82' lang='lat' dir='ltr'><strong>quartus,</strong></span> <span class='ocrx_word' id='word_1_193' title='bbox 1538 2658 1585 2703; x_wconf 88' lang='lat' dir='ltr'><strong>et</strong></span> <span class='ocrx_word' id='word_1_194' title='bbox 1610 2649 1842 2719; x_wconf 80' lang='lat' dir='ltr'><strong>quintus,</strong></span> 
     </span>
    </p>
   </div>
   <div class='ocr_carea' id='block_1_27' title="bbox 242 2740 1851 2823">
    <p class='ocr_par' dir='ltr' id='par_1_27' title="bbox 242 2740 1851 2823">
     <span class='ocr_line' id='line_1_27' title="bbox 242 2740 1851 2823; baseline 0.002 -30"><span class='ocrx_word' id='word_1_195' title='bbox 242 2749 303 2823; x_wconf 45' lang='lat' dir='ltr'><strong>ﬁet</strong></span> <span class='ocrx_word' id='word_1_196' title='bbox 327 2750 524 2807; x_wconf 77' lang='lat' dir='ltr'><strong>sextus,</strong></span> <span class='ocrx_word' id='word_1_197' title='bbox 545 2750 594 2795; x_wconf 90' lang='lat' dir='ltr'><strong>et</strong></span> <span class='ocrx_word' id='word_1_198' title='bbox 619 2743 880 2812; x_wconf 83' lang='lat' dir='ltr'><strong>septimus.</strong></span> <span class='ocrx_word' id='word_1_199' title='bbox 911 2740 978 2796; x_wconf 84' lang='lat' dir='ltr'><strong>In</strong></span> <span class='ocrx_word' id='word_1_200' title='bbox 1007 2741 1373 2797; x_wconf 73' lang='lat' dir='ltr'><strong>resurrectione</strong></span> <span class='ocrx_word' id='word_1_201' title='bbox 1418 2757 1535 2811; x_wconf 87' lang='lat' dir='ltr'><strong>ergo</strong></span> <span class='ocrx_word' id='word_1_202' title='bbox 1554 2742 1700 2813; x_wconf 74' lang='lat' dir='ltr'><strong>cujus</strong></span> <span class='ocrx_word' id='word_1_203' title='bbox 1724 2757 1749 2795; x_wconf 88' lang='lat' dir='ltr'><strong>e</strong></span> <span class='ocrx_word' id='word_1_204' title='bbox 1770 2758 1851 2795; x_wconf 82' lang='lat' dir='ltr'><strong>sc-</strong></span> 
     </span>
    </p>
   </div>
   <div class='ocr_carea' id='block_1_28' title="bbox 232 2820 1849 2898">
    <p class='ocr_par' dir='ltr' id='par_1_28' title="bbox 232 2820 1849 2898">
     <span class='ocr_line' id='line_1_28' title="bbox 232 2820 1849 2898; baseline 0.001 -15"><span class='ocrx_word' id='word_1_205' title='bbox 232 2820 395 2897; x_wconf 33' lang='lat' dir='ltr'><strong>rpteus</strong></span> <span class='ocrx_word' id='word_1_206' title='bbox 419 2830 523 2884; x_wconf 87' lang='lat' dir='ltr'><strong>illis</strong></span> <span class='ocrx_word' id='word_1_207' title='bbox 549 2831 643 2885; x_wconf 87' lang='lat' dir='ltr'><strong>erit</strong></span> <span class='ocrx_word' id='word_1_208' title='bbox 663 2847 792 2885; x_wconf 67' lang='lat' dir='ltr'><strong>uxor</strong></span> <span class='ocrx_word' id='word_1_209' title='bbox 810 2831 837 2885; x_wconf 80' lang='lat'><strong>.’</strong></span> <span class='ocrx_word' id='word_1_210' title='bbox 866 2829 1052 2886; x_wconf 83' lang='lat' dir='ltr'><strong>Omnes</strong></span> <span class='ocrx_word' id='word_1_211' title='bbox 1075 2831 1206 2885; x_wconf 82' lang='lat' dir='ltr'><strong>enim</strong></span> <span class='ocrx_word' id='word_1_212' title='bbox 1221 2830 1499 2884; x_wconf 79' lang='lat' dir='ltr'><strong>habuerunt</strong></span> <span class='ocrx_word' id='word_1_213' title='bbox 1518 2830 1679 2884; x_wconf 86' lang='lat' dir='ltr'><strong>illam.</strong></span> <span class='ocrx_word' id='word_1_214' title='bbox 1711 2830 1849 2898; x_wconf 85' lang='lat' dir='ltr'><strong>Quid</strong></span> 
     </span>
    </p>
   </div>
   <div class='ocr_carea' id='block_1_29' title="bbox 260 2919 1852 2989">
    <p class='ocr_par' dir='ltr' id='par_1_29' title="bbox 260 2919 1852 2989">
     <span class='ocr_line' id='line_1_29' title="bbox 260 2919 1852 2989; baseline 0.001 -17"><span class='ocrx_word' id='word_1_215' title='bbox 260 2919 422 2989; x_wconf 82' lang='lat' dir='ltr'><strong>igitur</strong></span> <span class='ocrx_word' id='word_1_216' title='bbox 460 2921 589 2976; x_wconf 83' lang='lat' dir='ltr'><strong>dicit</strong></span> <span class='ocrx_word' id='word_1_217' title='bbox 617 2922 721 2977; x_wconf 83' lang='lat' dir='ltr'><strong>illis</strong></span> <span class='ocrx_word' id='word_1_218' title='bbox 739 2920 1025 2978; x_wconf 76' lang='lat' dir='ltr'><strong>Christus?</strong></span> <span class='ocrx_word' id='word_1_219' title='bbox 1052 2922 1275 2986; x_wconf 84' lang='lat' dir='ltr'><strong>Erratis,</strong></span> <span class='ocrx_word' id='word_1_220' title='bbox 1306 2921 1581 2976; x_wconf 80' lang='lat' dir='ltr'><strong>ttescientes</strong></span> <span class='ocrx_word' id='word_1_221' title='bbox 1610 2920 1852 2989; x_wconf 85' lang='lat' dir='ltr'><strong>Scriptu-</strong></span> 
     </span>
    </p>
   </div>
   <div class='ocr_carea' id='block_1_30' title="bbox 262 3011 1853 3080">
    <p class='ocr_par' dir='ltr' id='par_1_30' title="bbox 262 3011 1853 3080">
     <span class='ocr_line' id='line_1_30' title="bbox 262 3011 1853 3080; baseline 0 -18"><span class='ocrx_word' id='word_1_222' title='bbox 262 3025 365 3073; x_wconf 88' lang='lat' dir='ltr'><strong>ras,</strong></span> <span class='ocrx_word' id='word_1_223' title='bbox 392 3027 552 3080; x_wconf 82' lang='lat' dir='ltr'><strong>neque</strong></span> <span class='ocrx_word' id='word_1_224' title='bbox 571 3013 803 3066; x_wconf 80' lang='lat' dir='ltr'><strong>uirtutem</strong></span> <span class='ocrx_word' id='word_1_225' title='bbox 832 3011 947 3067; x_wconf 85' lang='lat' dir='ltr'><strong>Dei.</strong></span> <span class='ocrx_word' id='word_1_226' title='bbox 994 3012 1060 3065; x_wconf 80' lang='lat' dir='ltr'><strong>In</strong></span> <span class='ocrx_word' id='word_1_227' title='bbox 1106 3012 1468 3065; x_wconf 85' lang='lat' dir='ltr'><strong>resurrectione</strong></span> <span class='ocrx_word' id='word_1_228' title='bbox 1507 3013 1642 3065; x_wconf 85' lang='lat' dir='ltr'><strong>enim</strong></span> <span class='ocrx_word' id='word_1_229' title='bbox 1694 3025 1853 3079; x_wconf 84' lang='lat' dir='ltr'><strong>neque</strong></span> 
     </span>
    </p>
   </div>
   <div class='ocr_carea' id='block_1_31' title="bbox 264 3100 1856 3179">
    <p class='ocr_par' dir='ltr' id='par_1_31' title="bbox 264 3100 1856 3179">
     <span class='ocr_line' id='line_1_31' title="bbox 264 3100 1856 3179; baseline 0.001 -26"><span class='ocrx_word' id='word_1_230' title='bbox 264 3116 448 3155; x_wconf 66' lang='lat' dir='ltr'><strong>uxores</strong></span> <span class='ocrx_word' id='word_1_231' title='bbox 466 3102 677 3167; x_wconf 70' lang='lat' dir='ltr'><strong>ductant,</strong></span> <span class='ocrx_word' id='word_1_232' title='bbox 733 3117 893 3171; x_wconf 83' lang='lat' dir='ltr'><strong>neque</strong></span> <span class='ocrx_word' id='word_1_233' title='bbox 934 3100 1152 3168; x_wconf 84' lang='lat' dir='ltr'><strong>nubunt,</strong></span> <span class='ocrx_word' id='word_1_234' title='bbox 1206 3100 1296 3155; x_wconf 78' lang='lat' dir='ltr'><strong>sed</strong></span> <span class='ocrx_word' id='word_1_235' title='bbox 1340 3110 1455 3155; x_wconf 86' lang='lat' dir='ltr'><strong>sunt</strong></span> <span class='ocrx_word' id='word_1_236' title='bbox 1490 3101 1645 3179; x_wconf 50' lang='lat' dir='ltr'><strong>.sicut</strong></span> <span class='ocrx_word' id='word_1_237' title='bbox 1688 3102 1856 3170; x_wconf 80' lang='lat' dir='ltr'><strong>angeli</strong></span> 
     </span>
    </p>
   </div>
   <div class='ocr_carea' id='block_1_32' title="bbox 267 3192 1852 3263">
    <p class='ocr_par' dir='ltr' id='par_1_32' title="bbox 267 3192 1852 3263">
     <span class='ocr_line' id='line_1_32' title="bbox 267 3192 1852 3263; baseline 0.001 -17"><span class='ocrx_word' id='word_1_238' title='bbox 267 3193 497 3263; x_wconf 76' lang='grc' dir='ltr'>(Μαιιιι.</span> <span class='ocrx_word' id='word_1_239' title='bbox 552 3194 643 3249; x_wconf 91' lang='lat'><strong>22.</strong></span> <span class='ocrx_word' id='word_1_240' title='bbox 701 3195 895 3252; x_wconf 77' lang='lat'><strong>25-30.</strong></span> <span class='ocrx_word' id='word_1_241' title='bbox 963 3194 1091 3249; x_wconf 86' lang='lat' dir='ltr'><strong>Luc.</strong></span> <span class='ocrx_word' id='word_1_242' title='bbox 1154 3194 1246 3250; x_wconf 90' lang='lat'><strong>20.</strong></span> <span class='ocrx_word' id='word_1_243' title='bbox 1313 3194 1504 3250; x_wconf 76' lang='lat'><strong>28-56.</strong></span> <span class='ocrx_word' id='word_1_244' title='bbox 1577 3203 1624 3248; x_wconf 89' lang='lat' dir='ltr'><strong>et</strong></span> <span class='ocrx_word' id='word_1_245' title='bbox 1684 3192 1852 3248; x_wconf 75' lang='lat' dir='ltr'><strong>Mare.</strong></span> 
     </span>
    </p>
   </div>
   <div class='ocr_carea' id='block_1_33' title="bbox 268 3284 1855 3357">
    <p class='ocr_par' dir='ltr' id='par_1_33' title="bbox 268 3284 1855 3357">
     <span class='ocr_line' id='line_1_33' title="bbox 268 3284 1855 3357; baseline -0.001 -17"><span class='ocrx_word' id='word_1_246' title='bbox 268 3285 355 3341; x_wconf 74' lang='lat' dir='ltr'><strong>l2.</strong></span> <span class='ocrx_word' id='word_1_247' title='bbox 389 3284 602 3356; x_wconf 70' lang='lat'><strong>19-25).</strong></span> <span class='ocrx_word' id='word_1_248' title='bbox 632 3286 819 3343; x_wconf 81' lang='lat' dir='ltr'><strong>Vidisti</strong></span> <span class='ocrx_word' id='word_1_249' title='bbox 848 3286 1117 3357; x_wconf 90' lang='lat' dir='ltr'><strong>quomodo</strong></span> <span class='ocrx_word' id='word_1_250' title='bbox 1166 3287 1220 3341; x_wconf 90' lang='lat' dir='ltr'><strong>in</strong></span> <span class='ocrx_word' id='word_1_251' title='bbox 1244 3294 1385 3341; x_wconf 89' lang='lat' dir='ltr'><strong>terra</strong></span> <span class='ocrx_word' id='word_1_252' title='bbox 1414 3285 1772 3351; x_wconf 84' lang='lat' dir='ltr'><strong>ambulantes,</strong></span> <span class='ocrx_word' id='word_1_253' title='bbox 1801 3295 1855 3339; x_wconf 90' lang='lat' dir='ltr'><strong>et</strong></span> 
     </span>
    </p>
   </div>
   <div class='ocr_carea' id='block_1_34' title="bbox 266 3377 1854 3450">
    <p class='ocr_par' dir='ltr' id='par_1_34' title="bbox 266 3377 1854 3450">
     <span class='ocr_line' id='line_1_34' title="bbox 266 3377 1854 3450; baseline -0.001 -19"><span class='ocrx_word' id='word_1_254' title='bbox 266 3391 492 3447; x_wconf 90' lang='lat' dir='ltr'><strong>corpore</strong></span> <span class='ocrx_word' id='word_1_255' title='bbox 529 3378 842 3433; x_wconf 85' lang='lat' dir='ltr'><strong>circumdati</strong></span> <span class='ocrx_word' id='word_1_256' title='bbox 871 3378 1164 3450; x_wconf 88' lang='lat' dir='ltr'><strong>angelicam</strong></span> <span class='ocrx_word' id='word_1_257' title='bbox 1226 3380 1388 3433; x_wconf 89' lang='lat' dir='ltr'><strong>vitam</strong></span> <span class='ocrx_word' id='word_1_258' title='bbox 1440 3377 1716 3431; x_wconf 84' lang='lat' dir='ltr'><strong>imitantur</strong></span> <span class='ocrx_word' id='word_1_259' title='bbox 1766 3378 1854 3447; x_wconf 92' lang='lat' dir='ltr'><strong>qui</strong></span> 
     </span>
    </p>
   </div>
   <div class='ocr_carea' id='block_1_35' title="bbox 267 3458 1855 3537">
    <p class='ocr_par' dir='ltr' id='par_1_35' title="bbox 267 3458 1855 3537">
     <span class='ocr_line' id='line_1_35' title="bbox 267 3458 1855 3537; baseline 0.001 -17"><span class='ocrx_word' id='word_1_260' title='bbox 267 3466 467 3521; x_wconf 79' lang='lat' dir='ltr'><strong>Christi</strong></span> <span class='ocrx_word' id='word_1_261' title='bbox 505 3480 690 3522; x_wconf 84' lang='lat' dir='ltr'><strong>amore</strong></span> <span class='ocrx_word' id='word_1_262' title='bbox 717 3466 1038 3537; x_wconf 81' lang='lat' dir='ltr'><strong>virginitatis</strong></span> <span class='ocrx_word' id='word_1_263' title='bbox 1090 3476 1290 3523; x_wconf 87' lang='lat' dir='ltr'><strong>sortem</strong></span> <span class='ocrx_word' id='word_1_264' title='bbox 1336 3466 1697 3537; x_wconf 83' lang='lat' dir='ltr'><strong>acceperunt?</strong></span> <span class='ocrx_word' id='word_1_265' title='bbox 1723 3458 1855 3521; x_wconf 83' lang='lat' dir='ltr'><strong>Nam</strong></span> 
     </span>
    </p>
   </div>
   <div class='ocr_carea' id='block_1_36' title="bbox 225 3558 1859 3634">
    <p class='ocr_par' dir='ltr' id='par_1_36' title="bbox 225 3558 1859 3634">
     <span class='ocr_line' id='line_1_36' title="bbox 225 3558 1859 3634; baseline 0.001 -23"><span class='ocrx_word' id='word_1_266' title='bbox 225 3631 230 3634; x_wconf 90' lang='lat'><em>_</em></span> <span class='ocrx_word' id='word_1_267' title='bbox 270 3566 471 3626; x_wconf 82' lang='lat' dir='ltr'><strong>quanto</strong></span> <span class='ocrx_word' id='word_1_268' title='bbox 490 3558 605 3613; x_wconf 64' lang='lat' dir='ltr'><strong>htcc</strong></span> <span class='ocrx_word' id='word_1_269' title='bbox 628 3558 802 3628; x_wconf 86' lang='lat' dir='ltr'><strong>major</strong></span> <span class='ocrx_word' id='word_1_270' title='bbox 843 3568 927 3613; x_wconf 91' lang='lat' dir='ltr'><strong>est</strong></span> <span class='ocrx_word' id='word_1_271' title='bbox 977 3566 1033 3614; x_wconf 88' lang='lat' dir='ltr'><strong>et</strong></span> <span class='ocrx_word' id='word_1_272' title='bbox 1079 3558 1377 3626; x_wconf 86' lang='lat' dir='ltr'><strong>sublimior,</strong></span> <span class='ocrx_word' id='word_1_273' title='bbox 1430 3565 1577 3613; x_wconf 81' lang='lat' dir='ltr'><strong>tanto</strong></span> <span class='ocrx_word' id='word_1_274' title='bbox 1626 3560 1859 3627; x_wconf 77' lang='lat' dir='ltr'><strong>majores</strong></span> 
     </span>
    </p>
   </div>
   <div class='ocr_carea' id='block_1_37' title="bbox 270 3652 1859 3723">
    <p class='ocr_par' dir='ltr' id='par_1_37' title="bbox 270 3652 1859 3723">
     <span class='ocr_line' id='line_1_37' title="bbox 270 3652 1859 3723; baseline 0.003 -19"><span class='ocrx_word' id='word_1_275' title='bbox 270 3658 394 3705; x_wconf 86' lang='lat' dir='ltr'><strong>sunt</strong></span> <span class='ocrx_word' id='word_1_276' title='bbox 434 3659 486 3705; x_wconf 90' lang='lat' dir='ltr'><strong>et</strong></span> <span class='ocrx_word' id='word_1_277' title='bbox 513 3665 748 3718; x_wconf 75' lang='lat' dir='ltr'><strong>coronzc,</strong></span> <span class='ocrx_word' id='word_1_278' title='bbox 778 3664 834 3707; x_wconf 89' lang='lat' dir='ltr'><strong>et</strong></span> <span class='ocrx_word' id='word_1_279' title='bbox 861 3653 1257 3719; x_wconf 86' lang='lat' dir='ltr'><strong>retributiones,</strong></span> <span class='ocrx_word' id='word_1_280' title='bbox 1308 3662 1363 3708; x_wconf 89' lang='lat' dir='ltr'><strong>et</strong></span> <span class='ocrx_word' id='word_1_281' title='bbox 1390 3652 1716 3723; x_wconf 87' lang='lat' dir='ltr'><strong>repromissa</strong></span> <span class='ocrx_word' id='word_1_282' title='bbox 1760 3653 1859 3708; x_wconf 76' lang='lat' dir='ltr'><strong>bo-</strong></span> 
     </span>
    </p>
   </div>
   <div class='ocr_carea' id='block_1_38' title="bbox 272 3741 1862 3813">
    <p class='ocr_par' dir='ltr' id='par_1_38' title="bbox 272 3741 1862 3813">
     <span class='ocr_line' id='line_1_38' title="bbox 272 3741 1862 3813; baseline 0.002 -20"><span class='ocrx_word' id='word_1_283' title='bbox 272 3754 337 3793; x_wconf 85' lang='lat' dir='ltr'><strong>na</strong></span> <span class='ocrx_word' id='word_1_284' title='bbox 364 3755 551 3796; x_wconf 89' lang='lat' dir='ltr'><strong>eorum</strong></span> <span class='ocrx_word' id='word_1_285' title='bbox 568 3742 799 3811; x_wconf 90' lang='lat' dir='ltr'><strong>quicum</strong></span> <span class='ocrx_word' id='word_1_286' title='bbox 829 3741 929 3797; x_wconf 85' lang='lat' dir='ltr'><strong>hac</strong></span> <span class='ocrx_word' id='word_1_287' title='bbox 955 3743 1008 3797; x_wconf 90' lang='lat' dir='ltr'><strong>in</strong></span> <span class='ocrx_word' id='word_1_288' title='bbox 1037 3742 1157 3797; x_wconf 86' lang='lat' dir='ltr'><strong>aliis</strong></span> <span class='ocrx_word' id='word_1_289' title='bbox 1185 3742 1337 3798; x_wconf 91' lang='lat' dir='ltr'><strong>bonis</strong></span> <span class='ocrx_word' id='word_1_290' title='bbox 1359 3742 1685 3813; x_wconf 82' lang='lat' dir='ltr'><strong>cperibusse</strong></span> <span class='ocrx_word' id='word_1_291' title='bbox 1705 3758 1862 3797; x_wconf 78' lang='lat' dir='ltr'><strong>exer-</strong></span> 
     </span>
    </p>
   </div>
   <div class='ocr_carea' id='block_1_39' title="bbox 269 3832 1859 3906">
    <p class='ocr_par' dir='ltr' id='par_1_39' title="bbox 269 3832 1859 3906">
     <span class='ocr_line' id='line_1_39' title="bbox 269 3832 1859 3906; baseline -0.001 -17"><span class='ocrx_word' id='word_1_292' title='bbox 269 3843 412 3889; x_wconf 76' lang='lat' dir='ltr'><strong>cent.</strong></span> <span class='ocrx_word' id='word_1_293' title='bbox 438 3834 603 3887; x_wconf 78' lang='lat' dir='ltr'><strong>Adam</strong></span> <span class='ocrx_word' id='word_1_294' title='bbox 619 3845 807 3902; x_wconf 76' lang='lat' dir='ltr'><strong>autem,</strong></span> <span class='ocrx_word' id='word_1_295' title='bbox 835 3835 1023 3905; x_wconf 89' lang='lat' dir='ltr'><strong>inquit,</strong></span> <span class='ocrx_word' id='word_1_296' title='bbox 1046 3835 1275 3906; x_wconf 80' lang='lat' dir='ltr'><strong>cognovit</strong></span> <span class='ocrx_word' id='word_1_297' title='bbox 1290 3832 1450 3889; x_wconf 81' lang='lat' dir='ltr'><strong>Evam</strong></span> <span class='ocrx_word' id='word_1_298' title='bbox 1472 3850 1859 3902; x_wconf 69' lang='lat' dir='ltr'><strong>ucaremsuam,</strong></span> 
     </span>
    </p>
   </div>
   <div class='ocr_carea' id='block_1_40' title="bbox 269 3924 1858 3997">
    <p class='ocr_par' dir='ltr' id='par_1_40' title="bbox 269 3924 1858 3997">
     <span class='ocr_line' id='line_1_40' title="bbox 269 3924 1858 3997; baseline 0.001 -20"><span class='ocrx_word' id='word_1_299' title='bbox 269 3936 318 3977; x_wconf 90' lang='lat' dir='ltr'><strong>et</strong></span> <span class='ocrx_word' id='word_1_300' title='bbox 333 3926 563 3993; x_wconf 81' lang='lat' dir='ltr'><strong>corteepit</strong></span> <span class='ocrx_word' id='word_1_301' title='bbox 581 3967 599 3992; x_wconf 88' lang='lat'><strong>,</strong></span> <span class='ocrx_word' id='word_1_302' title='bbox 627 3935 675 3980; x_wconf 90' lang='lat' dir='ltr'><strong>et</strong></span> <span class='ocrx_word' id='word_1_303' title='bbox 705 3928 897 3997; x_wconf 80' lang='lat' dir='ltr'><strong>peperit</strong></span> <span class='ocrx_word' id='word_1_304' title='bbox 924 3924 1072 3981; x_wconf 82' lang='lat' dir='ltr'><strong>Cain.</strong></span> <span class='ocrx_word' id='word_1_305' title='bbox 1106 3926 1391 3996; x_wconf 87' lang='lat' dir='ltr'><strong>Postquam</strong></span> <span class='ocrx_word' id='word_1_306' title='bbox 1421 3940 1516 3995; x_wconf 88' lang='lat' dir='ltr'><strong>per</strong></span> <span class='ocrx_word' id='word_1_307' title='bbox 1542 3924 1858 3979; x_wconf 87' lang='lat' dir='ltr'><strong>inobedien-</strong></span> 
     </span>
    </p>
   </div>
   <div class='ocr_carea' id='block_1_41' title="bbox 274 4014 1864 4087">
    <p class='ocr_par' dir='ltr' id='par_1_41' title="bbox 274 4014 1864 4087">
     <span class='ocr_line' id='line_1_41' title="bbox 274 4014 1864 4087; baseline -0.001 -16"><span class='ocrx_word' id='word_1_308' title='bbox 274 4016 403 4072; x_wconf 89' lang='lat' dir='ltr'><strong>tiam</strong></span> <span class='ocrx_word' id='word_1_309' title='bbox 435 4017 653 4075; x_wconf 82' lang='lat' dir='ltr'><strong>intravit</strong></span> <span class='ocrx_word' id='word_1_310' title='bbox 677 4028 973 4087; x_wconf 79' lang='lat' dir='ltr'><strong>peccatum,</strong></span> <span class='ocrx_word' id='word_1_311' title='bbox 1004 4027 1059 4073; x_wconf 92' lang='lat' dir='ltr'><strong>et</strong></span> <span class='ocrx_word' id='word_1_312' title='bbox 1078 4016 1343 4072; x_wconf 89' lang='lat' dir='ltr'><strong>sententia</strong></span> <span class='ocrx_word' id='word_1_313' title='bbox 1372 4016 1627 4071; x_wconf 85' lang='lat' dir='ltr'><strong>mortales</strong></span> <span class='ocrx_word' id='word_1_314' title='bbox 1649 4014 1768 4071; x_wconf 88' lang='lat' dir='ltr'><strong>illos</strong></span> <span class='ocrx_word' id='word_1_315' title='bbox 1789 4016 1864 4070; x_wconf 89' lang='lat' dir='ltr'><strong>le-</strong></span> 
     </span>
    </p>
   </div>
   <div class='ocr_carea' id='block_1_42' title="bbox 271 4104 1863 4176">
    <p class='ocr_par' dir='ltr' id='par_1_42' title="bbox 271 4104 1863 4176">
     <span class='ocr_line' id='line_1_42' title="bbox 271 4104 1863 4176; baseline 0.001 -16"><span class='ocrx_word' id='word_1_316' title='bbox 271 4108 365 4172; x_wconf 89' lang='lat' dir='ltr'><strong>cit,</strong></span> <span class='ocrx_word' id='word_1_317' title='bbox 396 4115 790 4176; x_wconf 85' lang='lat' dir='ltr'><strong>consequenter</strong></span> <span class='ocrx_word' id='word_1_318' title='bbox 818 4107 1157 4175; x_wconf 86' lang='lat' dir='ltr'><strong>omnipotens</strong></span> <span class='ocrx_word' id='word_1_319' title='bbox 1197 4105 1337 4161; x_wconf 89' lang='lat' dir='ltr'><strong>Deus</strong></span> <span class='ocrx_word' id='word_1_320' title='bbox 1365 4104 1658 4160; x_wconf 89' lang='lat' dir='ltr'><strong>secundum</strong></span> <span class='ocrx_word' id='word_1_321' title='bbox 1712 4120 1863 4163; x_wconf 88' lang='lat' dir='ltr'><strong>suam</strong></span> 
     </span>
    </p>
   </div>
   <div class='ocr_carea' id='block_1_43' title="bbox 276 4195 1861 4267">
    <p class='ocr_par' dir='ltr' id='par_1_43' title="bbox 276 4195 1861 4267">
     <span class='ocr_line' id='line_1_43' title="bbox 276 4195 1861 4267; baseline -0.001 -16"><span class='ocrx_word' id='word_1_322' title='bbox 276 4195 595 4266; x_wconf 81' lang='lat' dir='ltr'><strong>sapientiam</strong></span> <span class='ocrx_word' id='word_1_323' title='bbox 618 4195 837 4251; x_wconf 87' lang='lat' dir='ltr'><strong>humani</strong></span> <span class='ocrx_word' id='word_1_324' title='bbox 880 4196 1096 4267; x_wconf 85' lang='lat' dir='ltr'><strong>generis</strong></span> <span class='ocrx_word' id='word_1_325' title='bbox 1119 4196 1486 4266; x_wconf 84' lang='lat' dir='ltr'><strong>propagationi</strong></span> <span class='ocrx_word' id='word_1_326' title='bbox 1525 4195 1811 4250; x_wconf 90' lang='lat' dir='ltr'><strong>consulens</strong></span> <span class='ocrx_word' id='word_1_327' title='bbox 1843 4234 1861 4260; x_wconf 90' lang='lat'><strong>,</strong></span> 
     </span>
    </p>
   </div>
   <div class='ocr_carea' id='block_1_44' title="bbox 272 4283 1865 4358">
    <p class='ocr_par' dir='ltr' id='par_1_44' title="bbox 272 4283 1865 4358">
     <span class='ocr_line' id='line_1_44' title="bbox 272 4283 1865 4358; baseline -0.003 -17"><span class='ocrx_word' id='word_1_328' title='bbox 272 4288 541 4342; x_wconf 82' lang='lat' dir='ltr'><strong>concessit</strong></span> <span class='ocrx_word' id='word_1_329' title='bbox 584 4302 683 4358; x_wconf 91' lang='lat' dir='ltr'><strong>per</strong></span> <span class='ocrx_word' id='word_1_330' title='bbox 707 4287 905 4342; x_wconf 83' lang='lat' dir='ltr'><strong>coitum</strong></span> <span class='ocrx_word' id='word_1_331' title='bbox 934 4296 1148 4342; x_wconf 81' lang='lat' dir='ltr'><strong>auctum</strong></span> <span class='ocrx_word' id='word_1_332' title='bbox 1178 4287 1242 4341; x_wconf 92' lang='lat' dir='ltr'><strong>iri</strong></span> <span class='ocrx_word' id='word_1_333' title='bbox 1271 4294 1511 4341; x_wconf 82' lang='lat' dir='ltr'><strong>nostrum</strong></span> <span class='ocrx_word' id='word_1_334' title='bbox 1555 4300 1744 4357; x_wconf 88' lang='lat' dir='ltr'><strong>genus.</strong></span> <span class='ocrx_word' id='word_1_335' title='bbox 1795 4283 1865 4338; x_wconf 87' lang='lat' dir='ltr'><strong>Et</strong></span> 
     </span>
    </p>
   </div>
   <div class='ocr_carea' id='block_1_45' title="bbox 274 4374 1865 4447">
    <p class='ocr_par' dir='ltr' id='par_1_45' title="bbox 274 4374 1865 4447">
     <span class='ocr_line' id='line_1_45' title="bbox 274 4374 1865 4447; baseline 0.003 -18"><span class='ocrx_word' id='word_1_336' title='bbox 274 4376 425 4439; x_wconf 71' lang='lat' dir='ltr'><strong>dixit,</strong></span> <span class='ocrx_word' id='word_1_337' title='bbox 461 4374 670 4431; x_wconf 83' lang='lat' dir='ltr'><strong>Possedi</strong></span> <span class='ocrx_word' id='word_1_338' title='bbox 700 4378 951 4431; x_wconf 82' lang='lat' dir='ltr'><strong>hominem</strong></span> <span class='ocrx_word' id='word_1_339' title='bbox 978 4393 1067 4447; x_wconf 89' lang='lat' dir='ltr'><strong>per</strong></span> <span class='ocrx_word' id='word_1_340' title='bbox 1094 4375 1279 4431; x_wconf 83' lang='lat' dir='ltr'><strong>Deum.</strong></span> <span class='ocrx_word' id='word_1_341' title='bbox 1308 4374 1441 4432; x_wconf 83' lang='lat' dir='ltr'><strong>Vide</strong></span> <span class='ocrx_word' id='word_1_342' title='bbox 1460 4375 1731 4447; x_wconf 89' lang='lat' dir='ltr'><strong>quomodo</strong></span> <span class='ocrx_word' id='word_1_343' title='bbox 1748 4390 1865 4447; x_wconf 71' lang='lat' dir='ltr'><strong>pm-</strong></span> 
     </span>
    </p>
   </div>
   <div class='ocr_carea' id='block_1_46' title="bbox 273 4468 1865 4539">
    <p class='ocr_par' dir='ltr' id='par_1_46' title="bbox 273 4468 1865 4539">
     <span class='ocr_line' id='line_1_46' title="bbox 273 4468 1865 4539; baseline 0.001 -16"><span class='ocrx_word' id='word_1_344' title='bbox 273 4484 341 4524; x_wconf 84' lang='lat' dir='ltr'><strong>na</strong></span> <span class='ocrx_word' id='word_1_345' title='bbox 374 4468 573 4523; x_wconf 82' lang='lat' dir='ltr'><strong>inflicta</strong></span> <span class='ocrx_word' id='word_1_346' title='bbox 604 4471 882 4525; x_wconf 88' lang='lat' dir='ltr'><strong>mulierem</strong></span> <span class='ocrx_word' id='word_1_347' title='bbox 906 4469 1292 4536; x_wconf 87' lang='lat' dir='ltr'><strong>emendaverit,</strong></span> <span class='ocrx_word' id='word_1_348' title='bbox 1324 4469 1711 4539; x_wconf 90' lang='lat' dir='ltr'><strong>melioremque</strong></span> <span class='ocrx_word' id='word_1_349' title='bbox 1741 4471 1865 4525; x_wconf 90' lang='lat' dir='ltr'><strong>red-</strong></span> 
     </span>
    </p>
   </div>
   <div class='ocr_carea' id='block_1_47' title="bbox 274 4561 1867 4632">
    <p class='ocr_par' dir='ltr' id='par_1_47' title="bbox 274 4561 1867 4632">
     <span class='ocr_line' id='line_1_47' title="bbox 274 4561 1867 4632; baseline -0.001 -15"><span class='ocrx_word' id='word_1_350' title='bbox 274 4562 498 4620; x_wconf 89' lang='lat' dir='ltr'><strong>diderit.</strong></span> <span class='ocrx_word' id='word_1_351' title='bbox 524 4562 654 4617; x_wconf 79' lang='lat' dir='ltr'><strong>Nam</strong></span> <span class='ocrx_word' id='word_1_352' title='bbox 686 4563 919 4632; x_wconf 87' lang='lat' dir='ltr'><strong>puellum</strong></span> <span class='ocrx_word' id='word_1_353' title='bbox 964 4570 1146 4617; x_wconf 86' lang='lat' dir='ltr'><strong>natum</strong></span> <span class='ocrx_word' id='word_1_354' title='bbox 1192 4577 1295 4616; x_wconf 88' lang='lat' dir='ltr'><strong>non</strong></span> <span class='ocrx_word' id='word_1_355' title='bbox 1340 4570 1544 4616; x_wconf 79' lang='lat' dir='ltr'><strong>natura:</strong></span> <span class='ocrx_word' id='word_1_356' title='bbox 1569 4601 1583 4625; x_wconf 92' lang='lat'><strong>,</strong></span> <span class='ocrx_word' id='word_1_357' title='bbox 1610 4561 1703 4617; x_wconf 87' lang='lat' dir='ltr'><strong>sed</strong></span> <span class='ocrx_word' id='word_1_358' title='bbox 1757 4561 1867 4616; x_wconf 90' lang='lat' dir='ltr'><strong>Deo</strong></span> 
     </span>
    </p>
   </div>
   <div class='ocr_carea' id='block_1_48' title="bbox 276 4650 1866 4724">
    <p class='ocr_par' dir='ltr' id='par_1_48' title="bbox 276 4650 1866 4724">
     <span class='ocr_line' id='line_1_48' title="bbox 276 4650 1866 4724; baseline -0.001 -16"><span class='ocrx_word' id='word_1_359' title='bbox 276 4664 555 4724; x_wconf 71' lang='lat' dir='ltr'><strong>acet-ptum</strong></span> <span class='ocrx_word' id='word_1_360' title='bbox 577 4653 762 4721; x_wconf 88' lang='lat' dir='ltr'><strong>refert,</strong></span> <span class='ocrx_word' id='word_1_361' title='bbox 788 4661 1109 4723; x_wconf 87' lang='lat' dir='ltr'><strong>gratumque</strong></span> <span class='ocrx_word' id='word_1_362' title='bbox 1134 4653 1372 4707; x_wconf 79' lang='lat' dir='ltr'><strong>animum</strong></span> <span class='ocrx_word' id='word_1_363' title='bbox 1397 4651 1653 4707; x_wconf 85' lang='lat' dir='ltr'><strong>declarat.</strong></span> <span class='ocrx_word' id='word_1_364' title='bbox 1675 4650 1866 4706; x_wconf 84' lang='lat' dir='ltr'><strong>Vidisti</strong></span> 
     </span>
    </p>
   </div>
   <div class='ocr_carea' id='block_1_49' title="bbox 277 4741 1868 4815">
    <p class='ocr_par' dir='ltr' id='par_1_49' title="bbox 277 4741 1868 4815">
     <span class='ocr_line' id='line_1_49' title="bbox 277 4741 1868 4815; baseline -0.002 -16"><span class='ocrx_word' id='word_1_365' title='bbox 277 4744 552 4815; x_wconf 88' lang='lat' dir='ltr'><strong>quomodo</strong></span> <span class='ocrx_word' id='word_1_366' title='bbox 574 4759 730 4814; x_wconf 71' lang='lat' dir='ltr'><strong>pmna</strong></span> <span class='ocrx_word' id='word_1_367' title='bbox 758 4745 1142 4800; x_wconf 79' lang='lat' dir='ltr'><strong>admonitionis</strong></span> <span class='ocrx_word' id='word_1_368' title='bbox 1162 4745 1281 4799; x_wconf 87' lang='lat' dir='ltr'><strong>loco</strong></span> <span class='ocrx_word' id='word_1_369' title='bbox 1303 4744 1407 4798; x_wconf 88' lang='lat' dir='ltr'><strong>illis</strong></span> <span class='ocrx_word' id='word_1_370' title='bbox 1434 4742 1629 4797; x_wconf 84' lang='lat' dir='ltr'><strong>fuerit?</strong></span> <span class='ocrx_word' id='word_1_371' title='bbox 1657 4741 1868 4798; x_wconf 81' lang='lat' dir='ltr'><strong>Possedi</strong></span> 
     </span>
    </p>
   </div>
   <div class='ocr_carea' id='block_1_50' title="bbox 277 4834 1866 4906">
    <p class='ocr_par' dir='ltr' id='par_1_50' title="bbox 277 4834 1866 4906">
     <span class='ocr_line' id='line_1_50' title="bbox 277 4834 1866 4906; baseline -0.002 -16"><span class='ocrx_word' id='word_1_372' title='bbox 277 4837 447 4899; x_wconf 88' lang='lat' dir='ltr'><strong>enim,</strong></span> <span class='ocrx_word' id='word_1_373' title='bbox 469 4835 660 4906; x_wconf 84' lang='lat' dir='ltr'><strong>inquit,</strong></span> <span class='ocrx_word' id='word_1_374' title='bbox 684 4836 937 4889; x_wconf 79' lang='lat' dir='ltr'><strong>hominem</strong></span> <span class='ocrx_word' id='word_1_375' title='bbox 965 4852 1054 4905; x_wconf 85' lang='lat' dir='ltr'><strong>per</strong></span> <span class='ocrx_word' id='word_1_376' title='bbox 1078 4834 1264 4888; x_wconf 88' lang='lat' dir='ltr'><strong>Deum.</strong></span> <span class='ocrx_word' id='word_1_377' title='bbox 1290 4834 1404 4888; x_wconf 87' lang='lat' dir='ltr'><strong>Non</strong></span> <span class='ocrx_word' id='word_1_378' title='bbox 1437 4845 1649 4898; x_wconf 86' lang='lat' dir='ltr'><strong>natura,</strong></span> <span class='ocrx_word' id='word_1_379' title='bbox 1674 4834 1866 4903; x_wconf 88' lang='lat' dir='ltr'><strong>inquit,</strong></span> 
     </span>
    </p>
   </div>
   <div class='ocr_carea' id='block_1_51' title="bbox 280 4922 1869 4999">
    <p class='ocr_par' dir='ltr' id='par_1_51' title="bbox 280 4922 1869 4999">
     <span class='ocr_line' id='line_1_51' title="bbox 280 4922 1869 4999; baseline -0.001 -20"><span class='ocrx_word' id='word_1_380' title='bbox 280 4926 561 4996; x_wconf 87' lang='lat' dir='ltr'><strong>puerulum</strong></span> <span class='ocrx_word' id='word_1_381' title='bbox 590 4926 719 4980; x_wconf 88' lang='lat' dir='ltr'><strong>mihi</strong></span> <span class='ocrx_word' id='word_1_382' title='bbox 742 4925 913 4999; x_wconf 79' lang='lat' dir='ltr'><strong>dedit,</strong></span> <span class='ocrx_word' id='word_1_383' title='bbox 945 4925 1041 4981; x_wconf 87' lang='lat' dir='ltr'><strong>sed</strong></span> <span class='ocrx_word' id='word_1_384' title='bbox 1068 4925 1245 4980; x_wconf 84' lang='lat' dir='ltr'><strong>divina</strong></span> <span class='ocrx_word' id='word_1_385' title='bbox 1268 4925 1456 4994; x_wconf 82' lang='lat' dir='ltr'><strong>gratia.</strong></span> <span class='ocrx_word' id='word_1_386' title='bbox 1482 4922 1537 4976; x_wconf 77' lang='lat'><strong>2.</strong></span> <span class='ocrx_word' id='word_1_387' title='bbox 1574 4923 1636 4977; x_wconf 81' lang='lat' dir='ltr'><strong>Et</strong></span> <span class='ocrx_word' id='word_1_388' title='bbox 1683 4925 1869 4994; x_wconf 83' lang='lat' dir='ltr'><strong>adjecit</strong></span> 
     </span>
    </p>
   </div>
   <div class='ocr_carea' id='block_1_52' title="bbox 280 5014 1865 5087">
    <p class='ocr_par' dir='ltr' id='par_1_52' title="bbox 280 5014 1865 5087">
     <span class='ocr_line' id='line_1_52' title="bbox 280 5014 1865 5087; baseline -0.001 -17"><span class='ocrx_word' id='word_1_389' title='bbox 280 5029 333 5070; x_wconf 77' lang='lat' dir='ltr'><strong>ut</strong></span> <span class='ocrx_word' id='word_1_390' title='bbox 363 5026 560 5085; x_wconf 85' lang='lat' dir='ltr'><strong>pareret</strong></span> <span class='ocrx_word' id='word_1_391' title='bbox 581 5020 789 5087; x_wconf 80' lang='lat' dir='ltr'><strong>fratrem</strong></span> <span class='ocrx_word' id='word_1_392' title='bbox 816 5017 954 5071; x_wconf 87' lang='lat' dir='ltr'><strong>illius</strong></span> <span class='ocrx_word' id='word_1_393' title='bbox 984 5015 1125 5068; x_wconf 80' lang='lat' dir='ltr'><strong>Abel.</strong></span> <span class='ocrx_word' id='word_1_394' title='bbox 1156 5016 1285 5081; x_wconf 85' lang='lat' dir='ltr'><strong>Quia</strong></span> <span class='ocrx_word' id='word_1_395' title='bbox 1318 5029 1416 5084; x_wconf 90' lang='lat' dir='ltr'><strong>pro</strong></span> <span class='ocrx_word' id='word_1_396' title='bbox 1444 5023 1567 5068; x_wconf 92' lang='lat' dir='ltr'><strong>nato</strong></span> <span class='ocrx_word' id='word_1_397' title='bbox 1596 5014 1705 5068; x_wconf 88' lang='lat' dir='ltr'><strong>filio</strong></span> <span class='ocrx_word' id='word_1_398' title='bbox 1720 5025 1865 5084; x_wconf 82' lang='lat' dir='ltr'><strong>grata</strong></span> 
     </span>
    </p>
   </div>
   <div class='ocr_carea' id='block_1_53' title="bbox 280 5106 1871 5178">
    <p class='ocr_par' dir='ltr' id='par_1_53' title="bbox 280 5106 1871 5178">
     <span class='ocr_line' id='line_1_53' title="bbox 280 5106 1871 5178; baseline -0.001 -17"><span class='ocrx_word' id='word_1_399' title='bbox 280 5110 402 5175; x_wconf 85' lang='lat' dir='ltr'><strong>fuit,</strong></span> <span class='ocrx_word' id='word_1_400' title='bbox 435 5119 490 5162; x_wconf 89' lang='lat' dir='ltr'><strong>et</strong></span> <span class='ocrx_word' id='word_1_401' title='bbox 516 5109 663 5178; x_wconf 86' lang='lat' dir='ltr'><strong>prius</strong></span> <span class='ocrx_word' id='word_1_402' title='bbox 692 5108 1010 5163; x_wconf 76' lang='lat' dir='ltr'><strong>beneﬁcium</strong></span> <span class='ocrx_word' id='word_1_403' title='bbox 1049 5106 1286 5177; x_wconf 86' lang='lat' dir='ltr'><strong>agnovit,</strong></span> <span class='ocrx_word' id='word_1_404' title='bbox 1343 5115 1630 5175; x_wconf 85' lang='lat' dir='ltr'><strong>assequuta</strong></span> <span class='ocrx_word' id='word_1_405' title='bbox 1675 5116 1757 5160; x_wconf 90' lang='lat' dir='ltr'><strong>est</strong></span> <span class='ocrx_word' id='word_1_406' title='bbox 1816 5115 1871 5160; x_wconf 90' lang='lat' dir='ltr'><strong>ct</strong></span> 
     </span>
    </p>
   </div>
   <div class='ocr_carea' id='block_1_54' title="bbox 348 5233 1870 5301">
    <p class='ocr_par' dir='ltr' id='par_1_54' title="bbox 348 5233 1870 5301">
     <span class='ocr_line' id='line_1_54' title="bbox 348 5233 1870 5301; baseline -0.004 -11"><span class='ocrx_word' id='word_1_407' title='bbox 348 5244 362 5273; x_wconf 82' lang='grc'>¹</span> <span class='ocrx_word' id='word_1_408' title='bbox 404 5248 512 5290; x_wconf 81' lang='lat' dir='ltr'><strong>Post</strong></span> <span class='ocrx_word' id='word_1_409' title='bbox 533 5241 623 5291; x_wconf 86' lang='lat' dir='ltr'><strong>has</strong></span> <span class='ocrx_word' id='word_1_410' title='bbox 649 5240 810 5298; x_wconf 81' lang='lat' dir='ltr'><strong>voces,</strong></span> <span class='ocrx_word' id='word_1_411' title='bbox 833 5238 1046 5301; x_wconf 84' lang='lat' dir='ltr'><strong>incutere</strong></span> <span class='ocrx_word' id='word_1_412' title='bbox 1068 5233 1148 5288; x_wconf 84' lang='lat' dir='ltr'><strong>illi</strong></span> <span class='ocrx_word' id='word_1_413' title='bbox 1162 5244 1342 5301; x_wconf 72' lang='lat' dir='ltr'><strong>posset;</strong></span> <span class='ocrx_word' id='word_1_414' title='bbox 1374 5239 1445 5287; x_wconf 89' lang='lat' dir='ltr'><strong>sic</strong></span> <span class='ocrx_word' id='word_1_415' title='bbox 1464 5236 1695 5286; x_wconf 87' lang='lat' dir='ltr'><strong>claudunt</strong></span> <span class='ocrx_word' id='word_1_416' title='bbox 1716 5237 1870 5301; x_wconf 78' lang='lat' dir='ltr'><strong>homi-</strong></span> 
     </span>
    </p>
   </div>
   <div class='ocr_carea' id='block_1_55' title="bbox 282 5298 1873 5371">
    <p class='ocr_par' dir='ltr' id='par_1_55' title="bbox 282 5298 1873 5371">
     <span class='ocr_line' id='line_1_55' title="bbox 282 5298 1873 5371; baseline -0.002 -20"><span class='ocrx_word' id='word_1_417' title='bbox 282 5302 400 5353; x_wconf 76' lang='lat' dir='ltr'><strong>liam</strong></span> <span class='ocrx_word' id='word_1_418' title='bbox 415 5304 513 5351; x_wconf 88' lang='lat' dir='ltr'><strong>duo</strong></span> <span class='ocrx_word' id='word_1_419' title='bbox 535 5310 640 5351; x_wconf 70' lang='lat' dir='ltr'><strong>Mss.</strong></span> <span class='ocrx_word' id='word_1_420' title='bbox 668 5311 681 5350; x_wconf 88' lang='lat'><em>:</em></span> <span class='ocrx_word' id='word_1_421' title='bbox 713 5301 863 5371; x_wconf 76' lang='lat' dir='ltr'><strong>Igitur</strong></span> <span class='ocrx_word' id='word_1_422' title='bbox 879 5300 1148 5371; x_wconf 73' lang='lat' dir='ltr'><strong>gratiarum</strong></span> <span class='ocrx_word' id='word_1_423' title='bbox 1162 5298 1379 5371; x_wconf 64' lang='lat' dir='ltr'><strong>&#39;actitmrs</strong></span> <span class='ocrx_word' id='word_1_424' title='bbox 1399 5301 1654 5370; x_wconf 68' lang='lat' dir='ltr'><strong>offeramus</strong></span> <span class='ocrx_word' id='word_1_425' title='bbox 1685 5298 1873 5371; x_wconf 69' lang='lat' dir='ltr'><strong>clttisto</strong></span> 
     </span>
    </p>
   </div>
   <div class='ocr_carea' id='block_1_56' title="bbox 283 5359 1871 5425">
    <p class='ocr_par' dir='ltr' id='par_1_56' title="bbox 283 5359 1871 5425">
     <span class='ocr_line' id='line_1_56' title="bbox 283 5359 1871 5425; baseline -0.004 -12"><span class='ocrx_word' id='word_1_426' title='bbox 283 5377 396 5413; x_wconf 68' lang='lat' dir='ltr'><strong>vero</strong></span> <span class='ocrx_word' id='word_1_427' title='bbox 424 5372 520 5412; x_wconf 81' lang='lat' dir='ltr'><strong>Deo</strong></span> <span class='ocrx_word' id='word_1_428' title='bbox 542 5371 702 5414; x_wconf 87' lang='lat' dir='ltr'><strong>nostro</strong></span> <span class='ocrx_word' id='word_1_429' title='bbox 715 5359 865 5425; x_wconf 58' lang='lat' dir='ltr'><strong>{quia</strong></span> <span class='ocrx_word' id='word_1_430' title='bbox 880 5359 1045 5425; x_wconf 77' lang='lat' dir='ltr'><strong>ipsum</strong></span> <span class='ocrx_word' id='word_1_431' title='bbox 1066 5362 1202 5411; x_wconf 85' lang='lat' dir='ltr'><strong>decet</strong></span> <span class='ocrx_word' id='word_1_432' title='bbox 1238 5361 1411 5424; x_wconf 78' lang='lat' dir='ltr'><strong>gloria,</strong></span> <span class='ocrx_word' id='word_1_433' title='bbox 1428 5359 1706 5425; x_wconf 71' lang='lat' dir='ltr'><strong>imperium,</strong></span> <span class='ocrx_word' id='word_1_434' title='bbox 1723 5359 1871 5425; x_wconf 66' lang='lat' dir='ltr'><strong>(tenor</strong></span> 
     </span>
    </p>
   </div>
   <div class='ocr_carea' id='block_1_57' title="bbox 280 5420 1873 5486">
    <p class='ocr_par' dir='ltr' id='par_1_57' title="bbox 280 5420 1873 5486">
     <span class='ocr_line' id='line_1_57' title="bbox 280 5420 1873 5486; baseline -0.004 -10"><span class='ocrx_word' id='word_1_435' title='bbox 280 5433 325 5476; x_wconf 82' lang='lat' dir='ltr'><strong>ct</strong></span> <span class='ocrx_word' id='word_1_436' title='bbox 357 5424 594 5482; x_wconf 83' lang='lat' dir='ltr'><strong>udoratio,</strong></span> <span class='ocrx_word' id='word_1_437' title='bbox 619 5420 744 5474; x_wconf 84' lang='lat' dir='ltr'><strong>nunc</strong></span> <span class='ocrx_word' id='word_1_438' title='bbox 765 5420 811 5473; x_wconf 73' lang='lat' dir='ltr'><strong>et</strong></span> <span class='ocrx_word' id='word_1_439' title='bbox 835 5420 1041 5486; x_wconf 78' lang='lat' dir='ltr'><strong>semper,</strong></span> <span class='ocrx_word' id='word_1_440' title='bbox 1068 5430 1161 5473; x_wconf 87' lang='lat' dir='ltr'><strong>etc.</strong></span> <span class='ocrx_word' id='word_1_441' title='bbox 1189 5420 1429 5485; x_wconf 50' lang='lat' dir='ltr'><strong>Et’postea</strong></span> <span class='ocrx_word' id='word_1_442' title='bbox 1455 5420 1696 5471; x_wconf 85' lang='lat' dir='ltr'><strong>homiliam</strong></span> <span class='ocrx_word' id='word_1_443' title='bbox 1724 5422 1779 5469; x_wconf 77' lang='lat' dir='ltr'><strong>lt)</strong></span> <span class='ocrx_word' id='word_1_444' title='bbox 1803 5423 1873 5470; x_wconf 81' lang='lat' dir='ltr'><strong>sic</strong></span> 
     </span>
    </p>
   </div>
   <div class='ocr_carea' id='block_1_58' title="bbox 281 5488 585 5536">
    <p class='ocr_par' dir='ltr' id='par_1_58' title="bbox 281 5488 585 5536">
     <span class='ocr_line' id='line_1_58' title="bbox 281 5488 585 5536; baseline -0.007 0"><span class='ocrx_word' id='word_1_445' title='bbox 281 5488 585 5536; x_wconf 80' lang='lat' dir='ltr'><strong>ordiuntur:</strong></span> 
     </span>
    </p>
   </div>
   <div class='ocr_carea' id='block_1_59' title="bbox 724 5544 1039 5595">
    <p class='ocr_par' dir='ltr' id='par_1_59' title="bbox 724 5544 1039 5595">
     <span class='ocr_line' id='line_1_59' title="bbox 724 5544 1039 5595; baseline -0.01 0"><span class='ocrx_word' id='word_1_446' title='bbox 724 5544 930 5595; x_wconf 72' lang='lat' dir='ltr'><strong>Horm&#39;lia</strong></span> <span class='ocrx_word' id='word_1_447' title='bbox 963 5545 1039 5593; x_wconf 84' lang='grc'><strong>19.</strong></span> 
     </span>
    </p>
   </div>
   <div class='ocr_carea' id='block_1_60' title="bbox 352 5608 1871 5669">
    <p class='ocr_par' dir='ltr' id='par_1_60' title="bbox 352 5608 1871 5669">
     <span class='ocr_line' id='line_1_60' title="bbox 352 5608 1871 5669; baseline -0.004 -12"><span class='ocrx_word' id='word_1_448' title='bbox 352 5609 501 5657; x_wconf 67' lang='lat' dir='ltr'><strong>Adam</strong></span> <span class='ocrx_word' id='word_1_449' title='bbox 515 5614 675 5658; x_wconf 84' lang='lat' dir='ltr'><strong>autem</strong></span> <span class='ocrx_word' id='word_1_450' title='bbox 707 5608 920 5669; x_wconf 77' lang='lat' dir='ltr'><strong>cognovit</strong></span> <span class='ocrx_word' id='word_1_451' title='bbox 947 5617 1111 5669; x_wconf 64' lang='lat' dir='ltr'><strong>eumn</strong></span> <span class='ocrx_word' id='word_1_452' title='bbox 1130 5618 1333 5655; x_wconf 72' lang='lat' dir='ltr'><strong>uxorem</strong></span> <span class='ocrx_word' id='word_1_453' title='bbox 1358 5617 1579 5669; x_wconf 63' lang='lat' dir='ltr'><strong>suam....</strong></span> <span class='ocrx_word' id='word_1_454' title='bbox 1606 5612 1657 5653; x_wconf 91' lang='lat' dir='ltr'><strong>et</strong></span> <span class='ocrx_word' id='word_1_455' title='bbox 1678 5610 1871 5669; x_wconf 52' lang='lat' dir='ltr'><strong>textum</strong></span> 
     </span>
    </p>
   </div>
   <div class='ocr_carea' id='block_1_61' title="bbox 286 5664 1868 5789">
    <p class='ocr_par' dir='ltr' id='par_1_61' title="bbox 286 5664 1868 5789">
     <span class='ocr_line' id='line_1_61' title="bbox 286 5664 1868 5734; baseline -0.004 -16"><span class='ocrx_word' id='word_1_456' title='bbox 286 5676 663 5734; x_wconf 59' lang='lat' dir='ltr'><strong>metuuntur,</strong></span> <span class='ocrx_word' id='word_1_457' title='bbox 691 5664 1018 5732; x_wconf 74' lang='lat' dir='ltr'><strong>claudumque</strong></span> <span class='ocrx_word' id='word_1_458' title='bbox 1037 5671 1083 5717; x_wconf 89' lang='lat' dir='ltr'><strong>in</strong></span> <span class='ocrx_word' id='word_1_459' title='bbox 1101 5667 1206 5715; x_wconf 67' lang='lat' dir='ltr'><strong>haec</strong></span> <span class='ocrx_word' id='word_1_460' title='bbox 1228 5669 1396 5726; x_wconf 82' lang='lat' dir='ltr'><strong>verba,</strong></span> <span class='ocrx_word' id='word_1_461' title='bbox 1414 5674 1459 5717; x_wconf 86' lang='lat' dir='ltr'><strong>et</strong></span> <span class='ocrx_word' id='word_1_462' title='bbox 1494 5665 1613 5717; x_wconf 80' lang='lat' dir='ltr'><strong>Cain</strong></span> <span class='ocrx_word' id='word_1_463' title='bbox 1636 5664 1868 5728; x_wconf 80' lang='lat' dir='ltr'><strong>agricola.</strong></span> 
     </span>
     <span class='ocr_line' id='line_1_62' title="bbox 350 5729 1269 5789; baseline -0.001 -12"><span class='ocrx_word' id='word_1_464' title='bbox 350 5732 371 5762; x_wconf 74' lang='grc'>⁸</span> <span class='ocrx_word' id='word_1_465' title='bbox 407 5732 601 5789; x_wconf 77' lang='lat' dir='ltr'><strong>Quidam</strong></span> <span class='ocrx_word' id='word_1_466' title='bbox 627 5740 754 5787; x_wconf 64' lang='lat' dir='ltr'><strong>uss,</strong></span> <span class='ocrx_word' id='word_1_467' title='bbox 773 5729 948 5789; x_wconf 79' lang='lat' dir='ltr'><strong>gratia,</strong></span> <span class='ocrx_word' id='word_1_468' title='bbox 980 5743 1082 5789; x_wconf 80' lang='lat' dir='ltr'><strong>pro.</strong></span> <span class='ocrx_word' id='word_1_469' title='bbox 1109 5741 1269 5780; x_wconf 65' lang='lat' dir='ltr'><strong>unum.</strong></span> 
     </span>
    </p>
   </div>
   <div class='ocr_carea' id='block_1_62' title="bbox 460 5741 1269 5793">
    <p class='ocr_par' dir='ltr' id='par_1_62' title="bbox 460 5741 1269 5793">
     <span class='ocr_line' id='line_1_63' title="bbox 460 5741 1269 5793; baseline -0.001 -16"><span class='ocrx_word' id='word_1_470' title='bbox 460 5741 601 5779; x_wconf 75' lang='lat' dir='ltr'><strong>tutam</strong></span> <span class='ocrx_word' id='word_1_471' title='bbox 627 5741 754 5787; x_wconf 64' lang='lat' dir='ltr'><strong>uss,</strong></span> <span class='ocrx_word' id='word_1_472' title='bbox 773 5741 948 5793; x_wconf 78' lang='lat' dir='ltr'><strong>grana,</strong></span> <span class='ocrx_word' id='word_1_473' title='bbox 980 5743 1082 5793; x_wconf 80' lang='lat' dir='ltr'><strong>pro.</strong></span> <span class='ocrx_word' id='word_1_474' title='bbox 1109 5741 1269 5780; x_wconf 68' lang='lat' dir='ltr'><strong>utan&quot;.</strong></span> 
     </span>
    </p>
   </div>
   <div class='ocr_carea' id='block_1_63' title="bbox 1417 336 2590 432">
    <p class='ocr_par' dir='ltr' id='par_1_63' title="bbox 1417 336 2590 432">
     <span class='ocr_line' id='line_1_64' title="bbox 1417 336 2590 432; baseline -0.002 -18"><span class='ocrx_word' id='word_1_475' title='bbox 1417 360 1481 415; x_wconf 81' lang='lat' dir='ltr'><strong>IN</strong></span> <span class='ocrx_word' id='word_1_476' title='bbox 1516 357 1674 432; x_wconf 60' lang='lat' dir='ltr'><strong>Cir,</strong></span> <span class='ocrx_word' id='word_1_477' title='bbox 1704 353 1800 412; x_wconf 77' lang='lat' dir='ltr'><strong>1v.</strong></span> <span class='ocrx_word' id='word_1_478' title='bbox 1843 355 2087 413; x_wconf 61' lang='lat' dir='ltr'><strong>enses.</strong></span> <span class='ocrx_word' id='word_1_479' title='bbox 2130 336 2359 413; x_wconf 81' lang='lat' dir='ltr'><strong>neniL.</strong></span> <span class='ocrx_word' id='word_1_480' title='bbox 2405 346 2590 413; x_wconf 76' lang='lat' dir='ltr'><strong>thn.</strong></span> 
     </span>
    </p>
   </div>
   <div class='ocr_carea' id='block_1_64' title="bbox 3412 356 3521 435">
    <p class='ocr_par' dir='ltr' id='par_1_64' title="bbox 3412 356 3521 435">
     <span class='ocr_line' id='line_1_65' title="bbox 3412 356 3521 435; baseline 0 -22"><span class='ocrx_word' id='word_1_481' title='bbox 3412 356 3521 435; x_wconf 68' lang='lat' dir='ltr'><strong>iss</strong></span> 
     </span>
    </p>
   </div>
   <div class='ocr_carea' id='block_1_65' title="bbox 1926 470 3522 545">
    <p class='ocr_par' dir='ltr' id='par_1_65' title="bbox 1926 470 3522 545">
     <span class='ocr_line' id='line_1_66' title="bbox 1926 470 3522 545; baseline 0 -18"><span class='ocrx_word' id='word_1_482' title='bbox 1926 471 2095 527; x_wconf 85' lang='lat' dir='ltr'><strong>aliud.</strong></span> <span class='ocrx_word' id='word_1_483' title='bbox 2122 472 2266 529; x_wconf 83' lang='lat' dir='ltr'><strong>Talis</strong></span> <span class='ocrx_word' id='word_1_484' title='bbox 2289 474 2432 529; x_wconf 89' lang='lat' dir='ltr'><strong>enim</strong></span> <span class='ocrx_word' id='word_1_485' title='bbox 2461 482 2546 529; x_wconf 84' lang='lat' dir='ltr'><strong>est</strong></span> <span class='ocrx_word' id='word_1_486' title='bbox 2566 473 2823 533; x_wconf 86' lang='lat' dir='ltr'><strong>Dominus</strong></span> <span class='ocrx_word' id='word_1_487' title='bbox 2849 487 3071 530; x_wconf 80' lang='lat' dir='ltr'><strong>noster:</strong></span> <span class='ocrx_word' id='word_1_488' title='bbox 3100 470 3315 543; x_wconf 82' lang='lat' dir='ltr'><strong>quando</strong></span> <span class='ocrx_word' id='word_1_489' title='bbox 3333 471 3522 545; x_wconf 75' lang='lat' dir='ltr'><strong>inpri-</strong></span> 
     </span>
    </p>
   </div>
   <div class='ocr_carea' id='block_1_66' title="bbox 1930 559 3521 632">
    <p class='ocr_par' dir='ltr' id='par_1_66' title="bbox 1930 559 3521 632">
     <span class='ocr_line' id='line_1_67' title="bbox 1930 559 3521 632; baseline 0 -16"><span class='ocrx_word' id='word_1_490' title='bbox 1930 562 2032 617; x_wconf 89' lang='lat' dir='ltr'><strong>mis</strong></span> <span class='ocrx_word' id='word_1_491' title='bbox 2073 573 2279 632; x_wconf 87' lang='lat' dir='ltr'><strong>gratum</strong></span> <span class='ocrx_word' id='word_1_492' title='bbox 2321 564 2558 618; x_wconf 88' lang='lat' dir='ltr'><strong>animum</strong></span> <span class='ocrx_word' id='word_1_493' title='bbox 2606 563 2976 625; x_wconf 89' lang='lat' dir='ltr'><strong>declaramus,</strong></span> <span class='ocrx_word' id='word_1_494' title='bbox 3022 572 3077 617; x_wconf 90' lang='lat' dir='ltr'><strong>et</strong></span> <span class='ocrx_word' id='word_1_495' title='bbox 3116 559 3521 618; x_wconf 81' lang='lat' dir='ltr'><strong>bcuel‘actorcm</strong></span> 
     </span>
    </p>
   </div>
   <div class='ocr_carea' id='block_1_67' title="bbox 1928 653 3525 726">
    <p class='ocr_par' dir='ltr' id='par_1_67' title="bbox 1928 653 3525 726">
     <span class='ocr_line' id='line_1_68' title="bbox 1928 653 3525 726; baseline -0.001 -17"><span class='ocrx_word' id='word_1_496' title='bbox 1928 655 2288 725; x_wconf 84' lang='lat' dir='ltr'><strong>agnoscimus,</strong></span> <span class='ocrx_word' id='word_1_497' title='bbox 2332 655 2531 726; x_wconf 80' lang='lat' dir='ltr'><strong>largius</strong></span> <span class='ocrx_word' id='word_1_498' title='bbox 2560 669 2656 710; x_wconf 87' lang='lat' dir='ltr'><strong>sua</strong></span> <span class='ocrx_word' id='word_1_499' title='bbox 2682 655 2824 710; x_wconf 90' lang='lat' dir='ltr'><strong>dona</strong></span> <span class='ocrx_word' id='word_1_500' title='bbox 2874 655 3028 710; x_wconf 86' lang='lat' dir='ltr'><strong>nobis</strong></span> <span class='ocrx_word' id='word_1_501' title='bbox 3073 663 3280 725; x_wconf 81' lang='lat' dir='ltr'><strong>erogat.</strong></span> <span class='ocrx_word' id='word_1_502' title='bbox 3339 653 3525 723; x_wconf 79' lang='lat' dir='ltr'><strong>itaque</strong></span> 
     </span>
    </p>
   </div>
   <div class='ocr_carea' id='block_1_68' title="bbox 1928 744 3522 819">
    <p class='ocr_par' dir='ltr' id='par_1_68' title="bbox 1928 744 3522 819">
     <span class='ocr_line' id='line_1_69' title="bbox 1928 744 3522 819; baseline 0.001 -19"><span class='ocrx_word' id='word_1_503' title='bbox 1928 748 2051 816; x_wconf 91' lang='lat' dir='ltr'><strong>quia</strong></span> <span class='ocrx_word' id='word_1_504' title='bbox 2072 758 2123 801; x_wconf 94' lang='lat' dir='ltr'><strong>et</strong></span> <span class='ocrx_word' id='word_1_505' title='bbox 2152 748 2248 801; x_wconf 86' lang='lat' dir='ltr'><strong>ista</strong></span> <span class='ocrx_word' id='word_1_506' title='bbox 2278 747 2387 805; x_wconf 84' lang='lat' dir='ltr'><strong>Deo</strong></span> <span class='ocrx_word' id='word_1_507' title='bbox 2416 756 2623 817; x_wconf 87' lang='lat' dir='ltr'><strong>partum</strong></span> <span class='ocrx_word' id='word_1_508' title='bbox 2651 746 2954 817; x_wconf 80' lang='lat' dir='ltr'><strong>adscripsit,</strong></span> <span class='ocrx_word' id='word_1_509' title='bbox 2988 755 3269 819; x_wconf 86' lang='lat' dir='ltr'><strong>propterea</strong></span> <span class='ocrx_word' id='word_1_510' title='bbox 3289 754 3344 802; x_wconf 89' lang='lat' dir='ltr'><strong>et</strong></span> <span class='ocrx_word' id='word_1_511' title='bbox 3358 744 3522 802; x_wconf 89' lang='lat' dir='ltr'><strong>alium</strong></span> 
     </span>
    </p>
   </div>
   <div class='ocr_carea' id='block_1_69' title="bbox 1929 820 3573 909">
    <p class='ocr_par' dir='ltr' id='par_1_69' title="bbox 1929 820 3573 909">
     <span class='ocr_line' id='line_1_70' title="bbox 1929 820 3573 909; baseline 0 -18"><span class='ocrx_word' id='word_1_512' title='bbox 1929 838 2120 907; x_wconf 86' lang='lat' dir='ltr'><strong>accipit</strong></span> <span class='ocrx_word' id='word_1_513' title='bbox 2136 839 2439 909; x_wconf 88' lang='lat' dir='ltr'><strong>puerulum.</strong></span> <span class='ocrx_word' id='word_1_514' title='bbox 2470 838 2689 894; x_wconf 90' lang='lat' dir='ltr'><strong>Summa</strong></span> <span class='ocrx_word' id='word_1_515' title='bbox 2717 837 2883 902; x_wconf 91' lang='lat' dir='ltr'><strong>enim,</strong></span> <span class='ocrx_word' id='word_1_516' title='bbox 2937 846 3288 909; x_wconf 86' lang='lat' dir='ltr'><strong>posteaquam</strong></span> <span class='ocrx_word' id='word_1_517' title='bbox 3332 836 3523 892; x_wconf 79' lang='lat' dir='ltr'><strong>subin-</strong></span> <span class='ocrx_word' id='word_1_518' title='bbox 3548 820 3573 832; x_wconf 32' lang='grc'>³</span> 
     </span>
    </p>
   </div>
   <div class='ocr_carea' id='block_1_70' title="bbox 1935 928 3523 995">
    <p class='ocr_par' dir='ltr' id='par_1_70' title="bbox 1935 928 3523 995">
     <span class='ocr_line' id='line_1_71' title="bbox 1935 928 3523 995; baseline 0 -13"><span class='ocrx_word' id='word_1_519' title='bbox 1935 928 2095 985; x_wconf 86' lang='lat' dir='ltr'><strong>travit</strong></span> <span class='ocrx_word' id='word_1_520' title='bbox 2134 931 2452 995; x_wconf 86' lang='lat' dir='ltr'><strong>mortalitas,</strong></span> <span class='ocrx_word' id='word_1_521' title='bbox 2479 929 2777 984; x_wconf 86' lang='lat' dir='ltr'><strong>consolatio</strong></span> <span class='ocrx_word' id='word_1_522' title='bbox 2817 938 2933 984; x_wconf 87' lang='lat' dir='ltr'><strong>erat</strong></span> <span class='ocrx_word' id='word_1_523' title='bbox 2972 928 3199 984; x_wconf 88' lang='lat' dir='ltr'><strong>liliorum</strong></span> <span class='ocrx_word' id='word_1_524' title='bbox 3226 934 3523 983; x_wconf 80' lang='lat' dir='ltr'><strong>successio.</strong></span> 
     </span>
    </p>
   </div>
   <div class='ocr_carea' id='block_1_71' title="bbox 1934 1016 3525 1092">
    <p class='ocr_par' dir='ltr' id='par_1_71' title="bbox 1934 1016 3525 1092">
     <span class='ocr_line' id='line_1_72' title="bbox 1934 1016 3525 1092; baseline -0.004 -15"><span class='ocrx_word' id='word_1_525' title='bbox 1934 1022 2001 1077; x_wconf 83' lang='lat' dir='ltr'><strong>Et</strong></span> <span class='ocrx_word' id='word_1_526' title='bbox 2030 1022 2229 1077; x_wconf 81' lang='lat' dir='ltr'><strong>idcirco</strong></span> <span class='ocrx_word' id='word_1_527' title='bbox 2254 1021 2516 1092; x_wconf 88' lang='lat' dir='ltr'><strong>benignus</strong></span> <span class='ocrx_word' id='word_1_528' title='bbox 2551 1020 2692 1076; x_wconf 90' lang='lat' dir='ltr'><strong>Deus</strong></span> <span class='ocrx_word' id='word_1_529' title='bbox 2718 1020 2901 1075; x_wconf 88' lang='lat' dir='ltr'><strong>statim</strong></span> <span class='ocrx_word' id='word_1_530' title='bbox 2946 1018 3017 1076; x_wconf 88' lang='lat' dir='ltr'><strong>ab</strong></span> <span class='ocrx_word' id='word_1_531' title='bbox 3068 1018 3221 1074; x_wconf 86' lang='lat' dir='ltr'><strong>initio</strong></span> <span class='ocrx_word' id='word_1_532' title='bbox 3268 1016 3525 1089; x_wconf 84' lang='lat' dir='ltr'><strong>puniendi</strong></span> 
     </span>
    </p>
   </div>
   <div class='ocr_carea' id='block_1_72' title="bbox 1932 1098 3527 1178">
    <p class='ocr_par' dir='ltr' id='par_1_72' title="bbox 1932 1098 3527 1178">
     <span class='ocr_line' id='line_1_73' title="bbox 1932 1098 3527 1178; baseline -0.004 -10"><span class='ocrx_word' id='word_1_533' title='bbox 1932 1113 2277 1168; x_wconf 85' lang='lat' dir='ltr'><strong>severitatem</strong></span> <span class='ocrx_word' id='word_1_534' title='bbox 2298 1112 2641 1177; x_wconf 75' lang='lat' dir='ltr'><strong>imminueris,</strong></span> <span class='ocrx_word' id='word_1_535' title='bbox 2671 1121 2727 1166; x_wconf 89' lang='lat' dir='ltr'><strong>ct</strong></span> <span class='ocrx_word' id='word_1_536' title='bbox 2752 1098 3046 1167; x_wconf 85' lang='lat' dir='ltr'><strong>terribilem</strong></span> <span class='ocrx_word' id='word_1_537' title='bbox 3070 1112 3103 1147; x_wconf 63' lang='grc'>⁸</span> <span class='ocrx_word' id='word_1_538' title='bbox 3127 1109 3317 1165; x_wconf 89' lang='lat' dir='ltr'><strong>mortis</strong></span> <span class='ocrx_word' id='word_1_539' title='bbox 3334 1122 3527 1178; x_wconf 85' lang='lat' dir='ltr'><strong>perso-</strong></span> 
     </span>
    </p>
   </div>
   <div class='ocr_carea' id='block_1_73' title="bbox 1932 1199 3515 1277">
    <p class='ocr_par' dir='ltr' id='par_1_73' title="bbox 1932 1199 3515 1277">
     <span class='ocr_line' id='line_1_74' title="bbox 1932 1199 3515 1277; baseline -0.004 -18"><span class='ocrx_word' id='word_1_540' title='bbox 1932 1199 2055 1259; x_wconf 80' lang='lat' dir='ltr'><strong>nam</strong></span> <span class='ocrx_word' id='word_1_541' title='bbox 2078 1204 2364 1277; x_wconf 80' lang='lat' dir='ltr'><strong>auferens,</strong></span> <span class='ocrx_word' id='word_1_542' title='bbox 2391 1204 2684 1259; x_wconf 83' lang='lat' dir='ltr'><strong>liberorum</strong></span> <span class='ocrx_word' id='word_1_543' title='bbox 2711 1202 3106 1258; x_wconf 86' lang='lat' dir='ltr'><strong>successionem</strong></span> <span class='ocrx_word' id='word_1_544' title='bbox 3140 1200 3364 1271; x_wconf 88' lang='lat' dir='ltr'><strong>largitus</strong></span> <span class='ocrx_word' id='word_1_545' title='bbox 3392 1209 3515 1264; x_wconf 90' lang='lat' dir='ltr'><strong>est,</strong></span> 
     </span>
    </p>
   </div>
   <div class='ocr_carea' id='block_1_74' title="bbox 1935 1289 3531 1365">
    <p class='ocr_par' dir='ltr' id='par_1_74' title="bbox 1935 1289 3531 1365">
     <span class='ocr_line' id='line_1_75' title="bbox 1935 1289 3531 1365; baseline -0.004 -16"><span class='ocrx_word' id='word_1_546' title='bbox 1935 1294 2332 1365; x_wconf 89' lang='lat' dir='ltr'><strong>quodammodo</strong></span> <span class='ocrx_word' id='word_1_547' title='bbox 2358 1294 2645 1365; x_wconf 84' lang='lat' dir='ltr'><strong>imaginem</strong></span> <span class='ocrx_word' id='word_1_548' title='bbox 2676 1292 3087 1350; x_wconf 89' lang='lat' dir='ltr'><strong>resurrectionis</strong></span> <span class='ocrx_word' id='word_1_549' title='bbox 3118 1306 3213 1362; x_wconf 90' lang='lat' dir='ltr'><strong>per</strong></span> <span class='ocrx_word' id='word_1_550' title='bbox 3254 1290 3356 1346; x_wconf 85' lang='lat' dir='ltr'><strong>hoc</strong></span> <span class='ocrx_word' id='word_1_551' title='bbox 3401 1289 3531 1344; x_wconf 86' lang='lat' dir='ltr'><strong>sub-</strong></span> 
     </span>
    </p>
   </div>
   <div class='ocr_carea' id='block_1_75' title="bbox 1934 1383 3531 1456">
    <p class='ocr_par' dir='ltr' id='par_1_75' title="bbox 1934 1383 3531 1456">
     <span class='ocr_line' id='line_1_76' title="bbox 1934 1383 3531 1456; baseline -0.005 -15"><span class='ocrx_word' id='word_1_552' title='bbox 1934 1385 2193 1451; x_wconf 89' lang='lat' dir='ltr'><strong>indicans,</strong></span> <span class='ocrx_word' id='word_1_553' title='bbox 2226 1394 2282 1439; x_wconf 88' lang='lat' dir='ltr'><strong>et</strong></span> <span class='ocrx_word' id='word_1_554' title='bbox 2301 1386 2635 1456; x_wconf 45' lang='lat' dir='ltr'><strong>dispensans,</strong></span> <span class='ocrx_word' id='word_1_555' title='bbox 2668 1394 2726 1439; x_wconf 92' lang='lat' dir='ltr'><strong>ut</strong></span> <span class='ocrx_word' id='word_1_556' title='bbox 2751 1398 2848 1454; x_wconf 90' lang='lat' dir='ltr'><strong>pro</strong></span> <span class='ocrx_word' id='word_1_557' title='bbox 2868 1383 3184 1439; x_wconf 88' lang='lat' dir='ltr'><strong>cadentibus</strong></span> <span class='ocrx_word' id='word_1_558' title='bbox 3227 1383 3317 1437; x_wconf 89' lang='lat' dir='ltr'><strong>alii</strong></span> <span class='ocrx_word' id='word_1_559' title='bbox 3345 1396 3531 1436; x_wconf 85' lang='lat' dir='ltr'><strong>resur-</strong></span> 
     </span>
    </p>
   </div>
   <div class='ocr_carea' id='block_1_76' title="bbox 1937 1468 3526 1549">
    <p class='ocr_par' dir='ltr' id='par_1_76' title="bbox 1937 1468 3526 1549">
     <span class='ocr_line' id='line_1_77' title="bbox 1937 1468 3526 1549; baseline -0.004 -18"><span class='ocrx_word' id='word_1_560' title='bbox 1937 1486 2086 1549; x_wconf 88' lang='lat' dir='ltr'><strong>gant.</strong></span> <span class='ocrx_word' id='word_1_561' title='bbox 2116 1477 2183 1530; x_wconf 80' lang='lat' dir='ltr'><strong>Et</strong></span> <span class='ocrx_word' id='word_1_562' title='bbox 2210 1480 2378 1548; x_wconf 88' lang='lat' dir='ltr'><strong>factus</strong></span> <span class='ocrx_word' id='word_1_563' title='bbox 2396 1486 2491 1544; x_wconf 88' lang='lat' dir='ltr'><strong>est,</strong></span> <span class='ocrx_word' id='word_1_564' title='bbox 2524 1468 2729 1547; x_wconf 76' lang='lat' dir='ltr'><strong>inquit,</strong></span> <span class='ocrx_word' id='word_1_565' title='bbox 2753 1475 2877 1530; x_wconf 81' lang='lat' dir='ltr'><strong>Abel</strong></span> <span class='ocrx_word' id='word_1_566' title='bbox 2901 1483 3077 1545; x_wconf 83' lang='lat' dir='ltr'><strong>pastor</strong></span> <span class='ocrx_word' id='word_1_567' title='bbox 3096 1473 3265 1527; x_wconf 81' lang='lat' dir='ltr'><strong>ouium</strong></span> <span class='ocrx_word' id='word_1_568' title='bbox 3282 1488 3313 1538; x_wconf 77' lang='lat'><strong>,&#39;.</strong></span> <span class='ocrx_word' id='word_1_569' title='bbox 3329 1480 3377 1525; x_wconf 88' lang='lat' dir='ltr'><strong>et</strong></span> <span class='ocrx_word' id='word_1_570' title='bbox 3398 1469 3526 1525; x_wconf 86' lang='lat' dir='ltr'><strong>Cain</strong></span> 
     </span>
    </p>
   </div>
   <div class='ocr_carea' id='block_1_77' title="bbox 1937 1564 3535 1638">
    <p class='ocr_par' dir='ltr' id='par_1_77' title="bbox 1937 1564 3535 1638">
     <span class='ocr_line' id='line_1_78' title="bbox 1937 1564 3535 1638; baseline -0.003 -16"><span class='ocrx_word' id='word_1_571' title='bbox 1937 1568 2242 1638; x_wconf 82' lang='lat' dir='ltr'><strong>operabatur</strong></span> <span class='ocrx_word' id='word_1_572' title='bbox 2261 1576 2464 1621; x_wconf 88' lang='lat' dir='ltr'><strong>terram.</strong></span> <span class='ocrx_word' id='word_1_573' title='bbox 2487 1568 2674 1623; x_wconf 90' lang='lat' dir='ltr'><strong>Docuit</strong></span> <span class='ocrx_word' id='word_1_574' title='bbox 2694 1583 2792 1623; x_wconf 79' lang='lat' dir='ltr'><strong>nos</strong></span> <span class='ocrx_word' id='word_1_575' title='bbox 2818 1566 2993 1622; x_wconf 86' lang='lat' dir='ltr'><strong>divina</strong></span> <span class='ocrx_word' id='word_1_576' title='bbox 3022 1564 3322 1635; x_wconf 90' lang='lat' dir='ltr'><strong>Scriptura,</strong></span> <span class='ocrx_word' id='word_1_577' title='bbox 3371 1578 3535 1633; x_wconf 90' lang='lat' dir='ltr'><strong>quam</strong></span> 
     </span>
    </p>
   </div>
   <div class='ocr_carea' id='block_1_78' title="bbox 1947 1653 3533 1730">
    <p class='ocr_par' dir='ltr' id='par_1_78' title="bbox 1947 1653 3533 1730">
     <span class='ocr_line' id='line_1_79' title="bbox 1947 1653 3533 1730; baseline -0.002 -18"><span class='ocrx_word' id='word_1_578' title='bbox 1947 1670 2171 1730; x_wconf 85' lang='lat' dir='ltr'><strong>uterque</strong></span> <span class='ocrx_word' id='word_1_579' title='bbox 2197 1669 2443 1715; x_wconf 88' lang='lat' dir='ltr'><strong>natorum</strong></span> <span class='ocrx_word' id='word_1_580' title='bbox 2468 1669 2637 1715; x_wconf 87' lang='lat' dir='ltr'><strong>artem</strong></span> <span class='ocrx_word' id='word_1_581' title='bbox 2659 1658 2981 1724; x_wconf 78' lang='lat' dir='ltr'><strong>exercuerit,</strong></span> <span class='ocrx_word' id='word_1_582' title='bbox 3021 1667 3079 1712; x_wconf 89' lang='lat' dir='ltr'><strong>et</strong></span> <span class='ocrx_word' id='word_1_583' title='bbox 3121 1665 3180 1710; x_wconf 90' lang='lat' dir='ltr'><strong>ut</strong></span> <span class='ocrx_word' id='word_1_584' title='bbox 3202 1656 3339 1711; x_wconf 80' lang='lat' dir='ltr'><strong>alter</strong></span> <span class='ocrx_word' id='word_1_585' title='bbox 3368 1653 3533 1709; x_wconf 85' lang='lat' dir='ltr'><strong>vitam</strong></span> 
     </span>
    </p>
   </div>
   <div class='ocr_carea' id='block_1_79' title="bbox 1939 1745 3535 1823">
    <p class='ocr_par' dir='ltr' id='par_1_79' title="bbox 1939 1745 3535 1823">
     <span class='ocr_line' id='line_1_80' title="bbox 1939 1745 3535 1823; baseline -0.007 -15"><span class='ocrx_word' id='word_1_586' title='bbox 1939 1751 2284 1823; x_wconf 88' lang='lat' dir='ltr'><strong>pastoralem,</strong></span> <span class='ocrx_word' id='word_1_587' title='bbox 2310 1751 2457 1806; x_wconf 84' lang='lat' dir='ltr'><strong>alter.</strong></span> <span class='ocrx_word' id='word_1_588' title='bbox 2475 1750 2855 1822; x_wconf 85' lang='lat' dir='ltr'><strong>agriculturam</strong></span> <span class='ocrx_word' id='word_1_589' title='bbox 2882 1748 3100 1818; x_wconf 86' lang='lat' dir='ltr'><strong>delegit.</strong></span> <span class='ocrx_word' id='word_1_590' title='bbox 3132 1745 3193 1805; x_wconf 74' lang='grc' dir='ltr'><strong>ὅ.</strong></span> <span class='ocrx_word' id='word_1_591' title='bbox 3223 1745 3290 1800; x_wconf 86' lang='lat' dir='ltr'><strong>Et</strong></span> <span class='ocrx_word' id='word_1_592' title='bbox 3342 1746 3535 1815; x_wconf 85' lang='lat' dir='ltr'><strong>factum</strong></span> 
     </span>
    </p>
   </div>
   <div class='ocr_carea' id='block_1_80' title="bbox 1941 1835 3539 1913">
    <p class='ocr_par' dir='ltr' id='par_1_80' title="bbox 1941 1835 3539 1913">
     <span class='ocr_line' id='line_1_81' title="bbox 1941 1835 3539 1913; baseline -0.005 -17"><span class='ocrx_word' id='word_1_593' title='bbox 1941 1854 2014 1896; x_wconf 87' lang='lat' dir='ltr'><strong>est</strong></span> <span class='ocrx_word' id='word_1_594' title='bbox 2035 1852 2146 1913; x_wconf 87' lang='lat' dir='ltr'><strong>post</strong></span> <span class='ocrx_word' id='word_1_595' title='bbox 2174 1842 2301 1908; x_wconf 85' lang='lat' dir='ltr'><strong>dies,</strong></span> <span class='ocrx_word' id='word_1_596' title='bbox 2326 1842 2504 1896; x_wconf 84' lang='lat' dir='ltr'><strong>obtulit</strong></span> <span class='ocrx_word' id='word_1_597' title='bbox 2532 1841 2660 1897; x_wconf 79' lang='lat' dir='ltr'><strong>Cain</strong></span> <span class='ocrx_word' id='word_1_598' title='bbox 2684 1840 2748 1895; x_wconf 87' lang='lat' dir='ltr'><strong>de</strong></span> <span class='ocrx_word' id='word_1_599' title='bbox 2774 1838 3021 1911; x_wconf 82' lang='lat' dir='ltr'><strong>fructibus</strong></span> <span class='ocrx_word' id='word_1_600' title='bbox 3046 1846 3195 1891; x_wconf 66' lang='lat' dir='ltr'><strong>terra:</strong></span> <span class='ocrx_word' id='word_1_601' title='bbox 3230 1835 3539 1905; x_wconf 75' lang='lat' dir='ltr'><strong>sacriﬁcium</strong></span> 
     </span>
    </p>
   </div>
   <div class='ocr_carea' id='block_1_81' title="bbox 1942 1926 3542 2003">
    <p class='ocr_par' dir='ltr' id='par_1_81' title="bbox 1942 1926 3542 2003">
     <span class='ocr_line' id='line_1_82' title="bbox 1942 1926 3542 2003; baseline -0.006 -15"><span class='ocrx_word' id='word_1_602' title='bbox 1942 1933 2183 1988; x_wconf 85' lang='lat' dir='ltr'><strong>Domino.</strong></span> <span class='ocrx_word' id='word_1_603' title='bbox 2215 1932 2506 1989; x_wconf 88' lang='lat' dir='ltr'><strong>Considera</strong></span> <span class='ocrx_word' id='word_1_604' title='bbox 2536 1932 2806 2003; x_wconf 88' lang='lat' dir='ltr'><strong>quomodo</strong></span> <span class='ocrx_word' id='word_1_605' title='bbox 2832 1940 3038 1985; x_wconf 70' lang='lat' dir='ltr'><strong>naturae</strong></span> <span class='ocrx_word' id='word_1_606' title='bbox 3077 1926 3339 1984; x_wconf 88' lang='lat' dir='ltr'><strong>Conditor</strong></span> <span class='ocrx_word' id='word_1_607' title='bbox 3364 1927 3542 1981; x_wconf 83' lang='lat' dir='ltr'><strong>scien-</strong></span> 
     </span>
    </p>
   </div>
   <div class='ocr_carea' id='block_1_82' title="bbox 1947 2018 3540 2089">
    <p class='ocr_par' dir='ltr' id='par_1_82' title="bbox 1947 2018 3540 2089">
     <span class='ocr_line' id='line_1_83' title="bbox 1947 2018 3540 2089; baseline -0.006 -10"><span class='ocrx_word' id='word_1_608' title='bbox 1947 2025 2072 2079; x_wconf 89' lang='lat' dir='ltr'><strong>tiam</strong></span> <span class='ocrx_word' id='word_1_609' title='bbox 2097 2024 2444 2080; x_wconf 68' lang='lat' dir='ltr'><strong>conscientiae</strong></span> <span class='ocrx_word' id='word_1_610' title='bbox 2473 2023 2685 2078; x_wconf 88' lang='lat' dir='ltr'><strong>indidit.</strong></span> <span class='ocrx_word' id='word_1_611' title='bbox 2711 2021 2843 2089; x_wconf 88' lang='lat' dir='ltr'><strong>Quis</strong></span> <span class='ocrx_word' id='word_1_612' title='bbox 2862 2022 3008 2076; x_wconf 89' lang='lat' dir='ltr'><strong>enim</strong></span> <span class='ocrx_word' id='word_1_613' title='bbox 3032 2019 3205 2085; x_wconf 88' lang='lat' dir='ltr'><strong>illum,</strong></span> <span class='ocrx_word' id='word_1_614' title='bbox 3238 2018 3325 2073; x_wconf 92' lang='lat' dir='ltr'><strong>dic</strong></span> <span class='ocrx_word' id='word_1_615' title='bbox 3352 2058 3369 2084; x_wconf 90' lang='lat'><strong>,</strong></span> <span class='ocrx_word' id='word_1_616' title='bbox 3396 2029 3505 2071; x_wconf 70' lang='lat' dir='ltr'><strong>oro‘</strong></span> <span class='ocrx_word' id='word_1_617' title='bbox 3522 2055 3540 2082; x_wconf 91' lang='lat'><strong>,</strong></span> 
     </span>
    </p>
   </div>
   <div class='ocr_carea' id='block_1_83' title="bbox 1945 2107 3541 2184">
    <p class='ocr_par' dir='ltr' id='par_1_83' title="bbox 1945 2107 3541 2184">
     <span class='ocr_line' id='line_1_84' title="bbox 1945 2107 3541 2184; baseline -0.006 -14"><span class='ocrx_word' id='word_1_618' title='bbox 1945 2115 2012 2170; x_wconf 90' lang='lat' dir='ltr'><strong>ad</strong></span> <span class='ocrx_word' id='word_1_619' title='bbox 2040 2114 2176 2170; x_wconf 89' lang='lat' dir='ltr'><strong>hanc</strong></span> <span class='ocrx_word' id='word_1_620' title='bbox 2204 2114 2567 2184; x_wconf 86' lang='lat' dir='ltr'><strong>cognitionem</strong></span> <span class='ocrx_word' id='word_1_621' title='bbox 2600 2110 2977 2182; x_wconf 70' lang='lat' dir='ltr'><strong>perduxisset?</strong></span> <span class='ocrx_word' id='word_1_622' title='bbox 3007 2108 3196 2165; x_wconf 83' lang='lat' dir='ltr'><strong>Nullus</strong></span> <span class='ocrx_word' id='word_1_623' title='bbox 3223 2107 3359 2163; x_wconf 91' lang='lat' dir='ltr'><strong>alius</strong></span> <span class='ocrx_word' id='word_1_624' title='bbox 3379 2120 3541 2178; x_wconf 88' lang='lat' dir='ltr'><strong>quam</strong></span> 
     </span>
    </p>
   </div>
   <div class='ocr_carea' id='block_1_84' title="bbox 1944 2202 3541 2279">
    <p class='ocr_par' dir='ltr' id='par_1_84' title="bbox 1944 2202 3541 2279">
     <span class='ocr_line' id='line_1_85' title="bbox 1944 2202 3541 2279; baseline -0.005 -15"><span class='ocrx_word' id='word_1_625' title='bbox 1944 2226 2064 2279; x_wconf 71' lang='lat' dir='ltr'><strong>qua:</strong></span> <span class='ocrx_word' id='word_1_626' title='bbox 2090 2209 2143 2264; x_wconf 91' lang='lat' dir='ltr'><strong>in</strong></span> <span class='ocrx_word' id='word_1_627' title='bbox 2172 2210 2352 2263; x_wconf 88' lang='lat' dir='ltr'><strong>animo</strong></span> <span class='ocrx_word' id='word_1_628' title='bbox 2381 2207 2599 2263; x_wconf 89' lang='lat' dir='ltr'><strong>conscio</strong></span> <span class='ocrx_word' id='word_1_629' title='bbox 2622 2208 2869 2263; x_wconf 86' lang='lat' dir='ltr'><strong>scientia.</strong></span> <span class='ocrx_word' id='word_1_630' title='bbox 2904 2202 3098 2261; x_wconf 79' lang='lat' dir='ltr'><strong>Obtulit</strong></span> <span class='ocrx_word' id='word_1_631' title='bbox 3127 2207 3173 2272; x_wconf 75' lang='grc'><strong>⁸,</strong></span> <span class='ocrx_word' id='word_1_632' title='bbox 3211 2204 3420 2275; x_wconf 89' lang='lat' dir='ltr'><strong>inquit,</strong></span> <span class='ocrx_word' id='word_1_633' title='bbox 3475 2202 3541 2256; x_wconf 85' lang='lat' dir='ltr'><strong>de</strong></span> 
     </span>
    </p>
   </div>
   <div class='ocr_carea' id='block_1_85' title="bbox 1948 2294 3547 2373">
    <p class='ocr_par' dir='ltr' id='par_1_85' title="bbox 1948 2294 3547 2373">
     <span class='ocr_line' id='line_1_86' title="bbox 1948 2294 3547 2373; baseline -0.004 -18"><span class='ocrx_word' id='word_1_634' title='bbox 1948 2299 2193 2373; x_wconf 85' lang='lat' dir='ltr'><strong>fructibus</strong></span> <span class='ocrx_word' id='word_1_635' title='bbox 2216 2310 2363 2361; x_wconf 70' lang='lat' dir='ltr'><strong>terra</strong></span> <span class='ocrx_word' id='word_1_636' title='bbox 2386 2300 2695 2369; x_wconf 80' lang='lat' dir='ltr'><strong>sacriﬁcium</strong></span> <span class='ocrx_word' id='word_1_637' title='bbox 2742 2298 2983 2352; x_wconf 83' lang='lat' dir='ltr'><strong>Domino.</strong></span> <span class='ocrx_word' id='word_1_638' title='bbox 3038 2295 3255 2351; x_wconf 80' lang='lat' dir='ltr'><strong>Sciebat</strong></span> <span class='ocrx_word' id='word_1_639' title='bbox 3298 2294 3443 2349; x_wconf 89' lang='lat' dir='ltr'><strong>enim</strong></span> <span class='ocrx_word' id='word_1_640' title='bbox 3488 2300 3547 2348; x_wconf 84' lang='lat' dir='ltr'><strong>et</strong></span> 
     </span>
    </p>
   </div>
   <div class='ocr_carea' id='block_1_86' title="bbox 1947 2383 3546 2462">
    <p class='ocr_par' dir='ltr' id='par_1_86' title="bbox 1947 2383 3546 2462">
     <span class='ocr_line' id='line_1_87' title="bbox 1947 2383 3546 2462; baseline -0.004 -17"><span class='ocrx_word' id='word_1_641' title='bbox 1947 2390 2304 2462; x_wconf 88' lang='lat' dir='ltr'><strong>cognoscebat</strong></span> <span class='ocrx_word' id='word_1_642' title='bbox 2318 2403 2612 2459; x_wconf 89' lang='lat' dir='ltr'><strong>congruum</strong></span> <span class='ocrx_word' id='word_1_643' title='bbox 2639 2403 2759 2444; x_wconf 89' lang='lat' dir='ltr'><strong>esse</strong></span> <span class='ocrx_word' id='word_1_644' title='bbox 2773 2404 2842 2443; x_wconf 77' lang='lat' dir='ltr'><strong>ex</strong></span> <span class='ocrx_word' id='word_1_645' title='bbox 2864 2388 2974 2442; x_wconf 83' lang='lat' dir='ltr'><strong>suis</strong></span> <span class='ocrx_word' id='word_1_646' title='bbox 2994 2385 3424 2457; x_wconf 86' lang='lat' dir='ltr'><strong>possessionibus</strong></span> <span class='ocrx_word' id='word_1_647' title='bbox 3445 2383 3546 2438; x_wconf 90' lang='lat' dir='ltr'><strong>ali-</strong></span> 
     </span>
    </p>
   </div>
   <div class='ocr_carea' id='block_1_87' title="bbox 1950 2474 3548 2551">
    <p class='ocr_par' dir='ltr' id='par_1_87' title="bbox 1950 2474 3548 2551">
     <span class='ocr_line' id='line_1_88' title="bbox 1950 2474 3548 2551; baseline -0.006 -13"><span class='ocrx_word' id='word_1_648' title='bbox 1950 2483 2077 2551; x_wconf 90' lang='lat' dir='ltr'><strong>quid</strong></span> <span class='ocrx_word' id='word_1_649' title='bbox 2108 2482 2375 2537; x_wconf 86' lang='lat' dir='ltr'><strong>fructuum</strong></span> <span class='ocrx_word' id='word_1_650' title='bbox 2405 2482 2514 2536; x_wconf 90' lang='lat' dir='ltr'><strong>Deo</strong></span> <span class='ocrx_word' id='word_1_651' title='bbox 2540 2479 2740 2536; x_wconf 78' lang='lat' dir='ltr'><strong>offerre</strong></span> <span class='ocrx_word' id='word_1_652' title='bbox 2769 2498 2782 2535; x_wconf 90' lang='lat'><strong>:</strong></span> <span class='ocrx_word' id='word_1_653' title='bbox 2815 2494 2922 2533; x_wconf 89' lang='lat' dir='ltr'><strong>non</strong></span> <span class='ocrx_word' id='word_1_654' title='bbox 2950 2478 3093 2549; x_wconf 88' lang='lat' dir='ltr'><strong>quod</strong></span> <span class='ocrx_word' id='word_1_655' title='bbox 3130 2476 3197 2533; x_wconf 88' lang='lat' dir='ltr'><strong>iis</strong></span> <span class='ocrx_word' id='word_1_656' title='bbox 3226 2478 3366 2532; x_wconf 90' lang='lat' dir='ltr'><strong>Deus</strong></span> <span class='ocrx_word' id='word_1_657' title='bbox 3409 2474 3548 2531; x_wconf 89' lang='lat' dir='ltr'><strong>indi-</strong></span> 
     </span>
    </p>
   </div>
   <div class='ocr_carea' id='block_1_88' title="bbox 1950 2566 3552 2644">
    <p class='ocr_par' dir='ltr' id='par_1_88' title="bbox 1950 2566 3552 2644">
     <span class='ocr_line' id='line_1_89' title="bbox 1950 2566 3552 2644; baseline -0.004 -15"><span class='ocrx_word' id='word_1_658' title='bbox 1950 2584 2093 2644; x_wconf 86' lang='lat' dir='ltr'><strong>geat,</strong></span> <span class='ocrx_word' id='word_1_659' title='bbox 2123 2573 2217 2630; x_wconf 89' lang='lat' dir='ltr'><strong>sed</strong></span> <span class='ocrx_word' id='word_1_660' title='bbox 2244 2581 2303 2628; x_wconf 93' lang='lat' dir='ltr'><strong>ut</strong></span> <span class='ocrx_word' id='word_1_661' title='bbox 2327 2581 2535 2644; x_wconf 83' lang='lat' dir='ltr'><strong>gratum</strong></span> <span class='ocrx_word' id='word_1_662' title='bbox 2558 2572 2802 2626; x_wconf 89' lang='lat' dir='ltr'><strong>animum</strong></span> <span class='ocrx_word' id='word_1_663' title='bbox 2834 2583 2989 2625; x_wconf 89' lang='lat' dir='ltr'><strong>suum</strong></span> <span class='ocrx_word' id='word_1_664' title='bbox 3036 2567 3278 2625; x_wconf 80' lang='lat' dir='ltr'><strong>declaret</strong></span> <span class='ocrx_word' id='word_1_665' title='bbox 3322 2567 3413 2638; x_wconf 90' lang='lat' dir='ltr'><strong>qui</strong></span> <span class='ocrx_word' id='word_1_666' title='bbox 3457 2566 3552 2623; x_wconf 87' lang='lat' dir='ltr'><strong>tali</strong></span> 
     </span>
    </p>
   </div>
   <div class='ocr_carea' id='block_1_89' title="bbox 1953 2654 3551 2731">
    <p class='ocr_par' dir='ltr' id='par_1_89' title="bbox 1953 2654 3551 2731">
     <span class='ocr_line' id='line_1_90' title="bbox 1953 2654 3551 2731; baseline -0.005 -10"><span class='ocrx_word' id='word_1_667' title='bbox 1953 2662 2453 2721; x_wconf 67' lang='lat' dir='ltr'><strong>beneficiofruitur.</strong></span> <span class='ocrx_word' id='word_1_668' title='bbox 2477 2654 2635 2719; x_wconf 66' lang='lat' dir='ltr'><strong>Num</strong></span> <span class='ocrx_word' id='word_1_669' title='bbox 2656 2664 2799 2719; x_wconf 87' lang='lat' dir='ltr'><strong>enim</strong></span> <span class='ocrx_word' id='word_1_670' title='bbox 2829 2677 2890 2717; x_wconf 90' lang='lat' dir='ltr'><strong>re</strong></span> <span class='ocrx_word' id='word_1_671' title='bbox 2914 2662 3117 2731; x_wconf 83' lang='lat' dir='ltr'><strong>indiget</strong></span> <span class='ocrx_word' id='word_1_672' title='bbox 3138 2660 3305 2728; x_wconf 87' lang='lat' dir='ltr'><strong>Deus,</strong></span> <span class='ocrx_word' id='word_1_673' title='bbox 3357 2658 3551 2714; x_wconf 87' lang='lat' dir='ltr'><strong>nullis-</strong></span> 
     </span>
    </p>
   </div>
   <div class='ocr_carea' id='block_1_90' title="bbox 1955 2748 3556 2824">
    <p class='ocr_par' dir='ltr' id='par_1_90' title="bbox 1955 2748 3556 2824">
     <span class='ocr_line' id='line_1_91' title="bbox 1955 2748 3556 2824; baseline -0.003 -14"><span class='ocrx_word' id='word_1_674' title='bbox 1955 2770 2061 2824; x_wconf 74' lang='lat' dir='ltr'><strong>que</strong></span> <span class='ocrx_word' id='word_1_675' title='bbox 2089 2755 2287 2809; x_wconf 88' lang='lat' dir='ltr'><strong>nostris</strong></span> <span class='ocrx_word' id='word_1_676' title='bbox 2305 2769 2443 2823; x_wconf 86' lang='lat' dir='ltr'><strong>opus</strong></span> <span class='ocrx_word' id='word_1_677' title='bbox 2474 2753 2673 2818; x_wconf 85' lang='lat' dir='ltr'><strong>habet;</strong></span> <span class='ocrx_word' id='word_1_678' title='bbox 2705 2760 2961 2807; x_wconf 67' lang='lat' dir='ltr'><strong>caeterum</strong></span> <span class='ocrx_word' id='word_1_679' title='bbox 2990 2750 3061 2805; x_wconf 92' lang='lat' dir='ltr'><strong>ob</strong></span> <span class='ocrx_word' id='word_1_680' title='bbox 3087 2749 3408 2807; x_wconf 72' lang='lat' dir='ltr'><strong>ineffabilem</strong></span> <span class='ocrx_word' id='word_1_681' title='bbox 3458 2748 3556 2805; x_wconf 82' lang='lat' dir='ltr'><strong>be-</strong></span> 
     </span>
    </p>
   </div>
   <div class='ocr_carea' id='block_1_91' title="bbox 1955 2841 3556 2916">
    <p class='ocr_par' dir='ltr' id='par_1_91' title="bbox 1955 2841 3556 2916">
     <span class='ocr_line' id='line_1_92' title="bbox 1955 2841 3556 2916; baseline -0.003 -16"><span class='ocrx_word' id='word_1_682' title='bbox 1955 2845 2271 2916; x_wconf 87' lang='lat' dir='ltr'><strong>nignitatem</strong></span> <span class='ocrx_word' id='word_1_683' title='bbox 2304 2845 2377 2899; x_wconf 89' lang='lat' dir='ltr'><strong>ita</strong></span> <span class='ocrx_word' id='word_1_684' title='bbox 2423 2854 2623 2899; x_wconf 85' lang='lat' dir='ltr'><strong>nostrae</strong></span> <span class='ocrx_word' id='word_1_685' title='bbox 2667 2841 2965 2897; x_wconf 79' lang='lat' dir='ltr'><strong>inﬁrmitati</strong></span> <span class='ocrx_word' id='word_1_686' title='bbox 3010 2855 3068 2897; x_wconf 89' lang='lat' dir='ltr'><strong>se</strong></span> <span class='ocrx_word' id='word_1_687' title='bbox 3112 2848 3452 2910; x_wconf 76' lang='lat' dir='ltr'><strong>attemperat,</strong></span> <span class='ocrx_word' id='word_1_688' title='bbox 3499 2848 3556 2895; x_wconf 89' lang='lat' dir='ltr'><strong>et</strong></span> 
     </span>
    </p>
   </div>
   <div class='ocr_carea' id='block_1_92' title="bbox 1956 2928 3559 3007">
    <p class='ocr_par' dir='ltr' id='par_1_92' title="bbox 1956 2928 3559 3007">
     <span class='ocr_line' id='line_1_93' title="bbox 1956 2928 3559 3007; baseline -0.004 -16"><span class='ocrx_word' id='word_1_689' title='bbox 1956 2943 2177 3007; x_wconf 88' lang='lat' dir='ltr'><strong>propter</strong></span> <span class='ocrx_word' id='word_1_690' title='bbox 2202 2935 2433 2990; x_wconf 89' lang='lat' dir='ltr'><strong>salutem</strong></span> <span class='ocrx_word' id='word_1_691' title='bbox 2453 2941 2694 2989; x_wconf 87' lang='lat' dir='ltr'><strong>nostram</strong></span> <span class='ocrx_word' id='word_1_692' title='bbox 2728 2932 2844 2988; x_wconf 67' lang='lat' dir='ltr'><strong>haec</strong></span> <span class='ocrx_word' id='word_1_693' title='bbox 2878 2931 2997 2987; x_wconf 83' lang='lat' dir='ltr'><strong>ﬁeri</strong></span> <span class='ocrx_word' id='word_1_694' title='bbox 3026 2931 3175 2996; x_wconf 87' lang='lat' dir='ltr'><strong>sinit,</strong></span> <span class='ocrx_word' id='word_1_695' title='bbox 3201 2940 3260 2984; x_wconf 90' lang='lat' dir='ltr'><strong>ut</strong></span> <span class='ocrx_word' id='word_1_696' title='bbox 3283 2930 3379 2984; x_wconf 86' lang='lat' dir='ltr'><strong>Dei</strong></span> <span class='ocrx_word' id='word_1_697' title='bbox 3406 2928 3559 3000; x_wconf 84' lang='lat' dir='ltr'><strong>agni-</strong></span> 
     </span>
    </p>
   </div>
   <div class='ocr_carea' id='block_1_93' title="bbox 1962 3017 3561 3079">
    <p class='ocr_par' dir='ltr' id='par_1_93' title="bbox 1962 3017 3561 3079">
     <span class='ocr_line' id='line_1_94' title="bbox 1962 3017 3561 3079; baseline -0.003 -1"><span class='ocrx_word' id='word_1_698' title='bbox 1962 3026 2037 3079; x_wconf 91' lang='lat' dir='ltr'><strong>tio</strong></span> <span class='ocrx_word' id='word_1_699' title='bbox 2065 3026 2312 3079; x_wconf 79' lang='lat' dir='ltr'><strong>humanae</strong></span> <span class='ocrx_word' id='word_1_700' title='bbox 2335 3031 2541 3078; x_wconf 77' lang='lat' dir='ltr'><strong>naturze</strong></span> <span class='ocrx_word' id='word_1_701' title='bbox 2557 3022 2770 3078; x_wconf 88' lang='lat' dir='ltr'><strong>virtutis</strong></span> <span class='ocrx_word' id='word_1_702' title='bbox 2790 3021 2863 3077; x_wconf 90' lang='lat' dir='ltr'><strong>sit</strong></span> <span class='ocrx_word' id='word_1_703' title='bbox 2883 3020 3086 3076; x_wconf 87' lang='lat' dir='ltr'><strong>schola.</strong></span> <span class='ocrx_word' id='word_1_704' title='bbox 3109 3020 3163 3076; x_wconf 71' lang='grc'><strong>4.</strong></span> <span class='ocrx_word' id='word_1_705' title='bbox 3180 3017 3247 3074; x_wconf 90' lang='lat' dir='ltr'><strong>Et</strong></span> <span class='ocrx_word' id='word_1_706' title='bbox 3269 3018 3393 3075; x_wconf 78' lang='lat' dir='ltr'><strong>Abel</strong></span> <span class='ocrx_word' id='word_1_707' title='bbox 3405 3018 3561 3074; x_wconf 75' lang='lat' dir='ltr'><strong>etiam</strong></span> 
     </span>
    </p>
   </div>
   <div class='ocr_carea' id='block_1_94' title="bbox 1959 3110 3560 3187">
    <p class='ocr_par' dir='ltr' id='par_1_94' title="bbox 1959 3110 3560 3187">
     <span class='ocr_line' id='line_1_95' title="bbox 1959 3110 3560 3187; baseline -0.001 -17"><span class='ocrx_word' id='word_1_708' title='bbox 1959 3116 2067 3187; x_wconf 86' lang='lat' dir='ltr'><strong>ipse</strong></span> <span class='ocrx_word' id='word_1_709' title='bbox 2084 3115 2262 3169; x_wconf 83' lang='lat' dir='ltr'><strong>obtulit</strong></span> <span class='ocrx_word' id='word_1_710' title='bbox 2284 3114 2347 3168; x_wconf 87' lang='lat' dir='ltr'><strong>de</strong></span> <span class='ocrx_word' id='word_1_711' title='bbox 2371 3113 2723 3185; x_wconf 76' lang='lat' dir='ltr'><strong>primogenitis</strong></span> <span class='ocrx_word' id='word_1_712' title='bbox 2749 3129 2963 3168; x_wconf 87' lang='lat' dir='ltr'><strong>suarum</strong></span> <span class='ocrx_word' id='word_1_713' title='bbox 2992 3112 3180 3167; x_wconf 80' lang='lat' dir='ltr'><strong>ovium.</strong></span> <span class='ocrx_word' id='word_1_714' title='bbox 3209 3110 3327 3167; x_wconf 81' lang='lat' dir='ltr'><strong>Non</strong></span> <span class='ocrx_word' id='word_1_715' title='bbox 3353 3110 3560 3182; x_wconf 81' lang='lat' dir='ltr'><strong>absque</strong></span> 
     </span>
    </p>
   </div>
   <div class='ocr_carea' id='block_1_95' title="bbox 1959 3201 3561 3276">
    <p class='ocr_par' dir='ltr' id='par_1_95' title="bbox 1959 3201 3561 3276">
     <span class='ocr_line' id='line_1_96' title="bbox 1959 3201 3561 3276; baseline -0.003 -14"><span class='ocrx_word' id='word_1_716' title='bbox 1959 3223 2120 3263; x_wconf 85' lang='lat' dir='ltr'><strong>causa</strong></span> <span class='ocrx_word' id='word_1_717' title='bbox 2147 3208 2233 3262; x_wconf 87' lang='lat' dir='ltr'><strong>vel</strong></span> <span class='ocrx_word' id='word_1_718' title='bbox 2259 3205 2455 3261; x_wconf 88' lang='lat' dir='ltr'><strong>frustra</strong></span> <span class='ocrx_word' id='word_1_719' title='bbox 2482 3206 2535 3260; x_wconf 91' lang='lat' dir='ltr'><strong>in</strong></span> <span class='ocrx_word' id='word_1_720' title='bbox 2556 3204 2724 3276; x_wconf 89' lang='lat' dir='ltr'><strong>priori</strong></span> <span class='ocrx_word' id='word_1_721' title='bbox 2752 3218 3004 3259; x_wconf 86' lang='lat' dir='ltr'><strong>sermone</strong></span> <span class='ocrx_word' id='word_1_722' title='bbox 3029 3212 3265 3259; x_wconf 88' lang='lat' dir='ltr'><strong>vestram</strong></span> <span class='ocrx_word' id='word_1_723' title='bbox 3291 3201 3451 3257; x_wconf 90' lang='lat' dir='ltr'><strong>docui</strong></span> <span class='ocrx_word' id='word_1_724' title='bbox 3469 3218 3561 3258; x_wconf 85' lang='lat' dir='ltr'><strong>ca-</strong></span> 
     </span>
    </p>
   </div>
   <div class='ocr_carea' id='block_1_96' title="bbox 1960 3288 3561 3365">
    <p class='ocr_par' dir='ltr' id='par_1_96' title="bbox 1960 3288 3561 3365">
     <span class='ocr_line' id='line_1_97' title="bbox 1960 3288 3561 3365; baseline -0.004 -10"><span class='ocrx_word' id='word_1_725' title='bbox 1960 3302 2194 3365; x_wconf 86' lang='lat' dir='ltr'><strong>ritatem,</strong></span> <span class='ocrx_word' id='word_1_726' title='bbox 2229 3288 2801 3353; x_wconf 63' lang='lat' dir='ltr'><strong>Dominummostrum</strong></span> <span class='ocrx_word' id='word_1_727' title='bbox 2856 3295 3171 3349; x_wconf 87' lang='lat' dir='ltr'><strong>varietatem</strong></span> <span class='ocrx_word' id='word_1_728' title='bbox 3210 3309 3561 3364; x_wconf 82' lang='lat' dir='ltr'><strong>personarum</strong></span> 
     </span>
    </p>
   </div>
   <div class='ocr_carea' id='block_1_97' title="bbox 1963 3386 3563 3461">
    <p class='ocr_par' dir='ltr' id='par_1_97' title="bbox 1963 3386 3563 3461">
     <span class='ocr_line' id='line_1_98' title="bbox 1963 3386 3563 3461; baseline -0.004 -15"><span class='ocrx_word' id='word_1_729' title='bbox 1963 3391 2211 3461; x_wconf 87' lang='lat' dir='ltr'><strong>ignorare</strong></span> <span class='ocrx_word' id='word_1_730' title='bbox 2232 3388 2368 3445; x_wconf 83' lang='lat' dir='ltr'><strong>:sed</strong></span> <span class='ocrx_word' id='word_1_731' title='bbox 2394 3388 2723 3443; x_wconf 81' lang='lat' dir='ltr'><strong>voluntatem</strong></span> <span class='ocrx_word' id='word_1_732' title='bbox 2747 3386 2998 3451; x_wconf 71' lang='lat' dir='ltr'><strong>scrutari,</strong></span> <span class='ocrx_word' id='word_1_733' title='bbox 3028 3399 3093 3439; x_wconf 90' lang='lat' dir='ltr'><strong>ac</strong></span> <span class='ocrx_word' id='word_1_734' title='bbox 3118 3394 3355 3441; x_wconf 90' lang='lat' dir='ltr'><strong>mentem</strong></span> <span class='ocrx_word' id='word_1_735' title='bbox 3381 3386 3563 3440; x_wconf 81' lang='lat' dir='ltr'><strong>inten-</strong></span> 
     </span>
    </p>
   </div>
   <div class='ocr_carea' id='block_1_98' title="bbox 1964 3462 3587 3555">
    <p class='ocr_par' dir='ltr' id='par_1_98' title="bbox 1964 3462 3587 3555">
     <span class='ocr_line' id='line_1_99' title="bbox 1964 3462 3587 3555; baseline -0.004 -15"><span class='ocrx_word' id='word_1_736' title='bbox 1964 3485 2273 3555; x_wconf 89' lang='lat' dir='ltr'><strong>tionemque</strong></span> <span class='ocrx_word' id='word_1_737' title='bbox 2300 3496 2586 3537; x_wconf 87' lang='lat' dir='ltr'><strong>coronare.</strong></span> <span class='ocrx_word' id='word_1_738' title='bbox 2617 3480 2684 3536; x_wconf 88' lang='lat' dir='ltr'><strong>Et</strong></span> <span class='ocrx_word' id='word_1_739' title='bbox 2727 3492 2873 3535; x_wconf 90' lang='lat' dir='ltr'><strong>nunc</strong></span> <span class='ocrx_word' id='word_1_740' title='bbox 2899 3491 3117 3550; x_wconf 87' lang='lat' dir='ltr'><strong>quoque</strong></span> <span class='ocrx_word' id='word_1_741' title='bbox 3168 3476 3313 3535; x_wconf 86' lang='lat' dir='ltr'><strong>idem</strong></span> <span class='ocrx_word' id='word_1_742' title='bbox 3362 3462 3587 3534; x_wconf 78' lang='lat' dir='ltr'><strong>factum</strong></span> 
     </span>
    </p>
   </div>
   <div class='ocr_carea' id='block_1_99' title="bbox 1963 3576 2351 3632">
    <p class='ocr_par' dir='ltr' id='par_1_99' title="bbox 1963 3576 2351 3632">
     <span class='ocr_line' id='line_1_100' title="bbox 1963 3576 2351 3632; baseline -0.013 0"><span class='ocrx_word' id='word_1_743' title='bbox 1963 3576 2351 3632; x_wconf 84' lang='lat' dir='ltr'><strong>animadverte.</strong></span> 
     </span>
    </p>
   </div>
   <div class='ocr_carea' id='block_1_100' title="bbox 2037 3660 3564 3739">
    <p class='ocr_par' dir='ltr' id='par_1_100' title="bbox 2037 3660 3564 3739">
     <span class='ocr_line' id='line_1_101' title="bbox 2037 3660 3564 3739; baseline -0.005 -16"><span class='ocrx_word' id='word_1_744' title='bbox 2037 3668 2307 3739; x_wconf 80' lang='lat' dir='ltr'><strong>Scriptura</strong></span> <span class='ocrx_word' id='word_1_745' title='bbox 2328 3681 2476 3721; x_wconf 89' lang='lat' dir='ltr'><strong>sacra</strong></span> <span class='ocrx_word' id='word_1_746' title='bbox 2496 3664 2626 3720; x_wconf 83' lang='lat' dir='ltr'><strong>nihil</strong></span> <span class='ocrx_word' id='word_1_747' title='bbox 2652 3664 2845 3735; x_wconf 85' lang='lat' dir='ltr'><strong>frustra</strong></span> <span class='ocrx_word' id='word_1_748' title='bbox 2866 3661 3007 3717; x_wconf 83' lang='lat' dir='ltr'><strong>dicit.</strong></span> <span class='ocrx_word' id='word_1_749' title='bbox 3024 3660 3268 3717; x_wconf 84' lang='lat' dir='ltr'><strong>—-Dictis</strong></span> <span class='ocrx_word' id='word_1_750' title='bbox 3278 3660 3564 3733; x_wconf 79' lang='lat' dir='ltr'><strong>diligenter</strong></span> 
     </span>
    </p>
   </div>
   <div class='ocr_carea' id='block_1_101' title="bbox 1965 3752 3565 3824">
    <p class='ocr_par' dir='ltr' id='par_1_101' title="bbox 1965 3752 3565 3824">
     <span class='ocr_line' id='line_1_102' title="bbox 1965 3752 3565 3824; baseline -0.004 -9"><span class='ocrx_word' id='word_1_751' title='bbox 1965 3760 2325 3815; x_wconf 88' lang='lat' dir='ltr'><strong>auscultemus</strong></span> <span class='ocrx_word' id='word_1_752' title='bbox 2344 3796 2359 3821; x_wconf 92' lang='lat'><strong>,</strong></span> <span class='ocrx_word' id='word_1_753' title='bbox 2391 3765 2445 3811; x_wconf 92' lang='lat' dir='ltr'><strong>et</strong></span> <span class='ocrx_word' id='word_1_754' title='bbox 2472 3755 2747 3810; x_wconf 87' lang='lat' dir='ltr'><strong>videamus</strong></span> <span class='ocrx_word' id='word_1_755' title='bbox 2769 3753 2898 3824; x_wconf 88' lang='lat' dir='ltr'><strong>quid</strong></span> <span class='ocrx_word' id='word_1_756' title='bbox 2923 3752 2991 3807; x_wconf 89' lang='lat' dir='ltr'><strong>de</strong></span> <span class='ocrx_word' id='word_1_757' title='bbox 3023 3752 3156 3807; x_wconf 85' lang='lat' dir='ltr'><strong>Cain</strong></span> <span class='ocrx_word' id='word_1_758' title='bbox 3204 3763 3387 3808; x_wconf 82' lang='lat' dir='ltr'><strong>narret</strong></span> <span class='ocrx_word' id='word_1_759' title='bbox 3413 3752 3565 3809; x_wconf 88' lang='lat' dir='ltr'><strong>Scri-</strong></span> 
     </span>
    </p>
   </div>
   <div class='ocr_carea' id='block_1_102' title="bbox 1968 3842 3564 3922">
    <p class='ocr_par' dir='ltr' id='par_1_102' title="bbox 1968 3842 3564 3922">
     <span class='ocr_line' id='line_1_103' title="bbox 1968 3842 3564 3922; baseline -0.004 -17"><span class='ocrx_word' id='word_1_760' title='bbox 1968 3860 2120 3922; x_wconf 87' lang='lat' dir='ltr'><strong>ptura</strong></span> <span class='ocrx_word' id='word_1_761' title='bbox 2139 3889 2155 3915; x_wconf 92' lang='lat'><strong>,</strong></span> <span class='ocrx_word' id='word_1_762' title='bbox 2186 3857 2241 3904; x_wconf 84' lang='lat' dir='ltr'><strong>et</strong></span> <span class='ocrx_word' id='word_1_763' title='bbox 2264 3847 2389 3917; x_wconf 87' lang='lat' dir='ltr'><strong>quid</strong></span> <span class='ocrx_word' id='word_1_764' title='bbox 2423 3846 2492 3902; x_wconf 90' lang='lat' dir='ltr'><strong>de</strong></span> <span class='ocrx_word' id='word_1_765' title='bbox 2512 3844 2677 3908; x_wconf 82' lang='lat' dir='ltr'><strong>Abel,</strong></span> <span class='ocrx_word' id='word_1_766' title='bbox 2710 3853 2765 3899; x_wconf 90' lang='lat' dir='ltr'><strong>et</strong></span> <span class='ocrx_word' id='word_1_767' title='bbox 2794 3858 2863 3899; x_wconf 89' lang='lat' dir='ltr'><strong>ne</strong></span> <span class='ocrx_word' id='word_1_768' title='bbox 2890 3842 3355 3899; x_wconf 87' lang='lat' dir='ltr'><strong>inconsiderauter</strong></span> <span class='ocrx_word' id='word_1_769' title='bbox 3384 3852 3564 3899; x_wconf 88' lang='lat' dir='ltr'><strong>trans-</strong></span> 
     </span>
    </p>
   </div>
   <div class='ocr_carea' id='block_1_103' title="bbox 1966 3934 3585 4006">
    <p class='ocr_par' dir='ltr' id='par_1_103' title="bbox 1966 3934 3585 4006">
     <span class='ocr_line' id='line_1_104' title="bbox 1966 3934 3585 4006; baseline -0.004 -9"><span class='ocrx_word' id='word_1_770' title='bbox 1966 3955 2171 3997; x_wconf 86' lang='lat' dir='ltr'><strong>eamus.</strong></span> <span class='ocrx_word' id='word_1_771' title='bbox 2204 3940 2343 3994; x_wconf 86' lang='lat' dir='ltr'><strong>Nihil</strong></span> <span class='ocrx_word' id='word_1_772' title='bbox 2372 3938 2516 3993; x_wconf 89' lang='lat' dir='ltr'><strong>enitn</strong></span> <span class='ocrx_word' id='word_1_773' title='bbox 2548 3946 2752 3993; x_wconf 86' lang='lat' dir='ltr'><strong>temere</strong></span> <span class='ocrx_word' id='word_1_774' title='bbox 2776 3936 2861 3992; x_wconf 85' lang='lat' dir='ltr'><strong>vel</strong></span> <span class='ocrx_word' id='word_1_775' title='bbox 2885 3935 3107 3991; x_wconf 88' lang='lat' dir='ltr'><strong>fortuito</strong></span> <span class='ocrx_word' id='word_1_776' title='bbox 3132 3934 3367 4006; x_wconf 85' lang='lat' dir='ltr'><strong>loquitur</strong></span> <span class='ocrx_word' id='word_1_777' title='bbox 3385 3935 3585 3991; x_wconf 85' lang='lat' dir='ltr'><strong>divina&#39;</strong></span> 
     </span>
    </p>
   </div>
   <div class='ocr_carea' id='block_1_104' title="bbox 1968 4026 3566 4102">
    <p class='ocr_par' dir='ltr' id='par_1_104' title="bbox 1968 4026 3566 4102">
     <span class='ocr_line' id='line_1_105' title="bbox 1968 4026 3566 4102; baseline -0.003 -15"><span class='ocrx_word' id='word_1_778' title='bbox 1968 4032 2269 4102; x_wconf 84' lang='lat' dir='ltr'><strong>Scriptura,</strong></span> <span class='ocrx_word' id='word_1_779' title='bbox 2302 4028 2398 4085; x_wconf 83' lang='lat' dir='ltr'><strong>sed</strong></span> <span class='ocrx_word' id='word_1_780' title='bbox 2431 4036 2487 4083; x_wconf 89' lang='lat' dir='ltr'><strong>et</strong></span> <span class='ocrx_word' id='word_1_781' title='bbox 2510 4026 2712 4100; x_wconf 81' lang='lat' dir='ltr'><strong>syllaba</strong></span> <span class='ocrx_word' id='word_1_782' title='bbox 2732 4064 2748 4093; x_wconf 90' lang='lat'><strong>,</strong></span> <span class='ocrx_word' id='word_1_783' title='bbox 2776 4034 2833 4081; x_wconf 87' lang='lat' dir='ltr'><strong>et</strong></span> <span class='ocrx_word' id='word_1_784' title='bbox 2870 4026 3114 4096; x_wconf 89' lang='lat' dir='ltr'><strong>apiculus</strong></span> <span class='ocrx_word' id='word_1_785' title='bbox 3145 4026 3333 4080; x_wconf 85' lang='lat' dir='ltr'><strong>unicus</strong></span> <span class='ocrx_word' id='word_1_786' title='bbox 3368 4042 3566 4082; x_wconf 80' lang='lat' dir='ltr'><strong>recon-</strong></span> 
     </span>
    </p>
   </div>
   <div class='ocr_carea' id='block_1_105' title="bbox 1968 4115 3577 4180">
    <p class='ocr_par' dir='ltr' id='par_1_105' title="bbox 1968 4115 3577 4180">
     <span class='ocr_line' id='line_1_106' title="bbox 1968 4115 3577 4180; baseline -0.002 -1"><span class='ocrx_word' id='word_1_787' title='bbox 1968 4124 2138 4180; x_wconf 89' lang='lat' dir='ltr'><strong>ditum</strong></span> <span class='ocrx_word' id='word_1_788' title='bbox 2187 4122 2349 4177; x_wconf 88' lang='lat' dir='ltr'><strong>habet</strong></span> <span class='ocrx_word' id='word_1_789' title='bbox 2391 4119 2742 4175; x_wconf 85' lang='lat' dir='ltr'><strong>thesaurum:</strong></span> <span class='ocrx_word' id='word_1_790' title='bbox 2786 4131 2915 4172; x_wconf 87' lang='lat' dir='ltr'><strong>nam</strong></span> <span class='ocrx_word' id='word_1_791' title='bbox 2957 4117 3013 4172; x_wconf 90' lang='lat' dir='ltr'><strong>in</strong></span> <span class='ocrx_word' id='word_1_792' title='bbox 3060 4115 3205 4172; x_wconf 89' lang='lat' dir='ltr'><strong>hunc</strong></span> <span class='ocrx_word' id='word_1_793' title='bbox 3244 4117 3463 4174; x_wconf 85' lang='lat' dir='ltr'><strong>modum</strong></span> <span class='ocrx_word' id='word_1_794' title='bbox 3507 4134 3577 4175; x_wconf 83' lang='lat' dir='ltr'><strong>se</strong></span> 
     </span>
    </p>
   </div>
   <div class='ocr_carea' id='block_1_106' title="bbox 1970 4206 3564 4284">
    <p class='ocr_par' dir='ltr' id='par_1_106' title="bbox 1970 4206 3564 4284">
     <span class='ocr_line' id='line_1_107' title="bbox 1970 4206 3564 4284; baseline -0.006 -11"><span class='ocrx_word' id='word_1_795' title='bbox 1970 4218 2168 4273; x_wconf 73' lang='lat' dir='ltr'><strong>habent</strong></span> <span class='ocrx_word' id='word_1_796' title='bbox 2191 4212 2484 4284; x_wconf 89' lang='lat' dir='ltr'><strong>spiritualia</strong></span> <span class='ocrx_word' id='word_1_797' title='bbox 2502 4209 2700 4265; x_wconf 87' lang='lat' dir='ltr'><strong>omnia.</strong></span> <span class='ocrx_word' id='word_1_798' title='bbox 2716 4208 2855 4277; x_wconf 86' lang='lat' dir='ltr'><strong>Quid</strong></span> <span class='ocrx_word' id='word_1_799' title='bbox 2882 4208 3041 4280; x_wconf 88' lang='lat' dir='ltr'><strong>igitur</strong></span> <span class='ocrx_word' id='word_1_800' title='bbox 3057 4207 3253 4276; x_wconf 74' lang='lat' dir='ltr'><strong>inquit?</strong></span> <span class='ocrx_word' id='word_1_801' title='bbox 3273 4206 3340 4261; x_wconf 85' lang='lat' dir='ltr'><strong>Et</strong></span> <span class='ocrx_word' id='word_1_802' title='bbox 3366 4213 3564 4279; x_wconf 80' lang='lat' dir='ltr'><strong>factum</strong></span> 
     </span>
    </p>
   </div>
   <div class='ocr_carea' id='block_1_107' title="bbox 1970 4299 3577 4378">
    <p class='ocr_par' dir='ltr' id='par_1_107' title="bbox 1970 4299 3577 4378">
     <span class='ocr_line' id='line_1_108' title="bbox 1970 4299 3577 4378; baseline -0.004 -15"><span class='ocrx_word' id='word_1_803' title='bbox 1970 4320 2041 4363; x_wconf 87' lang='lat' dir='ltr'><strong>est</strong></span> <span class='ocrx_word' id='word_1_804' title='bbox 2071 4316 2183 4378; x_wconf 86' lang='lat' dir='ltr'><strong>post</strong></span> <span class='ocrx_word' id='word_1_805' title='bbox 2202 4306 2309 4360; x_wconf 87' lang='lat' dir='ltr'><strong>dies</strong></span> <span class='ocrx_word' id='word_1_806' title='bbox 2325 4344 2340 4371; x_wconf 92' lang='lat'><strong>,</strong></span> <span class='ocrx_word' id='word_1_807' title='bbox 2363 4302 2543 4358; x_wconf 87' lang='lat' dir='ltr'><strong>obtulit</strong></span> <span class='ocrx_word' id='word_1_808' title='bbox 2563 4300 2692 4357; x_wconf 86' lang='lat' dir='ltr'><strong>Cain</strong></span> <span class='ocrx_word' id='word_1_809' title='bbox 2713 4302 2776 4354; x_wconf 89' lang='lat' dir='ltr'><strong>de</strong></span> <span class='ocrx_word' id='word_1_810' title='bbox 2810 4299 3055 4371; x_wconf 77' lang='lat' dir='ltr'><strong>{motibus</strong></span> <span class='ocrx_word' id='word_1_811' title='bbox 3084 4308 3235 4353; x_wconf 67' lang='lat' dir='ltr'><strong>terra</strong></span> <span class='ocrx_word' id='word_1_812' title='bbox 3259 4300 3577 4369; x_wconf 81' lang='lat' dir='ltr'><strong>sacri/icium</strong></span> 
     </span>
    </p>
   </div>
   <div class='ocr_carea' id='block_1_108' title="bbox 1974 4391 3577 4466">
    <p class='ocr_par' dir='ltr' id='par_1_108' title="bbox 1974 4391 3577 4466">
     <span class='ocr_line' id='line_1_109' title="bbox 1974 4391 3577 4466; baseline -0.004 -12"><span class='ocrx_word' id='word_1_813' title='bbox 1974 4400 2189 4454; x_wconf 88' lang='lat' dir='ltr'><strong>Domino</strong></span> <span class='ocrx_word' id='word_1_814' title='bbox 2207 4440 2223 4466; x_wconf 83' lang='lat'><strong>,</strong></span> <span class='ocrx_word' id='word_1_815' title='bbox 2254 4407 2301 4452; x_wconf 85' lang='lat' dir='ltr'><strong>et</strong></span> <span class='ocrx_word' id='word_1_816' title='bbox 2320 4395 2442 4450; x_wconf 76' lang='lat' dir='ltr'><strong>Abel</strong></span> <span class='ocrx_word' id='word_1_817' title='bbox 2461 4394 2637 4449; x_wconf 86' lang='lat' dir='ltr'><strong>obtulit</strong></span> <span class='ocrx_word' id='word_1_818' title='bbox 2658 4393 2810 4447; x_wconf 88' lang='lat' dir='ltr'><strong>etiam</strong></span> <span class='ocrx_word' id='word_1_819' title='bbox 2828 4392 2936 4461; x_wconf 83' lang='lat' dir='ltr'><strong>ipse</strong></span> <span class='ocrx_word' id='word_1_820' title='bbox 2954 4391 3018 4445; x_wconf 85' lang='lat' dir='ltr'><strong>de</strong></span> <span class='ocrx_word' id='word_1_821' title='bbox 3033 4391 3382 4462; x_wconf 83' lang='lat' dir='ltr'><strong>primogenitis</strong></span> <span class='ocrx_word' id='word_1_822' title='bbox 3401 4394 3577 4449; x_wconf 79' lang='lat' dir='ltr'><strong>ovium</strong></span> 
     </span>
    </p>
   </div>
   <div class='ocr_carea' id='block_1_109' title="bbox 1972 4484 2844 4555">
    <p class='ocr_par' dir='ltr' id='par_1_109' title="bbox 1972 4484 2844 4555">
     <span class='ocr_line' id='line_1_110' title="bbox 1972 4484 2844 4555; baseline -0.011 -10"><span class='ocrx_word' id='word_1_823' title='bbox 1972 4505 2200 4555; x_wconf 84' lang='lat' dir='ltr'><strong>suarum,</strong></span> <span class='ocrx_word' id='word_1_824' title='bbox 2218 4498 2262 4541; x_wconf 84' lang='lat' dir='ltr'><strong>et</strong></span> <span class='ocrx_word' id='word_1_825' title='bbox 2285 4486 2348 4539; x_wconf 85' lang='lat' dir='ltr'><strong>de</strong></span> <span class='ocrx_word' id='word_1_826' title='bbox 2365 4485 2602 4555; x_wconf 84' lang='lat' dir='ltr'><strong>adipibus</strong></span> <span class='ocrx_word' id='word_1_827' title='bbox 2618 4484 2844 4538; x_wconf 86' lang='lat' dir='ltr'><strong>illarum.</strong></span> 
     </span>
    </p>
   </div>
   <div class='ocr_carea' id='block_1_110' title="bbox 2044 4572 3581 4649">
    <p class='ocr_par' dir='ltr' id='par_1_110' title="bbox 2044 4572 3581 4649">
     <span class='ocr_line' id='line_1_111' title="bbox 2044 4572 3581 4649; baseline -0.005 -11"><span class='ocrx_word' id='word_1_828' title='bbox 2044 4584 2099 4639; x_wconf 87' lang='grc'><strong>5.</strong></span> <span class='ocrx_word' id='word_1_829' title='bbox 2142 4582 2209 4636; x_wconf 85' lang='lat' dir='ltr'><strong>Iis</strong></span> <span class='ocrx_word' id='word_1_830' title='bbox 2235 4581 2324 4649; x_wconf 89' lang='lat' dir='ltr'><strong>qui</strong></span> <span class='ocrx_word' id='word_1_831' title='bbox 2368 4578 2574 4632; x_wconf 88' lang='lat' dir='ltr'><strong>acutius</strong></span> <span class='ocrx_word' id='word_1_832' title='bbox 2623 4576 2803 4629; x_wconf 86' lang='lat' dir='ltr'><strong>valent</strong></span> <span class='ocrx_word' id='word_1_833' title='bbox 2849 4573 3081 4640; x_wconf 90' lang='lat' dir='ltr'><strong>intueri,</strong></span> <span class='ocrx_word' id='word_1_834' title='bbox 3108 4572 3220 4643; x_wconf 88' lang='lat' dir='ltr'><strong>jam</strong></span> <span class='ocrx_word' id='word_1_835' title='bbox 3247 4588 3313 4628; x_wconf 80' lang='lat' dir='ltr'><strong>ex</strong></span> <span class='ocrx_word' id='word_1_836' title='bbox 3340 4572 3581 4630; x_wconf 82' lang='lat' dir='ltr'><strong>lectione</strong></span> 
     </span>
    </p>
   </div>
   <div class='ocr_carea' id='block_1_111' title="bbox 1974 4665 3579 4745">
    <p class='ocr_par' dir='ltr' id='par_1_111' title="bbox 1974 4665 3579 4745">
     <span class='ocr_line' id='line_1_112' title="bbox 1974 4665 3579 4745; baseline -0.006 -16"><span class='ocrx_word' id='word_1_837' title='bbox 1974 4676 2086 4745; x_wconf 61' lang='lat' dir='ltr'><strong>ipsa</strong></span> <span class='ocrx_word' id='word_1_838' title='bbox 2117 4670 2379 4742; x_wconf 86' lang='lat' dir='ltr'><strong>liquidum</strong></span> <span class='ocrx_word' id='word_1_839' title='bbox 2405 4677 2487 4723; x_wconf 90' lang='lat' dir='ltr'><strong>est</strong></span> <span class='ocrx_word' id='word_1_840' title='bbox 2512 4666 2638 4737; x_wconf 88' lang='lat' dir='ltr'><strong>quid</strong></span> <span class='ocrx_word' id='word_1_841' title='bbox 2666 4666 2871 4720; x_wconf 81' lang='lat' dir='ltr'><strong>dicatur</strong></span> <span class='ocrx_word' id='word_1_842' title='bbox 2901 4683 2914 4719; x_wconf 95' lang='lat'>:</span> <span class='ocrx_word' id='word_1_843' title='bbox 2948 4680 3133 4719; x_wconf 86' lang='lat' dir='ltr'><strong>verum</strong></span> <span class='ocrx_word' id='word_1_844' title='bbox 3177 4665 3301 4734; x_wconf 87' lang='lat' dir='ltr'><strong>quia</strong></span> <span class='ocrx_word' id='word_1_845' title='bbox 3332 4666 3579 4720; x_wconf 70' lang='lat' dir='ltr'><strong>omnium</strong></span> 
     </span>
    </p>
   </div>
   <div class='ocr_carea' id='block_1_112' title="bbox 1973 4755 3581 4825">
    <p class='ocr_par' dir='ltr' id='par_1_112' title="bbox 1973 4755 3581 4825">
     <span class='ocr_line' id='line_1_113' title="bbox 1973 4755 3581 4825; baseline -0.005 -6"><span class='ocrx_word' id='word_1_846' title='bbox 1973 4765 2126 4820; x_wconf 90' lang='lat' dir='ltr'><strong>simul</strong></span> <span class='ocrx_word' id='word_1_847' title='bbox 2157 4759 2397 4816; x_wconf 89' lang='lat' dir='ltr'><strong>habenda</strong></span> <span class='ocrx_word' id='word_1_848' title='bbox 2427 4767 2511 4814; x_wconf 90' lang='lat' dir='ltr'><strong>est</strong></span> <span class='ocrx_word' id='word_1_849' title='bbox 2537 4773 2661 4812; x_wconf 89' lang='lat' dir='ltr'><strong>cura</strong></span> <span class='ocrx_word' id='word_1_850' title='bbox 2683 4799 2697 4823; x_wconf 89' lang='lat'><strong>,</strong></span> <span class='ocrx_word' id='word_1_851' title='bbox 2722 4765 2777 4811; x_wconf 87' lang='lat' dir='ltr'><strong>et</strong></span> <span class='ocrx_word' id='word_1_852' title='bbox 2816 4755 3175 4811; x_wconf 72' lang='lat' dir='ltr'><strong>differentiam</strong></span> <span class='ocrx_word' id='word_1_853' title='bbox 3221 4764 3581 4825; x_wconf 78' lang='lat' dir='ltr'><strong>personarum</strong></span> 
     </span>
    </p>
   </div>
   <div class='ocr_carea' id='block_1_113' title="bbox 1974 4833 3572 4925">
    <p class='ocr_par' dir='ltr' id='par_1_113' title="bbox 1974 4833 3572 4925">
     <span class='ocr_line' id='line_1_114' title="bbox 1974 4833 3572 4925; baseline -0.007 -11"><span class='ocrx_word' id='word_1_854' title='bbox 1974 4860 2145 4914; x_wconf 85' lang='lat' dir='ltr'><strong>nescit</strong></span> <span class='ocrx_word' id='word_1_855' title='bbox 2161 4852 2450 4925; x_wconf 88' lang='lat' dir='ltr'><strong>spiritualis</strong></span> <span class='ocrx_word' id='word_1_856' title='bbox 2474 4850 2719 4906; x_wconf 80' lang='lat' dir='ltr'><strong>doctrina</strong></span> <span class='ocrx_word' id='word_1_857' title='bbox 2749 4866 2763 4903; x_wconf 90' lang='lat'><strong>:</strong></span> <span class='ocrx_word' id='word_1_858' title='bbox 2789 4862 2886 4919; x_wconf 87' lang='lat' dir='ltr'><strong>age</strong></span> <span class='ocrx_word' id='word_1_859' title='bbox 2905 4845 3238 4901; x_wconf 89' lang='lat' dir='ltr'><strong>manifestius</strong></span> <span class='ocrx_word' id='word_1_860' title='bbox 3254 4845 3405 4901; x_wconf 79' lang='lat' dir='ltr'><strong>vobis</strong></span> <span class='ocrx_word' id='word_1_861' title='bbox 3423 4833 3572 4903; x_wconf 76' lang='lat' dir='ltr'><strong>detc~</strong></span> 
     </span>
    </p>
   </div>
   <div class='ocr_carea' id='block_1_114' title="bbox 1975 4936 3579 5021">
    <p class='ocr_par' dir='ltr' id='par_1_114' title="bbox 1975 4936 3579 5021">
     <span class='ocr_line' id='line_1_115' title="bbox 1975 4936 3579 5021; baseline -0.006 -21"><span class='ocrx_word' id='word_1_862' title='bbox 1975 4964 2159 5021; x_wconf 81' lang='lat' dir='ltr'><strong>gamus</strong></span> <span class='ocrx_word' id='word_1_863' title='bbox 2174 4964 2290 5019; x_wconf 60' lang='lat' dir='ltr'><strong>quuj</strong></span> <span class='ocrx_word' id='word_1_864' title='bbox 2304 4945 2442 5003; x_wconf 86' lang='lat' dir='ltr'><strong>dicta</strong></span> <span class='ocrx_word' id='word_1_865' title='bbox 2459 4940 2801 5007; x_wconf 87' lang='lat' dir='ltr'><strong>sunt,iterum</strong></span> <span class='ocrx_word' id='word_1_866' title='bbox 2815 4954 2878 4994; x_wconf 88' lang='lat' dir='ltr'><strong>ea</strong></span> <span class='ocrx_word' id='word_1_867' title='bbox 2891 4936 3579 5008; x_wconf 70' lang='lat' dir='ltr'><strong>repetentes.Cuin,inquit,</strong></span> 
     </span>
    </p>
   </div>
   <div class='ocr_carea' id='block_1_115' title="bbox 1976 5027 3581 5106">
    <p class='ocr_par' dir='ltr' id='par_1_115' title="bbox 1976 5027 3581 5106">
     <span class='ocr_line' id='line_1_116' title="bbox 1976 5027 3581 5106; baseline -0.008 -11"><span class='ocrx_word' id='word_1_868' title='bbox 1976 5041 2153 5095; x_wconf 87' lang='lat' dir='ltr'><strong>obtulit</strong></span> <span class='ocrx_word' id='word_1_869' title='bbox 2175 5041 2236 5091; x_wconf 90' lang='lat' dir='ltr'><strong>de</strong></span> <span class='ocrx_word' id='word_1_870' title='bbox 2270 5034 2514 5106; x_wconf 85' lang='lat' dir='ltr'><strong>fructibus</strong></span> <span class='ocrx_word' id='word_1_871' title='bbox 2552 5044 2699 5087; x_wconf 64' lang='lat' dir='ltr'><strong>terrm</strong></span> <span class='ocrx_word' id='word_1_872' title='bbox 2721 5030 3032 5100; x_wconf 79' lang='lat' dir='ltr'><strong>sacrificium</strong></span> <span class='ocrx_word' id='word_1_873' title='bbox 3070 5027 3292 5083; x_wconf 86' lang='lat' dir='ltr'><strong>Domino</strong></span> <span class='ocrx_word' id='word_1_874' title='bbox 3322 5045 3341 5082; x_wconf 90' lang='lat'><strong><em>:</em></strong></span> <span class='ocrx_word' id='word_1_875' title='bbox 3378 5027 3581 5083; x_wconf 77' lang='lat' dir='ltr'><strong>deinde</strong></span> 
     </span>
    </p>
   </div>
   <div class='ocr_carea' id='block_1_116' title="bbox 1976 5119 3585 5191">
    <p class='ocr_par' dir='ltr' id='par_1_116' title="bbox 1976 5119 3585 5191">
     <span class='ocr_line' id='line_1_117' title="bbox 1976 5119 3585 5191; baseline -0.009 -4"><span class='ocrx_word' id='word_1_876' title='bbox 1976 5134 2160 5189; x_wconf 86' lang='lat' dir='ltr'><strong>volens</strong></span> <span class='ocrx_word' id='word_1_877' title='bbox 2183 5142 2236 5186; x_wconf 90' lang='lat' dir='ltr'><strong>et</strong></span> <span class='ocrx_word' id='word_1_878' title='bbox 2268 5130 2335 5184; x_wconf 89' lang='lat' dir='ltr'><strong>de</strong></span> <span class='ocrx_word' id='word_1_879' title='bbox 2380 5126 2511 5182; x_wconf 80' lang='lat' dir='ltr'><strong>Abel</strong></span> <span class='ocrx_word' id='word_1_880' title='bbox 2539 5126 2734 5181; x_wconf 87' lang='lat' dir='ltr'><strong>docere</strong></span> <span class='ocrx_word' id='word_1_881' title='bbox 2756 5137 2854 5178; x_wconf 92' lang='lat' dir='ltr'><strong>nos</strong></span> <span class='ocrx_word' id='word_1_882' title='bbox 2888 5122 3162 5191; x_wconf 86' lang='lat' dir='ltr'><strong>Scriptura</strong></span> <span class='ocrx_word' id='word_1_883' title='bbox 3194 5120 3372 5175; x_wconf 82' lang='lat' dir='ltr'><strong>divina</strong></span> <span class='ocrx_word' id='word_1_884' title='bbox 3408 5119 3585 5185; x_wconf 70' lang='lat' dir='ltr'><strong>dicit,</strong></span> 
     </span>
    </p>
   </div>
   <div class='ocr_carea' id='block_1_117' title="bbox 2042 5276 3396 5344">
    <p class='ocr_par' dir='ltr' id='par_1_117' title="bbox 2042 5276 3396 5344">
     <span class='ocr_line' id='line_1_118' title="bbox 2042 5276 3396 5344; baseline -0.011 -8"><span class='ocrx_word' id='word_1_885' title='bbox 2042 5292 2057 5322; x_wconf 76' lang='grc' dir='ltr'><strong>ι</strong></span> <span class='ocrx_word' id='word_1_886' title='bbox 2083 5289 2205 5343; x_wconf 77' lang='lat' dir='ltr'><strong>\‘ox,</strong></span> <span class='ocrx_word' id='word_1_887' title='bbox 2228 5282 2495 5336; x_wconf 80' lang='lat' dir='ltr'><strong>terribilem</strong></span> <span class='ocrx_word' id='word_1_888' title='bbox 2522 5280 2781 5344; x_wconf 71' lang='grc' dir='ltr'><strong>(φοϐερὸν),</strong></span> <span class='ocrx_word' id='word_1_889' title='bbox 2806 5277 2855 5326; x_wconf 91' lang='lat' dir='ltr'><strong>in</strong></span> <span class='ocrx_word' id='word_1_890' title='bbox 2878 5276 3169 5344; x_wconf 72' lang='lat' dir='ltr'><strong>quibusdam</strong></span> <span class='ocrx_word' id='word_1_891' title='bbox 3195 5276 3361 5344; x_wconf 78' lang='lat' dir='ltr'><strong>deest.</strong></span> <span class='ocrx_word' id='word_1_892' title='bbox 3386 5334 3396 5344; x_wconf 87' lang='lat'><strong>_</strong></span> 
     </span>
    </p>
   </div>
   <div class='ocr_carea' id='block_1_118' title="bbox 2040 5336 3591 5407">
    <p class='ocr_par' dir='ltr' id='par_1_118' title="bbox 2040 5336 3591 5407">
     <span class='ocr_line' id='line_1_119' title="bbox 2040 5336 3591 5407; baseline -0.01 -7"><span class='ocrx_word' id='word_1_893' title='bbox 2040 5355 2060 5384; x_wconf 84' lang='grc'>²</span> <span class='ocrx_word' id='word_1_894' title='bbox 2095 5336 2306 5399; x_wconf 75' lang='grc' dir='ltr'><strong>Ρι-οἰιοε</strong></span> <span class='ocrx_word' id='word_1_895' title='bbox 2328 5349 2431 5396; x_wconf 83' lang='lat' dir='ltr'><strong>loco</strong></span> <span class='ocrx_word' id='word_1_896' title='bbox 2467 5336 2570 5407; x_wconf 67' lang='lat' dir='ltr'><strong>qui,</strong></span> <span class='ocrx_word' id='word_1_897' title='bbox 2605 5357 2632 5391; x_wconf 88' lang='lat' dir='ltr'><strong>a</strong></span> <span class='ocrx_word' id='word_1_898' title='bbox 2664 5336 2943 5407; x_wconf 53' lang='lat' dir='ltr'><strong>vocibusfs</strong></span> <span class='ocrx_word' id='word_1_899' title='bbox 2967 5336 3434 5407; x_wconf 49' lang='lat' dir='ltr'><strong>Oblulil-p,uiltqttt:l,</strong></span> <span class='ocrx_word' id='word_1_900' title='bbox 3468 5336 3591 5384; x_wconf 50' lang='lat' dir='ltr'><strong>ede”</strong></span> 
     </span>
    </p>
   </div>
   <div class='ocr_carea' id='block_1_119' title="bbox 1976 5396 3575 5476">
    <p class='ocr_par' dir='ltr' id='par_1_119' title="bbox 1976 5396 3575 5476">
     <span class='ocr_line' id='line_1_120' title="bbox 1976 5396 3575 5476; baseline 0.001 0"><span class='ocrx_word' id='word_1_901' title='bbox 1976 5396 2412 5476; x_wconf 54' lang='lat' dir='ltr'><strong>ﬁ-miibitslet‘rtsr</strong></span> <span class='ocrx_word' id='word_1_902' title='bbox 2436 5396 2621 5476; x_wconf 66' lang='grc' dir='ltr'>νιῖδίιίιρ</span> <span class='ocrx_word' id='word_1_903' title='bbox 2645 5402 2703 5451; x_wconf 65' lang='grc' dir='ltr'><strong>δά</strong></span> <span class='ocrx_word' id='word_1_904' title='bbox 2723 5396 2885 5476; x_wconf 64' lang='grc' dir='ltr'><strong>νῼοθξέ</strong></span> <span class='ocrx_word' id='word_1_905' title='bbox 2902 5418 2931 5476; x_wconf 61' lang='grc' dir='ltr'><strong>,ε</strong></span> <span class='ocrx_word' id='word_1_906' title='bbox 2946 5406 2991 5449; x_wconf 80' lang='grc' dir='ltr'>ει</span> <span class='ocrx_word' id='word_1_907' title='bbox 3014 5396 3575 5476; x_wconf 48' lang='lat' dir='ltr'><strong>4?.“412i92iil50&#39;1993</strong></span> 
     </span>
    </p>
   </div>
   <div class='ocr_carea' id='block_1_120' title="bbox 1996 5456 3580 5536">
    <p class='ocr_par' dir='ltr' id='par_1_120' title="bbox 1996 5456 3580 5536">
     <span class='ocr_line' id='line_1_121' title="bbox 1996 5456 3580 5536; baseline 0.002 -1"><span class='ocrx_word' id='word_1_908' title='bbox 1996 5456 2468 5536; x_wconf 60' lang='grc' dir='ltr'><strong>ἰιῖέᾷὶιὶὲῑμὶῖιίεέᾶίξιπὶι</strong></span> <span class='ocrx_word' id='word_1_909' title='bbox 2492 5456 2715 5536; x_wconf 57' lang='lat' dir='ltr'><strong>piscinam</strong></span> <span class='ocrx_word' id='word_1_910' title='bbox 2730 5456 2965 5536; x_wconf 52' lang='grc' dir='ltr'><strong>θδδςξιῗίις</strong></span> <span class='ocrx_word' id='word_1_911' title='bbox 2984 5456 3580 5536; x_wconf 52' lang='grc' dir='ltr'><strong>ριόλιιριῖτὶιξίιυεένέτέξὲἒον</strong></span> 
     </span>
    </p>
   </div>
   <div class='ocr_carea' id='block_1_121' title="bbox 1994 5518 3585 5629">
    <p class='ocr_par' dir='ltr' id='par_1_121' title="bbox 1994 5518 3585 5629">
     <span class='ocr_line' id='line_1_122' title="bbox 1994 5518 3572 5594; baseline -0.011 -9"><span class='ocrx_word' id='word_1_912' title='bbox 1994 5518 2288 5591; x_wconf 40' lang='lat' dir='ltr'><strong>Echinus</strong></span> <span class='ocrx_word' id='word_1_913' title='bbox 2308 5518 2517 5589; x_wconf 63' lang='lat' dir='ltr'><strong>omissis,</strong></span> <span class='ocrx_word' id='word_1_914' title='bbox 2543 5518 2689 5576; x_wconf 62' lang='lat' dir='ltr'><strong>ell‘ert</strong></span> <span class='ocrx_word' id='word_1_915' title='bbox 2713 5518 3027 5594; x_wconf 68' lang='lat' dir='ltr'><strong>Consliuiantis</strong></span> <span class='ocrx_word' id='word_1_916' title='bbox 3057 5522 3217 5570; x_wconf 81' lang='lat' dir='ltr'><strong>Codex</strong></span> <span class='ocrx_word' id='word_1_917' title='bbox 3245 5518 3319 5589; x_wconf 52' lang='grc' dir='ltr'>ξι</span> <span class='ocrx_word' id='word_1_918' title='bbox 3342 5518 3531 5568; x_wconf 69' lang='grc' dir='ltr'>οὸέιιιιι</span> <span class='ocrx_word' id='word_1_919' title='bbox 3547 5536 3572 5563; x_wconf 75' lang='grc' dir='ltr'><strong><em>ν</em></strong></span> 
     </span>
     <span class='ocr_line' id='line_1_123' title="bbox 1998 5577 3585 5629; baseline 0 0"><span class='ocrx_word' id='word_1_920' title='bbox 1998 5597 2127 5629; x_wconf 70' lang='grc' dir='ltr'><strong>ηηηόι</strong></span> <span class='ocrx_word' id='word_1_921' title='bbox 2175 5614 2193 5629; x_wconf 76' lang='grc' dir='ltr'><strong>ι.</strong></span> <span class='ocrx_word' id='word_1_922' title='bbox 2220 5596 2280 5629; x_wconf 71' lang='lat' dir='ltr'><strong>do</strong></span> <span class='ocrx_word' id='word_1_923' title='bbox 2318 5590 2549 5629; x_wconf 59' lang='lat' dir='ltr'><strong>frurtt&#39;bns</strong></span> <span class='ocrx_word' id='word_1_924' title='bbox 2590 5596 2737 5629; x_wconf 62' lang='lat' dir='ltr'><strong>terra?</strong></span> <span class='ocrx_word' id='word_1_925' title='bbox 2774 5582 3073 5629; x_wconf 63' lang='lat' dir='ltr'><strong>maritimum</strong></span> <span class='ocrx_word' id='word_1_926' title='bbox 3115 5590 3348 5629; x_wconf 79' lang='lat' dir='ltr'><strong>Donum):</strong></span> <span class='ocrx_word' id='word_1_927' title='bbox 3394 5586 3440 5629; x_wconf 67' lang='grc' dir='ltr'>α</span> 
     </span>
    </p>
   </div>
   <div class='ocr_carea' id='block_1_122' title="bbox 1976 5582 3583 5769">
    <p class='ocr_par' dir='ltr' id='par_1_122' title="bbox 1976 5582 3583 5769">
     <span class='ocr_line' id='line_1_124' title="bbox 1976 5582 3583 5660; baseline -0.013 -12"><span class='ocrx_word' id='word_1_928' title='bbox 1976 5582 2147 5660; x_wconf 61' lang='lat' dir='ltr'><strong>inquit,</strong></span> <span class='ocrx_word' id='word_1_929' title='bbox 2175 5614 2197 5641; x_wconf 78' lang='grc' dir='ltr'><strong>ιι</strong></span> <span class='ocrx_word' id='word_1_930' title='bbox 2220 5582 2280 5644; x_wconf 81' lang='lat' dir='ltr'><strong>de</strong></span> <span class='ocrx_word' id='word_1_931' title='bbox 2314 5582 2549 5656; x_wconf 81' lang='lat' dir='ltr'><strong>fructibus</strong></span> <span class='ocrx_word' id='word_1_932' title='bbox 2590 5596 2737 5659; x_wconf 64' lang='lat' dir='ltr'><strong>terra!</strong></span> <span class='ocrx_word' id='word_1_933' title='bbox 2774 5582 3073 5655; x_wconf 68' lang='lat' dir='ltr'><strong>sacrificium</strong></span> <span class='ocrx_word' id='word_1_934' title='bbox 3115 5582 3348 5642; x_wconf 85' lang='lat' dir='ltr'><strong>Domino;</strong></span> <span class='ocrx_word' id='word_1_935' title='bbox 3394 5586 3440 5629; x_wconf 82' lang='lat' dir='ltr'><strong>et</strong></span> <span class='ocrx_word' id='word_1_936' title='bbox 3462 5582 3583 5629; x_wconf 68' lang='lat' dir='ltr'><strong>Abel</strong></span> 
     </span>
     <span class='ocr_line' id='line_1_125' title="bbox 1977 5640 3583 5769; baseline -0.012 -58"><span class='ocrx_word' id='word_1_937' title='bbox 1977 5655 2434 5769; x_wconf 45' lang='lat' dir='ltr'><strong>letlt’ﬁlsuifgpg:uipse</strong></span> <span class='ocrx_word' id='word_1_938' title='bbox 2460 5652 2519 5702; x_wconf 84' lang='lat' dir='ltr'><strong>tle</strong></span> <span class='ocrx_word' id='word_1_939' title='bbox 2542 5656 2869 5713; x_wconf 80' lang='lat' dir='ltr'><strong>prtmogemtts</strong></span> <span class='ocrx_word' id='word_1_940' title='bbox 2901 5657 3059 5698; x_wconf 77' lang='lat' dir='ltr'><strong>ortum</strong></span> <span class='ocrx_word' id='word_1_941' title='bbox 3084 5655 3300 5697; x_wconf 71' lang='lat' dir='ltr'><strong>suarum.</strong></span> <span class='ocrx_word' id='word_1_942' title='bbox 3323 5640 3454 5694; x_wconf 79' lang='lat' dir='ltr'><strong>etde</strong></span> <span class='ocrx_word' id='word_1_943' title='bbox 3470 5641 3583 5693; x_wconf 77' lang='lat' dir='ltr'><strong>ad:-</strong></span> 
     </span>
    </p>
   </div>
   <div class='ocr_carea' id='block_1_123' title="bbox 1978 5720 2353 5785">
    <p class='ocr_par' dir='ltr' id='par_1_123' title="bbox 1978 5720 2353 5785">
     <span class='ocr_line' id='line_1_126' title="bbox 1978 5720 2353 5785; baseline -0.019 -13"><span class='ocrx_word' id='word_1_944' title='bbox 1978 5722 2117 5785; x_wconf 80' lang='lat' dir='ltr'><strong>pibus</strong></span> <span class='ocrx_word' id='word_1_945' title='bbox 2139 5720 2353 5769; x_wconf 81' lang='lat' dir='ltr'><strong>illarum.</strong></span> 
     </span>
    </p>
   </div>
  </div>
