4058 6302
485 318 582 372 υιδ

475 431 614 500 quod
643 442 696 486 et
740 432 861 502 ipse
891 431 960 488 de
1007 446 1102 489 sua
1127 442 1270 499 arte,
1317 447 1510 501 nempe
1546 429 1860 502 pastoritia,
1899 442 2052 484 suum

476 524 712 579 attulerit
744 524 1081 580 sacriﬁcium.
1113 523 1305 578 Obtulit
1328 524 1468 578 enim
1491 563 1508 589 ,
1551 521 1749 590 inquit,
1778 531 1825 574 et
1859 521 1966 589 ipse
1998 519 2060 571 de

479 614 828 686 pritnogcnitis
866 615 1030 670 ovium
1069 630 1279 668 sitarum
1314 654 1328 678 ,
1381 623 1429 667 et
1469 613 1532 667 de
1574 612 1808 682 adipibus
1835 611 2056 664 illarum.

479 703 716 759 Observa
745 704 1010 775 quomodo
1031 705 1182 761 nobis
1209 703 1534 774 pientissima
1564 704 1704 759 illius
1725 716 1872 757 mens
1901 700 2063 770 signi-

483 792 698 858 ﬁcetur,
731 802 785 848 et
812 808 916 848 non
962 803 1164 848 tantum
1198 793 1267 850 de
1302 793 1486 848 ovibus
1515 792 1801 857 obtulerit,
1833 789 1955 853 sed,
1984 786 2063 840 De

487 883 866 954 primogenitis,
910 882 1011 938 hoc
1034 890 1118 938 est
1137 925 1152 950 ,
1182 884 1250 938 de
1291 881 1686 953 pretiosissimis
1707 922 1722 946 ,
1753 887 1805 935 et
1834 877 2063 933 maxime

478 972 692 1028 eximiis
723 990 738 1027 :
763 970 957 1028 deinde
983 982 1038 1028 et
1065 989 1133 1028 ex
1161 973 1266 1028 illis
1302 972 1433 1043 ipsis
1459 970 1821 1042 primogenitis
1861 969 2060 1040 pretio-

456 1062 690 1120 sissima
734 1077 994 1140 quaeque:
1041 1062 1106 1118 Et
1153 1065 1216 1118 de
1263 1063 1537 1134 adipibus,
1584 1062 1782 1134 inquit,
1822 1061 2062 1126 illarum,

486 1151 588 1208 hoc
614 1161 716 1219 est,
735 1153 802 1208 de
824 1153 1185 1225 pinguissimis
1203 1165 1258 1211 et
1282 1155 1518 1224 optimis.
1550 1154 1625 1209 De
1650 1153 1777 1209 Cain
1804 1151 1932 1206 nihil
1961 1153 2064 1206 tale

485 1240 793 1298 adnotatum
813 1253 894 1300 est
922 1261 937 1302 :
958 1244 1058 1300 sed
1084 1244 1339 1300 obtulisse
1362 1247 1377 1277 ¹
1395 1244 1478 1300 De
1501 1245 1730 1315 frugibus
1752 1253 1901 1296 terra:
1917 1241 2069 1295 sarri-

489 1333 660 1400 ﬁcitmt
686 1349 706 1387 :
745 1334 897 1404 quasi
957 1334 1192 1402 diceret,
1241 1337 1646 1406 qualiacumque
1668 1334 2022 1389 obvcniebant
2047 1372 2064 1398 ,

491 1421 630 1476 nulla
678 1421 744 1476 ad
773 1422 1040 1478 delectum
1082 1425 1504 1497 adhibitaopera
1531 1424 1615 1479 vel
1641 1423 1935 1494 diligentia.
1965 1422 2065 1479 lte-

491 1525 611 1565 rum
631 1511 769 1576 dico,
794 1521 848 1567 et
867 1513 1045 1569 dicere
1066 1530 1170 1570 non
1197 1515 1452 1571 cessabo:
1478 1530 1582 1570 non
1607 1515 1730 1584 quia
1752 1515 1889 1569 Deus
1910 1513 2070 1570 rebus

490 1601 687 1655 nostris
715 1601 942 1672 indiget,
984 1603 1156 1659 oblata
1186 1604 1438 1672 suscipit,
1488 1605 1581 1659 sed
1619 1605 1727 1658 vult
1750 1612 1806 1658 et
1826 1618 1920 1673 per
1956 1603 2071 1659 haec

490 1688 697 1744 ostendi
725 1698 932 1759 gratum
960 1698 1201 1746 nostrum
1231 1692 1489 1748 animum.
1519 1691 1648 1748 Nam
1687 1707 1810 1747 eum
1834 1693 1922 1762 qui
1961 1692 2072 1746 Deo

493 1779 776 1848 oﬂ‘erebat,
807 1788 860 1836 et
883 1780 1142 1838 oll‘erebat
1174 1797 1242 1838 ex
1265 1783 1331 1838 iis
1363 1797 1482 1853 qua:
1513 1783 1604 1838 Dei
1651 1790 1807 1848 sunt,
1839 1797 1958 1836 eum
1989 1781 2073 1836 in-

496 1868 756 1940 telligeret
800 1881 1054 1940 quantum
1080 1871 1318 1929 differret
1357 1882 1544 1928 natura
1567 1914 1584 1940 ,
1614 1882 1668 1928 et
1694 1888 1754 1929 se
1796 1874 2068 1944 hominem

499 1967 701 2013 tantum
751 1958 969 2016 honoris
1009 1963 1253 2017 sortitum
1300 1976 1454 2028 esse,
1485 1963 1792 2034 oportebat,
1821 1973 2074 2034 quantum

498 2049 611 2103 ﬁeri
630 2058 1061 2138 "poteratusuum
1091 2052 1278 2108 testari
1305 2052 1537 2108 ofﬁcium
1555 2094 1572 2120 ,
1602 2064 1657 2110 et
1695 2054 2076 2123 pretiosissima

493 2138 709 2196 oll'erre.
737 2140 843 2196 Sed
873 2141 1028 2208 ride,
1055 2142 1281 2199 obsecro
1304 2184 1320 2210 ,
1348 2143 1557 2199 dilecte.
1594 2143 1769 2200 Habes
1797 2143 1884 2200 hic
1922 2158 2078 2199 occa-

498 2229 677 2283 siones
703 2238 762 2282 ut
798 2229 939 2299 quod
969 2239 1180 2300 oportet
1217 2233 1623 2303 cotitempleris,
1667 2233 1860 2288 merito
1889 2246 2076 2302 pmnas

498 2315 646 2380 luere
689 2332 811 2372 eum
864 2318 954 2387 qui
999 2332 1148 2373 suam
1193 2319 1264 2374 ob
1304 2319 1564 2390 ignaviam
1615 2321 1792 2390 prodit
1831 2321 2075 2376 salutem.

496 2405 677 2476 Neque
707 2408 848 2462 enim
878 2409 966 2464 ille
991 2408 1266 2465 doctorem
1295 2411 1520 2482 aliquem
1546 2411 1759 2479 habuit,
1799 2427 1971 2482 neque
1996 2413 2080 2467 hic

499 2507 873 2566 suggerentem
898 2506 955 2553 et
991 2499 1384 2568 consiliarium,
1429 2501 1524 2557 sed
1554 2511 1780 2572 uterque
1799 2503 2079 2558 conscien-

503 2586 591 2642 tize
618 2601 729 2644 sua:
757 2590 1092 2660 magisterio,
1135 2601 1190 2646 et
1239 2585 1496 2662 sapientia
1541 2592 1799 2650 divinitus
1842 2594 2074 2650 humano

502 2677 686 2746 generi
722 2678 1087 2748 suppeditata,
1133 2681 1199 2734 ad
1243 2680 1381 2736 hanc
1423 2681 1745 2737 oblationem
1789 2684 2078 2740 incitatur:

503 2770 596 2823 sed
626 2769 937 2824 excellentia
956 2771 1209 2840 propositi
1235 2780 1290 2827 et
1314 2773 1602 2830 voluntatis
1642 2773 1894 2845 segnities
1938 2771 2080 2828 illius

503 2855 714 2927 quidem
743 2860 1166 2930 acceptissimam
1196 2861 1319 2916 fecit
1339 2862 1664 2918 oblationem
1684 2903 1700 2930 ,
1730 2863 1886 2932 hujus
1903 2872 2082 2918 autem

509 2948 856 3016 repudiatam.
887 2948 954 3002 Et
981 2951 1175 3020 aspexit
1189 2948 1557 3019 DeusadAbel,
1577 2962 1624 3006 et
1646 2952 1713 3005 ad
1735 2951 1870 3006 dona
1898 2953 2079 3024 ipsius.

516 3037 648 3093 Vide
685 3038 954 3108 quomodo
992 3039 1241 3110 impletur
1283 3039 1369 3095 hic
1407 3040 1547 3110 quod
1592 3041 1644 3096 in
1686 3043 1961 3113 evangelio
2002 3055 2084 3098 est

505 3125 741 3182 dictum:
775 3126 935 3182 Primi
963 3137 1119 3183 erunt
1147 3129 1346 3194 ultimi,
1375 3139 1428 3185 et
1473 3131 1640 3185 ultimi
1687 3132 1839 3201 primi
1866 3130 2081 3203 (Matth.

507 3215 594 3272 ιθ.
625 3216 713 3273 so.
744 3215 906 3270 um.
943 3218 1028 3272 to.
1058 3218 1146 3273 δι.
1176 3217 1302 3273 Luc.
1339 3220 1423 3274 is.
1458 3219 1586 3291 se).
1633 3221 1770 3276 Ecce
1813 3222 1954 3276 enim
1993 3222 2084 3291 qui

507 3306 577 3360 ob
620 3305 1085 3375 primogenituram
1126 3307 1455 3377 privilegium
1501 3308 1758 3374 habebat,
1786 3318 1842 3364 et
1865 3323 1962 3376 pro
1982 3309 2086 3364 nde

508 3394 656 3464 prior
699 3394 984 3461 offerebat,
1016 3397 1193 3449 minor
1237 3396 1384 3451 visus
1416 3404 1499 3452 est
1524 3395 1705 3463 fratre,
1739 3399 1905 3468 utqui
1931 3413 2086 3456 secus

507 3485 723 3542 offerret
740 3502 896 3555 quam
918 3487 1212 3555 oportebat.
1235 3486 1366 3542 Nam
1383 3501 1502 3541 cum
1527 3496 1750 3559 uterque
1772 3488 2080 3554 obtulisset,

511 3576 641 3629 dicit
664 3575 840 3630 divina
860 3575 1128 3644 Scriptura
1156 3592 1169 3628 :
1200 3576 1268 3629 Et
1295 3577 1489 3646 aspexit
1519 3575 1654 3631 Detts
1673 3577 1742 3630 ad
1763 3576 1917 3644 Abel,
1946 3587 1996 3632 et
2018 3578 2086 3631 ad

511 3666 645 3719 dona
679 3667 809 3733 ejus.
851 3665 986 3732 Quid
1016 3674 1133 3730 est,
1163 3665 1231 3721 Et
1251 3667 1491 3738 σφαιῖὶιῖ
1518 3666 1572 3721 Id
1597 3675 1711 3732 est,
1738 3669 2080 3738 approbavit,

516 3755 748 3811 laudavit
788 3766 1054 3822 mentem,
1105 3760 1377 3812 coronavit
1431 3759 1787 3824 voluntatem,
1833 3769 1888 3814 et
1937 3761 2086 3830 quasi

512 3847 631 3913 quis
671 3846 844 3912 dicat,
889 3846 1024 3900 tacto
1063 3857 1344 3902 contentus
1387 3847 1501 3902 fuit.
1545 3847 1675 3902 Nam
1705 3859 1760 3904 et
1801 3850 1845 3904 si
1885 3849 1952 3904 de
1981 3850 2089 3904 Deo

514 3933 808 4003 loquimur,
853 3942 906 3988 et
950 3933 1016 3990 de
1043 3935 1325 3990 immortali
1356 3943 1542 3992 natura
1572 3937 1781 4006 aperire
1823 3952 1886 3992 os
1926 3939 2088 3994 aude-

517 4039 668 4089 mus,
701 4025 824 4092 sed,
853 4039 972 4080 cum
1013 4025 1258 4082 homines
1286 4027 1480 4088 simus,
1513 4042 1618 4081 non
1661 4041 1941 4096 possumus
1975 4027 2091 4084 lucc

514 4114 668 4168 aliter
678 4129 831 4183 quam
851 4129 942 4183 per
957 4116 1181 4185 linguam
1197 4116 1488 4186 percipere.
1504 4116 1732 4171 Attende
1749 4132 1858 4172 rem
1878 4118 2084 4171 miram.

518 4203 756 4270 Aspexit,
776 4204 962 4274 inquit,
989 4203 1123 4259 Deus
1148 4206 1215 4258 ad
1240 4207 1382 4271 Abel,
1399 4206 1521 4260 clad
1542 4207 1673 4260 dona
1697 4207 1871 4276 ipsius.
1903 4206 2090 4262 Ovium

517 4294 838 4350 oblationem
864 4295 1000 4351 dona
1033 4297 1275 4351 vocavit:
1317 4297 1436 4366 quia
1478 4299 1738 4365 pretiosa,
1783 4296 1973 4350 eximia
1994 4337 2008 4362 ,
2038 4305 2092 4352 et

522 4388 856 4442 immaculata
884 4387 1168 4443 obtulerat.
1214 4388 1436 4456 Aspexit
1462 4386 1620 4457 igitur
1647 4387 1711 4442 ad
1737 4386 1940 4457 ipsum,
1972 4387 2093 4456 quia

523 4494 654 4558 sano
683 4488 737 4534 ct
760 4478 967 4534 sincero
992 4482 1170 4534 animo
1200 4480 1498 4546 obtulerat;
1537 4490 1591 4536 et
1619 4481 1684 4534 ad
1713 4481 1850 4536 dona
1881 4481 2056 4536 oblata
2076 4521 2091 4546 ,

522 4587 625 4626 non
660 4571 801 4640 quod
828 4571 986 4626 nullis
1026 4571 1247 4625 maculis
1292 4586 1505 4641 aspersa
1549 4580 1752 4627 tantum
1774 4613 1788 4639 ,
1833 4571 1925 4627 sed
1952 4571 2094 4642 quod

522 4664 666 4719 omni
696 4678 761 4718 ex
809 4671 955 4731 parte
997 4663 1228 4732 pretiosa
1259 4669 1443 4722 erant,
1477 4669 1586 4714 tum
1628 4664 1696 4716 ob
1726 4671 1957 4717 mentem
1981 4661 2097 4730 ejus

521 4757 609 4824 qui
657 4755 948 4819 obtulerat,
993 4764 1101 4808 tum
1139 4753 1279 4823 quod
1330 4751 1675 4821 primogenita
1724 4761 1907 4818 erant,
1936 4760 1989 4806 et
2031 4767 2096 4806 ex

529 4845 630 4897 illis
670 4844 1020 4905 electissima,
1068 4852 1122 4896 et
1149 4858 1214 4896 ex
1261 4841 1503 4910 adipibus
1549 4842 1709 4911 ipsis,
1742 4841 1842 4895 hoc
1887 4851 2002 4906 est,
2031 4856 2099 4894 ex

528 4935 738 5004 optimis
767 4935 982 5001 optima.
1011 4933 1076 4986 Et
1120 4934 1311 5001 aspexit
1337 4931 1473 4986 Deus
1515 4933 1582 4985 ad
1611 4931 1732 4985 Abel
1754 4974 1767 4997 ,
1807 4942 1853 4985 et
1877 4931 1942 4984 ad
1969 4932 2100 4985 dona

528 5026 724 5092 ipsius:
755 5025 803 5079 5.
833 5025 899 5076 ad
941 5024 1064 5078 Cain
1100 5034 1265 5076 autem
1295 5065 1309 5088 ,
1349 5034 1394 5076 ct
1423 5026 1491 5076 ad
1514 5024 1765 5093 sacriﬁcia
1803 5024 1961 5093 ipsius
1999 5041 2101 5077 non

530 5116 757 5169 attendit.
783 5114 917 5180 Quid
943 5123 1081 5169 recta
1107 5114 1397 5168 intentione
1415 5154 1428 5177 ,
1455 5123 1507 5167 et
1536 5113 1739 5167 sincera
1762 5122 1936 5168 mente
1956 5114 2099 5167 obtu-

532 5209 666 5263 lerat
711 5207 876 5273 Abel,
910 5208 1148 5278 Aspexit,
1191 5206 1388 5274 inquit,
1418 5203 1591 5267 Deus,
1648 5206 1746 5259 hoc
1787 5217 1905 5270 est,
1943 5220 2100 5263 accc-

532 5300 639 5368 pit,
671 5306 878 5366 gratum
903 5295 1115 5361 habuit,
1147 5294 1374 5348 laudavit
1404 5311 1417 5357 ;
1445 5305 1698 5347 caeterum
1741 5295 1912 5348 oblata
1941 5309 2100 5348 voca-

537 5390 609 5442 vit
657 5389 829 5454 dona,
899 5397 955 5442 ut
1007 5403 1100 5457 per
1149 5387 1252 5441 hoc
1308 5386 1580 5441 oiTercntis
1624 5386 1802 5439 animo
1849 5385 2099 5451 majorem

533 5480 792 5531 honorem
835 5477 1111 5546 prmberet.
1158 5476 1236 5528 Ad
1274 5475 1397 5529 Cain
1443 5487 1640 5540 autent,
1687 5485 1732 5528 et
1769 5476 1834 5526 ad
1859 5474 2104 5542 sacriﬁcia

532 5569 670 5622 illius
720 5585 816 5620 non
855 5569 1083 5621 attendit.
1133 5566 1504 5622 Animadverte
1547 5566 1836 5634 Scriptura:
1886 5564 2103 5633 diligen-

599 5707 611 5733 '
651 5702 786 5752 :avil.
817 5709 862 5751 et
887 5705 1097 5764 quinth
1120 5709 1245 5762 Mss,
1283 5702 1367 5750 scd
1401 5698 1512 5763 quid
1539 5699 1563 5750 ."

1187 317 1244 376 S.
1286 315 1562 376 JOANNIS
1594 309 2065 372 ειιῐιγεοετυιιι
2105 311 2424 371 ARCHIEP.
2463 313 3000 374 CONSTANTINOP.

3642 312 3747 371 158

2171 430 2298 485 tiam
2325 433 2366 485 ί.
2391 428 2524 486 Cum
2552 431 2702 493 dixit.
2735 429 2854 484 Non
2877 429 3109 494 attendit,
3145 427 3457 483 monstravit
3493 426 3748 496 reproba—

2166 521 2364 576 tionem
2393 521 2687 577 oblatorum
2712 537 2726 574 :
2755 529 2952 575 etcum
2974 518 3271 574 oblationes
3301 516 3565 572 fructuum
3587 527 3751 571 terrm

2164 612 2422 669 sacriﬁcia
2471 621 2661 677 vocat,
2709 610 2854 666 aliud
2906 626 3004 666 nos
3059 609 3233 665 docet.
3286 607 3422 663 Vide
3477 606 3754 677 quomodo

2169 718 2263 772 per
2305 701 2443 758 facta
2481 712 2536 758 et
2582 702 2744 758 verba
2774 703 2889 772 ipsa
2937 700 3131 756 doceat
3182 698 3480 762 Dominus,
3526 711 3586 751 se
3631 694 3752 751 haec

2173 793 2350 847 omnia
2396 807 2427 847 a
2472 792 2628 848 nobis
2660 792 2795 846 velle
2826 789 3061 860 praeteri
3088 830 3103 854 ,
3152 799 3210 843 ut
3249 787 3412 843 animi
3439 786 3606 842 nostri
3654 801 3756 855 per

2167 898 2230 938 ea
2272 898 2391 953 qua:
2427 897 2458 936 a
2505 881 2655 936 nobis
2699 881 2870 946 ﬁunt,
2917 878 3184 935 manifesti
3228 877 3556 942 reddantur,
3601 881 3656 930 et
3695 885 3756 929 ut

2168 974 2401 1027 sciamus
2436 984 2536 1027 nos
2580 971 2856 1026 Dominum
2913 969 3111 1025 habere
3141 977 3200 1024 et
3238 965 3579 1023 Conditorem
3625 979 3752 1023 cum

2169 1063 2260 1132 qui
2289 1077 2352 1117 ex
2403 1061 2570 1115 nihilo
2599 1069 2778 1116 nosut
2824 1073 3065 1116 essemus
3112 1057 3376 1127 produxit.
3423 1055 3564 1111 Oves
3605 1055 3752 1110 enim

2173 1165 2392 1208 munera
2440 1150 2763 1206 nominando
2809 1149 2989 1204 divina
3029 1148 3336 1217 Scriptura,
3370 1154 3523 1200 terra:
3574 1152 3753 1198 autem

2173 1241 2375 1297 fructus
2408 1239 2665 1296 sacriﬁcia
2719 1236 3078 1308 appellando,
3129 1237 3407 1292 doeetnos
3471 1234 3755 1288 Dominum

2176 1346 2346 1400 neque
2374 1338 2431 1385 ut
2472 1329 2625 1384 bruta
2650 1328 3008 1392 adducantur,
3053 1341 3226 1396 neque
3266 1333 3326 1380 ut
3350 1333 3508 1380 terra:
3555 1322 3761 1377 fruetus

2173 1423 2468 1478 offerantur
2488 1461 2504 1488 ,
2535 1420 2628 1477 sed
2659 1429 2864 1476 tantum
2907 1417 3100 1474 mentis
3135 1415 3468 1472 aliectionem
3495 1427 3757 1483 quatere.

2176 1512 2329 1569 Unde
2355 1521 2410 1567 et
2438 1525 2580 1566 nunc
2607 1519 2824 1581 propter
2851 1507 3046 1564 mentis
3065 1505 3400 1562 allectiouem
3425 1503 3514 1559 ille
3538 1503 3754 1574 quidem

2175 1618 2296 1659 cum
2324 1603 2482 1657 donis
2524 1601 2846 1671 approbatus
2875 1607 2994 1665 est,
3019 1607 3074 1652 et
3113 1605 3298 1668 gratus
3326 1595 3426 1650 fuit
3451 1611 3470 1649 :
3500 1595 3603 1650 iste
3631 1608 3764 1650 vero

2173 1710 2294 1752 cum
2321 1693 2585 1750 sacriﬁcio
2603 1707 2701 1748 suo
2721 1692 2952 1760 rejectus
2967 1697 3069 1744 est.
3089 1687 3220 1744 Illud
3241 1695 3416 1743 autem
3433 1728 3450 1754 ,
3469 1686 3673 1756 Aspait
3693 1684 3766 1739 ad

2177 1785 2330 1851 Abel,
2358 1795 2403 1838 et
2425 1783 2493 1838 ad
2512 1797 2721 1837 munera
2741 1782 2900 1849 ipsius
2922 1819 2940 1847 ,
2962 1778 3030 1833 ad
3055 1776 3183 1834 Cain
3203 1787 3370 1831 autem
3388 1816 3404 1841 ,
3425 1784 3470 1830 et
3489 1775 3563 1828 ad
3610 1773 3766 1827 sacri-

2179 1878 2298 1948 ficia
2340 1877 2478 1931 illius
2520 1891 2622 1928 non
2670 1872 2916 1939 attendit,
2965 1871 3038 1925 ita
3086 1868 3449 1940 intelligamus
3492 1874 3554 1921 ut
3596 1865 3764 1920 Deum

2180 1967 2355 2024 decet.
2388 1965 2516 2020 Vult
2543 1965 2685 2020 enim
2729 1963 2945 2028 dicere,
2978 1961 3146 2016 Deum
3176 1958 3281 2014 illis
3310 1966 3492 2013 notum
3540 1955 3765 2022 iecisse,

2180 2075 2240 2117 se
2260 2061 2401 2117 illius
2416 2058 2711 2130 approbare
2732 2056 3078 2120 voluntatem,
3109 2051 3265 2121 hujus
3299 2060 3476 2106 autem
3502 2048 3768 2118 repellere

2181 2150 2444 2220 ingratum
2473 2147 2726 2202 animum.
2757 2142 3072 2214 Huiusmodi
3090 2152 3217 2197 sunt
3238 2155 3299 2196 ea
3315 2153 3438 2209 qua
3463 2153 3493 2193 a
3511 2139 3622 2193 Deo
3644 2145 3764 2192 acta

2182 2240 2361 2295 fuere:
2393 2238 2668 2294 videamus
2694 2245 2872 2292 autem
2913 2232 3210 2304 sequentia.
3233 2231 3301 2286 Et
3345 2230 3551 2286 tristitia
3593 2227 3766 2296 alet-it

2183 2332 2309 2386 Cain
2331 2329 2478 2384 caldo
2501 2327 2577 2399 (ο)
2594 2369 2611 2395 ,
2638 2337 2685 2382 et
2712 2325 2932 2380 concidit
2946 2325 3110 2378 vultus
3131 2323 3261 2392 ejus.
3291 2319 3428 2388 Quid
3461 2330 3562 2384 est,
3591 2317 3652 2372 Et
3679 2318 3772 2372 tri-

2181 2424 2321 2479 stitia
2359 2421 2532 2489 infecit
2573 2419 2701 2475 Cain
2743 2418 2932 2473 valde?
2957 2415 3164 2487 Duplex
3189 2413 3264 2471 illi
3300 2413 3511 2468 tristitia
3548 2408 3767 2473 accidit,

2181 2526 2288 2568 non
2315 2521 2522 2566 tantum
2567 2509 2710 2580 quod
2754 2508 2902 2563 solus
2943 2507 3058 2577 ipse
3103 2503 3450 2575 repudiatus,
3477 2500 3572 2557 sed
3626 2498 3774 2568 quod

2187 2601 2368 2656 fratris
2421 2599 2621 2656 donum
2682 2604 2958 2666 acceptum
3010 2593 3189 2649 fuerit.
3240 2589 3311 2645 Et
3355 2590 3559 2644 tristitia
3601 2587 3776 2654 alecit

2183 2691 2311 2747 Cain
2337 2691 2502 2755 valde,
2529 2699 2578 2744 et
2602 2688 2820 2744 concidit
2845 2687 3011 2742 cultas
3049 2685 3209 2739 illius.
3240 2682 3376 2750 Quid
3418 2680 3595 2736 ail'ecit
3621 2677 3784 2734 illum
3803 2689 3820 2704 ’-

2187 2782 2432 2839 tristitia?
2475 2781 2708 2850 Utraque
2749 2779 2863 2833 htec
2887 2776 3042 2832 valde
3091 2775 3306 2830 tristitia
3348 2773 3670 2836 ail'ecerunt,
3716 2777 3777 2824 ct

2185 2871 2328 2944 quod
2368 2871 2622 2925 Dominus
2663 2883 2769 2922 non
2815 2865 3101 2922 attenderit
3144 2863 3460 2920 sacriﬁcium
3504 2861 3690 2932 ipsius,
3717 2868 3780 2914 et

2182 2960 2324 3032 quod
2367 2959 2566 3014 donum
2609 2956 2788 3012 fratris
2827 2962 3103 3025 acceptum
3145 2952 3196 3008 ei
3233 2951 3416 3006 fuerit.
3445 2949 3575 3025 Cum
3615 2949 3779 3018 igitur

2184 3065 2319 3122 Opus
2345 3059 2489 3106 esset
2505 3058 2576 3127 ιιι
2602 3048 2666 3113 is,
2696 3044 2785 3118 q'ui
2830 3046 3085 3103 delictum
3112 3042 3420 3107 admiserat,
3451 3040 3577 3096 illud
3603 3042 3776 3095 θοι-τίς

2187 3153 2373 3213 geret:
2407 3139 2661 3196 Dominus
2704 3136 2847 3192 enim
2876 3134 3112 3190 clemens
3139 3147 3262 3188 cum
3285 3131 3377 3198 sit,
3408 3146 3514 3184 non
3541 3138 3646 3184 tam
3675 3143 3775 3184 nos

2187 3240 2462 3288 aversatur
2490 3232 2534 3284 si
2564 3227 2956 3296 delinquamus,
2989 3237 3147 3293 quam
3182 3222 3227 3276 si
3257 3221 3312 3276 in
3336 3218 3532 3274 delicto
3558 3232 3776 3289 perma—

2189 3336 2409 3380 neamus
2441 3336 2457 3373 :
2489 3319 2579 3374 ille
2603 3325 2787 3373 contra
2813 3315 3012 3369 nullam
3034 3312 3148 3383 ejus
3165 3311 3420 3366 rationem
3448 3309 3656 3364 habuit.

2258 3414 2314 3468 6.
2343 3410 2554 3466 Bonitas
2578 3407 2674 3462 Dei
2733 3419 2854 3476 erga
2895 3403 3129 3459 Caium.
3177 3400 3246 3456 In
3288 3399 3620 3455 oblationibus
3652 3397 3776 3467 quid

2188 3503 2569 3561 obseruandum.
2596 3529 2669 3540 —
2706 3499 2772 3554 Et
2797 3505 2855 3552 ut
2880 3497 2982 3552 hoc
3019 3493 3293 3551 evidenter
3327 3489 3571 3556 scias,~et
3620 3488 3776 3545 beni-

2189 3594 2410 3667 gnitatis
2464 3590 2632 3661 ipsius
2689 3587 3103 3659 magnitudinem
3160 3581 3483 3639 ineli‘abilem
3545 3579 3726 3636 videas
3753 3618 3774 3646 ,

2193 3683 2310 3739 vide
2374 3696 2443 3738 ex
2499 3680 2584 3735 bis
2638 3693 2758 3750 qua:
2814 3689 2956 3732 nunc
3005 3674 3138 3729 ﬁunt
3183 3673 3436 3728 bonitatis
3484 3671 3625 3726 illius
3676 3685 3777 3725 cx-

2189 3774 2524 3837 cellentiam,
2568 3779 2623 3825 et
2659 3768 2924 3839 patientia:
2968 3764 3406 3835 magnitudinem.
3454 3762 3586 3818 Nam
3631 3770 3781 3831 post-

2191 3879 2348 3934 quam
2399 3862 2531 3917 vidit
2569 3860 2715 3916 illum
2769 3872 2929 3927 supra
2982 3856 3194 3911 modum
3250 3863 3527 3917 maestum,
3571 3860 3654 3916 et,
3723 3859 3789 3905 ut

2195 3958 2265 4010 ita
2290 3955 2483 4019 dicam,
2510 3967 2539 4006 a
2566 3951 2792 4007 tristitia:
2816 3948 3062 4004 ﬂuctibus
3089 3945 3423 4002 submersum
3455 3943 3539 4010 iri,
3559 3956 3663 3996 non
3680 3940 3785 3996 de~

2195 4047 2387 4114 spexit,
2409 4043 2503 4099 sed
2528 4058 2684 4113 quam
2713 4057 2834 4112 erga
2859 4050 3060 4110 patrem
3084 4038 3249 4109 ipsius
3273 4035 3649 4101 benignitatem
3674 4031 3784 4086 de-

2193 4138 2490 4192 claraverat
2508 4175 2522 4198 ,
2541 4132 2675 4187 dans
2698 4131 2773 4184 illi
2792 4129 3148 4185 satisfaciendi
3169 4125 3477 4182 occasiones
3505 4131 3624 4194 post
3648 4137 3781 4192 gra-

2195 4242 2316 4283 vem
2353 4226 2501 4281 illum
2540 4227 2742 4294 lapsum
2764 4263 2780 4289 ,
2822 4236 2884 4276 ac
2927 4219 3132 4275 ﬁducia:
3170 4219 3385 4287 januam
3413 4216 3654 4285 aperiens
3676 4255 3689 4280 ,
3718 4223 3785 4269 et

2193 4321 2413 4376 dicens:
2444 4318 2542 4374 Ubi
2567 4315 2914 4374 es?eamdem
2944 4324 2994 4369 et
3025 4325 3168 4368 nunc
3187 4325 3312 4382 erga
3338 4309 3600 4379 ingratum
3624 4307 3783 4360 illum

2196 4412 2466 4474 declarat,
2512 4422 2728 4464 manum
2775 4405 2848 4460 illi
2888 4403 3037 4475 quasi
3074 4403 3126 4457 in
3164 4415 3406 4473 praeceps
3432 4397 3575 4454 eunti
3603 4398 3785 4466 porri-

2203 4516 2374 4571 gens;
2419 4510 2475 4556 et
2511 4499 2844 4554 occasionem
2887 4495 3124 4565 praebere
3167 4491 3387 4556 volens,
3431 4500 3488 4542 nt
3527 4486 3786 4542 delictum

2201 4590 2468 4660 corrigat,
2515 4589 2588 4642 illi
2637 4588 2766 4642 dicit
2811 4603 2825 4638 :
2875 4586 2929 4639 6.
2977 4584 3144 4648 Quare
3183 4592 3384 4636 incestus
3423 4587 3585 4648 {actus
3612 4577 3790 4631 ατε(

2199 4697 2355 4750 quare
2386 4679 2598 4733 concidit
2634 4678 2798 4732 vultus
2838 4685 2950 4730 tuus
2970 4675 2996 4727 .’
3034 4675 3087 4727 7.
3128 4671 3343 4735 Nonne,
3367 4672 3410 4723 si
3435 4677 3561 4723 recte
3584 4668 3789 4722 obtule-

2202 4774 2292 4837 ris,
2319 4780 2450 4824 recte
2481 4779 2648 4823 autem
2677 4784 2775 4822 non
2805 4767 3054 4829 diriseris,
3087 4762 3345 4834 peccasti?
3368 4762 3594 4829 Quiesce.
3627 4761 3707 4814 Ad
3735 4771 3791 4815 te

2201 4861 2450 4916 conversio
2473 4861 2609 4912 illius
2629 4901 2642 4923 ,
2671 4867 2716 4911 et
2739 4868 2791 4910 tu
2816 4857 2953 4910 illius
2977 4854 3333 4908 dominaberis.
3367 4849 3748 4906 Animadverte
3766 4893 3786 4916 ,

2203 4951 2415 5011 dilecte,
2442 4947 2760 5002 inc-[labilem
2817 4944 3162 5014 providentiae
3202 4927 3602 5011 indulgentiam.
3647 4938 3787 5006 Quia

2205 5041 2344 5095 enim
2373 5036 2505 5091 vidit
2541 5035 2687 5090 illum
2715 5035 2783 5089 ab
2809 5032 3112 5088 invidentia:
3141 5032 3361 5096 morbo,
3391 5038 3451 5084 ut
3475 5029 3546 5084 ita
3573 5028 3741 5081 dicam
3767 5069 3784 5085 .

2198 5118 2488 5188 Oppugnari
2512 5158 2526 5182 ,
2557 5117 2676 5170 vide
2705 5113 2972 5184 quomodo
2998 5130 3094 5185 pro
3113 5129 3206 5169 sua
3225 5114 3460 5170 bonitate
3488 5130 3789 5188 congruen-

2200 5220 2267 5264 tta
2295 5224 2397 5278 tpst
2422 5206 2654 5262 remedia
2677 5206 2894 5276 apponit
2919 5246 2934 5270 ,
2969 5215 3026 5260 ut
3050 5207 3230 5261 statim
3260 5206 3536 5276 educatur,
3559 5219 3611 5263 ct
3629 5211 3787 5280 aquis

2198 5318 2302 5356 non
2335 5297 2607 5356 obruatur.
2641 5299 2811 5367 Quare
2832 5307 3033 5351 incestus
3058 5298 3224 5368 factus
3249 5316 3298 5353 es
3316 5300 3342 5352 Ρ
3368 5310 3412 5354 et
3433 5318 3587 5369 quare
3610 5304 3783 5356 conci-

2198 5395 2270 5446 dit
2294 5393 2457 5446 vultus
2500 5400 2612 5444 tuus
2633 5392 2658 5444 .’
2680 5391 2853 5458 Quare
2882 5399 3022 5445 tanta
3045 5390 3304 5446 detineris
3326 5393 3557 5457 tristitia,
3575 5403 3629 5446 ut
3653 5403 3707 5447 et
3727 5393 3779 5448 itt

2194 5487 2328 5545 facie
2357 5484 2602 5539 uiterieris
2619 5482 3031 5552 magnitudinem
3049 5482 3340 5540 ostendas?
3369 5487 3538 5553 Quare
3560 5486 3780 5539 concidit

2281 5633 2295 5664 ¹
2330 5628 2520 5678 Caislin.
2537 5661 2550 5682 ,
2579 5623 2830 5686 veritatem.
2948 5678 2957 5686 I

2281 5674 2502 5749 (aii-ide
2527 5674 2660 5735 timui.
2687 5683 2824 5746 hujus
2845 5678 2979 5737 torni,
3001 5674 3027 5738 §
3051 5675 3128 5725 IV.
