4058 6302
196 311 307 366 157

193 423 367 475 unum
405 430 522 475 tuus
541 418 569 474 2
597 433 694 474 cur
722 433 789 473 ex
824 417 921 472 hac
950 430 1006 471 rc
1037 414 1408 469 conturbaris’
1436 427 1600 484 quare
1628 411 1732 466 non
1758 427 1788 466 a

195 523 249 566 te
279 525 394 580 ipso
423 511 566 580 quod
590 508 869 578 oportebat
900 506 1016 560 fieri
1037 546 1051 572 ,
1093 503 1485 561 considerasti?
1511 502 1648 558 Num
1689 503 1789 555 ho-

195 602 332 654 mini
379 601 698 655 sacrificium
743 597 997 662 obtulisti,
1026 597 1116 667 qui
1153 595 1263 650 falli
1308 594 1518 666 possit?
1552 594 1784 664 ignoras,

192 694 328 748 mihi
371 709 477 748 non
520 708 640 747 esse
677 707 812 761 opus
840 699 898 745 ut
925 691 1122 761 aliquid
1151 688 1404 745 offeratur
1423 731 1438 755 ,
1470 688 1564 744 sed
1595 704 1680 744 me
1705 702 1792 742 sa-

191 801 319 838 nam
363 783 704 841 olTerentium
731 792 963 837 mentem
994 780 1171 835 velle?
1202 780 1371 846 Quare
1395 789 1597 833 maestus
1626 781 1792 849 [actus

190 894 245 929 es
267 877 294 930 ?
317 885 370 930 et
395 890 553 944 quare
577 873 794 927 concidit
824 871 988 926 vultus
1018 872 1176 926 tuus?
1201 869 1389 926 Nonne
1414 872 1458 926 si
1483 881 1614 926 recte
1642 872 1792 925 obtu-

192 962 342 1027 trris,
386 979 490 1018 non
522 973 687 1016 autem
716 970 848 1015 recte
872 962 1101 1027 dividas,
1130 962 1384 1030 peccasti?
1407 960 1558 1026 Quod
1587 960 1641 1016 in
1673 961 1793 1015 ani-

195 1070 342 1108 mum
381 1054 636 1108 induxisti
657 1094 673 1119 ,
698 1067 820 1108 esse
849 1051 1177 1107 offerendum
1197 1092 1213 1112 ,
1246 1051 1399 1106 laude
1423 1051 1638 1121 dignum
1668 1063 1790 1120 est;

191 1148 334 1217 quod
363 1162 500 1202 vero
522 1161 626 1201 non
666 1153 814 1200 recte
842 1144 1084 1212 dividas,
1113 1143 1164 1199 id
1193 1153 1253 1199 ut
1275 1144 1510 1200 oblatum
1542 1144 1791 1212 repudia.

193 1247 346 1293 retur
370 1237 568 1292 eﬂ‘ecit.
609 1236 902 1306 Oportebat
921 1237 1062 1291 enim
1095 1236 1407 1292 otierentem
1433 1237 1574 1304 Deo,
1605 1237 1656 1291 in
1684 1237 1793 1292 dis-

190 1329 466 1384 cernendo
495 1343 738 1399 magnam
780 1328 1034 1383 adhibere
1071 1326 1396 1397 diligentiam
1427 1334 1516 1382 :et
1539 1338 1793 1398 quantum

197 1419 458 1475 differunt
486 1420 576 1489 qui
605 1417 759 1473 oll‘ert
796 1427 851 1473 et
884 1419 972 1488 qui
999 1418 1228 1486 accipit,
1262 1425 1405 1472 tanta
1430 1426 1484 1472 et
1515 1419 1565 1472 in
1592 1418 1794 1474 discre-

195 1512 336 1564 tione
361 1508 601 1564 facienda
640 1507 939 1562 diversitas.
969 1507 1040 1561 At
1065 1507 1253 1561 horum
1282 1506 1412 1561 nihil
1440 1516 1496 1561 tu
1518 1507 1791 1577 cogitasti,

194 1601 284 1654 sed
335 1608 398 1653 ut
453 1598 670 1653 fortuito
696 1597 950 1668 contigit,
973 1597 1231 1652 obtulisti.
1265 1599 1437 1667 Atque
1463 1597 1660 1653 idcirco
1687 1615 1791 1652 non

197 1701 489 1759 potuerunt
528 1705 649 1744 esse
675 1699 910 1758 accepta.
942 1687 1076 1743 Nam
1105 1690 1242 1743 sicut
1267 1689 1477 1744 animus
1508 1699 1661 1756 tuus,
1688 1707 1793 1761 quo

195 1781 527 1834 oblationem
574 1778 767 1842 fecisti,
798 1778 928 1833 nihil
955 1778 1257 1833 interrncdii
1299 1793 1420 1834 esse
1447 1781 1791 1847 existimans,

191 1872 369 1927 effecit
420 1880 479 1926 ut
521 1870 870 1939 rejiccrentur
910 1885 973 1924 ea
1009 1885 1128 1940 quae
1171 1884 1201 1923 a
1243 1877 1293 1925 te
1321 1880 1442 1924 sunt
1468 1870 1641 1925 oblata
1674 1891 1686 1926 :
1716 1874 1794 1927 sic

196 1963 378 2017 fratris
411 1962 486 2016 tui
518 1961 759 2025 animus,
793 1960 880 2030 qui
909 1970 1084 2014 rectus
1111 1959 1239 2024 fuit,
1271 1969 1324 2014 et
1351 1961 1576 2014 multum
1607 1963 1658 2015 in
1687 1963 1794 2016 dis-

189 2053 468 2108 cernendo
511 2052 743 2106 studium
785 2050 996 2115 habuit,
1038 2062 1252 2120 accepta
1298 2051 1440 2105 illius
1479 2051 1616 2106 dona
1647 2052 1792 2108 fecit.

193 2147 577 2201 Verumtamen
627 2159 798 2214 neque
842 2144 920 2196 sic
965 2158 1176 2212 poenam
1219 2142 1395 2198 delicti
1445 2155 1664 2215 repeto,
1695 2145 1788 2200 sed

190 2240 426 2294 ostendo
483 2238 762 2292 dumtaxat
810 2236 1107 2301 delictum,
1152 2244 1207 2290 et
1257 2236 1534 2290 consilium
1581 2237 1745 2292 affero
1773 2280 1788 2306 ,

189 2329 331 2400 quod
375 2331 424 2384 si
467 2329 711 2396 accipere
752 2327 1013 2391 volucris,
1049 2334 1104 2380 ct
1133 2337 1407 2394 peccatum
1439 2328 1750 2382 emendabis
1775 2369 1788 2393 ,
1835 2321 1839 2325 ’

188 2431 246 2477 et
283 2424 516 2490 teipsum
554 2420 887 2492 gravioribus
915 2419 1071 2473 malis
1102 2436 1206 2473 non
1239 2419 1497 2474 involves.
1526 2420 1661 2489 Quid
1691 2423 1790 2491 igi-

191 2514 315 2567 tur?
344 2513 608 2578 Peccasti,
636 2520 690 2566 et
708 2512 940 2581 graviter
959 2511 1210 2580 peccasti,
1237 2512 1329 2566 sed
1353 2527 1458 2565 non
1483 2514 1640 2580 pupio
1665 2529 1790 2582 pro-

189 2613 309 2672 pter
337 2604 590 2658 delictum
622 2621 635 2656 :
665 2601 923 2671 benignus
953 2603 1094 2657 enim
1127 2617 1244 2656 sum
1266 2642 1282 2668 ,
1316 2611 1369 2658 et
1400 2601 1539 2656 Nolo
1584 2615 1791 2658 mortem

189 2695 472 2764 peccatoris
491 2736 504 2759 ,
544 2694 634 2748 sed
658 2705 710 2747 ut
737 2703 1053 2747 convertatur
1080 2702 1124 2746 et
1154 2694 1283 2746 vivat
1311 2692 1520 2763 (Ezech.
1555 2694 1641 2748 l8.
1668 2694 1784 2765 25).

187 2769 354 2856 igitur
371 2785 496 2856 quia
525 2785 775 2855 peccasti,
805 2785 1036 2849 Quiesce,
1066 2783 1502 2854 tranquillitatem
1533 2800 1662 2855 para
1692 2801 1788 2837 co-

184 2878 537 2946 gitationibus
567 2877 706 2939 tuis,
747 2888 802 2930 et
840 2876 1004 2929 libera
1048 2885 1281 2930 mentem
1321 2890 1353 2928 a
1399 2875 1648 2944 procellis
1685 2875 1787 2930 llu-

185 2978 371 3023 etuum
419 2966 824 3030 inundantium,
870 2964 1063 3021 cohibe
1111 2965 1566 3034 perturbationem
1609 2966 1782 3032 illam,

186 3077 257 3115 ne
304 3060 474 3114 addas
519 3059 682 3128 priori
713 3067 934 3129 peccato
959 3057 1171 3127 gravius
1201 3055 1372 3118 aliud,
1413 3072 1584 3126 neque
1611 3059 1786 3110 consi-

187 3153 316 3206 lium
345 3149 561 3221 aliquod
589 3148 980 3204 immedicabile
1005 3147 1250 3217 arripias.
1275 3147 1352 3202 Ne
1381 3149 1605 3216 tcipsum
1634 3150 1785 3202 mali-

183 3259 291 3313 gno
317 3241 552 3296 daemonii
578 3241 843 3309 captivum
874 3239 1074 3295 tradas.
1107 3237 1352 3305 Peccasti,
1383 3241 1598 3310 quiesce.
1633 3239 1781 3294 Scie-

186 3335 279 3388 bat
316 3335 385 3387 ab
429 3333 581 3387 initio
619 3331 760 3401 quod
807 3331 1024 3385 fratrem
1070 3329 1158 3384 hic
1194 3329 1496 3384 adoriturus
1525 3340 1701 3394 esset,
1732 3342 1785 3386 et

185 3426 308 3480 ideo
333 3435 490 3479 antea
522 3423 699 3478 verbis
730 3423 988 3492 reprimit.
1019 3421 1151 3476 Nam
1175 3421 1296 3491 quia
1327 3430 1592 3490 tamquam
1621 3422 1779 3487 Deus,

182 3517 268 3571 cui
308 3515 473 3571 etiam
516 3527 710 3568 arcana
748 3522 874 3567 sunt
920 3512 1161 3580 cognita,
1202 3510 1402 3565 sciebat
1438 3511 1614 3566 cordis
1642 3513 1783 3567 illius

182 3615 396 3672 motus,
442 3605 666 3660 multum
711 3603 1079 3670 admonendo,
1118 3609 1173 3656 et
1201 3602 1358 3657 verba
1388 3603 1526 3656 illius
1555 3604 1781 3658 infirmi-

183 3697 276 3751 tati
317 3696 663 3753 accommoda
684 3693 1006 3767 proferendo
1031 3703 1410 3765 congruentem
1439 3694 1536 3764 ipsi
1560 3697 1781 3751 medici-

185 3804 308 3843 nam
351 3789 604 3858 protulit,
638 3801 756 3857 quze
800 3786 852 3840 in
894 3801 952 3841 se
981 3792 1136 3840 erant
1163 3783 1342 3838 omnia
1369 3783 1567 3839 iaciens
1591 3827 1605 3852 ,
1641 3794 1778 3840 tani-

179 3881 281 3937 etsi
329 3880 422 3935 ille
465 3879 679 3949 repulso
720 3877 1140 3943 medicamento,
1179 3874 1230 3930 in
1258 3874 1534 3931 fratricidii
1564 3878 1782 3947 profun-

181 3971 308 4027 dum
354 3985 414 4027 se
445 3968 806 4041 pmeipitarit.
834 3965 1064 4022 Peccasti
1087 4005 1102 4031 ,
1127 3966 1341 4036 quiesce.
1370 3965 1446 4020 Ne
1479 3975 1628 4036 putes
1653 4008 1667 4031 ,
1702 3968 1778 4020 in-

181 4064 332 4134 quit,
365 4063 488 4118 licet
521 4072 667 4116 tuum
695 4069 974 4116 aversatus
998 4059 1098 4113 sim
1119 4057 1438 4112 sacrificium
1459 4056 1529 4112 ob
1558 4073 1773 4128 praVam

181 4157 453 4218 mentem,
500 4152 781 4224 fratrisque
820 4151 1141 4207 oblationem
1187 4158 1458 4220 acceptam
1500 4149 1773 4204 habuerim

179 4249 250 4303 ob
276 4262 469 4303 sanam
495 4246 866 4310 intentionem,
893 4258 979 4298 me
1001 4242 1120 4298 ideo
1143 4242 1369 4312 primatu
1392 4249 1443 4296 te
1462 4239 1772 4309 destituere,

179 4349 234 4394 et
274 4337 717 4409 primogenitum:
758 4335 1070 4406 dignitatem
1109 4347 1140 4387 a
1172 4342 1224 4389 te
1263 4331 1495 4387 auferre.
1524 4330 1772 4398 Quiesce;

181 4445 304 4486 nam
354 4429 479 4484 licet
505 4427 708 4482 honore
732 4442 831 4497 ego
860 4426 1010 4480 illum
1041 4433 1393 4496 prosequutus
1419 4423 1609 4481 fuerim
1632 4468 1645 4492 ,
1679 4441 1773 4480 ao—

179 4531 442 4592 ceptaque
470 4519 663 4575 fuerint
691 4519 831 4572 illius
853 4517 993 4573 dona
1027 4535 1040 4572 :
1071 4525 1439 4572 verumtamen
1466 4518 1546 4570 Ad
1576 4527 1623 4571 te
1651 4534 1772 4572 con-

178 4615 340 4667 versio
361 4613 522 4677 illius,
563 4623 608 4666 et
637 4621 691 4665 tu
720 4611 880 4680 ipsius
910 4609 1270 4664 dominaberis.
1294 4609 1474 4678 Itaque
1502 4619 1621 4681 post
1650 4626 1772 4681 pec-

180 4715 361 4760 catum
407 4703 511 4758 hoc
554 4702 802 4772 permitto
831 4743 846 4770 ,
892 4709 953 4756 ut
999 4700 1435 4772 primogenitum
1482 4701 1770 4771 pritilegiis

173 4797 415 4866 gaudeas
435 4837 451 4860 ,
485 4795 736 4863 illumque
762 4795 862 4848 sub
893 4804 977 4849 tua
1012 4803 1274 4863 potestate
1304 4803 1357 4849 et
1384 4793 1622 4849 dominio
1650 4810 1771 4849 esse

172 4886 522 4959 jubeo.'Vide
563 4886 942 4957 benignitatem
973 4885 1216 4954 Domini,
1243 4886 1511 4957 quomodo
1536 4887 1769 4942 furorem

176 4992 228 5038 et
269 4981 534 5037 insaniam
579 4980 715 5035 illius
753 4979 1093 5046 demulcere,
1123 4988 1177 5035 et
1205 4980 1379 5034 verbis
1408 4979 1492 5034 his
1514 4981 1768 5050 impetum

173 5071 393 5128 auferre
433 5071 639 5126 nititur.
669 5069 876 5140 Quippe
906 5078 1082 5124 motus
1108 5070 1302 5124 mentis
1326 5069 1465 5124 illius
1491 5070 1694 5136 videns,
1717 5081 1770 5124 et

175 5161 447 5218 crudelem
485 5175 551 5216 ac
585 5159 977 5230 sanguinariam
1023 5159 1164 5214 illius
1187 5159 1513 5215 voluntatem
1555 5161 1768 5232 sciens,

177 5267 313 5308 nunc
365 5251 722 5321 praemitigarc
759 5250 875 5320 ejus
916 5251 1177 5304 rationem
1204 5250 1314 5304 vult
1343 5259 1396 5304 et
1421 5251 1764 5307 serenitatem

177 5344 342 5402 menti
369 5342 624 5398 inducere
647 5383 664 5410 ,
692 5340 1022 5410 subjicienda
1049 5341 1147 5410 ipsi
1176 5341 1391 5396 fratrem
1417 5381 1433 5408 ,
1459 5351 1514 5396 et
1544 5350 1765 5410 potesta-

177 5444 278 5492 tem
328 5435 496 5507 ipsius
522 5432 656 5489 nihil
681 5432 986 5488 minuendo.
1015 5431 1390 5487 Verumtamen
1424 5439 1542 5500 post
1566 5439 1763 5486 tantum

177 5541 356 5584 curam
394 5535 447 5584 et
474 5535 619 5582 tanta
646 5525 884 5582 remedia
909 5524 1042 5580 nihil
1069 5524 1335 5580 commodi
1363 5524 1491 5580 Cain
1522 5524 1644 5580 inde
1674 5541 1762 5580 rc-

179 5618 312 5674 tutit.
355 5618 588 5675 Tantum
633 5616 772 5673 valet
816 5614 1011 5673 mentis
1035 5615 1317 5672 diversitas
1342 5624 1394 5672 et
1421 5616 1636 5672 malitiae
1670 5629 1764 5672 ex-

178 5725 370 5769 Μῦς.

1233 302 1296 358 ΙΝ
1334 301 1484 357 CAP.
1528 300 1618 355 ιγ.
1660 294 1898 358 GENES.
1942 296 2166 354 llOMlL'.
2209 298 2354 355 XIX.

1974 412 2025 466 7.
2072 412 2288 469 litoralis
2328 413 2577 484 epilogus.
2604 443 2674 453 —
2715 413 2821 470 Sed
2865 426 2934 469 ne
2971 412 3178 484 longius
3225 421 3498 481 protracta

1896 505 2070 559 oratio
2111 513 2290 559 nostra
2338 505 2544 560 caritati
2582 515 2775 559 vestra:
2803 504 3102 559 molestiam
3133 501 3388 562 exhibere
3415 508 3490 560 vi-

1894 593 2084 649 deatur
2105 635 2121 662 ,
2169 611 2303 651 neve
2352 597 2566 650 taedium
2596 594 2745 650 vobis
2767 594 2959 651 afferre
2985 595 3071 650 hic
3099 610 3278 652 sermo
3307 605 3488 652 noster

1895 695 2210 752 censeatur,
2261 697 2316 741 ct
2351 702 2509 742 aures
2555 698 2762 743 vestras
2791 687 3070 753 obtundat,
3107 688 3193 742 hic
3221 687 3381 742 linem
3411 688 3490 744 di-

1896 778 2050 833 cendi
2080 777 2336 835 facientes
2361 820 2375 843 ,
2407 789 2642 835 vestrum
2684 779 2937 835 audiendi
2974 780 3205 836 studium
3237 777 3489 834 cohorte-

1899 887 2057 938 mur,
2107 882 2162 928 ut
2204 874 2435 929 caveatis
2478 891 2546 929 ne
2592 874 2752 929 istum
2799 873 3111 936 imitemini,
3143 881 3198 929 et
3222 881 3279 928 nt
3306 871 3489 928 relicta

1899 965 2042 1017 omni
2090 965 2285 1019 malitia
2309 1006 2324 1032 ,
2371 965 2620 1021 mandata
2655 966 2863 1020 Domini
2891 975 3093 1021 attente
3118 981 3181 1021 ac
3205 965 3491 1035 diligenter

1899 1054 2223 1123 perficiatis,
2255 1058 2551 1126 praesertim
2597 1067 2714 1126 post
2759 1066 2902 1111 tanta
2951 1057 3182 1126 taliaque
3222 1056 3489 1126 exempla.

1898 1144 2079 1216 Neque
2120 1147 2263 1200 enim
2307 1146 2374 1200 ad
2418 1147 2767 1217 ignorantiam
2799 1147 3052 1217 deinceps
3083 1136 3364 1217 quisquam
3393 1161 3492 1201 no-

1898 1246 2066 1291 strum
2107 1237 2397 1308 confugere
2435 1241 2647 1309 poterit.
2691 1238 2822 1294 Nam
2864 1239 2908 1294 si
2939 1240 3058 1305 hic,
3082 1238 3210 1294 Cain
3236 1239 3487 1310 inquam,

1899 1331 2101 1386 nullum
2117 1341 2241 1386 ante
2261 1347 2321 1388 se
2338 1333 2557 1397 invenit,
2579 1333 2664 1402 qui
2691 1332 2794 1387 tale
2809 1330 3060 1403 quiddam
3084 1334 3273 1401 egerit,
3299 1331 3494 1386 nihilo—

1899 1422 2075 1478 minus
2127 1433 2302 1478 tamen
2345 1422 2730 1479 intolerabilem
2768 1432 2823 1478 et
2859 1438 3074 1493 gravem
3130 1425 3271 1477 illam
3328 1423 3494 1478 susti-

1899 1514 2014 1567 nuit
2043 1531 2278 1585 pmaam,
2309 1530 2466 1585 quam
2495 1525 2549 1569 et
2571 1531 2662 1568 vos
2688 1524 2872 1584 postea
2899 1516 3079 1570 scietis
3103 1557 3116 1580 ,
3146 1514 3274 1584 quid
3303 1515 3494 1569 verisi-

1901 1609 2024 1662 mile
2047 1617 2129 1662 est
2158 1622 2256 1661 nos
2281 1620 2533 1676 passuros
2552 1648 2566 1672 ,
2595 1607 2682 1676 qui
2705 1605 2890 1660 eadem
2911 1648 2926 1673 ,
2952 1608 3032 1660 vel
3063 1607 3224 1661 etiam
3252 1607 3494 1675 graviora

1902 1715 2203 1769 peccamus,
2224 1699 2382 1771 idque
2402 1709 2524 1769 post
2541 1709 2737 1754 tantam
2761 1701 2944 1770 gratiae
2966 1699 3296 1769 largitatem?
3318 1689 3496 1752 nonne.

1901 1794 2075 1863 ignem
2104 1801 2387 1860 aeternum,
2410 1806 2645 1847 vermem
2669 1791 2760 1862 qui
2787 1807 2894 1846 non
2925 1791 3182 1854 interibit,
3208 1790 3492 1844 stridorem

1898 1889 2159 1954 dentium,
2185 1885 2432 1941 tenebras
2451 1886 2766 1950 exteriores,
2790 1885 3090 1955 gehennam
3110 1885 3264 1954 ignis,
3287 1892 3335 1938 et
3359 1883 3494 1936 alias

1901 1978 2232 2032 inevitabiles
2273 1991 2459 2045 pcenas
2496 1991 2615 2046 quae
2656 1991 2752 2030 nos
2793 1991 2941 2044 exce,
2974 1987 3097 2029 'urac
3136 1976 3298 2029 sunt?
3336 1973 3491 2030 Nulla

1899 2072 2040 2126 enim
2089 2068 2328 2124 defensio
2368 2068 2523 2124 nobis
2551 2069 2734 2123 relicta
2766 2078 2882 2133 est,
2913 2067 2959 2122 si
2988 2067 3058 2121 ita
3084 2068 3419 2137 negligentes
3443 2075 3497 2122 ct

1899 2164 2071 2233 ignavi
2115 2163 2386 2216 fuerimus.
2435 2161 2624 2215 Nonne
2669 2162 2872 2215 scimus
2915 2174 3103 2215 omnes
3134 2176 3252 2229 qua:
3278 2159 3386 2213 sint
3416 2157 3494 2212 fa-

1897 2255 2085 2309 cienda
2106 2295 2120 2319 ,
2155 2270 2272 2322 quae
2303 2269 2406 2308 non
2437 2252 2675 2310 facienda
2698 2252 2720 2306 ?
2741 2261 2792 2306 et
2817 2267 2910 2307 eos
2933 2252 3020 2322 qui
3055 2251 3229 2322 priora
3256 2251 3492 2318 faciunt,

1899 2345 2219 2416 principiles
2269 2359 2496 2398 coronas
2543 2353 2924 2412 assequuturus
2967 2359 3122 2408 esse,
3166 2357 3264 2397 eos
3315 2351 3492 2396 autem

1897 2439 1986 2508 qui
2025 2438 2077 2490 in
2108 2447 2354 2491 extrema
2379 2435 2642 2498 incidunt,
2671 2435 2929 2490 extremis
2956 2434 3231 2503 suppliciis
3253 2448 3374 2490 esse
3401 2450 3495 2504 pu—

1897 2529 2156 2584 nicndos?
2183 2529 2306 2583 Ideo
2339 2543 2526 2598 precor
2543 2537 2704 2598 atque
2722 2528 2968 2592 obsecro,
2994 2543 3061 2583 ne
3077 2537 3372 2585 conventus
3397 2533 3496 2586 iste

1899 2633 2080 2674 nosver
2122 2621 2322 2675 inutilis
2359 2620 2466 2684 sit,
2495 2619 2591 2674 sed
2633 2627 2690 2674 ut
2718 2634 2838 2689 quae
2863 2619 3080 2674 auribus
3108 2619 3294 2674 hausta
3325 2630 3491 2688 sunt,

1895 2713 2081 2765 eadem
2127 2722 2182 2765 et
2215 2710 2368 2765 factis
2391 2717 2809 2778 expromantur,
2843 2718 2900 2764 ut
2927 2709 3082 2764 nobis
3107 2710 3242 2765 bene
3268 2711 3492 2778 conscii,

1895 2813 2055 2873 atque
2091 2802 2303 2857 interim
2345 2803 2484 2857 bona
2522 2817 2618 2873 spe
2658 2801 2778 2856 freti
2801 2843 2814 2866 ,
2846 2803 3064 2858 difficile
3091 2803 3191 2858 hoc
3215 2805 3494 2874 praesentis

1897 2896 2019 2947 vitae
2050 2895 2267 2964 pelagus
2299 2892 2457 2949 facile
2489 2894 2836 2962 trajicientes,
2865 2895 2918 2947 in
2952 2901 3161 2964 portum
3190 2897 3494 2968 benignita-

1894 2985 1962 3040 tis
1991 2985 2081 3038 Dei
2114 2985 2417 3054 pcncuire,
2449 2993 2504 3039 et
2531 2983 2815 3038 ineffabilia
2839 2985 2974 3040 bona
3006 2987 3094 3041 illa
3124 2988 3379 3058 consequi
3409 3004 3493 3042 va-

1893 3078 2116 3143 leamus,
2151 3093 2270 3147 quae
2295 3077 2540 3148 promisit
2571 3077 2829 3134 Do‘minus
2850 3079 3193 3149 diligentibus
3218 3097 3296 3146 sc,
3323 3083 3491 3152 gratia

1893 3180 1946 3223 et
1965 3169 2330 3224 misericordia
2361 3169 2616 3240 unigeniti
2647 3171 2762 3241 ejus
2786 3171 2925 3239 Filii,
2959 3188 3080 3227 cum
3105 3189 3210 3244 quo
3232 3185 3419 3229 sancto
3438 3187 3494 3231 et

1891 3259 2163 3315 adorando
2207 3264 2324 3334 ejus
2359 3259 2578 3333 Spiritui
2606 3262 2772 3331 gloria
2797 3303 2811 3327 ,
2838 3262 3012 3318 honor
3035 3304 3051 3330 ,
3082 3272 3137 3320 ct
3165 3265 3447 3334 imperium
3474 3307 3488 3331 ,

1892 3367 2033 3408 nunc
2058 3361 2113 3407 ct
2139 3367 2371 3424 semper,
2396 3365 2450 3410 et
2475 3354 2529 3410 in
2551 3355 2743 3410 saecula
2769 3356 3108 3411 saeculorum.
3137 3361 3327 3412 Amen.

2465 3491 2739 3547 llOMlLlA
2774 3492 2914 3548 XIX.

1890 3601 1955 3656 Et
1989 3604 2116 3657 dixit
2162 3603 2286 3658 Cain
2322 3603 2390 3656 ad
2433 3604 2555 3656 Abel
2595 3607 2805 3676 fratrem
2840 3621 2988 3659 suum
3025 3623 3043 3659 :
3073 3606 3411 3676 Egrediamur
3433 3609 3486 3662 in

2393 3710 2627 3763 campum
2649 3694 2800 3768 (Gen.
2824 3697 2877 3750 4.
2903 3695 2982 3768 8).

1962 3811 2016 3864 l.
2055 3808 2243 3863 Misera
2293 3809 2481 3881 peccati
2525 3810 2755 3864 seruitus.
2806 3810 2976 3866 Homo
3019 3812 3244 3868 libertate
3289 3814 3488 3869 arbitrii

1887 3901 2121 3955 donatus.
2167 3900 2305 3955 Deus
2358 3903 2698 3956 necessitatem
2735 3918 2835 3955 non
2877 3904 3108 3973 imponit.
3162 3934 3234 3945 —
3279 3903 3484 3973 Quem-

1887 3993 2175 4048 admodum
2231 3993 2543 4047 incurabilia
2592 3995 2810 4048 vulnera
2868 4010 3042 4064 neque
3089 3997 3319 4051 austeris
3371 4012 3490 4053 mc-

1885 4084 2200 4139 dicamentis
2227 4085 2461 4152 cedunt,
2505 4101 2678 4156 neque
2705 4086 3028 4142 lenientibus
3063 4105 3076 4140 :
3110 4088 3179 4142 ita
3211 4097 3265 4143 et
3304 4089 3482 4144 anima

1885 4179 2052 4233 semel
2075 4178 2305 4248 captiva,
2332 4179 2458 4234 sise
2499 4188 2720 4250 peccato
2758 4178 2988 4248 cuipiam
3023 4179 3310 4235 obnoxiam
3339 4179 3479 4238 fece-

1885 4271 1985 4336 rit,
2033 4279 2087 4324 ct
2129 4269 2469 4325 considerare
2528 4269 2760 4324 noluerit
2801 4284 2921 4339 quae
2963 4269 3063 4323 sibi
3108 4277 3236 4324 sunt
3279 4271 3430 4326 utilia
3458 4312 3476 4338 ,

1883 4365 2042 4420 etiam
2082 4364 2125 4416 si
2162 4362 2283 4435 quis
2321 4367 2598 4417 innumera
2636 4362 2864 4416 inculcet
2897 4361 3040 4416 illius
3073 4363 3310 4426 auribus,
3345 4363 3478 4418 nihil

1883 4457 2152 4526 proficiet:
2173 4455 2266 4512 sed
2280 4454 2430 4526 quasi
2445 4464 2667 4509 mortuae
2684 4462 2863 4508 essent
2881 4468 3060 4518 aures,
3082 4453 3280 4507 nullam
3302 4467 3372 4508 ex
3391 4455 3483 4509 ad-

1882 4548 2175 4602 monitione
2197 4546 2419 4616 suscipit
2440 4545 2725 4601 utilitatcm
2750 4561 2762 4597 :
2789 4559 2898 4599 non
2919 4545 3039 4614 quia
3057 4559 3162 4599 non
3175 4545 3476 4616 potest,sed

1881 4642 2000 4711 quia
2030 4655 2134 4696 non
2157 4641 2268 4694 vult
2296 4639 2334 4694 ¹.
2360 4638 2475 4694 Non
2506 4638 2650 4695 enim
2671 4637 2804 4691 sicut
2821 4636 2942 4692 etin
2959 4635 3330 4707 corporalibus
3357 4637 3477 4692 vul—

1881 4732 2099 4787 neribus
2133 4730 2302 4786 videri
2343 4729 2515 4797 solet,
2561 4729 2631 4783 ita
2661 4737 2714 4783 et
2745 4729 2796 4782 in
2827 4727 3102 4783 voluntate
3129 4735 3234 4782 est.
3263 4727 3395 4782 Nam
3425 4729 3479 4783 in

1880 4823 2253 4894 corporalibus
2277 4829 2481 4876 naturae
2506 4820 2814 4876 affectiones
2840 4834 2983 4888 saepe
3004 4819 3305 4875 immobiles
3326 4834 3471 4885 sunt,

1881 4915 1932 4970 in
1961 4916 2228 4969 voluntate
2258 4923 2436 4968 autem
2467 4927 2573 4966 non
2616 4912 2685 4965 ita
2714 4926 2773 4964 se
2803 4924 2890 4965 res
2920 4909 3084 4965 habet
3112 4928 3126 4965 :
3156 4925 3301 4980 saepe
3329 4912 3470 4968 enim

1879 5009 1924 5062 si
1955 5007 2179 5061 voluerit
2207 5006 2364 5060 etiam
2391 5003 2480 5073 qui
2508 5004 2679 5056 malus
2702 5010 2806 5067 est,
2832 5010 3086 5068 mutatur,
3110 5011 3160 5057 et
3186 5001 3243 5056 fit
3260 5002 3469 5056 bonus:

1880 5111 1933 5156 et
1962 5101 2051 5172 qui
2081 5101 2271 5161 bonus,
2303 5113 2398 5167 per
2421 5097 2681 5166 ignaviam
2709 5095 2926 5157 excidit,
2953 5103 3006 5150 et
3036 5094 3094 5148 fit
3114 5095 3302 5148 malus.
3338 5093 3472 5160 Quia

1877 5209 2006 5264 ergo
2029 5191 2180 5246 liberi
2202 5189 2404 5244 arbitrii
2427 5202 2548 5242 esse
2567 5195 2800 5241 nostram
2820 5192 3066 5239 naturam
3087 5184 3210 5239 fecit
3227 5183 3468 5236 omnium

1878 5284 2134 5338 Dominus
2155 5281 2197 5346 ',
2237 5281 2350 5350 ipse
2379 5277 2593 5350 quidem
2624 5293 2744 5348 qua:
2769 5292 2863 5332 sua
2894 5288 3021 5331 sunt
3045 5276 3224 5331 omnia
3251 5287 3350 5345 pro
3373 5289 3467 5330 sua

1876 5372 2240 5429 misericordia
2266 5386 2480 5441 semper
2507 5368 2725 5426 exhibet
2753 5383 2768 5425 :
2797 5377 2852 5425 et
2876 5368 3051 5424 sciens
3077 5365 3384 5422 abscondita
3415 5367 3468 5423 in

1938 5533 1955 5602 ξ
1993 5539 2111 5602 neg.
2145 5542 2291 5590 unus,
2337 5540 2432 5579 non
2468 5523 2600 5590 quod
2631 5522 2872 5581 evideiuia
2908 5521 3052 5582 absit,
3081 5519 3170 5573 sed
3192 5520 3323 5585 quod
3340 5519 3464 5573 absit

1872 5601 2264 5716 “mximas,
2287 5651 2500 5716 omnium
2524 5647 2760 5716 Dominus
2782 5650 2830 5716 (ῤ
2860 5647 2954 5694 τῶν
2987 5647 3310 5716 ὅλων-βιός),
3343 5655 3457 5705 σιω

1878 5721 2052 5772 desunt
2079 5723 2128 5768 in
2152 5708 2322 5767 Morel.
2347 5723 2398 5762 et
2418 5713 2639 5772 Montem
2671 5709 2944 5760 addidimus
2963 5720 2992 5758 e
3011 5708 3211 5758 Savilio.
