4058 6302
593 334 692 390 159

590 445 850 519 manando
878 441 1070 498 mentis
1095 448 1150 494 ct
1176 450 1385 503 arcana,
1418 436 1678 497 hortatur,
1705 429 1956 519 consulit.
1989 441 2150 482 cona-

586 517 776 608 tusquc
802 543 1015 590 nostros
1038 530 1206 598 malea
1233 526 1562 598 praveuiens
1585 521 1847 592 reprimit.
1876 517 1946 574 Et
1969 531 2157 573 neces-

587 628 796 683 sitatem
826 626 1004 696 utique
1027 635 1132 678 nou
1159 619 1402 690 imponit,
1427 615 1522 672 sed
1547 611 1959 685 congruentibus
1982 623 2158 664 reme-

588 718 692 775 diis
737 715 1029 788 appositis,
1055 719 1226 768 totum
1270 710 1432 765 situm
1473 707 1526 762 in
1569 705 1876 778 aegrotantis
1902 697 2162 756 sententia

591 810 827 866 dimittit.
875 807 985 862 liae
1010 805 1170 877 igitur
1193 812 1248 859 et
1271 801 1327 860 in
1347 801 1477 858 Cain
1509 815 1650 856 nunc
1677 797 1870 854 factum
1899 802 2001 850 est.
2031 791 2164 848 Vide

590 901 735 958 enim
780 905 898 970 post
943 904 1142 952 tantam
1191 891 1574 965 providentiam
1621 899 1676 945 et
1717 888 1797 944 sui
1839 899 2020 942 curam
2045 923 2061 948 ,
2109 882 2162 936 in

593 998 843 1061 quantam
861 985 1106 1043 inciderit
1124 981 1402 1040 insaniam.
1425 979 1716 1052 Oportebat
1729 977 1868 1034 enim
1888 973 2163 1031 conscium

629 1077 798 1136 creati
827 1078 912 1133 sui
940 1076 995 1131 in
1023 1072 1356 1131 emendando
1384 1080 1566 1143 postea
1589 1075 1901 1137 occupatum
1927 1077 2082 1127 esse;
2111 1069 2164 1119 at

590 1169 684 1226 ille
724 1167 874 1239 quasi
929 1167 1107 1224 ebrius
1129 1205 1146 1231 ,
1194 1163 1405 1220 alfectui
1453 1169 1509 1219 et
1552 1158 1759 1216 vulneri
1811 1157 1975 1228 priori
2025 1154 2164 1210 aliud

596 1263 747 1316 ulcus
782 1260 1109 1330 coniungens
1130 1297 1148 1324 ,
1175 1265 1231 1312 et
1258 1253 1570 1311 medicinam
1601 1259 1744 1306 tanta
1769 1245 2037 1320 diligentia
2064 1244 2163 1301 ad-

597 1350 818 1408 hibitam
860 1365 966 1406 non
1009 1349 1324 1414 admittens,
1366 1345 1460 1402 sed
1507 1341 1825 1399 destinatam
1868 1337 2070 1396 caedem
2113 1337 2167 1392 in

600 1458 734 1513 Opus
755 1440 1046 1514 perducere
1067 1439 1336 1501 festinans,
1359 1451 1391 1490 a
1409 1433 1532 1492 dolo
1551 1441 1606 1488 et
1622 1431 1852 1488 versutia
1872 1428 2164 1492 exorditur,

599 1543 655 1589 et
692 1531 965 1588 fallacibus
990 1529 1165 1586 verbis
1194 1528 1406 1584 fratrem
1432 1525 1646 1596 decipit.
1695 1523 1824 1579 Tam
1853 1520 2048 1577 eﬂ‘crus
2089 1528 2173 1574 cst

601 1624 782 1689 homo,
803 1622 892 1694 qui
915 1622 966 1676 in
988 1620 1274 1692 nequitiam
1294 1614 1595 1672 declinavit.
1619 1613 1749 1670 Nam
1770 1612 1907 1667 sicut
1926 1625 2172 1681 magnum

599 1722 654 1770 et
682 1710 1037 1769 venerandum
1062 1716 1148 1764 est
1181 1705 1440 1763 rationale
1471 1703 1573 1760 boc
1607 1701 1801 1758 animal
1825 1741 1840 1766 ,
1867 1708 1919 1756 et
1946 1699 2174 1754 maxime

598 1801 810 1876 quando
855 1801 910 1856 iu
949 1799 1162 1855 virtutis
1201 1796 1338 1853 viam
1381 1791 1657 1851 contendit
1697 1808 1712 1847 :
1757 1790 1829 1846 ita
1870 1787 2082 1861 quando
2120 1787 2176 1846 in

601 1896 798 1952 malum
843 1892 1111 1958 declinat,
1155 1889 1572 1946 truculentarum
1614 1884 1901 1941 bestiarum
1941 1880 2177 1937 imitatur

601 1983 988 2041 crudelitatem.
1047 1981 1184 2049 Quin
1227 1989 1284 2034 et
1321 1992 1442 2034 cum
1489 1976 1690 2032 feroces
1733 1973 1944 2028 illarum
1992 1983 2171 2027 mores

605 2073 973 2147 assumpserit,
996 2072 1234 2144 quamvis
1259 2068 1516 2126 rationale
1539 2076 1594 2124 et
1623 2074 1954 2121 mansuetum
1980 2061 2178 2117 animal

604 2168 692 2227 sit.
713 2165 894 2221 multis
915 2173 1088 2220 tamen
1111 2161 1414 2219 nominibus
1438 2159 1649 2215 illarum
1671 2165 1884 2228 superat
1908 2153 2176 2209 ferociam.

607 2258 887 2313 Videamus
929 2255 1085 2326 igitur
1121 2264 1178 2309 et
1213 2253 1332 2308 istic
1369 2250 1495 2322 quid
1533 2248 1805 2305 acciderit.
1847 2246 1900 2301 8.
1943 2244 2010 2299 Et
2049 2243 2181 2299 dixit

604 2350 731 2404 Cain
756 2389 773 2415 ,
802 2348 970 2417 inquit
991 2387 1006 2412 ,
1033 2345 1102 2400 ad
1131 2345 1253 2399 Abel
1292 2345 1500 2415 fratrem
1536 2355 1685 2396 suum
1711 2353 1731 2394 .'
1764 2335 2101 2408 Egredituuatr
2127 2335 2182 2388 in

615 2455 869 2510 rumpant.
902 2436 1074 2492 Verba
1099 2434 1312 2506 quidem
1341 2431 1540 2498 fratris,
1571 2443 1723 2486 mens
1749 2436 1926 2483 autem
1954 2426 2180 2482 bomicl-

606 2533 711 2588 die.
743 2529 878 2599 Quid
903 2528 1050 2594 facis,
1081 2543 1114 2580 o
1138 2525 1304 2581 Cain?
1333 2524 1505 2580 nescis
1527 2522 1613 2578 cui
1640 2519 1909 2592 loqueris?
1955 2535 2058 2574 nou
2086 2534 2175 2574 co-

607 2625 746 2696 gitas
783 2621 874 2678 tibi
905 2635 1027 2676 cum
1068 2617 1230 2674 fratre
1257 2614 1576 2686 colloquium
1604 2612 1766 2668 esse?
1791 2624 1898 2665 non
1925 2618 2138 2680 reputas
2164 2649 2180 2675 ,

609 2714 796 2772 eodem
824 2727 936 2785 quo
958 2719 1012 2767 tu
1040 2720 1194 2766 utero
1221 2718 1401 2765 natum
1431 2705 1584 2764 esse?
1609 2719 1714 2760 non
1744 2703 1924 2758 animo
1949 2701 2185 2770 concipis

608 2803 992 2862 abominaiida
1034 2799 1299 2857 conatus?
1341 2811 1446 2854 non
1489 2796 1644 2853 times
1674 2793 1907 2866 iudicem
1945 2792 2034 2864 qui
2078 2790 2184 2846 falli

612 2896 834 2970 nequit?
865 2909 968 2951 nou
994 2893 1180 2948 horret
1200 2903 1352 2947 mens
1376 2899 1460 2944 tua
1482 2886 1722 2943 facinus?
1740 2884 1847 2940 Cur
1867 2884 1920 2939 itt
1939 2896 2186 2954 campum

609 3004 770 3044 vocas
800 2986 1035 3052 fratrem,
1056 2993 1112 3040 et
1139 2981 1282 3037 foras
1301 2995 1330 3035 a
1353 2978 1586 3050 paternis
1609 2977 1750 3032 ulnis
1772 2973 2028 3030 abducis?
2055 2987 2186 3044 qua-

611 3096 671 3136 re
699 3081 870 3150 ipsum
896 3088 1118 3148 paterno
1141 3072 1337 3130 auxilio
1361 3067 1643 3126 destituis?
1666 3065 1802 3134 Quid
1829 3065 1948 3120 novi
1975 3063 2186 3132 accidit,

610 3171 753 3243 quod
781 3182 919 3224 nunc
939 3166 1152 3222 fratrem
1175 3164 1227 3218 in
1248 3174 1492 3230 unum
1515 3157 1698 3224 trabis,
1721 3164 1775 3212 et
1801 3155 1850 3209 id
1875 3152 2016 3225 quod
2042 3152 2188 3224 prius

613 3278 720 3319 non
749 3261 936 3326 fecisti,
965 3272 1105 3313 nunc
1129 3255 1303 3311 facere
1325 3261 1579 3318 attentas,
1601 3258 1656 3305 et
1675 3248 1920 3304 amicitia:
1945 3246 2188 3302 occasio-

612 3369 681 3410 ne
742 3351 1028 3408 fraternam
1077 3341 1499 3403 benevolentiam
1550 3336 1890 3410 prtetexendo
1914 3375 1930 3401 ,
1976 3334 2187 3391 hostilia

612 3456 835 3516 qumque
859 3447 1162 3510 perpetrare
1192 3431 1494 3489 deliberas?
1517 3429 1646 3497 Qum
1680 3425 1921 3482 insania?
1955 3440 2072 3516 qua:
2099 3440 2188 3516 ra-

615 3514 768 3590 bies?
815 3531 980 3596 Esto,
1021 3533 1314 3582 exat-catus
1357 3527 1535 3576 mente
1595 3517 1842 3573 fraterna:
1892 3514 2188 3570 alfeetionis

616 3626 817 3682 nullam
861 3621 1117 3677 rationem
1145 3617 1339 3672 habeas
1359 3656 1374 3679 ,
1406 3627 1578 3683 neque
1607 3618 1848 3666 naturam
1888 3623 2143 3680 agnoscas
2172 3626 2186 3662 :

615 3732 710 3770 cur
737 3714 991 3768 adversus
1019 3710 1166 3764 illum
1195 3706 1260 3760 ad
1288 3705 1484 3759 bellum
1516 3711 1567 3757 te
1592 3700 1830 3765 instruis,
1856 3701 1943 3768 qui
1973 3700 2113 3754 nulla
2140 3708 2192 3754 te

618 3806 808 3875 injuria
837 3800 1049 3858 affecit?
1093 3796 1220 3869 quid
1249 3797 1372 3852 item
1403 3792 1568 3848 habes
1595 3790 1734 3861 quod
1765 3789 2069 3858 parentibus
2093 3789 2193 3842 ob-

613 3899 765 3969 jicias
784 3936 799 3962 ,
823 3909 956 3966 quos
983 3901 1124 3947 tanta
1151 3887 1398 3944 maestitia
1419 3884 1654 3953 afﬂigere
1680 3881 1948 3936 deliberas
1972 3921 1985 3946 ,
2014 3887 2072 3935 et
2094 3895 2192 3933 au-

617 4005 735 4050 ctor
759 4007 880 4047 esse
901 3988 1154 4044 terribilis
1182 3983 1474 4056 tragteditc,
1503 3990 1558 4035 ut
1584 3979 1784 4050 primus
1808 3979 1886 4033 eis
1907 3977 2191 4034 violentam

619 4084 757 4140 hanc
801 4089 1024 4136 mortem
1065 4075 1356 4132 ostendas?
1403 4073 1515 4128 Has
1556 4071 1658 4126 illis
1695 4068 1970 4125 mercedes
2014 4066 2194 4122 reddis

621 4187 725 4230 tua:
752 4167 1120 4229 educationis?
1149 4168 1280 4235 Qua:
1311 4163 1504 4220 diaboli
1531 4177 1616 4217 ars
1645 4161 1696 4216 in
1728 4160 1828 4216 hoc
1857 4169 1908 4215 te
1938 4159 2192 4230 ﬂagitium

618 4264 863 4336 impulit?
890 4265 969 4318 An
995 4248 1172 4316 dicere
1199 4266 1348 4327 potes
1377 4253 1797 4311 benevolentiam
1828 4251 2038 4307 Domini
2067 4265 2192 4321 erga

620 4358 769 4411 illum
793 4396 806 4419 ,
841 4354 1010 4422 ipsum
1058 4348 1337 4404 adversum
1385 4355 1438 4400 te
1479 4353 1810 4413 arrogantem
1852 4341 2194 4397 reddidisse?

621 4446 810 4502 Nonne
831 4453 1131 4513 praecavens
1150 4438 1218 4492 ob
1241 4437 1374 4492 hanc
1393 4433 1776 4504 sanguinariam
1800 4441 1940 4486 tuam
1961 4441 2192 4487 mentem

621 4535 845 4605 subiecit
876 4534 1021 4588 illum
1049 4531 1160 4594 tibi,
1188 4539 1242 4584 et
1275 4537 1376 4583 tute
1405 4525 1647 4597 potestati
1675 4523 1925 4587 subdidit,
1951 4534 2004 4579 et
2032 4524 2191 4589 dixit,

625 4629 759 4697 Quia
797 4625 864 4678 ad
905 4633 951 4677 te
987 4620 1240 4676 caucasio
1265 4620 1401 4673 illius
1423 4658 1438 4684 ,
1467 4626 1515 4672 ct
1545 4625 1598 4670 tu
1628 4615 1784 4684 ipsius
1813 4611 2142 4668 dominaberis
2170 4615 2195 4668 Ξ)

623 4720 757 4777 Nam
781 4717 881 4770 hoc
900 4715 965 4770 de
987 4714 1160 4769 fratris
1185 4711 1511 4780 subiectione
1537 4706 1897 4778 accipiendum
1928 4715 2026 4761 est.
2060 4707 2191 4762 Sunt

626 4813 769 4867 enim
797 4809 954 4879 aliqui
981 4807 1236 4872 dicentes,
1265 4804 1329 4859 de
1359 4801 1619 4858 sacrificio
1645 4799 1713 4853 ab
1739 4815 1802 4853 eo
1827 4799 2002 4853 oblato
2031 4798 2192 4854 Deum

628 4903 750 4958 talia
793 4900 988 4954 dixisse
1018 4915 1031 4951 :
1061 4896 1139 4949 Ad
1173 4905 1218 4948 te
1258 4893 1510 4948 conversio
1533 4932 1550 4959 ,
1591 4890 1796 4961 inquit,
1841 4890 2040 4945 scilicet
2067 4889 2193 4944 doni

621 4995 762 5049 illius
787 5033 799 5052 .
830 5003 874 5045 et
902 5001 953 5044 tu
980 4990 1137 5058 ipsius
1168 4985 1498 5041 doutinaberis
1529 4981 1619 5037 :id
1648 4992 1729 5038 est
1750 5023 1766 5048 ,
1795 4996 1860 5037 eo
1889 4980 2094 5036 frueris.
2128 4981 2195 5034 Et

622 5086 744 5142 ideo
762 5091 1039 5150 utrutnque
1059 5093 1270 5134 sensum
1287 5075 1416 5142 dixi,
1435 5074 1737 5143 relinquens
1758 5082 1944 5127 vestrm
1965 5072 2194 5141 pruden-

625 5179 710 5232 tiae
735 5217 750 5241 ,
780 5175 832 5229 id
862 5173 1001 5242 quod
1028 5171 1184 5226 dictis
1211 5169 1377 5239 magis
1401 5181 1692 5237 congruum
1722 5164 1928 5218 videtur
1951 5203 1965 5227 ,
1994 5163 2193 5232 eligen-

626 5268 771 5324 dum.
822 5263 942 5320 ὶιὶὴί
991 5263 1133 5317 enim
1176 5259 1381 5314 videtur
1422 5257 1488 5313 de
1535 5257 1694 5312 fratre
1732 5269 1852 5310 esse
1881 5253 2093 5308 dictum.
2127 5252 2196 5307 Et

625 5360 814 5426 (aetatu
854 5363 926 5410 est
955 5394 968 5418 ,
1010 5367 1124 5405 cum
1161 5360 1316 5404 essent
1354 5348 1448 5419 ipsi
1485 5349 1538 5402 in
1571 5363 1779 5416 eampo,
1818 5345 2033 5399 surrexit
2073 5342 2196 5398 Cain

625 5456 801 5500 contra
826 5443 946 5497 Abel
973 5446 1179 5512 fratrem
1205 5455 1370 5504 suum,
1397 5447 1442 5491 et
1467 5437 1644 5491 occidit
1671 5436 1834 5490 illum.
1866 5432 2195 5487 Horrendqu

626 5536 852 5598 facinus,
883 5531 1158 5604 periculosi
1188 5543 1367 5595 ausus,
1390 5525 1744 5584 abominabile
1770 5538 1931 5593 opus,
1959 5522 2195 5578 irremis~

627 5626 780 5682 sibile
807 5633 1076 5695 peccatum
1102 5663 1115 5687 ,
1145 5620 1377 5676 eﬂerata:
1402 5619 1592 5674 anima:
1624 5617 1972 5687 propositum.
2011 5614 2196 5669 Surre-

619 5720 718 5787 xit,
748 5711 947 5791 inquit,
972 5724 1145 5770 contra
1176 5712 1296 5768 Abel
1319 5715 1528 5785 [mtrem
1557 5726 1723 5778 suum,
1757 5727 1800 5764 et
1830 5709 2006 5762 Occidit
2031 5707 2194 5762 illum.

1316 322 1372 380 8.
1413 315 1686 379 JO.\N.\’iS
1724 309 2193 373 CHIHSOSTOMI
2235 307 2549 366 ARCIIIEP.
2587 303 3121 364 CONSTANTINOP.

3732 305 3842 361 im

2267 424 2314 480 0
2344 424 2746 480 abominabilem
2778 423 3027 478 manum!
3066 437 3100 477 o
3127 422 3396 479 dexteram
3440 423 3795 480 miserabilem
3832 433 3844 483 ε

2269 517 2375 571 imo
2401 532 2507 571 non
2539 531 2749 572 manum
2781 524 2990 584 oportet
3008 529 3201 573 vocare
3223 515 3636 572 abominabilem
3659 527 3716 573 et
3742 517 3842 572 mi-

2267 611 2581 679 serabilem,
2605 609 2698 666 sed
2729 619 2960 666 mentem
2989 610 3074 666 cui
3101 609 3396 666 membrum
3423 611 3659 666 servivit.
3690 610 3847 665 Diea-

2269 714 2387 754 mus
2414 701 2571 770 igitur
2593 701 2691 762 sic,
2718 714 2753 756 ο
2773 699 3025 757 audacem
3051 709 3285 756 mentem
3313 741 3328 767 ,
3357 709 3410 757 et
3431 699 3846 758 abominabilem

2267 802 2324 848 et
2367 792 2766 848 miserabilem!
2811 801 2866 847 et
2900 789 3154 863 quidquid
3192 790 3295 847 dici
3325 799 3499 861 potest
3521 833 3537 857 ,
3566 805 3673 847 non
3715 793 3848 847 satis

2268 883 2494 942 dicetur.
2538 885 2815 955 Quomodo
2850 902 2954 942 non
2996 886 3264 957 obtorpuit
3290 886 3406 956 ejus
3435 903 3621 943 manus
3635 879 3672 943 τ’
3709 904 3847 961 quo-

2271 966 2432 1032 modo
2460 978 2632 1047 potuit
2674 986 2857 1034 tenere
2895 976 3126 1049 gladium
3153 978 3170 1010 ⁸
3195 1019 3210 1045 ,
3241 987 3296 1034 et
3320 977 3557 1050 inﬂigere
3596 980 3805 1052 plagam
3823 981 3852 1036 ἲ

2269 1070 2539 1140 quomodo
2583 1083 2688 1125 non
2723 1069 2953 1124 avolavit
2991 1084 3024 1126 a
3067 1085 3292 1140 corpore
3321 1070 3538 1126 anima?
3581 1071 3852 1140 quomodo

2269 1159 2432 1215 valuit
2459 1152 2670 1229 operari
2708 1167 2815 1214 tam
2842 1159 3129 1215 nefandum
3155 1159 3360 1216 facinus
3377 1161 3404 1214 τ
3446 1161 3716 1231 quomodo
3744 1177 3853 1219 non

2273 1248 2464 1304 inﬂexa
2491 1258 2596 1313 est,
2624 1259 2680 1304 et
2699 1247 2828 1304 Cain
2861 1263 2966 1304 non
2991 1251 3213 1305 mutavit
3240 1252 3554 1306 sententiam
3575 1250 3601 1304 τ
3629 1266 3856 1322 (ιυοηιοο

2273 1339 2344 1395 do
2363 1355 2468 1396 non
2488 1340 2736 1410 cogitavit
2757 1350 3000 1395 naturam
3013 1340 3039 1394 ἲ
3058 1338 3326 1410 quomodo
3346 1354 3452 1395 non
3471 1341 3850 1409 consideravit,

2275 1441 2555 1501 antequam
2592 1429 2892 1486 adoriretur
2921 1429 3069 1486 nefas
3094 1473 3108 1496 ,
3142 1430 3320 1502 cperis
3345 1429 3548 1486 linem!
3586 1431 3858 1504 quomodo

2276 1521 2524 1576 sustinuit
2551 1528 2670 1590 post
2700 1521 2906 1578 facinus
2929 1563 2946 1590 ,
2976 1521 3158 1578 videre
3191 1536 3385 1592 corpus
3409 1522 3584 1578 fratris
3611 1523 3857 1594 spiritum

2276 1611 2507 1668 efﬂaan
2533 1623 2587 1668 et
2613 1612 2915 1684 palpitantis
2939 1627 3100 1684 super
3128 1613 3368 1668 terram?
3393 1613 3662 1685 quomodo
3687 1616 3860 1684 potuit

2277 1703 2459 1760 videre
2487 1711 2752 1760 mortuum
2793 1714 2848 1760 et
2876 1703 3022 1760 bumi
3051 1705 3343 1776 projectum
3368 1745 3384 1773 ,
3412 1714 3466 1762 et
3499 1720 3531 1761 a
3556 1705 3864 1777 spectaculo

2279 1811 2386 1852 non
2417 1796 2593 1852 statim
2619 1795 2911 1854 dissolutus
2934 1796 3056 1852 est?
3078 1795 3210 1851 Nam
3239 1811 3360 1853 cum
3390 1809 3491 1851 nos
3519 1805 3638 1867 post
3662 1806 3742 1852 tot
3764 1812 3866 1852 an-

2281 1904 2470 1945 norum
2501 1904 2780 1946 numerum
2806 1932 2820 1957 ,
2850 1904 2973 1946 cum
2999 1888 3234 1960 quotidie
3269 1890 3559 1944 morientes
3581 1888 3820 1944 videmus
3843 1929 3863 1955 ,

2281 1982 2521 2053 quamvis
2544 1981 2772 2036 naturali
2799 1988 2969 2036 morte
2993 2021 3008 2047 ,
3043 1989 3099 2036 et
3126 1980 3382 2051 sanguine
3405 1979 3534 2036 nihil
3561 1980 3716 2035 nobis
3733 1979 3867 2050 jun—

2280 2081 2416 2139 ctos,
2448 2073 2647 2128 viribus
2671 2071 3042 2138 destituimur,
3072 2080 3127 2129 et
3150 2071 3198 2128 si
3225 2071 3470 2128 inimicus
3494 2073 3602 2138 sit,
3627 2072 3866 2128 inimici-

2283 2165 2474 2220 tiarum
2509 2164 2668 2220 linem
2707 2163 2928 2220 facimus
2961 2182 2976 2218 :
3004 2173 3202 2234 quanto
3238 2165 3406 2236 magis
3435 2163 3576 2220 hunc
3602 2163 3871 2235 disperire

2282 2270 2378 2326 par
2416 2263 2533 2311 erat
2556 2296 2572 2323 ,
2597 2265 2652 2312 et
2691 2257 2871 2311 statim
2914 2255 3159 2312 emittere
3198 2256 3464 2320 animam.
3505 2271 3627 2310 cum
3662 2255 3874 2311 videret

2285 2343 2500 2401 fratrem
2525 2386 2541 2411 ,
2576 2345 2667 2416 qui
2708 2345 2864 2415 paulo
2901 2353 3056 2400 antea
3088 2344 3402 2415 loquebatur
3426 2384 3442 2407 ,
3473 2344 3660 2400 eadem
3691 2354 3871 2400 matre

2285 2446 2466 2493 natum
2494 2475 2507 2497 .
2534 2435 2724 2492 eodem
2767 2446 2916 2506 patre
2955 2437 3192 2507 genitum
3217 2477 3234 2505 ,
3265 2437 3504 2507 ejusdem
3545 2438 3682 2494 uteri
3715 2447 3873 2508 partu

2285 2526 2511 2589 editum.
2538 2526 2650 2582 Deo
2677 2526 2929 2598 singulari
2959 2526 3324 2583 benevolentia
3350 2537 3624 2598 acceptum
3643 2570 3660 2594 ,
3690 2528 3873 2583 subito

2285 2620 2485 2690 absque
2505 2617 2692 2691 spiritu
2713 2627 2765 2675 et
2785 2617 3093 2690 operatione
3109 2617 3394 2689 jacentem,
3417 2628 3471 2675 et
3486 2634 3648 2691 super
3669 2629 3874 2676 terram

2287 2711 2629 2781 palpitantem
2649 2709 2674 2764 2

2356 2800 2412 2855 2.
2444 2801 2521 2856 At.
2535 2800 2808 2855 videamus
2831 2807 2950 2870 post
2979 2799 3236 2854 nefarium
3263 2798 3390 2855 illud
3418 2798 3642 2864 facinus,
3665 2808 3874 2870 etpost

2289 2889 2545 2962 ﬂagitium
2569 2890 2713 2947 nulla
2741 2891 2896 2945 venia
2915 2889 3133 2961 dignum
3158 2898 3354 2960 quanta
3375 2891 3569 2945 iterum
3592 2890 3878 2960 indulgen-

2289 2983 2362 3036 tia
2406 2990 2706 3052 quantaque
2747 2980 3070 3051 benignitate
3112 2980 3348 3036 omnium
3401 2980 3539 3036 Deus
3581 2982 3769 3036 utitur.
3817 2982 3876 3038 9.

2292 3068 2360 3124 Et
2389 3069 2516 3124 dixit
2544 3069 2684 3124 Deus
2706 3071 2774 3123 ad
2798 3069 2939 3124 Cain.
2971 3069 3200 3140 ldipsum
3231 3069 3313 3125 vel
3340 3069 3513 3124 solum
3541 3080 3753 3140 quanta:
3779 3070 3882 3126 bo—

2291 3160 2472 3214 nitatis
2492 3159 2668 3227 fuerit,
2686 3159 2826 3231 quod
2847 3175 2967 3214 eum
2989 3161 3076 3229 qui
3099 3170 3242 3215 tanta
3264 3159 3496 3216 facinora
3517 3162 3877 3229 commiserit,

2290 3251 2556 3321 colloquio
2602 3251 2890 3321 dignetur?
2933 3249 3065 3306 Nam
3122 3267 3242 3306 cum
3293 3267 3391 3307 nos
3432 3268 3576 3324 smpe
3619 3264 3884 3325 cognatos

2293 3352 2505 3398 nostros
2548 3342 2913 3398 abominemur
2937 3385 2952 3410 ,
2993 3345 3038 3398 si
3077 3344 3288 3416 quando
3315 3345 3604 3402 viderimus
3637 3362 3735 3402 eos
3772 3349 3884 3405 tale

2291 3432 2557 3503 quoddam
2594 3430 2798 3488 facinus
2841 3441 3212 3503 perpetrasse:
3247 3435 3413 3490 multo
3459 3436 3627 3506 magis
3674 3438 3880 3494 bonum

2293 3521 2461 3577 Deum
2509 3522 2691 3578 mirari
2737 3537 2833 3593 par
2875 3532 2953 3578 est
3001 3532 3146 3578 tanta
3191 3534 3426 3579 utentem
3467 3526 3748 3582 tolerantia
3784 3540 3884 3584 :et

2288 3614 2409 3683 jure
2437 3615 2646 3670 merizo.
2680 3615 2914 3671 Medicus
2937 3617 3078 3670 enim
3101 3625 3203 3684 est,
3232 3627 3288 3672 et
3312 3617 3767 3676 clementissimus
3792 3639 3880 3692 pa-

2295 3713 2375 3760 ter
2417 3723 2432 3760 :
2473 3715 2526 3760 et
2569 3707 2709 3760 sicut
2757 3706 2992 3762 medicus
3045 3707 3174 3762 nihil
3220 3724 3323 3763 non
3375 3711 3496 3764 facit
3531 3712 3700 3782 utqui
3727 3714 3881 3782 gravi

2295 3796 2483 3851 morbo
2507 3798 2747 3853 laborant
2773 3841 2787 3865 ,
2817 3799 2883 3854 ad
2920 3801 3201 3856 sanitatem
3245 3802 3566 3857 reducantur
3597 3822 3610 3858 :
3643 3815 3697 3859 et
3739 3806 3882 3862 sicut

2295 3886 2740 3944 clementissimus
2769 3900 2917 3959 pater
2946 3891 3100 3958 filios,
3130 3893 3217 3960 qui
3245 3893 3570 3948 nobilitatem
3599 3910 3752 3950 suam
3787 3913 3883 3966 per

2297 3977 2559 4046 ignaviam
2589 3979 2817 4034 amisere
2841 4019 2856 4046 ,
2888 3989 3106 4048 paterna
3142 3982 3461 4053 indulgentia
3492 3984 3555 4037 ad
3597 3984 3880 4054 pristinam

2298 4067 2602 4124 felicitatem
2648 4069 2927 4126 restituere
2972 4073 3134 4140 cupit.
3181 4071 3412 4127 Proinde
3436 4075 3558 4144 quia
3598 4075 3883 4133 immense

2301 4157 2551 4213 bonitatis
2573 4167 2674 4223 est,
2700 4159 2887 4214 iterum
2919 4159 3294 4229 benignitatem
3322 4177 3472 4217 suam
3499 4164 3573 4217 illi
3595 4207 3608 4228 ,
3633 4167 3722 4236 qui
3752 4168 3878 4222 talia

2300 4249 2472 4304 fuerat
2497 4265 2677 4315 ausus,
2707 4251 2992 4307 ostendere
3020 4252 3148 4306 vult.
3187 4252 3323 4308 Dicit
3350 4254 3491 4307 enim
3522 4255 3597 4308 illi
3629 4273 3642 4311 :
3676 4255 3775 4311 Ubi
3805 4268 3881 4312 est

2302 4341 2421 4395 Abel
2446 4341 2603 4410 frater
2632 4351 2745 4396 tuus
2763 4342 2789 4396 2
2813 4342 2968 4396 Multa
2999 4352 3052 4398 et
3081 4345 3338 4399 immensa
3364 4345 3459 4399 Dei
3489 4346 3740 4415 patientia
3771 4359 3875 4404 est.

2298 4432 2412 4488 Non
2438 4435 2578 4488 enim
2606 4433 2895 4504 interrogat
2920 4435 3067 4504 quasi
3096 4434 3321 4505 ignoret,
3356 4436 3447 4491 sed
3475 4437 3700 4506 idipsum
3727 4443 3836 4509 agit
3860 4481 3879 4505 ,

2297 4522 2437 4593 quod
2467 4531 2521 4578 et
2545 4525 2680 4593 patri
2712 4524 2853 4578 illius
2881 4523 3080 4578 fecerat
3112 4540 3125 4576 :
3158 4525 3286 4578 nihil
3329 4527 3470 4580 enim
3506 4527 3680 4582 obstat
3703 4569 3717 4593 ,
3747 4531 3879 4599 quin

2300 4616 2439 4671 idem
2469 4615 2642 4670 denuo
2661 4614 2890 4670 dicatur.
2921 4615 3051 4669 Nam
3081 4615 3523 4686 quemadmodum
3551 4619 3719 4684 illum,
3753 4635 3877 4675 cunt

2299 4721 2357 4761 se
2406 4720 2515 4776 pm
2558 4705 2758 4775 pudore
2804 4707 3054 4761 nuditatis
3100 4715 3334 4776 tegeret,
3382 4707 3642 4774 rogabat:
3679 4707 3777 4763 Ubi
3825 4726 3878 4765 es

2300 4796 2452 4866 (Gen.
2484 4798 2534 4852 3.
2564 4797 2662 4867 9)?
2693 4812 2795 4852 non
2821 4799 3089 4868 ignorans,
3119 4799 3210 4852 sed
3239 4798 3442 4853 fiducia:
3467 4802 3776 4855 occasiones
3803 4801 3878 4858 illi

2303 4889 2562 4957 praebens,
2589 4897 2644 4941 ut
2671 4903 2763 4956 per
2787 4887 3174 4943 confessionem
3201 4889 3399 4956 peccati
3423 4889 3671 4943 delictum
3694 4891 3879 4948 ablue-

2298 4988 2382 5034 ret
2417 4979 2600 5046 (ltunc
2639 4980 2779 5033 enim
2829 4994 3030 5033 morem
3061 4979 3252 5043 habet,
3285 4988 3343 5034 ut
3383 4980 3452 5035 ab
3491 4981 3640 5036 initio
3664 4997 3692 5034 a
3723 4983 3882 5038 nobis

2301 5079 2633 5140 peccatorum
2655 5073 2829 5141 exigat
2848 5069 3257 5132 confessionem.
3281 5081 3335 5126 et
3355 5072 3558 5126 veniam
3580 5073 3840 5146 prmbeat)
3858 5115 3874 5141 ,

2302 5161 2371 5215 ita
2396 5169 2450 5214 et
2475 5176 2614 5214 nunc
2643 5169 2789 5231 rogat
2817 5158 2946 5215 Cain
2974 5202 2988 5224 ,
3022 5169 3071 5213 ct
3103 5161 3270 5230 inquit
3299 5177 3310 5213 :
3349 5160 3442 5218 (ibi
3473 5172 3543 5215 est
3573 5161 3696 5216 Abel
3719 5166 3881 5232 [mter

2302 5253 2463 5306 tuus?
2512 5251 2866 5321 lgnorautiam
2913 5249 3128 5304 simulat
3165 5251 3425 5320 benignus
3455 5251 3704 5306 Dominus
3731 5293 3745 5316 ,
3782 5253 3880 5307 hac

2303 5342 2713 5412 interrogatione
2732 5357 2876 5404 eum.
2903 5340 2993 5412 qui
3019 5341 3137 5395 talia
3163 5344 3523 5405 commiserat,
3550 5357 3880 5411 prteparans,

2304 5443 2362 5488 ut
2400 5432 2465 5488 ad
2507 5434 2708 5502 peccati
2745 5431 3132 5487 confessionem
3162 5431 3552 5497 adduceretur,
3598 5443 3881 5501 possetque

2302 5526 2510 5582 veniam
2555 5525 2691 5580 forte
2716 5535 2772 5580 et
2806 5523 3222 5580 miscricordiam
3261 5523 3492 5593 assequi.
3537 5521 3636 5577 Ubi
3661 5533 3734 5576 est
3763 5522 3884 5578 Abe.‘

2379 5712 2398 5744 ³
2434 5707 2606 5774 Itegius
2627 5718 2766 5771 unus,
2792 5702 3026 5773 quomodo
3046 5704 3190 5767 nituit
3205 5703 3402 5771 adigere
3421 5700 3653 5766 gladium.
