4058 6302
293 416 385 474 Ηὶί
1349 395 1414 452 IN
1453 393 1605 454 CAP.
1649 391 1737 446 iV.
1781 388 2026 451 GENES.
2063 383 2297 444 llOMlL.
2339 382 2480 439 XIX.

292 533 440 600 frater
457 537 572 581 tnus
586 526 612 580 .9
626 514 766 592 Quid
784 519 939 592 igitur
950 517 1015 572 ad
1035 517 1146 570 lucc
1159 513 1412 583 ingratus,
1430 508 1691 600 stupidus,
1713 514 1885 559 tcmc~

290 599 463 676 rarius
482 626 535 673 et
559 612 876 685 impudens?
902 612 1032 665 Cum
1055 603 1394 676 cogitandum
1416 609 1560 656 esset
1586 599 1750 652 Deum
1777 610 1882 649 non

291 714 534 780 ignarum
587 707 663 762 rei
711 705 1040 771 interrogare
1063 738 1080 764 ,
1117 695 1210 751 sed
1238 694 1304 750 ab
1336 694 1453 762 ipso
1491 688 1884 746 confessionem

290 800 532 858 criminis
562 797 797 865 exigere,
823 804 878 849 et
905 806 1002 845 nos
1028 789 1243 850 docere,
1274 796 1563 853 numquam
1590 793 1746 834 causa
1779 792 1884 831 non

292 891 596 949 examinati
635 864 955 941 sententiam
987 888 1168 936 contra
1212 877 1399 931 fratres
1426 883 1636 927 nostros
1661 885 1781 925 esse
1805 869 1884 922 fe-

291 984 514 1042 rendam
542 1023 556 1045 ,
582 989 639 1036 et
678 983 730 1034 in
761 987 991 1033 mentem
1032 984 1284 1028 revocare
1323 965 1602 1023 consilium
1633 960 1838 1016 Domini
1869 1000 1882 1023 ,

290 1077 380 1145 qui
414 1074 559 1128 hunc
589 1072 728 1126 illius
753 1077 1000 1123 conatum
1027 1063 1344 1132 reprimens,
1374 1066 1428 1113 et
1454 1054 1701 1111 conscius
1726 1051 1883 1145 etiam

290 1143 578 1234 antequam
622 1177 709 1217 res
743 1159 977 1215 eveniret
1001 1198 1016 1222 ,
1047 1152 1171 1224 quid
1203 1151 1292 1205 ille
1331 1148 1552 1203 haberet
1580 1145 1631 1197 in
1663 1143 1840 1195 animo
1870 1180 1883 1203 ,

293 1255 548 1312 remediis
576 1253 641 1307 ad
670 1246 1100 1320 praeveniendum
1129 1258 1255 1299 usus
1278 1249 1360 1295 est
1384 1257 1395 1292 :
1419 1253 1537 1292 eum
1565 1235 1886 1304 oportuisset

295 1351 377 1403 his
418 1347 668 1401 onmibus
708 1342 952 1412 cogitatis
979 1383 992 1405 ,
1023 1341 1180 1392 linem
1213 1335 1388 1389 facere
1420 1331 1638 1387 insania:
1662 1371 1675 1392 ,
1707 1328 1886 1382 dicere

291 1439 419 1510 quid
450 1438 666 1501 factum,
699 1431 981 1488 ostendi-re
1012 1427 1218 1483 medico
1251 1425 1399 1480 ulcus
1421 1465 1436 1488 ,
1469 1429 1523 1478 et
1549 1417 1886 1497 acciperepab

294 1532 388 1583 illo
415 1529 700 1600 pltat-maca
727 1523 853 1578 :ille
881 1523 1072 1575 iterum
1099 1525 1255 1587 anget
1282 1515 1487 1576 vulnus,
1514 1516 1568 1566 et
1593 1510 1742 1564 ulcus
1771 1523 1890 1577 gra-

294 1599 423 1674 vius
457 1616 649 1672 reddit.
699 1612 765 1667 Et
792 1613 918 1666 dixit
942 1651 958 1677 ,
989 1609 1196 1679 inquit,
1232 1605 1442 1660 Nescio.
1479 1602 1609 1656 Vide
1646 1599 1885 1669 rcSponsi

293 1707 700 1778 impudentiam.
727 1703 864 1758 Num
892 1698 1094 1755 homini
1126 1697 1381 1767 loqueris,
1405 1709 1563 1764 quem
1592 1691 1725 1746 forte
1747 1688 1888 1743 deci-

294 1816 424 1871 pere
452 1795 675 1867 posses?
699 1794 904 1860 Nescis,
932 1790 1111 1846 infelix
1134 1797 1188 1844 et
1212 1789 1397 1852 miser,
1425 1785 1545 1856 quis
1569 1793 1650 1839 est
1676 1781 1764 1852 qui
1792 1779 1886 1836 tibi

292 1887 570 1959 loquitur?
608 1900 712 1940 non
754 1883 956 1953 cogitas
981 1923 995 1948 ,
1023 1881 1196 1950 ipsum
1225 1878 1294 1932 ob
1322 1876 1610 1932 bonitatem
1641 1885 1885 1942 magnam

292 1980 649 2047 interrogare,
689 1974 1024 2029 occasionem
1064 1968 1348 2041 quamdam
1390 1965 1629 2020 invenire
1665 1963 1887 2031 cupien-

294 2078 428 2134 tem,
457 2083 551 2136 per
578 2080 736 2136 quam
758 2079 910 2120 suam
940 2062 1034 2118 tibi
1060 2060 1296 2117 declaret
1325 2057 1729 2121 humanitatem,
1754 2063 1806 2108 ct
1833 2061 1889 2108 ut

296 2167 483 2229 postea
508 2159 723 2212 tentatis
743 2171 775 2210 a
795 2170 853 2211 se
875 2153 1146 2218 omnibus,
1174 2151 1372 2206 nullam
1396 2149 1593 2204 habeas
1615 2147 1854 2202 defensio
1871 2176 1886 2188 -

291 2268 444 2318 nem,
464 2259 648 2321 utpote
668 2249 759 2319 qui
779 2261 949 2319 pennae
976 2245 1203 2315 teipsum
1231 2243 1520 2298 obnoxium
1543 2240 1838 2296 constituas
1865 2238 1888 2292 ?

391 2343 662 2397 Accusatio
716 2338 1032 2395 conscientia:
1072 2353 1224 2408 quam
1266 2334 1449 2406 gravis.
1486 2362 1558 2373 --
1609 2332 1672 2385 Et
1713 2332 1841 2384 dixit
1869 2373 1884 2397 ,

292 2437 488 2506 inquit,
525 2433 729 2490 Nescio.
766 2431 908 2486 Num
931 2439 1098 2485 custos
1123 2430 1296 2500 fratris
1323 2428 1418 2481 mei
1465 2443 1578 2480 sum
1621 2427 1749 2495 ego?
1787 2423 1890 2478 Co-

290 2529 400 2599 gita
445 2526 532 2580 hic
573 2525 914 2580 conscientia:
957 2521 1350 2577 accusationem
1391 2527 1445 2573 ct
1488 2517 1755 2587 quomodo
1797 2517 1886 2586 qui

291 2617 625 2676 Conscientia
648 2615 1020 2686 impellebatur
1039 2655 1054 2680 ,
1083 2623 1140 2667 ut
1165 2613 1234 2665 ita
1257 2612 1427 2666 dicam
1450 2651 1464 2677 ,
1497 2626 1593 2665 nec
1611 2620 1886 2680 postquam

291 2712 449 2777 dixit,
481 2708 688 2772 Nescio,
723 2708 883 2761 finem
910 2705 1121 2761 dicendi
1149 2705 1291 2769 fecit,
1322 2703 1412 2757 sed
1441 2701 1676 2757 subdidit
1704 2718 1717 2752 :
1745 2698 1889 2754 Num

291 2812 459 2857 custos
486 2801 658 2870 fratris
684 2800 779 2853 mei
806 2815 918 2853 sum
955 2815 1045 2868 ego
1063 2797 1089 2850 Ρ
1139 2805 1341 2850 tantum
1368 2810 1472 2849 non
1501 2794 1575 2849 sci
1584 2809 1732 2863 psum
1764 2792 1888 2848 red-

293 2906 554 2964 arguens.
587 2890 798 2945 Atcnim
830 2889 873 2943 si
903 2905 968 2944 ex
991 2885 1339 2957 consequenti
1365 2885 1461 2940 abs
1507 2893 1556 2939 te
1598 2893 1885 2954 ageretur,

293 2983 587 3039 secundum
629 2991 833 3037 naturae
864 2980 1004 3051 leges
1033 2977 1308 3035 custodem
1350 2977 1599 3032 fraterna:
1625 2977 1810 3030 salutis
1839 2984 1890 3030 te

294 3093 416 3131 esse
439 3075 740 3145 oportebat.
772 3074 882 3128 lloc
910 3073 1051 3127 enim
1092 3080 1276 3124 natura
1303 3069 1572 3132 decrevit,
1600 3076 1654 3122 et
1679 3075 1890 3138 oportet

291 3182 387 3223 eos
410 3167 499 3235 qui
525 3146 588 3220 ex
610 3165 798 3219 eodem
821 3171 974 3218 utero
997 3162 1108 3216 nati
1129 3171 1253 3215 sunt
1273 3169 1456 3214 mutuo
1477 3174 1596 3214 esse
1616 3158 1886 3213 custodes.

291 3259 446 3327 Quod
476 3257 522 3311 si
563 3254 664 3310 hoc
689 3254 908 3309 nolebas
931 3294 947 3318 ,
976 3263 1028 3308 et
1057 3250 1274 3306 noluisti
1300 3258 1482 3306 custos
1511 3263 1631 3305 esse
1662 3249 1840 3303 fratris
1871 3266 1885 3304 :

289 3365 460 3419 quare
488 3362 617 3417 ergo
647 3347 786 3401 illius
814 3344 1125 3400 interfector
1152 3356 1212 3399 es
1247 3341 1416 3397 factus
1441 3382 1454 3407 ,
1484 3351 1537 3396 et
1564 3357 1684 3397 eum
1719 3344 1803 3411 qui
1841 3349 1890 3396 te

292 3439 440 3496 nulla
478 3438 654 3497 alIeeit
696 3438 886 3507 injuria
919 3435 1198 3502 occidisti,
1227 3442 1282 3490 et
1311 3435 1504 3505 putasti
1542 3433 1740 3506 nullum
1774 3432 1890 3487 fore

290 3533 381 3604 qui
418 3542 468 3586 te
507 3530 576 3586 de
609 3530 710 3585 hoc
739 3528 1165 3598 reprehensurus
1190 3527 1369 3581 esset?
1395 3525 1499 3580 Sed
1526 3535 1774 3594 exsliceta
1794 3565 1806 3587 ,
1837 3533 1891 3578 et

292 3623 505 3678 videbis
530 3629 896 3678 accusatorem
925 3629 1072 3674 tuum
1102 3618 1214 3674 fore
1239 3633 1360 3673 eum
1388 3619 1477 3689 qui
1505 3617 1810 3673 interfectus
1837 3626 1890 3672 et

290 3723 596 3787 prostratus
617 3714 780 3784 jacet,
805 3723 857 3767 et
887 3721 938 3767 te
963 3714 1227 3766 viventem
1256 3719 1310 3766 et
1337 3710 1717 3773 ambulantem,
1745 3710 1888 3763 clara

293 3821 431 3860 voce
451 3814 844 3860 accusaturum.
874 3803 960 3857 10.
984 3800 1053 3854 Ει
1077 3802 1196 3855 dicit
1222 3800 1362 3856 Deus
1383 3816 1402 3854 :
1426 3800 1562 3866 Quid
1576 3799 1739 3871 fecisti
1760 3800 1892 3853 hoc?

291 3895 483 3966 Magna
528 3894 687 3964 hujus
734 3895 880 3950 verbi
928 3892 1197 3948 recondita
1244 3893 1324 3947 vis
1367 3900 1482 3956 est,
1514 3901 1569 3946 et
1596 3890 1888 3961 emphasis.

291 3987 471 4053 Quare
489 4025 506 4051 ,
541 3984 743 4056 inquit,
777 3983 880 4040 hoc
908 3992 1156 4053 operatus
1179 3983 1276 4036 es?
1304 3998 1468 4053 quare
1494 3982 1756 4037 admisisti
1787 3997 1880 4038 ne-

293 4077 487 4134 farium
522 4077 623 4131 hoc
653 4075 858 4131 facinus
882 4117 896 4140 ,
924 4073 1278 4130 abominabile
1307 4088 1443 4142 Opus
1468 4114 1483 4140 ,
1513 4073 1708 4128 factum
1736 4073 1889 4128 inex-

292 4167 490 4238 piabile
518 4206 535 4233 ,
581 4167 842 4221 insaniam
892 4165 1278 4220 intolerabilem
1305 4204 1320 4230 ,
1364 4163 1566 4220 caedem
1605 4179 1796 4218 novam
1836 4174 1892 4220 et

291 4259 612 4330 stupendatn
635 4299 648 4322 ,
675 4260 785 4330 jam
817 4260 1044 4327 primum
1073 4257 1124 4312 in
1154 4256 1427 4311 hominum
1462 4257 1620 4311 vitam
1649 4266 1734 4310 tua
1761 4256 1892 4311 dex-

296 4362 411 4406 tera
459 4351 765 4405 invectam?
811 4367 905 4404 cur
950 4349 1118 4405 fecisti
1163 4348 1266 4404 hoc
1309 4357 1416 4402 tam
1458 4363 1739 4418 magnum,
1782 4359 1890 4403 tam

296 4441 538 4495 terribile
558 4481 573 4505 ,
606 4456 712 4510 quo
742 4455 846 4495 non
891 4451 971 4495 est
1010 4448 1284 4510 peceatum
1314 4438 1455 4493 aliud
1487 4439 1738 4508 gravius?
1782 4438 1894 4494 Vox

291 4533 559 4604 sanguinis
585 4533 756 4604 fratris
782 4533 856 4585 tui
881 4532 1068 4585 clamat
1095 4531 1165 4585 ad
1189 4548 1266 4585 me
1290 4530 1354 4585 de
1381 4541 1531 4585 terra.
1568 4530 1702 4585 Num
1731 4529 1892 4586 homo

295 4641 440 4690 sum,
469 4626 658 4695 inquit,
687 4625 774 4693 qui
803 4625 969 4678 solam
998 4624 1139 4678 illam
1171 4640 1355 4680 vocem
1385 4623 1618 4689 audiam,
1651 4638 1770 4694 qua:
1798 4637 1892 4693 per

296 4718 532 4788 linguam
572 4714 881 4785 profertur?
929 4713 1068 4769 Deus
1107 4729 1266 4782 sum,
1306 4716 1395 4786 qui
1444 4730 1658 4786 possum
1700 4723 1755 4770 et
1797 4729 1892 4783 per

294 4807 610 4877 Sanguinem
650 4806 835 4862 audire
873 4807 1191 4862 clamantem
1216 4849 1230 4874 ,
1263 4815 1319 4864 et
1357 4808 1502 4862 humi
1542 4817 1888 4877 prostratum.

297 4898 442 4953 Ecce
469 4911 748 4966 quousque
775 4897 928 4963 volat
968 4913 1067 4950 vos
1097 4899 1369 4966 sanguinis
1411 4899 1566 4966 hujus
1591 4940 1604 4964 ,
1633 4913 1800 4967 usque
1837 4898 1890 4951 in

295 4987 489 5043 exelum
515 5002 544 5041 a
569 4997 707 5042 terra
735 4987 996 5055 ascendit,
1026 4996 1078 5042 et
1106 4998 1524 5057 pmotercurrens
1553 4988 1764 5052 Ctl‘ltlm,
1788 5003 1892 5043 ea:-

296 5081 460 5150 loque
480 5080 787 5148 superiores
814 5079 1058 5145 virtutes,
1093 5079 1239 5148 regio
1264 5079 1399 5134 solio
1424 5080 1643 5144 assistit,
1666 5089 1718 5134 et
1745 5089 1890 5134 tuum

296 5171 548 5242 deplorat
568 5170 932 5236 homicidium,
961 5187 1022 5224 ac
1045 5171 1303 5225 nefarium
1333 5173 1432 5226 hoc
1454 5173 1628 5227 scelus
1652 5182 1886 5228 accusat.

311 5263 427 5320 Vox
451 5264 715 5335 sanguinis
744 5263 918 5333 fratris
947 5264 1016 5316 tui
1042 5264 1226 5317 clamat
1251 5263 1319 5316 ad
1345 5281 1424 5318 mc
1449 5266 1512 5318 de
1539 5277 1692 5318 terra.
1723 5265 1856 5319 Num
1875 5307 1890 5330 ,

299 5356 493 5428 inquit,
521 5355 574 5409 in
597 5354 828 5409 alienum
850 5365 904 5409 et
922 5354 1184 5424 hospitem
1209 5356 1536 5426 iniquitatem
1560 5357 1693 5411 hanc
1718 5369 1892 5427 patra-

302 5449 410 5504 sti?
444 5447 500 5501 In
527 5445 744 5502 fratrem
779 5456 924 5501 tuum
946 5489 961 5513 ,
996 5448 1144 5502 illum
1170 5448 1258 5518 qui
1286 5449 1426 5503 nulla
1459 5460 1508 5505 te
1541 5451 1729 5520 injuria
1759 5452 1891 5507 affe-

299 5547 481 5604 eerat,
512 5537 729 5592 szevisti.
766 5538 872 5593 Sed
905 5538 1039 5592 forte
1080 5538 1446 5594 benevolentia
1478 5556 1595 5596 mea
1637 5541 1773 5598 hanc
1819 5543 1889 5598 illi

299 5631 501 5685 tandem
535 5629 770 5700 peperit,
802 5638 857 5684 et
886 5646 1004 5683 cum
1037 5645 1138 5684 non
1170 5645 1355 5699 posses
1377 5647 1589 5686 mecum
1621 5649 1888 5702 pugnare,

302 5722 355 5776 in
388 5720 538 5776 illum
569 5719 800 5775 ell‘urlisti
844 5719 1077 5774 furorem
1113 5731 1260 5775 ttttnn
1303 5721 1635 5777 indomitum.
1686 5723 1892 5793 Eapro-

306 5824 417 5884 pter
444 5809 610 5868 talem
635 5809 724 5866 tibi
749 5824 960 5881 [ruinam
985 5811 1228 5884 inferam,
1256 5822 1311 5868 ut
1334 5813 1504 5871 audax
1529 5814 1665 5871 istud
1690 5816 1892 5874 facinus

3489 363 3594 418 iii“).

1995 497 2242 553 oblivioni
2269 494 2404 551 tradi
2433 511 2548 549 non,
2569 493 2756 564 possit,
2781 501 2831 548 et
2859 510 2976 564 quac
3003 493 3053 547 in
3087 504 3136 549 te
3164 493 3318 562 fiunt,
3339 495 3596 552 omnibus

1993 589 2214 659 posthac
2260 588 2564 658 sequuturis
2607 587 2886 656 castigatio
2921 596 2975 640 et
3016 586 3312 643 admonitio
3354 589 3482 644 sint.
3522 589 3591 643 Et

1992 695 2123 732 nunc
2144 721 2156 740 ,
2187 680 2308 748 quia
2340 679 2440 733 hoc
2469 677 2676 741 fecisti,
2703 686 2756 731 et
2784 677 2976 730 malam
3004 676 3330 732 voluntatem
3359 678 3427 733 ad
3454 678 3586 734 effe-

1991 779 2134 825 ctum
2167 771 2426 826 deduxisti
2455 812 2468 834 ,
2500 779 2552 824 et
2582 786 2674 838 per
2702 769 2952 824 invidiam
2990 769 3193 826 caedem
3228 771 3546 827 οοηιυιὶείειί
3573 813 3589 837 ,

1994 863 2295 918 Maledictus
2322 873 2374 916 tu
2405 865 2467 916 de
2493 875 2646 917 terra.

2063 955 2112 1007 3.
2139 954 2296 1009 Vides
2328 953 2719 1008 maledic-tionis
2746 952 3121 1020 differentiam,
3145 954 3378 1009 dilecte?
3401 954 3478 1010 Ne
3506 957 3604 1026 igi-

1994 1056 2077 1099 tur
2116 1044 2576 1100 incousidcranter
2607 1044 2730 1097 hinc
2774 1053 3036 1108 transeas,
3077 1043 3172 1098 sed
3210 1060 3274 1099 ex
3321 1046 3592 1100 maledicti

1991 1137 2354 1207 magnitudine
2427 1136 2609 1205 ﬂagitii
2688 1137 3072 1190 immanitatem
3147 1137 3412 1205 expende.
3457 1137 3590 1192 Nam

1991 1241 2190 1300 quanto
2219 1229 2386 1299 majus
2418 1230 2483 1282 sit
2518 1239 2790 1297 peccatum
2831 1229 2933 1282 hoc
2965 1229 3402 1297 praevaricatione
3435 1230 3590 1299 primi

1993 1322 2244 1386 hmuiais,
2267 1336 2330 1374 ex
2357 1320 2748 1376 maledictionis
2769 1321 3026 1374 varietate
3055 1319 3195 1375 scire
3223 1321 3417 1374 volenti
3445 1321 3591 1376 licet.

1993 1412 2105 1466 Illic
2157 1415 2296 1466 enim
2344 1412 2507 1480 inquit
2548 1429 2560 1464 :
2601 1410 2879 1465 Maledicta
2937 1421 3070 1465 terra
3123 1413 3175 1465 iu
3214 1411 3447 1482 aper-ibus
3497 1415 3598 1469 tuis

1994 1503 2162 1574 ((icn.
2197 1504 2248 1557 5.
2284 1503 2369 1572 17)
2399 1521 2410 1556 :
2440 1510 2493 1556 et
2536 1502 2588 1556 in
2643 1513 2838 1557 terram
2892 1501 3056 1557 eli'us‘a
3106 1513 3187 1557 est
3245 1504 3546 1559 maledictio
3576 1547 3594 1572 ,

1993 1604 2204 1649 ostensa
2249 1609 2342 1649 sua
2384 1596 2432 1647 in
2480 1595 2752 1650 hominem
2788 1610 2961 1650 cura:
2996 1594 3084 1649 hic
3123 1611 3251 1650 vero
3293 1597 3413 1666 quia
3461 1613 3596 1665 Opus

1995 1685 2391 1755 perniciosum,
2435 1685 2640 1740 facinus
2687 1688 2954 1756 iniquum,
2981 1698 3034 1742 et
3079 1688 3402 1758 inexpiabile
3443 1689 3597 1758 ﬂagi-

1995 1780 2144 1841 tium,
2167 1777 2280 1846 ipse
2303 1777 2641 1831 maledictum
2659 1777 2854 1846 excipit
2878 1797 2890 1832 :
2917 1778 3004 1831 il.
3030 1775 3094 1830 Et
3118 1794 3251 1831 nunc
3271 1778 3593 1843 maledicti“,

1994 1868 2181 1938 inquit,
2217 1879 2268 1922 tu
2296 1868 2359 1922 de
2386 1877 2537 1921 terra.
2569 1868 2698 1923 Nam
2730 1869 2852 1938 quia
2894 1867 3059 1922 ferme
3091 1870 3276 1924 eadem
3322 1871 3431 1939 egit
3475 1887 3594 1940 qua:

1992 1973 2234 2029 serpens,
2263 1966 2318 2013 et
2342 1960 2494 2027 quasi
2518 1973 2774 2029 organum
2801 1958 3018 2015 servivit
3055 1959 3252 2014 diaboli
3289 1961 3594 2026 sententi'e,

1995 2058 2048 2104 et
2079 2050 2217 2105 sicut
2268 2050 2359 2106 ille
2397 2034 2583 2104 fraude
2628 2050 3004 2105 mortalitatem
3043 2049 3383 2105 introduxit:
3416 2053 3492 2106 sic
3540 2061 3597 2108 et

1993 2139 2078 2194 hic
2106 2140 2389 2210 deceptum
2423 2140 2639 2194 fratrem
2669 2149 2722 2195 et
2752 2141 2804 2194 in
2829 2155 3076 2210 campum
3109 2142 3358 2195 eductum
3388 2153 3595 2198 armata

1994 2235 2046 2289 in
2081 2233 2226 2288 illum
2253 2249 2413 2288 manu
2453 2233 2668 2305 occidit.
2696 2233 2986 2302 Propterea
3011 2233 3150 2288 sicut
3181 2233 3254 2289 illi
3287 2233 3440 2300 dixit,
3474 2234 3594 2288 Ma.

1993 2325 2204 2378 [edictus
2247 2333 2301 2377 tu
2336 2321 2467 2378 inter
2505 2341 2678 2378 omnes
2707 2325 2885 2379 bestias
2907 2333 3053 2379 terra:
3077 2323 3237 2398 (Ibid.
3275 2341 3321 2378 υ.
3353 2325 3480 2394 14);
3513 2327 3594 2382 sic

1993 2427 2046 2471 et
2073 2416 2216 2480 huic,
2250 2416 2336 2484 qui
2365 2415 2552 2470 eadem
2581 2431 2701 2485 qua:
2738 2417 2828 2470 ille
2866 2424 3117 2486 operatus
3147 2417 3261 2470 fuit.
3291 2415 3425 2471 Nam
3458 2417 3600 2473 sicut

1994 2509 2260 2575 diabolus,
2289 2509 2412 2564 odio
2434 2519 2488 2564 et
2518 2509 2713 2564 invidia
2741 2518 2938 2574 motus,
2969 2523 3076 2564 neu
3100 2508 3277 2564 ferens
3310 2520 3385 2563 tot
3408 2509 3597 2564 inetia-

1994 2603 2116 2657 hilia
2167 2602 2424 2656 beneficia
2455 2643 2468 2666 ,
2498 2618 2616 2673 qua:
2667 2602 2718 2656 in
2768 2601 3041 2657 hominem
3089 2605 3156 2656 ab
3205 2602 3358 2656 initio
3403 2603 3596 2657 collata

1993 2702 2138 2756 sunt,
2172 2692 2367 2746 invidia
2397 2692 2464 2746 ad
2493 2691 2865 2757 deceptioncm
2906 2690 3282 2746 exstimulatus
3311 2700 3394 2745 est
3415 2731 3433 2754 ,
3477 2707 3599 2761 qua:

1995 2792 2220 2837 mortem
2252 2783 2522 2838 induceret
2556 2800 2571 2837 :
2605 2786 2674 2836 ita
2718 2792 2774 2838 et
2812 2783 2896 2836 hic
2930 2782 3023 2838 Dei
3051 2797 3174 2852 erga
3204 2781 3420 2836 fratrem
3444 2797 3597 2838 suum

1994 2875 2424 2930 benevolentiam
2449 2890 2693 2944 magnam
2729 2875 2936 2938 videns,
2961 2891 3025 2928 ex
3055 2875 3247 2929 invidia
3279 2873 3344 2930 ad
3376 2875 3599 2930 homici-

1993 2967 2139 3021 dium
2173 2968 2419 3036 prosiliit.
2463 2967 2665 3022 Idcirco
2705 2967 2831 3020 dicit
2865 2967 2936 3019 illi
2969 2983 2981 3019 :
3016 2965 3083 3019 Et
3125 2983 3258 3018 nunc
3300 2965 3600 3020 maledictns

1994 3067 2048 3111 tu
2075 3058 2137 3110 de
2165 3069 2319 3112 terra.
2349 3057 2680 3122 Maledictus,
2713 3057 2900 3126 inquit,
2924 3058 3052 3121 eris,
3077 3067 3131 3111 et
3163 3068 3319 3112 terra:
3349 3060 3443 3122 illi,
3472 3060 3600 3123 Qua:

1993 3147 2188 3217 aperuit
2211 3162 2267 3201 os
2290 3163 2456 3213 suum,
2488 3156 2543 3199 ut
2568 3147 2865 3218 sanguinem
2888 3147 3066 3216 fratris
3113 3149 3185 3201 tui
3226 3148 3288 3201 de
3318 3165 3474 3203 ιιιιιιιιι
3513 3160 3600 3204 tua

1993 3237 2262 3303 exciperet.
2298 3236 2361 3290 Et
2389 3245 2543 3290 terra:
2587 3237 2696 3300 illi,
2731 3238 2930 3306 inquit,
2965 3239 3067 3292 erit
3095 3238 3446 3304 tnaledictus,
3479 3256 3599 3312 qua:

1994 3328 2242 3382 sustinuit
2275 3329 2362 3381 tali
2394 3328 2651 3398 sanguine
2680 3329 2920 3398 irrigari,
2944 3330 3030 3398 qui
3063 3345 3184 3383 cum
3219 3338 3364 3386 tanta
3394 3333 3602 3387 abomi-

1997 3422 2208 3475 natione
2235 3437 2265 3474 a
2291 3429 2395 3473 tam
2425 3421 2584 3489 impia
2614 3437 2772 3474 manu
2798 3420 2998 3476 effusus
3029 3430 3130 3476 est.
3163 3421 3293 3477 Dein
3324 3423 3599 3494 Scriptura

1997 3513 2170 3567 divina
2215 3513 2644 3567 maledictiouem
2697 3513 3094 3583 interpretans,
3142 3516 3477 3572 manifestius
3515 3518 3599 3574 di-

1995 3604 2105 3657 cit:
2134 3603 2218 3656 19..
2248 3602 2464 3669 Quando
2489 3612 2724 3672 operatus
2754 3605 2909 3674 fueris
2942 3614 3145 3670 terram,
3182 3622 3282 3659 non
3309 3608 3515 3676 adjiciet
3543 3619 3599 3662 ut

1995 3696 2075 3748 det
2116 3696 2203 3747 tibi
2245 3694 2398 3747 robur
2422 3711 2589 3748 suum.
2622 3694 2810 3763 Magna
2843 3711 3016 3764 pusum.
3060 3698 3269 3764 species
3291 3740 3304 3763 ,
3336 3711 3390 3753 et
3432 3715 3601 3770 grave

1996 3785 2375 3854 indignationis
2406 3784 2630 3854 pondus.
2665 3784 2926 3840 Laborem
2950 3787 3188 3855 quidem,
3218 3789 3408 3857 inquit,
3438 3792 3600 3846 susti-

1997 3878 2116 3931 nehi
2153 3918 2167 3943 ,
2195 3886 2250 3933 et
2275 3894 2392 3947 qua:
2422 3887 2476 3930 tu
2499 3876 2678 3933 facere
2711 3888 2884 3947 potes,
2914 3879 3090 3932 omnia
3117 3879 3301 3946 facies,
3330 3889 3382 3935 et
3408 3896 3605 3951 opera-

1997 3967 2137 4023 beris
2175 3975 2369 4022 terram
2411 3968 2499 4021 tali
2550 3969 2807 4037 sanguine
2853 3967 3182 4037 iaquinatatn
3217 3989 3230 4023 :
3263 3971 3464 4024 nullum
3503 3988 3603 4027 au-

1996 4067 2105 4114 tem
2164 4070 2331 4114 metes
2384 4059 2610 4114 fructum
2668 4069 2773 4114 tam
2828 4060 3115 4115 multorum
3169 4061 3454 4131 laborum,
3507 4069 3602 4121 sed

1998 4154 2196 4208 inutilis
2234 4154 2338 4208 erit
2365 4155 2454 4206 tibi
2485 4155 2659 4208 omnis
2692 4155 2842 4208 labor
2865 4170 3024 4224 quem
3055 4154 3267 4210 feceris.
3300 4156 3486 4230 Neque
3514 4159 3600 4215 hic

1997 4245 2120 4299 linis
2145 4245 2242 4300 erit
2284 4260 2474 4315 postne,
2504 4246 2596 4300 sed
2643 4253 2698 4299 et
2739 4245 2953 4299 Gemens
2987 4256 3032 4299 et
3077 4255 3293 4301 tremens
3331 4249 3428 4302 eris
3455 4267 3606 4318 super

1998 4346 2202 4391 terram.
2234 4337 2436 4391 Rursus
2465 4346 2516 4392 ct
2553 4336 2657 4393 hoc
2693 4337 2980 4393 maximum
3006 4348 3084 4393 est
3122 4341 3367 4409 supplicii
3405 4358 3596 4412 genus,

1999 4438 2252 4499 perpetuo
2275 4444 2487 4498 gemere
2515 4443 2577 4484 ac
2606 4438 2854 4485 tremere.
2885 4431 3016 4496 Quia
3045 4432 3210 4496 enim,
3246 4431 3435 4501 inquit,
3468 4434 3601 4488 abu-

1997 4533 2089 4572 sus
2115 4533 2173 4572 es
2204 4518 2396 4572 robore
2438 4520 2698 4588 corporis,
2733 4529 2786 4573 et
2816 4519 3176 4574 membrorum
3210 4521 3442 4588 viribus,
3474 4539 3602 4593 pro-

1999 4623 2116 4678 p:er
2160 4609 2261 4663 hoc
2300 4609 2610 4664 continuum
2661 4612 2800 4665 lnmc
2843 4620 3128 4666 tremorem
3169 4621 3221 4666 et
3263 4623 3466 4668 motum
3511 4615 3602 4670 tibi

1999 4701 2194 4764 infero,
2225 4710 2280 4756 ut
2329 4716 2433 4757 non
2483 4702 2654 4755 solum
2699 4702 2812 4772 ipse
2852 4702 3051 4757 habeas
3073 4704 3256 4773 jugem
3284 4705 3604 4762 admonitio-

1999 4813 2122 4850 nem
2153 4805 2207 4849 ct
2254 4796 2569 4849 memoriam
2611 4794 2770 4864 hujus
2808 4795 3000 4850 nefasti
3042 4797 3261 4853 sceleris
3294 4815 3309 4852 ε
3342 4798 3437 4853 sed
3467 4807 3522 4853 ut
3551 4810 3605 4854 et

2000 4904 2189 4944 omnes
2215 4888 2304 4959 qui
2350 4895 2400 4942 te
2429 4887 2678 4955 viderint,
2713 4889 2828 4942 viso
2861 4899 2943 4954 te,
2972 4889 3123 4959 quasi
3164 4890 3308 4945 clara
3342 4891 3447 4946 illis
3470 4907 3604 4948 Voce

1999 4989 2349 5052 personante,
2387 4980 2596 5035 discant
2640 4995 2710 5035 ne
2750 4980 2873 5034 talia
2901 4981 3162 5049 audeant,
3199 4992 3256 5036 ut
3295 4999 3362 5038 ne
3409 4983 3603 5038 similia

2003 5075 2272 5144 patiantur
2302 5091 2316 5127 :
2349 5083 2400 5128 et
2431 5088 2587 5142 poena
2615 5082 2704 5128 tua
2735 5075 2868 5128 alios
2897 5073 3091 5130 doceat
3117 5091 3304 5131 omnes
3327 5118 3340 5138 ,
3372 5093 3437 5130 ne
3466 5077 3603 5150 ultra

2003 5167 2090 5219 tali
2117 5164 2372 5234 sanguine
2400 5174 2595 5219 terram
2625 5167 2887 5235 polluant.
2912 5165 3203 5236 Propterea
3237 5183 3339 5221 non
3375 5167 3523 5222 brevi
3552 5178 3603 5225 te

2002 5268 2174 5313 morte
2200 5257 2429 5328 plectam
2452 5300 2466 5322 ,
2500 5267 2556 5311 ut
2595 5273 2662 5312 ne
2693 5258 2887 5311 factum
2918 5258 3171 5311 oblivioni
3199 5257 3475 5314 tradatur:
3505 5262 3602 5316 sed

2001 5352 2162 5405 vitam
2205 5359 2376 5406 morte
2414 5351 2713 5420 graviorem
2755 5351 3020 5405 sustinere
3059 5361 3110 5406 te
3146 5350 3376 5416 Curabo,
3411 5361 3469 5407 ut
3514 5369 3608 5423 per

2004 5442 2120 5498 haec
2144 5441 2320 5496 discas
2343 5444 2517 5511 qualia
2547 5443 2958 5511 perpetraveris.
2985 5443 3073 5498 l3.
3109 5441 3168 5495 Et
3198 5443 3325 5496 dixit
3356 5442 3481 5497 Cain
3511 5444 3609 5498 Do-

2003 5535 2139 5587 mino
2160 5550 2180 5587 :
2211 5533 2384 5604 Major
2411 5545 2485 5587 est
2511 5549 2664 5587 causa
2695 5549 2825 5600 mea,
2849 5550 3000 5600 quam
3032 5543 3084 5586 ut
3115 5533 3344 5587 dimittar
3365 5550 3476 5605 ego.
3501 5536 3608 5589 Ma-

2002 5645 2162 5699 gnum
2192 5628 2412 5700 aliquid,
2443 5636 2496 5681 et
2523 5627 2679 5682 saluti
2711 5638 2908 5682 nostrze
2938 5628 3225 5697 plurimum
3255 5627 3386 5682 uti'e
3419 5626 3527 5693 hic,
3562 5627 3605 5682 si

2002 5723 2188 5778 attenti
2236 5721 2531 5787 fuerimus,
2568 5721 2748 5776 licebit
2787 5721 3083 5775 addiscere.
3142 5719 3208 5773 Et
3252 5719 3380 5773 dixit
3430 5718 3608 5774 Cain:

2005 5818 2179 5893 Major
2211 5827 2281 5873 est
2312 5834 2466 5873 causa
2505 5834 2635 5882 mea,
2675 5832 2826 5887 quam
2864 5825 2912 5868 ut
2953 5813 3180 5868 rtintittttr
3199 5830 3309 5884 ego.
3347 5812 3483 5870 Ecce
3515 5813 3606 5870 ab-
