4058 6302
520 364 621 423 163

508 476 681 533 soluta
703 471 988 531 confessio.
1012 468 1143 527 Tale
1171 476 1480 540 tantumque
1521 474 1603 522 est
1622 506 1638 532 ,
1669 465 1867 535 inquit,
1897 478 2081 537 pecca-

514 579 622 623 tum
650 564 792 636 quod
825 562 1070 620 commisi
1089 603 1106 635 ,
1138 569 1195 617 ιιι
1223 574 1329 617 non
1355 558 1551 629 possim
1587 556 1830 625 accipere
1856 555 2083 610 veniam.

520 656 679 724 Ecce,
705 654 848 712 dicet
881 653 1093 725 aliquis,
1122 652 1395 707 confessus
1420 655 1526 714 est,
1554 655 1611 702 et
1636 660 1755 702 cum
1784 658 1971 716 magna
1999 658 2087 699 aee

508 748 785 805 curatione
808 744 1083 803 confessus
1103 751 1184 799 est
1207 760 1221 796 :
1253 739 1348 797 sed
1370 738 1502 801 nihil
1527 736 1649 794 inde
1677 736 1831 801 lucri,
1860 735 2083 791 dilecte:

511 839 881 911 intempestiva
931 838 1072 892 enim
1112 832 1380 890 confessio
1415 840 1519 887 est.
1562 828 1675 885 Hoc
1722 829 1866 885 enim
1911 827 2088 884 facere

513 929 790 1001 oportebat
831 935 1070 997 tempore
1097 923 1429 996 congruenti,
1451 920 1663 992 quando
1700 918 1875 975 adhuc
1916 918 2087 987 impo-

513 1021 640 1076 trari
686 1027 892 1091 poterat
930 1032 962 1073 a
1001 1016 1190 1073 iudice
1236 1011 1618 1070 misericordia.
1647 1009 1907 1066 Mentorea
1948 1020 2089 1062 nunc

508 1118 678 1165 estote
710 1107 827 1178 ejus
850 1107 991 1179 quod
1031 1105 1187 1177 paulo
1218 1112 1340 1160 ante
1372 1102 1479 1158 disi
1500 1143 1515 1168 ,
1563 1115 1753 1171 nempe
1788 1100 1840 1154 in
1868 1097 2085 1154 terribili

508 1201 603 1256 illo
625 1200 714 1256 die
737 1207 793 1255 et
831 1200 883 1255 in
914 1197 1183 1260 tribunali,
1211 1196 1265 1251 in
1293 1211 1398 1267 quo
1438 1195 1580 1249 nulla
1623 1205 1966 1263 personarum
1992 1203 2086 1245 ae-

508 1290 706 1360 ceptio,
732 1289 847 1344 fore
869 1296 926 1343 ut
944 1287 1303 1357 unusquisque
1329 1294 1566 1339 nostrum
1588 1283 1655 1338 ob
1678 1289 1892 1353 peccata
1918 1280 2087 1351 poeni-

511 1380 673 1434 tcntia
705 1378 947 1444 ducatur,
978 1376 1165 1432 videns
1188 1384 1241 1431 et
1279 1383 1401 1428 ante
1430 1373 1613 1429 oculos
1641 1370 1844 1428 habens
1874 1369 2085 1425 terribi-

510 1469 578 1524 lia
607 1469 695 1525 illa
724 1476 985 1524 tormenta
1007 1508 1021 1531 ,
1050 1476 1103 1523 et
1140 1465 1470 1521 inevitabiles
1507 1477 1725 1545 prunas,
1757 1460 1852 1517 sed
1889 1460 2085 1515 nullam

509 1562 632 1618 inde
657 1560 937 1617 habiturus
965 1559 1269 1623 utilitatem,
1302 1570 1540 1625 tempore
1565 1553 1872 1609 destitutus.

578 1651 881 1707 Pauitentia
909 1660 1026 1705 ante
1054 1665 1252 1720 prauam
1280 1647 1437 1701 stilis.
1467 1674 1536 1685 -—
1567 1642 1882 1700 Pamitentia
1904 1641 2047 1697 enim
2069 1683 2083 1706 ,

509 1741 817 1811 priusquam
845 1754 1000 1810 ptena
1030 1738 1304 1803 inferatur,
1331 1747 1537 1806 tempus
1565 1732 1743 1800 habet,
1770 1743 1823 1788 et
1845 1732 2088 1789 ineffabi-

509 1832 613 1886 lem
641 1830 767 1885 vim.
798 1828 1025 1885 Proinde
1050 1828 1296 1894 obsecro,
1322 1842 1442 1881 cum
1470 1825 1642 1880 adhuc
1666 1823 1855 1880 efficax
1887 1834 1969 1879 est
1996 1824 2088 1878 mi-

509 1922 714 1976 rilicum
742 1920 843 1975 hoc
877 1919 1219 1990 pbarmacum
1247 1960 1261 1984 ,
1288 1916 1564 1973 commoda
1608 1926 1663 1972 et
1701 1916 1923 1971 fructum
1965 1916 2087 1971 inde

508 2010 862 2082 percipiamus
883 2050 898 2077 ,
934 2019 989 2066 et
1015 2024 1135 2065 eum
1169 2008 1342 2064 adhuc
1387 2023 1569 2062 sumus
1596 2009 1645 2061 in
1674 2008 1921 2077 prmsenti
1947 2007 2047 2061 vita
2068 2046 2085 2072 ,

510 2102 835 2169 poenitentiae
887 2100 1218 2155 medicamen
1258 2098 1410 2153 nobis
1458 2112 1787 2167 appenninus
1810 2138 1825 2163 ,
1857 2098 2088 2153 scientes

509 2194 743 2266 liquido,
776 2194 905 2247 nihil
950 2201 1075 2247 tunc
1112 2191 1265 2245 nobis
1312 2189 1673 2259 posnitentiam
1718 2188 2083 2258 profuturam,

506 2302 628 2342 cum
672 2286 902 2342 solutum
936 2282 1495 2355 fucritspectaculum,
1521 2291 1577 2338 et
1605 2292 1812 2352 tempus
1834 2279 2083 2335 certami-

509 2392 634 2432 num
662 2378 916 2431 ablatum.

581 2469 633 2523 ι.
664 2467 860 2523 Verum
898 2466 967 2523 ad
1005 2467 1297 2521 institutum
1327 2466 1622 2521 redeamus.
1651 2463 1937 2534 Oportebat
1963 2472 2087 2519 tunc

508 2575 627 2615 cum
655 2560 1067 2627 interrogaretur
1088 2572 1118 2610 a
1142 2558 1383 2620 Domino,
1404 2556 1501 2611 Ubi
1521 2566 1592 2610 est
1614 2555 1736 2609 Abel
1756 2559 1913 2625 frater
1926 2563 2042 2607 titus
2061 2554 2087 2607 ?

509 2650 745 2703 confiteri
775 2656 1047 2718 peccatum
1075 2656 1127 2701 et
1158 2647 1430 2716 procidere
1453 2688 1466 2711 ,
1496 2657 1549 2701 et
1575 2660 1729 2701 orare
1753 2685 1766 2712 ,
1799 2652 1851 2699 et
1877 2645 2083 2699 veniant

509 2749 729 2811 petere;
769 2740 882 2810 ipse
921 2755 1047 2794 vero
1079 2749 1201 2793 tunc
1235 2738 1447 2808 quidem
1494 2739 1810 2793 medicinam
1858 2736 2041 2805 reiecit
2068 2778 2083 2803 ,

511 2844 649 2884 nunc
692 2840 895 2894 autem,
942 2838 1063 2898 post
1105 2833 1419 2883 sententiam
1446 2868 1459 2892 ,
1492 2836 1607 2897 post
1649 2828 1805 2881 ﬁnem
1843 2828 2087 2881 omnibus

510 2919 831 2987 impositum,
855 2929 1133 2990 postquam
1174 2919 1316 2973 clara
1339 2932 1465 2972 voce
1491 2927 1768 2971 accusatus
1792 2926 1874 2970 est
1910 2932 1938 2969 ει
1965 2932 2085 2970 san-

508 3016 665 3078 guine
692 3013 743 3066 in
776 3022 913 3066 terra
955 3013 1184 3080 jacentis
1204 3054 1218 3075 ,
1250 3010 1529 3064 conlitmur
1550 3050 1563 3075 ,
1596 3009 1825 3079 nihilque
1855 3008 1976 3063 inde
2008 3009 2086 3063 lu-

509 3101 731 3156 crifacit.
775 3100 925 3156 Unde
963 3101 1216 3170 irregilicta
1242 3101 1446 3154 diccbat
1478 3118 1488 3151 :
1522 3099 1695 3152 Justus
1722 3101 1799 3152 sui
1822 3101 1976 3168 ipsius
1998 3115 2087 3151 ac-

511 3202 711 3244 cusator
752 3190 804 3244 in
854 3190 1100 3261 principio
1147 3192 1386 3244 sermonis
1422 3191 1438 3259 (
1467 3188 1614 3243 Prov.
1650 3190 1728 3244 l8.
1762 3189 1881 3258 i7).
1912 3189 1975 3243 Et
2003 3189 2087 3245 hic

510 3297 767 3352 quoque,
820 3284 865 3337 si
921 3284 1260 3352 praevenisset
1314 3282 1518 3335 Domini
1580 3283 2083 3351 reprehensionem,

510 3374 729 3427 omnino
775 3373 1189 3428 misericordiam
1234 3382 1592 3441 consequutus
1634 3373 1842 3437 fuisset,
1874 3383 2089 3442 promer

511 3466 822 3519 immensam
866 3464 1073 3517 Domini
1132 3463 1527 3533 benignitatem.
1575 3463 1781 3517 Nullum
1826 3466 1965 3517 enim
2006 3473 2087 3518 est

513 3566 807 3623 peccatum,
835 3562 1317 3624 quantumcumque
1344 3570 1505 3624 grave
1529 3555 1618 3619 sit,
1650 3555 1787 3624 quod
1820 3556 1956 3611 illius
1985 3556 2086 3609 mi-

511 3646 851 3699 scricordiam
899 3645 1070 3698 vincat
1101 3661 1114 3696 :
1147 3645 1305 3698 modo
1338 3648 1573 3713 tempore
1601 3644 1781 3699 debito
1822 3646 2085 3713 pmniten-

513 3737 637 3790 tiam
666 3750 899 3807 agamus,
917 3748 973 3791 et
995 3737 1195 3790 veniam
1215 3744 1471 3803 petamus.
1498 3735 1562 3789 Et
1584 3735 1707 3788 dixit
1728 3736 1851 3789 Cain
1875 3751 1894 3789 :
1915 3734 2087 3805 Major

510 3838 581 3883 est
610 3844 763 3882 causa
792 3844 901 3881 mea
925 3869 938 3893 ,
967 3844 1117 3898 quam
1144 3836 1196 3881 ut
1224 3827 1447 3880 dimittar
1488 3843 1596 3897 ego.
1642 3827 1919 3882 Sufficiens
1952 3842 2085 3881 con-

512 3921 705 3989 fessio,
738 3920 830 3975 sed
868 3920 1257 3990 intempestiva.
1283 3920 1348 3974 Et
1374 3919 1505 3974 dixit
1536 3936 1547 3971 :
1582 3918 1663 3973 i4.
1691 3919 1749 3974 Si
1779 3920 1981 3989 e/cccris
2012 3934 2089 3972 me
2130 3958 2135 3962 -

513 4014 658 4067 hodie
687 4030 717 4065 a
747 4014 873 4084 {acie
900 4025 1063 4080 terra',
1092 4022 1137 4067 et
1162 4029 1193 4065 α
1221 4013 1350 4083 facie
1379 4022 1465 4065 tua
1494 4011 1793 4079 abscourlar,
1822 4020 1867 4065 et
1896 4028 1978 4067 cro
1998 4029 2089 4081 ge--

513 4120 650 4157 ntcns
687 4112 733 4157 et
761 4112 972 4156 tremens
1002 4120 1150 4171 super
1174 4112 1356 4155 terram
1372 4119 1393 4167 ;
1418 4112 1465 4155 et
1495 4102 1617 4167 erit,
1649 4103 1809 4155 omnis
1836 4102 1920 4171 qui
1949 4101 2087 4155 inve-

513 4194 639 4247 nrrit
674 4211 750 4246 me
772 4234 788 4259 ,
816 4194 999 4246 occidet
1036 4210 1130 4245 me.
1163 4192 1295 4247 Vide
1337 4209 1491 4261 quam
1534 4193 1854 4247 miserabilia
1894 4194 2084 4258 verba,

513 4296 620 4337 tum
643 4285 764 4352 quia
806 4284 1191 4352 intctnpestiia,
1225 4290 1333 4335 tum
1360 4283 1478 4351 quia
1507 4292 1744 4352 tempore
1769 4283 1949 4351 elapso
1973 4284 2089 4337 nul-

512 4378 617 4430 lum
668 4375 891 4430 fructum
920 4375 1191 4430 afferrent.
1224 4374 1290 4428 Et
1319 4373 1450 4428 dixit
1478 4390 1490 4426 :
1526 4374 1583 4428 Si
1611 4376 1810 4446 rjeceris
1838 4391 1915 4427 me
1940 4376 2090 4428 hodie

511 4484 543 4519 ιι
568 4466 696 4535 [acie
718 4475 877 4528 teme,
907 4476 952 4519 et
982 4482 1015 4517 α
1044 4468 1171 4535 [acie
1196 4475 1281 4517 tua
1315 4464 1614 4532 nbscondur,
1648 4476 1692 4519 et
1719 4484 1802 4519 cro
1823 4484 2017 4536 gemens
2041 4476 2087 4520 ct

510 4569 720 4611 tremens
752 4573 902 4627 super
932 4567 1153 4621 terram;
1185 4567 1229 4610 ct
1259 4559 1383 4622 erit,
1407 4560 1565 4611 omnis
1593 4558 1675 4628 qui
1711 4576 1787 4611 me
1817 4560 2081 4625 invenerit,

509 4650 768 4715 inter/icio:
792 4666 886 4702 me.
911 4650 963 4702 Si
994 4650 1043 4702 in
1070 4659 1227 4713 terra,
1260 4650 1447 4719 inquit,
1480 4651 1818 4706 maledictum
1849 4668 1935 4707 me
1956 4653 2086 4707 feci-

510 4742 575 4795 sti
603 4750 659 4795 et
704 4741 817 4809 ipso
858 4756 943 4793 me
988 4740 1246 4793 aversaris
1274 4780 1287 4803 ,
1317 4748 1579 4809 tantthue
1626 4758 1793 4810 pronas
1827 4743 2081 4799 tradidisti

514 4846 619 4895 me,
653 4832 723 4883 ita
746 4837 802 4883 ut
828 4845 1032 4898 gemam
1055 4839 1106 4883 et
1129 4841 1371 4892 trcmam,
1398 4829 1527 4883 nihil
1555 4833 1849 4900 prohibebit
1880 4844 2080 4903 postea,

510 4921 638 4989 quin
665 4921 901 4989 quisquis
932 4921 983 4974 in
1028 4936 1112 4975 me
1143 4921 1229 4975 vel
1270 4921 1481 4976 fortuito
1512 4921 1750 4977 inciderit
1777 4965 1789 4987 ,
1823 4941 1905 4978 me
1935 4941 1999 4979 eo
2030 4928 2083 4980 in

508 5024 649 5067 statu
692 5012 918 5081 positum
958 5023 1009 5065 et
1042 5021 1124 5065 tua
1158 5026 1257 5081 ope
1300 5012 1552 5066 nudatum
1584 5014 1880 5069 interficiat.
1911 5015 2085 5071 Facile

512 5105 763 5159 invadere
802 5120 887 5159 me
916 5106 1127 5173 poterir;
1158 5104 1339 5173 inquit,
1375 5104 1419 5158 si
1450 5104 1567 5173 quis
1596 5106 1893 5163 interficere
1921 5110 2080 5163 volet.

509 5198 686 5269 Neque
711 5198 851 5253 enim
874 5198 983 5266 ipse
1004 5197 1256 5252 obluctari
1283 5206 1487 5265 potero,
1511 5206 1618 5251 tam
1637 5198 1887 5253 dissoluta
1919 5216 2085 5255 mem-

510 5292 597 5344 bra
630 5290 1005 5345 circumferens
1027 5330 1040 5353 ,
1069 5298 1121 5342 et
1164 5289 1396 5358 undique
1423 5298 1719 5345 commotus
1743 5307 1753 5340 ε
1780 5290 1993 5360 insuper
2031 5304 2084 5347 et

512 5384 630 5445 lttu',
658 5380 797 5450 quod
827 5380 995 5433 sciant
1035 5393 1221 5433 omnes
1247 5388 1332 5432 tua
1362 5395 1445 5434 me
1471 5393 1572 5448 opc
1602 5378 1928 5447 destitutum,
1959 5397 2079 5436 enm

508 5471 596 5539 qui
622 5472 759 5534 velit,
792 5480 847 5524 ut
871 5470 935 5524 ad
970 5469 1170 5524 tandem
1197 5484 1365 5523 meam
1387 5471 1640 5539 prosiliat,
1675 5470 2081 5539 incitabit.Quid

508 5578 634 5631 ergo
669 5562 966 5615 misericors
1010 5569 1064 5615 et
1110 5560 1283 5614 bonus
1310 5560 1602 5615 Dominus?
1630 5564 1713 5616 ιδ.
1748 5560 1809 5615 fit
1838 5562 1962 5615 dixit
2009 5563 2082 5616 illi

514 5652 759 5704 Dominus
788 5652 918 5705 Deus
948 5670 963 5705 :
1004 5652 1121 5705 Non
1161 5652 1251 5706 sic.
1284 5649 1362 5705 Ne
1401 5661 1551 5721 putes
1575 5693 1590 5717 ,
1622 5652 1791 5723 inquit
1814 5693 1826 5715 ,
1858 5652 1970 5707 lta‘c
2014 5656 2081 5707 ita

509 5745 637 5798 ficri.
672 5745 849 5813 λίεειιιυ
895 5746 1033 5799 enim
1075 5745 1247 5800 licebit
1286 5746 1473 5816 cuique
1498 5745 1691 5801 volenti
1720 5756 1769 5800 lc
1800 5746 2038 5802 occidcrc
2066 5790 2078 5807 .

1221 356 1277 413 S.
1317 352 1591 412 .lO.\NNlS
1625 348 2099 410 ειιιιῑεοδτοιιι
2139 348 2453 407 Αιιειιιει).
2493 347 3026 407 εοΝδτΑΝτιχοιι.

3620 366 3627 371 ’
3672 354 3775 410 Hii

2194 463 2289 521 sed
2313 478 2384 519 ex
2414 462 2745 520 diuturniore
2791 464 2894 518 vita
2925 473 3014 518 tua
3043 469 3097 517 et
3134 461 3305 531 major
3332 462 3455 520 inde
3495 464 3591 520 tibi
3620 466 3776 522 dolor

2196 554 2316 619 erit,
2346 562 2403 610 et
2450 554 2745 624 relinquam
2788 561 2840 610 te
2880 552 3107 624 posteris
3132 555 3563 625 generationibus
3603 558 3775 625 inagi-

2192 654 2385 711 strum,
2418 653 2476 699 ut
2502 644 2577 699 tui
2601 643 2961 713 spectaculum
2989 642 3100 698 illis
3116 643 3187 699 sit
3209 644 3498 700 admonitio
3525 655 3580 701 et
3606 648 3773 702 casti-

2192 735 2365 802 gatio,
2410 733 2689 804 nullusque
2714 732 3018 803 exemplum
3043 742 3192 788 tuum
3232 744 3503 805 sequatur.
3533 735 3601 790 Et
3625 737 3777 791 dixit

2192 822 2441 879 Dominus
2485 824 2621 880 Deus
2646 840 2667 880 :
2695 823 2816 879 Non
2859 825 2951 880 sic.
2987 823 3167 881 Omnis
3204 828 3290 897 qui
3331 828 3569 883 occiderit
3606 826 3735 884 Cain
3759 872 3777 896 ,

2190 906 2383 985 septem
2405 915 2619 971 ultiones
2649 914 2819 971 soluet.
2848 914 3111 971 Fortassis
3146 912 3308 971 multa
3334 926 3458 975 sunt
3483 934 3605 989 qua:
3627 920 3740 975 disi
3759 960 3777 985 ,

2190 1017 2245 1061 et
2268 1006 2494 1063 multam
2519 1008 2730 1077 corpori
2758 1008 3051 1063 molestiam
3079 1007 3371 1063 attulimus.
3399 1009 3504 1065 Sed
3533 1012 3659 1079 quid
3690 1012 3779 1066 fa-

2191 1098 2369 1155 ciam?
2391 1100 2523 1169 Quia
2549 1100 2704 1155 video
2730 1110 2959 1156 vestram
2984 1101 3037 1155 in
3065 1101 3329 1157 audiendo
3363 1101 3688 1167 aviditatem,
3718 1114 3779 1157 ct

2193 1192 2381 1263 ingens
2418 1192 2775 1260 desiderium,
2804 1193 3004 1264 reliqua
3041 1192 3202 1248 etiam
3239 1207 3549 1264 persequar,
3583 1203 3639 1251 et
3676 1211 3783 1265 pro

2190 1282 2392 1337 viribus
2418 1283 2548 1338 meis
2577 1283 2983 1353 interpretabor.
3008 1283 3144 1352 Quid
3169 1291 3253 1339 est
3277 1325 3292 1350 ,
3320 1283 3527 1355 Septem
3559 1286 3781 1341 ultiones

2190 1372 2521 1428 solvet?Sed
2566 1373 2753 1428 iterum
2806 1388 2996 1429 vereor
3035 1388 3101 1428 ne
3129 1372 3390 1429 dictorum
3435 1375 3782 1432 multitudine

2192 1465 2500 1519 memoriam
2530 1479 2714 1520 eorum
2740 1480 2859 1534 qua:
2890 1464 3029 1519 dicta
3070 1473 3194 1519 sunt
3221 1464 3442 1520 obruam
3464 1508 3477 1527 .
3508 1477 3562 1521 et
3592 1467 3783 1523 videar
3836 1454 3859 1457 ι

2192 1553 2342 1608 vobis
2367 1554 2632 1609 fastidium
2662 1553 2852 1611 aﬂ'crre
2884 1574 2897 1607 :
2928 1555 3021 1611 sed
3051 1554 3097 1610 si
3124 1571 3229 1610 non
3261 1555 3569 1628 fatigamini,
3607 1559 3779 1613 susti-

2194 1653 2334 1706 nete,
2368 1654 2421 1698 et
2466 1645 2566 1698 hoc
2594 1646 2838 1701 absoluto
2862 1655 3133 1713 contextu,
3162 1662 3463 1703 sermonem
3506 1650 3775 1704 finiemus.

2194 1731 2258 1787 Et
2287 1734 2417 1789 dixit
2446 1735 2523 1787 illi
2541 1732 2795 1789 Dominus
2826 1735 2962 1790 Deus
2985 1752 3003 1789 .'
3031 1735 3150 1790 Non
3179 1739 3271 1791 sic.
3306 1736 3483 1792 Omnis
3511 1740 3595 1809 qui
3635 1741 3780 1793 occi-

2191 1823 2319 1877 derit
2345 1823 2505 1889 Cain,
2540 1826 2721 1893 septies
2746 1826 2963 1880 ultiones
2999 1826 3174 1880 solvet.
3207 1824 3274 1880 Et
3317 1835 3484 1896 posuit
3524 1828 3780 1884 Dominus

2191 1913 2331 1970 Deus
2350 1916 2553 1986 signum
2576 1916 2628 1970 in
2648 1915 2792 1983 Cain,
2818 1934 2881 1972 ne
2904 1920 3065 1972 omnis
3093 1920 3180 1988 qui
3205 1919 3445 1974 inueniret
3470 1922 3617 1975 illum
3644 1927 3782 1976 orci-

2192 2006 2347 2061 deret.
2368 2007 2479 2062 lloc
2498 2007 2737 2075 timuisti,
2758 2008 2946 2078 inquit,
2969 2025 3037 2065 ne
3055 2010 3358 2067 occiderere
3376 2013 3657 2080 2Conlide,
3675 2014 3783 2071 hoc

2192 2115 2295 2154 non
2322 2099 2447 2156 erit.
2470 2100 2603 2155 Nam
2623 2100 2860 2171 quisquis
2888 2101 2987 2155 hoc
3014 2102 3187 2158 facere
3212 2105 3571 2171 attentaverit,
3588 2114 3777 2173 septu-

2191 2189 2315 2259 plici
2344 2205 2515 2260 pinna:
2558 2206 2617 2247 se
2665 2189 2823 2246 faciet
2862 2192 3148 2247 obnoxium
3180 2210 3194 2247 :
3223 2204 3281 2249 et
3324 2195 3521 2250 idcirco
3568 2196 3778 2265 signum

2193 2283 2284 2337 tibi
2313 2284 2549 2352 impono,
2578 2292 2633 2337 ut
2680 2283 2853 2338 nullus
2896 2285 3146 2355 ignorans
3184 2285 3461 2342 interfecto
3490 2297 3575 2355 te,
3603 2291 3779 2358 pinnis
3819 2312 3827 2317 ·

2194 2376 2295 2429 illis
2321 2390 2379 2430 se
2406 2376 2692 2430 obnoxium
2722 2376 2897 2430 faciat.

2262 2468 2315 2519 ὅ.
2359 2464 2560 2536 Septem
2590 2468 2805 2521 ultiones
2830 2470 2881 2520 in
2905 2466 3061 2521 Caiuo
3087 2484 3201 2539 qua:
3219 2470 3242 2521 .’
3262 2499 3329 2507 —
3358 2466 3460 2524 Sed
3494 2484 3586 2538 par
3612 2480 3697 2525 est
3721 2481 3779 2525 ut

2192 2556 2523 2612 manifestius
2562 2572 2656 2611 vos
2699 2558 2916 2613 doceam
2942 2600 2956 2623 ,
2986 2559 3255 2628 quomodo
3290 2560 3376 2629 qui
3413 2560 3541 2615 Cain
3580 2563 3777 2617 occidit

2189 2654 2397 2714 septem
2440 2661 2712 2715 prunarum
2751 2662 2872 2701 reus
2924 2648 3010 2701 sit.
3066 2647 3170 2702 Vos
3218 2664 3444 2717 precor,
3492 2652 3771 2706 attendite.

2190 2734 2320 2789 Nam
2348 2736 2394 2791 si
2419 2752 2575 2801 nunc,
2604 2738 2741 2792 sicut
2760 2748 2813 2792 et
2841 2739 2893 2791 in
2922 2738 3284 2806 superioribus
3304 2740 3495 2794 diebus
3518 2756 3660 2811 szrpc
3686 2759 3775 2797 ca-

2192 2828 2329 2881 t‘itali
2357 2837 2545 2882 vestra:
2565 2828 2816 2895 diximus,
2840 2844 2957 2883 cum
2983 2830 3168 2898 jejunii
3199 2838 3405 2899 tempus
3430 2840 3529 2893 ρει,
3555 2843 3607 2885 et
3632 2843 3775 2891 tanta

2193 2921 2572 2989 tranquillitate
2598 2920 2858 2987 fruimur,
2891 2929 2940 2975 et
2982 2920 3185 2975 liberati
3218 2934 3401 2975 sumus
3433 2938 3462 2977 a
3491 2924 3775 2992 cogitatio-

2192 3012 2346 3065 nibus
2384 3026 2501 3079 qua:
2539 3019 2769 3064 mentem
2815 3023 3049 3065 nostram
3079 3012 3407 3081 perturbant,
3435 3029 3539 3067 non
3566 3031 3774 3070 smnma

2192 3100 2456 3170 diligentia
2487 3100 2806 3157 addiscimus
2828 3116 2947 3170 qua:
2982 3104 3032 3155 in
3062 3100 3254 3155 divinis
3279 3103 3566 3173 Scripturis
3596 3107 3775 3159 enmi-

2194 3201 2401 3256 nentur,
2426 3191 2635 3261 quando
2650 3208 2711 3246 ca
2738 3192 2855 3245 aliis
2875 3192 3196 3261 temporibus
3219 3191 3425 3248 discere
3446 3196 3733 3264 poterimus
3752 3198 3776 3250 3

2188 3282 2317 3336 ideo
2346 3297 2460 3345 oro,
2495 3292 2548 3336 et
2592 3298 2810 3352 precor,
2839 3291 2892 3337 ct
2918 3284 3155 3352 supplico
3177 3323 3192 3348 ,
3222 3293 3274 3337 ct
3300 3285 3449 3353 quasi
3485 3299 3656 3354 genua
3684 3302 3775 3341 ve-

2192 3383 2300 3429 stra
2332 3374 2601 3443 contingo,
2627 3374 2825 3426 intcnta
2855 3382 3031 3427 mente
3053 3373 3133 3428 bis
3157 3388 3275 3443 qua)
3298 3373 3542 3428 dicuntur
3567 3377 3779 3430 auscul-

2193 3472 2363 3518 temus
2382 3503 2398 3529 ,
2430 3474 2485 3518 ut
2515 3462 2685 3517 fructu
2714 3462 2889 3532 aliquo
2925 3463 3088 3516 nobili
3133 3474 3187 3517 et
3220 3463 3486 3533 prmcipuo
3516 3476 3734 3535 accepto
3757 3507 3775 3533 ,

2195 3556 2412 3610 domum
2441 3564 2620 3623 postea
2651 3553 2953 3608 redeamus.
2982 3553 3116 3621 Quid
3145 3555 3301 3625 igitur
3328 3564 3430 3619 est,
3465 3555 3672 3626 Septem
3698 3558 3779 3609 ul-

2192 3647 2349 3699 tiones
2378 3644 2577 3700 solt-et?
2603 3644 2837 3699 Primum
2879 3644 3093 3714 quidem
3141 3645 3473 3714 septenarius
3520 3661 3779 3701 numerus

2191 3738 2257 3794 de
2297 3738 2629 3792 multitudine
2660 3737 2853 3792 dicitur
2892 3737 2944 3792 in
2981 3737 3159 3792 divina
3206 3736 3479 3806 Scriptura
3515 3755 3533 3789 :
3562 3738 3611 3792 id
3634 3739 3780 3808 quod

2194 3846 2334 3899 s-rpe
2360 3832 2411 3885 in
2441 3830 2727 3899 Scripturis
2756 3831 3005 3897 occarrit,
3032 3838 3106 3893 ut,
3128 3828 3331 3884 Sterilis
3370 3832 3561 3901 peperit
3589 3840 3781 3900 septem

2195 3923 2273 3991 (l.
2305 3923 2430 3993 Reg.
2460 3922 2515 3977 2.
2544 3924 2631 3993 5):
2662 3932 2715 3977 et
2743 3922 2956 3976 similia.
2985 3920 3295 3991 Coujcctare
3320 3931 3500 3977 autem
3532 3923 3618 3978 hic
3652 3922 3781 3979 licet

2198 4014 2396 4077 peccati
2425 4011 2860 4082 magnitudinem,
2891 4021 2945 4066 et
2972 4012 3142 4080 ipsum
3173 4025 3277 4065 non
3300 4027 3463 4065 unum
3497 4022 3774 4081 peccaturo

2193 4103 2544 4168 commisisse,
2574 4102 2666 4157 sed
2694 4112 2919 4171 septem,
2944 4118 3167 4171 quorum
3199 4100 3421 4171 quodvis
3452 4118 3545 4171 per
3572 4117 3631 4156 se
3660 4118 3777 4157 ma-

2192 4210 2291 4265 gna
2323 4210 2477 4263 pmna
2522 4193 2791 4248 luendum.
2826 4192 2986 4263 Igitur
3013 4193 3281 4261 quomodo
3309 4194 3423 4248 lucc
3469 4196 3779 4250 numerabi-

2195 4287 2350 4339 mus?
2394 4286 2626 4339 Primum
2669 4284 2865 4339 invidet
2910 4282 3086 4348 fratri,
3119 4284 3256 4353 quod
3299 4283 3407 4338 Deo
3449 4285 3517 4339 sit
3546 4294 3773 4353 gratus:

2192 4375 2331 4446 quod
2357 4376 2400 4431 si
2442 4377 2614 4431 solum
2645 4374 2919 4440 adfuisset,
2951 4374 3015 4428 ad
3036 4373 3413 4428 accersendum
3442 4374 3517 4428 illi
3551 4376 3771 4432 exitium

2193 4467 2517 4533 suffecisset;
2547 4466 2800 4530 secundo,
2830 4464 2991 4521 frater
3021 4466 3166 4521 fratri
3194 4481 3291 4519 suo
3322 4465 3561 4533 invidet;
3592 4470 3769 4533 tertio,

2193 4559 2399 4614 fraudes
2431 4560 2672 4622 consult;
2715 4568 2925 4628 quarto,
2954 4559 3152 4613 easdem
3183 4573 3345 4628 Opere
3371 4558 3551 4628 implet
3580 4564 3772 4630 ;qnin-

2194 4659 2248 4705 to
2272 4691 2284 4713 ,
2314 4650 2525 4704 fratrem
2561 4651 2784 4715 occidit;
2812 4660 2962 4704 sexto
2982 4691 2997 4714 ,
3031 4650 3233 4718 primus
3270 4658 3493 4703 mortem
3523 4663 3772 4721 aperturis

2192 4749 2306 4805 est;
2338 4742 2561 4809 septimo
2584 4780 2599 4803 ,
2632 4741 2739 4794 Deo
2768 4740 3019 4794 mentitus
3048 4749 3148 4794 est.
3180 4739 3314 4793 Num
3344 4744 3611 4810 asseqnnti
3648 4745 3777 4799 estis

2194 4833 2330 4887 dicta
2355 4873 2369 4898 ,
2396 4848 2461 4885 an
2486 4846 2614 4888 vero
2643 4832 2801 4885 vultis
2832 4840 2886 4885 ut
2925 4846 2984 4885 ea
3012 4831 3200 4884 iterum
3229 4845 3599 4885 recenseamns
3624 4874 3637 4898 ,
3665 4850 3773 4902 qn.»

2194 4925 2369 4979 sciatis
2408 4923 2672 4995 quomodo
2702 4921 3109 4991 unumquodque
3139 4937 3231 4992 per
3257 4937 3314 4977 se
3358 4921 3684 4990 sufficiebat,
3716 4940 3774 4979 ut

2194 5016 2418 5070 maxima
2447 5015 2763 5085 plecteretur
2792 5014 2980 5081 pruna?
2999 5012 3129 5067 Nam
3159 5013 3276 5081 quis
3301 5012 3383 5067 vel
3410 5014 3560 5067 venia
3587 5014 3773 5084 digna~

2193 5116 2337 5161 retur
2364 5107 2513 5161 alteri
2544 5106 2867 5161 invidentem
2889 5146 2903 5171 ,
2935 5105 3076 5176 quod
3114 5104 3204 5159 Dei
3231 5106 3599 5161 benevolentia
3631 5107 3770 5162 fruc-

2194 5198 2369 5250 retur?
2393 5196 2530 5251 Ecce
2557 5210 2716 5250 unum
2746 5195 3031 5249 maximum
3054 5204 3107 5249 et
3134 5194 3449 5265 inexpiabile
3470 5208 3768 5267 peccatum.

2192 5288 2389 5342 Deinde
2420 5290 2518 5343 hoc
2548 5289 2717 5357 majus
2742 5287 3057 5352 ostenditur,
3079 5287 3202 5355 quia
3242 5286 3405 5341 frater
3437 5299 3551 5343 erat
3575 5292 3659 5343 cui
3692 5290 3772 5343 in-

2191 5380 2419 5441 videbat,
2451 5387 2503 5434 et
2524 5379 2663 5433 nulla
2694 5378 2842 5432 illum
2876 5391 3094 5447 prorsus
3119 5376 3307 5445 injuria
3339 5377 3606 5433 affecerat.
3636 5380 3775 5435 Ecce

2190 5481 2243 5525 ct
2275 5472 2371 5525 hoc
2414 5487 2623 5540 quoque
2666 5486 2770 5525 non
2810 5470 3023 5541 vulgare
3054 5480 3328 5539 peccatum
3368 5480 3469 5526 est.
3497 5470 3613 5525 iam
3659 5480 3773 5526 lcr-

2193 5563 2319 5616 tium
2350 5603 2362 5626 ,
2391 5561 2530 5633 quod
2560 5558 2711 5616 dolos
2741 5562 2943 5626 nexuit,
2972 5561 3194 5630 decepto
3215 5571 3269 5617 et
3296 5562 3347 5615 in
3374 5575 3617 5631 campum
3645 5562 3776 5617 alle-

2191 5664 2276 5707 cto
2306 5655 2468 5709 fratre
2488 5692 2503 5714 ,
2535 5668 2705 5722 neque
2732 5653 2898 5722 ipsam
2931 5662 3170 5707 naturam
3202 5653 3482 5709 reveritus.
3513 5652 3775 5719 Quartum

2197 5760 2467 5817 peccatum
2502 5747 2609 5815 ipsa
2640 5755 2752 5801 erat
2796 5746 3003 5811 cxdes,
3038 5762 3193 5820 quam
3233 5746 3571 5817 perpetravit.
3601 5747 3774 5817 Quin-
