4058 6302
340 406 437 467 6ῦὸ

345 553 459 598 tum
477 541 497 573 ί
516 574 535 603 ,
557 532 706 604 quod
731 534 952 592 fratrem
978 533 1171 590 occidit
1198 531 1386 589 eodem
1431 545 1500 586 ex
1540 539 1692 585 utero
1720 540 1950 598 progna-

342 640 478 686 tum.
494 625 742 691 Sextum,
765 626 906 698 quod
933 625 1136 697 primus
1162 621 1326 679 aedis
1349 621 1619 692 specimen
1643 615 1955 673 introduxit.

343 714 666 792 Septimum,
689 716 834 787 quod
860 725 1075 787 rogatus
1103 729 1132 767 a
1159 714 1290 778 Deo,
1317 710 1530 766 mentiri
1559 709 1633 764 illi
1661 721 1824 762 ausus
1849 715 1954 762 est.

347 807 487 866 Dicit
514 807 680 877 igitur
715 823 729 860 :
761 805 862 874 Qui
893 814 944 860 te
973 804 1218 860 occidere
1251 801 1566 867 tentaverit,
1598 811 1807 869 septem
1839 811 1956 850 ma-

351 900 512 962 ximis
539 899 713 968 ptenis
741 899 976 969 seipsum
1009 913 1159 952 reum
1189 895 1367 952 faciet.
1401 893 1478 950 Ne
1507 893 1665 964 igitur
1705 891 1807 947 hoc
1838 905 1954 944 me-

349 998 496 1046 tuas.
529 989 668 1043 Ecce
701 989 842 1044 enim
880 999 934 1044 ct
976 989 1185 1058 signum
1212 987 1265 1041 in
1297 995 1348 1041 te
1379 999 1519 1056 pono
1543 1025 1558 1051 ,
1592 984 1664 1038 ita
1691 991 1750 1038 ut
1777 980 1955 1035 nullus

345 1079 439 1151 qui
473 1087 526 1134 te
556 1079 822 1134 invenerit
850 1079 1077 1149 ignoret.
1105 1077 1238 1132 Nam
1278 1079 1378 1131 ista
1423 1076 1476 1130 in
1523 1083 1635 1129 t0to
1680 1073 1803 1128 vitae
1851 1081 1954 1125 tuze

343 1170 578 1226 decursu
626 1185 912 1226 nervorum
961 1168 1222 1224 resolutio
1284 1167 1475 1222 futuris
1521 1163 1954 1236 generationibus

345 1261 496 1316 utilis
525 1261 628 1317 erit
655 1277 668 1314 :
701 1270 755 1316 et
783 1260 834 1315 id
862 1259 1004 1331 quod
1044 1257 1190 1314 solus
1235 1257 1378 1312 nullo
1409 1264 1674 1327 prmsente
1702 1260 1954 1323 Operatus

347 1367 404 1408 es
425 1395 441 1418 ,
485 1353 592 1408 hoc
636 1353 846 1408 discent
876 1337 1064 1407 omnes
1091 1351 1180 1422 qui
1214 1359 1265 1406 te
1302 1359 1603 1421 gementem
1631 1357 1684 1402 et
1715 1356 1952 1402 tremen-

348 1453 453 1499 tem
485 1444 776 1510 videbunt,
814 1452 869 1500 et
906 1443 1058 1515 quasi
1103 1458 1196 1512 per
1223 1443 1464 1513 corporis
1510 1450 1795 1496 tremorem
1841 1439 1952 1492 cla-

346 1542 584 1590 mantem
612 1575 629 1601 ,
660 1543 712 1590 ct
740 1535 990 1590 omnibus
1030 1534 1293 1589 dicentem
1324 1549 1338 1588 :
1372 1532 1560 1588 Nullus
1591 1531 1714 1586 talia
1759 1531 1954 1585 audeat

345 1627 523 1696 qualia
554 1640 675 1696 ego,
706 1635 760 1680 ut
793 1641 858 1680 ne
888 1625 940 1679 in
968 1625 1213 1680 eamdem
1244 1639 1454 1694 ptrnam
1483 1622 1682 1677 incidat
1702 1623 1744 1675 ².

416 1717 471 1773 6.
505 1716 724 1772 Herulis
750 1719 998 1789 epilogus.
1029 1746 1100 1757 —
1125 1717 1270 1772 Haec
1297 1717 1594 1778 audientes,
1618 1713 1951 1783 dilecti,qu:e

344 1808 488 1863 dicta
529 1816 654 1862 sunt
699 1823 804 1862 nou
835 1808 1299 1863 inconsitlcranter
1330 1816 1824 1878 praetercurramus,
1853 1820 1951 1859 nc-

346 1914 450 1970 que
496 1899 601 1954 hoc
647 1899 819 1953 solum
872 1908 1200 1969 spectemus,
1252 1910 1308 1954 ut
1339 1901 1443 1955 huc
1468 1898 1708 1969 quotidie
1747 1911 1950 1952 convc-

348 1990 552 2046 ttirttdo
580 1990 843 2061 Spirituali
891 2006 1077 2047 mensa
1102 1990 1343 2046 fruamur
1373 1991 1563 2046 :‘nulla
1594 1991 1738 2046 enim
1781 1990 1950 2045 solius

346 2081 563 2135 auditus
606 2081 807 2136 utilitas
851 2079 1058 2149 fuerit,
1112 2082 1214 2138 nisi
1263 2082 1402 2137 adsit
1451 2081 1798 2151 obsequentia
1859 2096 1954 2150 per

346 2185 535 2242 opera.
585 2169 692 2228 Sed
745 2173 1042 2241 cogitantes
1082 2173 1224 2226 unde
1275 2173 1330 2228 in
1378 2172 1480 2227 hoc
1518 2171 1843 2242 inexpiabile
1899 2181 1950 2225 ct

345 2277 511 2334 grave
541 2273 819 2333 peccaturo
848 2263 982 2320 Cain
1012 2264 1250 2335 seipsum
1278 2264 1571 2334 impulerit,
1607 2273 1663 2319 ut
1694 2280 1789 2335 per
1814 2264 1951 2319 invi-

345 2356 490 2411 diam
520 2357 574 2412 in
607 2358 880 2427 pr0prium
908 2359 1148 2423 fratrem,
1180 2359 1270 2430 qui
1297 2359 1429 2414 nihil
1458 2359 1557 2428 ipsi
1597 2359 1720 2413 mali
1752 2358 1948 2428 intule-

350 2458 451 2513 rat,
485 2449 560 2504 ita
602 2450 836 2516 saeviret,
885 2450 994 2505 imo
1039 2454 1213 2521 ipsum
1258 2451 1548 2519 occideret,
1583 2466 1648 2506 ne
1691 2448 1952 2521 fugiamus

348 2541 574 2596 adversa
627 2551 682 2596 ct
730 2541 868 2596 mala
900 2542 1029 2612 pati,
1071 2542 1167 2598 sed
1191 2543 1366 2613 potius
1410 2556 1696 2597 caveamus
1720 2555 1789 2597 ne
1833 2540 1952 2596 aliis

349 2632 489 2688 mala
514 2648 610 2704 per
639 2649 737 2687 nos
765 2633 1077 2688 inferantur.
1103 2634 1197 2690 ille
1223 2634 1364 2688 enim
1385 2648 1511 2689 vere
1535 2633 1676 2689 malo
1696 2632 1949 2696 allicitur,

349 2725 438 2793 qui
465 2723 715 2795 proximo
741 2738 840 2779 suo
871 2739 1064 2779 nocere
1090 2733 1278 2780 tcntat.
1314 2724 1381 2779 Et
1406 2734 1464 2779 ut
1491 2740 1674 2780 vcrmn
1702 2723 1804 2779 hoc
1831 2737 1952 2778 esse

350 2814 513 2881 scias,
541 2814 660 2868 vide
688 2814 796 2881 hic,
819 2814 1067 2879 obsecro,
1092 2815 1211 2883 quis
1235 2823 1320 2869 cst
1345 2816 1434 2884 qui
1455 2815 1594 2869 mala
1636 2815 1856 2884 patitur,
1881 2828 1949 2868 an

351 2903 440 2972 qui
484 2903 701 2968 occidit,
730 2903 810 2958 vel
857 2903 946 2973 qui
973 2903 1279 2959 occiditur?
1324 2904 1661 2960 Manifestum
1686 2902 1830 2974 quod
1860 2903 1952 2972 qui

347 2992 570 3048 occidit.
605 2993 819 3048 Etenim
851 2994 1064 3049 occisus
1085 2994 1175 3049 ille
1204 3009 1374 3065 usque
1398 2994 1464 3049 ad
1499 3005 1680 3051 nostra
1710 3004 1950 3066 tempora

347 3099 446 3141 ore
491 3086 735 3140 omnium
781 3084 1115 3151 decantatur,
1151 3087 1470 3156 praedicatur
1490 3096 1544 3142 ct
1574 3096 1868 3142 coronatur
1897 3096 1954 3141 ut

348 3175 594 3230 veritatis
616 3175 820 3246 primus
845 3176 998 3231 testis
1039 3194 1053 3230 :
1083 3176 1222 3232 sicut
1259 3177 1386 3232 dicit
1412 3186 1466 3232 ct
1491 3177 1678 3231 beatus
1705 3178 1900 3232 Paulus
1929 3195 1943 3232 :

351 3263 593 3319 Mortuus
631 3265 756 3319 Abel
801 3266 972 3321 adhuc
1023 3267 1245 3334 loquitur
1270 3265 1456 3338 (Hebr.
1485 3268 1572 3322 11.
1601 3269 1680 3336 4).
1713 3267 1816 3324 Sed
1860 3268 1951 3339 qui

349 3355 569 3423 occidit,
597 3356 906 3412 etiamtunc
927 3358 1088 3412 vitam
1111 3358 1299 3427 agebat
1325 3358 1772 3414 miserabiliorem
1791 3374 1950 3428 quant

351 3448 494 3503 ullus
549 3449 732 3516 homo,
777 3458 832 3504 et
885 3458 1069 3520 postea
1110 3450 1178 3505 ab
1217 3451 1465 3507 omnibus
1514 3451 1659 3506 male
1696 3451 1862 3518 audit,
1897 3461 1954 3506 ut

351 3540 734 3596 abominabilis
757 3542 886 3607 Deo,
919 3553 970 3598 et
998 3553 1056 3597 ut
1081 3544 1395 3598 maledictus
1417 3559 1447 3598 a
1474 3543 1652 3599 divina
1675 3544 1949 3615 Scriptura

353 3631 652 3686 traducitur
678 3648 693 3697 ;
725 3642 780 3688 et
825 3632 929 3689 hoc
955 3634 1168 3704 quidem
1201 3635 1254 3688 in
1297 3637 1546 3704 prtcsenti
1569 3637 1696 3702 vita,
1726 3651 1843 3706 quae
1875 3637 1951 3691 si-

352 3723 465 3779 mul
488 3723 772 3780 intercidet
805 3743 818 3779 :
847 3741 968 3796 qua:
1011 3737 1190 3783 autem
1221 3729 1270 3782 in
1300 3727 1478 3783 futuro
1502 3729 1703 3784 saeculo
1744 3729 1952 3800 utrique

352 3829 642 3870 occurrere
669 3815 917 3884 debeant,
950 3832 1072 3872 cum
1100 3819 1383 3889 unicuique
1403 3834 1498 3888 pro
1520 3834 1618 3874 suo
1643 3834 1807 3888 opere
1825 3819 1952 3876 red-

351 3906 441 3962 dct
479 3906 660 3977 justus
682 3906 852 3963 Judex
884 3907 1062 3977 (Rana.
1091 3909 1166 3977 9.;
1197 3911 1358 3982 Apoc.
1382 3911 1500 3980 9.0),
1533 3911 1652 3982 quis
1669 3927 1847 3966 sermo
1868 3911 1952 3966 di-

352 4013 478 4055 cere
531 4009 734 4070 posset,
766 4001 852 4056 vel
879 4017 1000 4073 quas
1044 4003 1205 4069 bona,
1248 4003 1331 4059 vel
1357 4021 1475 4074 quae
1526 4005 1664 4058 mala
1691 4005 1716 4058 ?
1744 4001 1950 4069 Nullus,

355 4087 538 4143 nullus
557 4088 732 4160 plane,
761 4105 936 4162 neque
958 4090 1214 4162 jucunda,
1235 4109 1408 4165 neque
1436 4095 1607 4150 tristia
1632 4096 1946 4150 narraverit.

355 4177 649 4235 Enimvero
676 4181 898 4238 Abelcm
928 4182 1141 4254 quidem
1167 4181 1224 4239 in
1251 4200 1417 4255 regno
1443 4185 1718 4254 czelorum,
1747 4194 1803 4242 ct
1829 4200 1952 4256 per-

355 4271 531 4339 petuis
576 4271 912 4339 habitaculis,
956 4275 1377 4344 patriarcharum
1403 4316 1420 4341 ,
1463 4275 1841 4346 prophetarum
1869 4285 1954 4330 at-

356 4375 462 4428 que
509 4362 878 4431 apostolorum
925 4364 1073 4420 chori
1125 4373 1180 4420 et
1208 4368 1448 4421 omnium
1478 4376 1786 4422 sanctorum
1819 4380 1953 4420 con-

355 4452 598 4523 gregatio
624 4454 916 4524 suscipient
943 4457 1101 4512 simul
1148 4458 1200 4512 in
1230 4467 1548 4529 perpetuum
1581 4469 1951 4528 regnaturum,

357 4557 479 4597 cum
511 4542 658 4613 Rege
695 4543 912 4600 Christo
935 4545 1085 4614 .lcsu,
1117 4549 1393 4620 unigenito
1420 4550 1513 4605 Dei
1547 4549 1684 4605 Filio
1713 4559 1769 4605 ct
1793 4550 1904 4604 Deo
1937 4564 1952 4601 :

359 4630 499 4687 hunc
521 4645 718 4699 autem,
748 4635 882 4691 Cain
906 4636 1144 4707 inquam,
1174 4640 1417 4710 gehenna
1447 4641 1583 4712 ignis
1609 4643 1818 4713 aliaque
1849 4644 1955 4699 im-

357 4723 604 4778 mortalia
635 4727 815 4780 omnia
849 4736 1110 4784 tormenta
1161 4732 1451 4801 excipient,
1496 4743 1553 4786 ut
1601 4735 1872 4791 crucietur
1898 4740 1951 4793 in

357 4812 567 4868 inﬁnita
598 4817 795 4871 saecula
823 4825 880 4873 ct
897 4834 1018 4874 cum
1043 4820 1135 4875 illo
1161 4836 1352 4877 omnes
1378 4827 1466 4892 qul
1489 4824 1682 4879 similia
1705 4839 1950 4896 egerunt,

356 4911 412 4958 ct
441 4905 674 4960 maxime
704 4907 756 4960 in
789 4922 883 4963 eos
901 4910 991 4979 qui
1021 4913 1257 4980 posthznc
1295 4915 1616 4984 turpissimis
1654 4918 1953 4978 achct'toni-

356 4993 461 5050 bus
501 4997 642 5066 capti
689 5006 835 5066 sunt,
867 5010 1067 5070 quanto
1115 5004 1283 5074 major
1315 5021 1470 5074 poma
1502 5021 1533 5062 a
1565 5008 1792 5065 Domino
1832 5029 1954 5068 om-

357 5087 506 5141 nium
559 5091 952 5159 pronuntiatur.
993 5096 1132 5151 Audi
1177 5099 1318 5152 enim
1375 5099 1588 5157 beatum
1620 5103 1840 5160 Paulum
1867 5106 1953 5162 di-

358 5189 610 5234 centem:
647 5181 961 5254 Quicumque
1002 5188 1135 5241 enim
1173 5190 1284 5244 sine
1320 5190 1428 5263 lege
1468 5208 1817 5264 peccaverunt,
1846 5200 1956 5255 sine

362 5266 469 5341 lege
497 5269 726 5339 peribunt
772 5272 950 5342 (Rom.
987 5276 1042 5331 Ξ.
1079 5278 1171 5354 19.)
1199 5298 1212 5333 :
1238 5281 1341 5338 hoc
1369 5293 1471 5352 est,
1501 5285 1755 5344 leviorem
1783 5289 1957 5348 ferent

362 5473 405 5512 in
423 5424 925 5512 Lingua
945 5441 1061 5512 erqt
1070 5437 1404 5512 etcdcsqttam
1420 5445 1729 5507 perpetrant,
1753 5454 1800 5498 et
1811 5449 1954 5512 furor

355 5487 406 5524 ιη
425 5487 681 5560 meum
696 5487 931 5560 [ταρνέοηε
945 5496 1182 5556 cumam.
1208 5487 1300 5550 ac:

425 5549 802 5628 ἒ
830 5555 881 5626 in
921 5549 1196 5628 hiecvcrba
1222 5549 1466 5613 homiliam
1487 5565 1667 5628 claudit
1693 5583 1704 5616 :
1741 5579 1797 5620 tit
1823 5584 1881 5623 ne
1906 5573 1960 5627 in

360 5609 1063 5698 Sﬂiﬁmm'ﬂf'k
1078 5629 1140 5698 Et
1167 5609 1251 5674 διο*
1264 5609 1962 5698 ἒᾷίιῖὲὶιάὶῖἀῖξσὲυὶὶῑιὲᾚὲἳ

360 5677 1136 5756 Aftﬂntiaericordi,
1164 5686 1387 5756 quoniam
1421 5677 1603 5752 ipsum
1620 5677 1954 5756 de'c‘ii'jtiioiiif,

358 5728 814 5816 -I_t_ouor
848 5748 895 5791 ct
915 5728 1154 5813 adorat-i3,
1166 5728 1387 5800 tibi???
1413 5728 1601 5816 555?,38-
1620 5728 1755 5804 "die:
1773 5728 1958 5809 ἷιᾘιῗῖἶᾶ

357 5793 518 5844 mu
537 5793 735 5850 desunt.

1465 414 1531 471 ΙΝ
1569 411 1724 470 CAP.
1769 407 1860 466 IV.
1901 403 2148 464 CENES.
2192 403 2424 463 llOMlL.
2465 402 2587 462 XX.

3549 409 3654 467 Ιὶῧ

2063 536 2301 592 pcenam,
2333 537 2399 577 eo
2425 521 2566 593 quod
2597 537 2702 577 non
2734 520 3017 579 habuerint
3062 522 3233 594 legem
3264 537 3384 595 qua:
3429 522 3666 580 minare-

2033 677 2036 680 ,
2064 622 2149 667 tur
2176 623 2227 668 ct
2275 612 2569 683 corrigeret
2598 629 2612 667 τ
2644 611 2710 667 Et
2736 614 3038 686 quicumque
3079 614 3130 669 iu
3160 614 3270 686 lege
3307 628 3661 684 peccaverunt,

2063 721 2153 772 per
2190 704 2351 774 legem
2373 721 2571 774 quoque
2590 704 2984 775 judicabumur.
3016 705 3080 760 lli
3110 716 3314 776 autem,
3353 707 3543 778 inquit,
3569 709 3662 780 qui

2061 795 2248 851 eadem
2277 796 2476 851 iaciunt
2499 811 2619 865 qua:
2644 795 2739 858 illi,
2756 805 2811 851 et
2839 796 2970 867 legis
2992 797 3375 856 adminiculum
3402 801 3660 869 habuere,

2060 889 2332 959 graviores
2358 897 2413 944 et
2442 888 2892 945 intolerabiliores
2916 889 3255 946 sustinebunt
3279 892 3567 948 cruciatus.
3593 893 3661 950 Et
3692 911 3694 913 ’

2063 981 2256 1036 merito
2286 997 2302 1036 ε
2333 982 2456 1052 quia
2490 997 2664 1053 neque
2718 982 2826 1049 lex,
2859 998 3036 1054 neque
3065 982 3206 1054 quod
3235 983 3369 1040 alios
3400 993 3476 1040 tot
3505 987 3662 1042 malis

2059 1072 2302 1142 objectos
2332 1073 2584 1141 viderint,
2612 1073 2966 1130 modestiores
2987 1082 3044 1130 et
3081 1075 3330 1132 meliores
3353 1092 3447 1133 eos
3477 1077 3662 1134 reddi-

2060 1165 2220 1221 derit.
2254 1165 2513 1233 Quocirca
2540 1165 2787 1233 obsecro,
2831 1175 2889 1221 ut
2915 1167 2999 1222 vel
3025 1165 3216 1222 saltem
3247 1184 3388 1223 nunc
3428 1168 3658 1224 aliorum

2061 1257 2490 1327 corrcptionibus
2538 1259 2787 1327 nosipsos
2827 1259 3215 1326 cmendemus,
3259 1269 3315 1316 et
3353 1261 3513 1316 vitam
3562 1278 3662 1319 no-

2057 1358 2224 1403 stram
2254 1364 2586 1419 corrigamus
2624 1351 2692 1405 ad
2723 1351 2933 1406 Domini
2963 1351 3356 1422 obedientiam,
3393 1353 3534 1410 illius
3563 1355 3662 1411 ob-

2061 1449 2423 1511 temperantes
2469 1441 2679 1512 lcgibus
2709 1459 2722 1495 :
2754 1451 2810 1496 ut
2844 1458 3020 1513 neque
3049 1443 3208 1512 livor,
3233 1459 3411 1515 neque
3437 1444 3657 1513 invidia,

2060 1547 2235 1601 neque
2276 1533 2571 1602 corporalis
2598 1547 2772 1600 amor,
2811 1549 2984 1603 neque
3024 1533 3184 1606 hujus
3230 1536 3351 1590 vita:
3390 1535 3560 1606 gloria
3607 1548 3662 1592 et

2059 1623 2320 1693 potentia,
2352 1638 2525 1695 neque
2552 1624 2758 1679 ventris
2783 1627 3051 1695 voluptas,
3076 1642 3250 1697 neque
3278 1627 3380 1682 alia
3410 1627 3660 1698 quietiam

2057 1715 2290 1771 absurda
2321 1717 2756 1787 concupiscentia
2788 1717 3101 1773 dominetur
3143 1719 3340 1774 anima:
3383 1727 3438 1774 et
3466 1718 3660 1774 rationi

2059 1815 2260 1860 nostra:
2309 1823 2322 1860 :
2356 1805 2450 1862 sed
2480 1809 2758 1877 cxpurgati
2800 1808 2867 1862 ab
2894 1808 3040 1862 omni
3066 1823 3244 1873 emno,
3276 1809 3661 1880 voluptateque

2061 1895 2367 1966 temporali,
2391 1907 2441 1952 ct
2460 1896 2580 1952 vale
2601 1896 2748 1952 dicto
2764 1898 3015 1953 omnibus
3046 1896 3356 1954 fmdissimis
3386 1899 3661 1955 absurdis-

2059 1989 2320 2059 simisque
2365 1989 2760 2059 alfcctionibus,
2816 1991 2883 2047 ad
2931 1992 3140 2048 beatam
3187 1991 3330 2046 illam
3372 1991 3557 2056 vitam,
3607 2000 3661 2048 et

2060 2080 2347 2136 incll‘abilia
2399 2081 2490 2136 illa
2538 2081 2699 2150 bona,
2736 2097 2854 2153 qua:
2897 2083 3038 2138 Deus
3064 2096 3123 2138 se
3151 2082 3497 2153 diligentibus
3523 2099 3661 2152 prae-

2061 2172 2287 2241 paravit,
2336 2171 2651 2229 festinemus
2691 2191 2706 2229 :
2757 2190 2876 2245 quae
2902 2173 3154 2229 omnibus
3177 2174 3337 2230 nobis
3369 2173 3661 2230 concedan-

2061 2273 2165 2330 tur,
2191 2264 2362 2335 gratia
2389 2273 2442 2320 et
2463 2264 2784 2336 benignitate
2817 2267 3026 2322 Domini
3065 2266 3234 2322 nostri
3259 2265 3386 2322 Jcsu
3437 2263 3658 2332 Christi,

2057 2369 2180 2408 cum
2206 2369 2314 2425 quo
2359 2355 2523 2423 Patri,
2570 2357 2730 2411 simul
2771 2367 2824 2412 et
2871 2357 3091 2426 Spiritui
3132 2366 3320 2412 sancto
3369 2357 3439 2412 sit
3469 2358 3659 2427 gloria,

2060 2445 2364 2513 impcrimn,
2401 2447 2589 2513 honor,
2621 2463 2760 2502 tiuuc
2790 2457 2844 2502 et
2870 2463 3104 2518 semper,
3134 2456 3190 2504 ct
3218 2447 3270 2502 in
3308 2449 3499 2504 saecula
3538 2462 3646 2505 sa:-

2059 2537 2323 2590 culorum.
2354 2541 2544 2592 Amen.

2574 2650 2856 2707 llU.\llLlA
2908 2651 3002 2707 xx
3037 2651 3134 2724 (ιι).

2063 2760 2310 2834 Egressus
2331 2773 2401 2818 cst
2427 2775 2598 2818 autem
2619 2763 2746 2818 Cain
2777 2783 2807 2818 α
2831 2766 2964 2836 [acie
2991 2764 3102 2827 Dei.
3132 2776 3178 2820 et
3195 2766 3502 2822 habitaritiu
3526 2778 3662 2824 tcrm

2169 2853 2334 2921 Naid,
2360 2868 2389 2907 e
2408 2855 2611 2925 regione
2641 2851 2801 2908 fidem
2835 2853 2988 2924 (Gen.
3020 2856 3073 2911 4.
3113 2856 3222 2926 l6),
3246 2867 3299 2912 et
3321 2858 3548 2929 reliqua.

2124 2988 2175 3041 1.
2229 2987 2342 3056 Age
2391 2987 2584 3042 iterum
2617 2985 2775 3043 hodie
2816 2989 2868 3042 in
2909 3003 3099 3044 manus
3141 3001 3416 3047 sumentes
3443 3008 3561 3063 qua:
3607 2994 3663 3049 in

2061 3077 2203 3134 serie
2232 3077 2369 3134 lecta
2397 3088 2542 3144 sunt,
2578 3078 2702 3135 inde
2723 3080 2877 3136 vobis
2901 3081 3202 3137 doctrinam
3225 3097 3578 3154 apponamus,
3605 3096 3661 3143 et

2058 3171 2275 3225 solitum
2314 3185 2382 3227 ex
2431 3170 2582 3227 libris
2610 3172 2752 3228 beati
2784 3172 2947 3228 Mosis
2975 3174 3299 3244 colloquium
3347 3175 3658 3244 habeamus,

2059 3263 2170 3319 into
2184 3277 2248 3317 ex
2278 3263 2447 3317 sancti
2473 3262 2704 3333 Spiritus
2733 3263 2963 3334 eloquiis
2989 3280 3108 3334 qua.-
3139 3278 3234 3333 per
3255 3267 3529 3336 propheta:
3558 3268 3662 3322 lin-

2057 3371 2214 3427 guatn
2246 3352 2424 3410 divina
2460 3355 2628 3426 gratia
2675 3370 2774 3411 nos
2805 3355 3009 3411 docuit.
3041 3354 3148 3410 Sed
3179 3373 3285 3426 quo
3331 3359 3664 3416 manifestior

2059 3461 2240 3501 sermo
2267 3456 2451 3502 noster
2474 3447 2564 3512 sit,
2597 3461 2776 3516 oper.e
2811 3447 3039 3516 pretium
3073 3447 3253 3514 fuerit,
3286 3459 3342 3503 ut
3375 3449 3425 3504 in
3456 3464 3662 3506 memo-

2061 3539 2191 3592 riam
2224 3537 2374 3591 vobis
2419 3537 2734 3600 referamus,
2768 3536 2854 3591 ubi
2877 3537 3177 3593 doctrinam
3209 3555 3380 3609 nuper
3409 3541 3660 3597 absolve-

2060 3629 2248 3694 ritnus,
2279 3638 2333 3682 ut
2356 3627 2542 3683 eadem
2573 3626 2733 3682 hodie
2761 3627 3010 3698 repet-ita,
3039 3628 3105 3684 de
3137 3645 3278 3685 llllllC
3303 3631 3455 3686 lectis
3480 3632 3662 3688 dicere

2061 3717 2398 3788 incipiamus.
2432 3719 2593 3774 Scitis
2633 3719 2776 3774 enim
2823 3732 2924 3773 nos
2950 3721 3412 3788 argumentumde
3450 3723 3582 3778 Cain
3607 3736 3665 3781 et

2059 3810 2888 3874 Abclnarravisse,ostendent-:5
2922 3819 3028 3864 tam
3046 3827 3110 3865 ex
3144 3813 3338 3883 iisqute
3356 3812 3491 3869 facta
3512 3827 3660 3878 sunt.

2059 3915 2215 3970 quam
2229 3915 2294 3955 ex
2314 3899 2378 3955 iis
2393 3900 2460 3955 de
2472 3899 2664 3970 quibus
2677 3900 2983 3957 obtulerunt
3001 3901 3224 3955 Domino
3239 3903 3522 3971 sacriﬁcia,
3536 3921 3678 3976 quo-

2060 3991 2221 4046 modo
2245 3991 2608 4047 faciendorum
2627 4002 2681 4048 ct
2707 4007 2812 4046 non
2837 3992 3201 4047 faciendorum
3230 3995 3432 4064 agnitio
3456 4005 3662 4052 natura:

2061 4093 2257 4140 nostra:
2275 4085 2431 4140 insita
2453 4084 2542 4149 sit,
2561 4094 2615 4140 et
2632 4085 2869 4139 omnium
2889 4085 3145 4154 Opiliccm
3162 4101 3260 4141 nos
3277 4088 3428 4143 liberi
3455 4090 3663 4147 arbitrii

2061 4177 2274 4242 fecisse,
2294 4187 2455 4246 atque
2476 4176 2672 4246 ubique
2691 4176 2775 4232 vcl
2793 4189 3075 4243 coronare,
3091 4177 3173 4233 vel
3194 4177 3560 4237 condemnare
3578 4197 3665 4237 se—

2060 4268 2296 4323 cundmu
2315 4268 2477 4322 animi
2497 4267 2663 4322 nostri
2681 4267 3011 4338 propositum
3033 4267 3129 4336 (ob
3153 4266 3254 4323 hoc
3280 4269 3423 4323 enim
3450 4271 3660 4326 sacrili-

2059 4361 2199 4415 cimn
2218 4359 2350 4415 Cain
2373 4359 2707 4429 repudiatum
2724 4358 2994 4425 fuit,dona
3011 4374 3138 4414 vero
3151 4359 3283 4415 Abel
3299 4360 3565 4434 accepta),
3584 4373 3656 4418 at-

2059 4466 2165 4524 que
2183 4451 2304 4506 inde
2319 4451 2570 4506 invidiam
2588 4461 2758 4505 ortam
2773 4449 2994 4504 Cainum
3013 4451 3064 4504 in
3081 4450 3282 4506 cmdcm
3297 4450 3476 4506 fratris
3492 4454 3663 4509 exsti-

2061 4546 2316 4611 mulasse,
2367 4545 2456 4614 qui
2511 4553 2565 4599 et
2604 4553 2722 4613 post
2771 4543 2990 4613 impium
3029 4543 3254 4611 facinus,
3302 4545 3519 4602 volente
3547 4547 3660 4604 Deo

2064 4639 2235 4708 ipsum
2265 4650 2557 4705 provocare
2584 4635 2650 4689 ad
2676 4633 3072 4690 confessionem
3091 4645 3455 4706 peccatorum,
3484 4654 3662 4710 neque

2062 4729 2139 4783 sic
2169 4725 2474 4784 remedium
2505 4725 3004 4797 sanitatisacccpit,
3046 4727 3142 4783 sed
3172 4727 3403 4784 scelesto
3435 4729 3660 4787 homici-

2060 4822 2151 4877 dio
2196 4820 2536 4876 mendacium
2584 4820 2900 4891 conjunxit,
2933 4831 2986 4876 ct
3024 4837 3241 4892 gravem
3269 4822 3414 4877 illam
3447 4839 3662 4894 ptenam

2061 4913 2160 4967 sibi
2189 4911 2514 4976 conciliavit,
2545 4925 2880 4982 supernaque
2899 4913 3070 4983 gratia
3091 4929 3151 4970 se
3180 4915 3398 4970 nudavit
3429 4919 3664 4986 posteris

2063 5007 2114 5058 in
2154 5004 2506 5059 correctionis
2536 5003 2842 5074 exemplum
2874 5005 3200 5074 propositus,
3227 5016 3388 5078 atque
3443 5008 3512 5064 ob
3538 5023 3665 5064 sen-

2063 5096 2286 5170 tentiam
2311 5095 2363 5150 in
2394 5110 2453 5151 se
2478 5105 2779 5165 acceptam,
2808 5095 2955 5150 omni
2980 5095 3255 5151 hominum
3280 5100 3465 5169 generi
3496 5100 3670 5171 loqui-

2062 5199 2164 5255 tur,
2199 5189 2352 5261 quasi
2381 5189 2620 5244 clamans
2641 5196 2695 5242 et
2713 5188 2898 5244 dicens
2927 5207 2940 5243 :
2971 5188 3049 5244 Ne
3076 5190 3180 5245 tale
3209 5191 3336 5262 quid
3376 5193 3516 5248 ullus
3565 5209 3662 5250 ve-

2061 5293 2232 5338 strum
2264 5296 2516 5352 umquam
2561 5279 2777 5344 audeat,
2812 5295 2878 5336 ne
2909 5281 2962 5334 in
2989 5281 3191 5336 similes
3217 5282 3417 5338 incidat
3453 5298 3662 5352 ptenas.

2065 5375 2286 5430 Vidisus
2315 5374 2527 5430 Domini
2559 5372 2964 5443 benignitatem,
2997 5374 3268 5443 quomodo
3295 5389 3391 5430 sua
3422 5376 3474 5430 in
3507 5376 3659 5435 illum

2063 5483 2221 5540 poma
2250 5483 2357 5523 non
2395 5467 2569 5539 ipsum
2595 5466 2770 5522 solum
2801 5465 3084 5536 castigare,
3127 5465 3221 5522 sed
3253 5482 3350 5536 per
3377 5467 3555 5538 ipsum
3583 5484 3662 5525 sx-

2125 5625 2198 5687 (a)
2233 5633 2344 5675 tunc
2359 5625 2561 5676 Humilia
2580 5631 2680 5675 tota
2702 5623 2858 5687 deest
2889 5623 2938 5672 in
2953 5621 3166 5687 cqlbert.
3190 5622 3364 5674 Codice
3387 5636 3523 5673 num.
3549 5626 3664 5678 563.

2063 5679 2193 5738 ιιιιὶιζ
2208 5687 2395 5749 aliquot
2419 5694 2528 5738 Mss.
2552 5693 2605 5737 et
2619 5685 2813 5749 coislin.
2849 5685 2978 5735 bttnc
2998 5679 3264 5749 Scriptum
3286 5691 3480 5735 textum
3503 5692 3664 5738 norni-

2063 5751 2140 5800 lize
2168 5757 2258 5816 xx.
2271 5743 2524 5813 prmllgunt
2549 5762 2565 5816 _:
2585 5747 2809 5810 cognovit
2831 5758 2991 5816 autem
3011 5743 3354 5816 (qia-umorem
3373 5759 3532 5812 οιιωκ,
3550 5761 3662 5813 quite

2065 5804 2298 5877 concepit}
2324 5817 2366 5863 ct
2386 5804 2576 5881 peperit
2600 5804 2743 5874 nios,
2759 5817 2803 5861 ct
2820 5804 3077 5872 wdiﬁcarit
3103 5806 3360 5861 civitatem.
