4058 6302
438 411 544 473 16⁸1

434 526 544 582 mul
572 532 813 596 posteros
842 535 1028 578 omnes
1069 521 1287 576 omnino
1318 516 1619 589 fugiendum
1648 531 1767 574 esse
1794 524 1899 573 tam
1931 524 2009 572 te-

433 614 719 673 merarinm
752 612 956 668 facinus
976 612 1170 668 docere
1196 609 1360 666 Voluit
1382 609 1405 662 ἲ

505 705 610 761 Cur
634 704 820 760 habitet
859 701 985 759 Cain
1028 719 1056 758 e
1077 703 1278 774 regione
1299 698 1479 753 Edent.
1509 729 1581 740 ——
1611 698 1724 770 Age
1757 713 1899 755 nunc
1922 709 2011 752 se-

431 795 646 864 quentia
691 794 1030 865 attingamus,
1075 799 1129 848 et
1175 790 1452 846 videamus
1490 789 1617 860 quid
1647 789 1804 845 hodie
1857 788 2010 844 nobis

431 895 613 941 narret
654 886 842 940 beatus
869 885 960 939 ille
1001 880 1280 953 propheta,
1325 880 1555 949 Spiritus
1607 880 1780 934 sancti
1828 880 2009 934 afﬂatu

432 975 692 1032 eruditus.
724 974 854 1030 Nam
884 983 1160 1042 postquam
1192 987 1223 1026 a
1259 971 1486 1025 Domino
1513 971 1834 1026 sententiam
1878 967 2006 1024 Cain

433 1065 660 1136 accepit,
694 1064 780 1119 16.
811 1062 1057 1134 Egressus
1103 1071 1196 1126 est,
1231 1060 1420 1129 inquit,
1466 1075 1496 1112 a
1550 1060 1683 1127 facie
1725 1058 1842 1114 Dei.
1872 1058 2007 1126 Quid

431 1168 535 1223 cst,
567 1154 704 1209 Eziit
728 1171 760 1208 a
794 1154 926 1226 facie
963 1150 1056 1206 Dei
1083 1151 1110 1205 i’
1131 1151 1242 1206 iioc
1270 1159 1371 1217 est,
1405 1149 1632 1205 nudatus
1656 1149 2009 1220 estpraesidio

389 1246 393 1250 ⁷
435 1246 550 1310 Dei,
597 1253 816 1314 propter
839 1242 1194 1298 abominabile
1215 1252 1266 1296 et
1303 1241 1656 1310 perniciosum
1688 1241 1904 1294 facinus.
1938 1237 2008 1293 Et

431 1335 669 1390 habitarit
699 1336 751 1387 in
778 1343 911 1387 terra
937 1331 1100 1398 Naid,
1133 1347 1160 1385 e
1188 1332 1390 1402 regione
1421 1331 1596 1384 Edent.
1629 1330 1818 1385 Narrat
1849 1330 2003 1385 nobis

429 1425 607 1479 divina
635 1424 903 1492 Scriptura
934 1422 1109 1477 locum
1128 1422 1181 1476 in
1203 1437 1308 1492 quo
1331 1429 1511 1490 postea
1538 1421 1810 1487 habitavit,
1838 1430 1892 1475 et
1911 1421 2005 1474 do-

427 1525 516 1571 cet
538 1512 804 1586 quomodo
831 1522 887 1568 et
915 1513 1000 1568 hic
1044 1528 1148 1567 non
1184 1513 1426 1583 procula
1471 1511 1714 1582 paradiso
1765 1521 2003 1565 versatus

428 1607 516 1662 sit.
539 1615 594 1659 ut
614 1621 644 1660 e
665 1606 881 1675 regione
901 1604 1040 1658 illius
1061 1603 1341 1669 exsistens,
1364 1603 1614 1657 continuo
1637 1618 1842 1656 memor
1864 1612 2007 1656 esset

426 1705 536 1750 tum
583 1709 767 1749 eorum
811 1709 927 1764 quae
955 1693 1088 1763 patri
1120 1709 1217 1746 suo
1255 1693 1324 1747 ob
1354 1695 1844 1762 praevaricationem
1875 1708 2001 1746 con-

427 1788 676 1856 tigerunt,
707 1793 814 1838 tum
843 1783 1217 1853 magnitudinis
1239 1798 1420 1838 eorum
1445 1800 1562 1853 qua:
1592 1786 1702 1852 ipse
1729 1794 2000 1853 perpetra-

423 1884 593 1942 verat,
645 1882 862 1944 propter
909 1888 1027 1943 qua:
1060 1881 1201 1926 tanta
1248 1871 1348 1927 sibi
1401 1889 1572 1942 neque
1614 1873 1778 1943 patris
1825 1887 2004 1929 corre-

427 1968 609 2035 ptione
657 1964 959 2031 emendato,
1006 1978 1161 2033 poena
1194 1965 1422 2032 irrogata
1453 1973 1554 2018 est.
1601 1965 1813 2019 Etvero
1857 1966 2005 2020 locus

425 2058 516 2111 ille
543 2059 595 2111 in
639 2072 745 2127 quo
772 2056 1050 2123 habitavit,
1085 2066 1337 2124 perpetua
1363 2056 1616 2110 memoria
1645 2055 1760 2120 fuit,
1791 2072 1895 2111 non
1929 2057 2002 2111 illi

421 2148 542 2212 soli,
563 2147 656 2201 sed
684 2157 738 2202 et
763 2149 971 2202 suculis
998 2146 1398 2216 posterioribus,
1422 2147 1488 2200 ob
1516 2157 1797 2202 tremorem
1825 2159 1876 2203 et
1900 2164 2007 2202 mo-

423 2238 643 2290 tionem.
694 2235 897 2290 Nomen
949 2238 1089 2289 enim
1133 2235 1265 2290 Naid
1306 2237 1558 2290 llebraica
1592 2236 1754 2291 dictio
1799 2248 1904 2304 est,
1948 2247 2003 2292 et

421 2329 640 2381 vertitur
668 2326 973 2381 commotio.
1007 2326 1187 2394 Itaque
1230 2335 1285 2380 ut
1330 2327 1530 2381 crimen
1571 2327 1710 2381 illius
1745 2336 2002 2405 perpetuo

422 2402 604 2473 natum
656 2428 798 2473 esset
849 2419 1006 2474 etiam
1050 2434 1079 2471 a
1125 2421 1260 2484 loco,
1299 2422 1448 2488 quasi
1481 2420 1534 2471 in
1569 2419 1813 2473 columna
1861 2436 1998 2474 aerea

420 2510 700 2578 scripfum,
732 2508 839 2563 illic
861 2524 978 2562 cum
1002 2509 1300 2563 collocavit.
1333 2508 1532 2564 Deinde
1564 2511 1734 2579 inquit.
1768 2527 1778 2562 :
1816 2511 1901 2562 l7.
1935 2510 2001 2563 Et

429 2602 658 2670 cognovit
684 2599 808 2653 Cain
837 2615 1043 2653 uxorem
1070 2616 1214 2653 suam
1242 2617 1259 2654 :
1293 2609 1470 2654 etcum
1497 2603 1821 2672 concepisset,
1848 2620 1999 2675 pepe-

419 2692 485 2744 rit
516 2690 713 2744 Enoclt.
738 2690 984 2745 Mortales
1011 2690 1260 2759 deinceps
1285 2689 1410 2745 facti
1436 2691 1694 2758 homines,
1720 2694 1910 2747 merito
1930 2695 1998 2750 de

419 2783 647 2836 ttliorum
675 2781 1016 2837 successione
1041 2796 1221 2837 curam
1245 2782 1526 2837 habebant.
1554 2783 1658 2837 Sed
1691 2783 1827 2839 terte
1849 2785 1998 2840 dixe-

417 2873 486 2926 rit
510 2872 696 2940 aliquis
728 2887 742 2923 :
789 2870 1087 2936 Quomodo,
1112 2886 1231 2925 cum
1262 2872 1530 2940 Scriptura
1573 2888 1831 2941 nusquam
1861 2875 1998 2928 alte-

417 2961 528 3014 rius
579 2962 816 3014 mulieris
856 2962 1178 3025 Ineminerit,
1223 2961 1352 3016 dicit
1403 2962 1542 3032 quod
1583 2964 1714 3018 Cain
1756 2965 1998 3020 habuerit

418 3051 690 3104 uxorem?
731 3050 809 3106 Ne
839 3050 1064 3116 mireris,
1089 3052 1300 3107 dilecte.
1330 3052 1596 3124 Nusquam
1628 3055 1769 3109 cnim
1801 3058 1998 3111 catalo-

415 3157 540 3212 gum
573 3141 850 3195 mulierum
889 3141 1166 3211 diligenter
1198 3144 1357 3209 facit;
1388 3144 1480 3199 sed
1509 3145 1779 3214 Scriptura
1819 3148 1994 3203 divina

415 3245 612 3286 cavens
655 3247 721 3286 ne
762 3231 888 3302 quid
933 3233 1261 3301 superﬂuum
1303 3234 1556 3303 proferat.
1588 3238 1824 3306 singulos
1857 3240 1998 3295 viros

417 3329 819 3386 commemorat,
867 3336 972 3396 non
1021 3339 1208 3379 ontnes
1236 3334 1432 3392 tamen,
1463 3326 1555 3380 sed
1604 3326 1816 3383 brevius
1843 3331 1997 3387 nobis

418 3421 598 3467 narrat
636 3413 838 3475 dicens,
885 3414 1023 3483 quod
1065 3418 1436 3484 generaveriut
1485 3415 1626 3471 illius
1663 3431 1718 3474 et
1745 3419 1895 3487 tilias,
1943 3434 1997 3478 et

419 3505 607 3560 mortui
626 3506 750 3560 sint.
776 3505 1073 3562 Verisimile
1090 3509 1247 3580 igiur
1263 3521 1343 3565 ert
1369 3512 1528 3565 Evam
1547 3514 1704 3568 tiliam
1729 3519 1996 3586 peperisse

419 3603 538 3663 post
576 3593 704 3649 Cain
730 3605 785 3651 et
808 3597 960 3663 Abel,
1002 3613 1160 3666 quam
1208 3600 1258 3653 in
1298 3616 1517 3656 uxorem
1548 3608 1813 3675 acceperit
1843 3609 1992 3662 Cain.

415 3684 546 3739 Nam
585 3687 704 3755 quia
736 3686 881 3739 initia
918 3697 1090 3754 erant,
1123 3688 1454 3762 debebatque
1490 3696 1672 3762 augeri
1707 3698 1991 3753 humanum

413 3791 600 3846 genus,
651 3790 864 3832 sorores
906 3787 961 3831 ut
1013 3777 1286 3846 ducerent,
1319 3782 1734 3840 concedebatur.
1769 3786 1833 3840 Et
1874 3788 1992 3844 ideo

417 3867 531 3921 haec
561 3867 713 3921 nobis
739 3868 1082 3936 conjectanda
1111 3871 1359 3941 relinquit
1377 3872 1675 3942 Scriptura,
1697 3886 1750 3930 ct
1779 3877 1877 3933 hoc
1900 3894 1993 3934 so-

414 3956 520 4010 lum
553 3967 731 4010 narrat
756 3956 938 4010 dicens
971 3975 984 4010 :
1021 3957 1083 4011 Et
1110 3963 1334 4029 cognovit
1359 3960 1483 4016 Cain
1515 3979 1722 4018 uxorem
1743 3983 1910 4031 suam,
1945 3979 1992 4021 et

414 4065 525 4102 cum
555 4047 877 4118 concepisset,
901 4050 1090 4118 peperit
1126 4049 1322 4109 Enoclt.
1351 4052 1414 4105 Et
1443 4065 1548 4108 erat
1580 4055 1840 4123 wdiﬁcans
1867 4058 1990 4110 civi-

414 4149 566 4191 tatem
591 4140 640 4191 in
664 4139 859 4192 nomine
887 4141 980 4208 ﬁlii
1006 4144 1085 4194 sui
1115 4140 1309 4195 Enocb.
1344 4143 1471 4200 Vide
1515 4147 1782 4215 quomodo
1817 4150 1996 4217 paula-

419 4234 511 4284 tim
537 4231 899 4284 instituuntur.
927 4232 1059 4298 Quia
1089 4233 1229 4286 enim
1278 4238 1530 4290 mortales
1559 4247 1864 4304 evaserant,
1896 4241 1994 4293 im-

415 4321 695 4375 mortalem
726 4337 874 4375 suam
904 4323 1215 4378 memoriam
1247 4324 1422 4381 facere
1446 4329 1728 4383 voluerunt
1753 4371 1768 4394 ,
1797 4331 1989 4401 partim

412 4429 480 4468 ex
511 4413 631 4466 tiliis
657 4427 790 4483 quos
832 4415 1154 4482 generabant
1174 4415 1207 4480 ,'
1221 4418 1408 4484 partim
1441 4432 1507 4472 ex
1540 4418 1667 4472 locis
1697 4421 1890 4490 quibus
1935 4421 1996 4474 ti—

415 4505 605 4560 liorum
629 4506 840 4558 nomina
870 4505 1229 4574 imponebant.
1259 4508 1385 4562 Haec
1416 4511 1592 4564 omnia
1616 4511 1736 4580 jmc
1763 4513 1882 4582 quis
1912 4513 1990 4565 «Ιί-

413 4603 561 4650 ccret
594 4605 928 4662 peccatorum
958 4599 1310 4664 monimenta,
1347 4615 1555 4654 necnon
1600 4602 1777 4670 lapsus
1819 4618 1848 4655 a
1883 4603 1992 4672 pri-

415 4697 552 4741 stina
568 4684 758 4755 gloria,
779 4685 829 4739 in
848 4701 951 4755 qua
966 4700 1083 4740 cum
1102 4698 1298 4754 essent,
1323 4690 1466 4745 nullo
1481 4689 1669 4745 borum
1690 4692 1994 4761 indigebant

415 4776 584 4828 Adam
615 4783 671 4829 et
696 4775 824 4840 Eva,
867 4787 1051 4846 utp0te
1097 4778 1348 4832 omnibus
1397 4781 1720 4847 superiores,
1769 4793 1822 4837 et
1864 4785 1993 4838 nihil

413 4865 650 4917 obnoxii.
681 4864 767 4918 18.
805 4863 966 4919 Porro
997 4865 1171 4919 Enoclt
1212 4868 1311 4935 ipsi
1351 4879 1499 4922 natus
1523 4879 1614 4936 est,
1652 4871 1840 4942 inquit,
1866 4872 1991 4927 Gat-

417 4953 540 5017 dad,
570 4963 616 5004 cl
642 4953 843 5007 Gaidad
862 4956 1028 5023 genuit
1061 4956 1314 5023 .lluleleel,
1345 4969 1391 5012 et
1421 4958 1655 5014 Maleleel
1681 4967 1849 5034 genuit
1878 4965 1994 5019 Mu-

416 5044 637 5111 tltnsala,
665 5056 711 5098 et
736 5044 1024 5099 Mat/iurata
1047 5051 1214 5116 genuit
1245 5049 1478 5105 Lameclt.
1508 5051 1668 5109 Vides
1693 5071 1847 5124 quam
1868 5072 1992 5113 cur-

417 5134 516 5188 sim
554 5136 740 5189 transit
761 5136 1130 5207 genealogias;
1163 5139 1395 5194 virorum
1425 5151 1627 5198 tantum
1667 5147 1992 5206 mentionem

419 5225 543 5276 t'acit
573 5223 759 5278 beatus
795 5224 904 5292 ille,
957 5242 1213 5296 nusquam
1237 5244 1364 5284 vero
1403 5231 1681 5288 mulierum
1728 5239 1988 5292 meminit.

418 5310 522 5368 Sed
574 5314 1018 5382 quemadmodum
1067 5319 1133 5372 dc
1175 5317 1305 5374 Cain
1359 5321 1557 5377 dictum
1605 5335 1707 5391 est,
1751 5326 1992 5398 Cognovit

419 5417 623 5457 uxorem
651 5420 818 5473 suum,
847 5421 965 5460 cum
993 5423 1248 5478 nusquam
1279 5425 1376 5464 nos
1427 5411 1689 5477 docuerit,
1721 5433 1889 5487 neque
1910 5419 1989 5473 di-

415 5493 554 5546 xerit
582 5495 721 5550 unde
747 5495 986 5551 habuerit
1007 5511 1226 5554 uxorem
1254 5519 1267 5555 :
1290 5503 1366 5555 sic
1396 5518 1522 5559 sane
1548 5514 1602 5559 et
1629 5505 1711 5560 hic
1740 5508 1986 5578 loquitur:

418 5591 504 5648 19.
542 5592 604 5648 Et
646 5589 835 5658 accepit
868 5588 964 5643 sibi
1003 5587 1223 5646 Lameclt
1271 5593 1396 5647 duas
1436 5613 1636 5662 uxores,
1682 5615 1860 5654 nomen
1902 5617 1988 5656 unt

431 5681 627 5744 Adam!
645 5704 826 5740 nomen
851 5681 1084 5735 secundat
1109 5678 1272 5736 Sella.
1302 5683 1391 5738 20.
1418 5684 1481 5737 Et
1512 5688 1704 5756 peperit
1737 5690 1868 5755 Atla,
1903 5693 1986 5746 in-

430 5771 563 5838 quit,
586 5769 735 5827 Jobel
759 5788 776 5827 :
799 5775 878 5829 hic
893 5778 992 5846 [uit
1021 5783 1160 5842 pater
1182 5773 1512 5829 habitantium
1559 5777 1608 5830 in
1655 5779 1985 5839 tabernaculis

1161 409 1218 465 S.
1256 405 1528 464 JOANNIS
1564 401 2037 461 CHRYSOSTOXI
2077 399 2391 458 ARCIIIEP.
2431 402 2958 463 CONSTANTINUP.

3597 413 3710 471 168

2119 525 2400 585 pastorum.
2431 517 2524 573 il.
2564 518 2631 573 Et
2657 536 2835 576 nomen
2859 523 3010 591 fratri
3034 523 3171 577 illius
3205 522 3361 580 Juba!
3389 539 3402 576 :
3432 527 3513 580 hic
3539 527 3634 595 fuit
3658 531 3710 582 is

2119 606 2205 676 qui
2232 606 2584 663 demonstth
2611 609 2905 680 psalterium
2925 622 2971 666 et
2996 614 3265 668 citharam.

2186 694 2242 749 2.
2285 695 2419 752 Vide
2457 697 2746 767 Scriptura:
2764 700 3118 772 diligentiam.
3153 703 3337 760 Docuit
3369 720 3467 761 nos
3511 716 3564 763 et
3605 725 3706 764 no-

2117 785 2259 839 mina
2292 801 2476 842 eorum
2508 788 2734 860 quinati
2757 801 2882 846 sunt
2918 807 2982 847 ex
3027 809 3192 850 uxore
3219 794 3474 861 Lamecb,
3503 807 3556 854 et
3579 815 3706 868 quae

2117 877 2292 930 studia
2323 877 2535 934 illorum
2557 879 2756 937 fuerint
2785 900 2798 936 :
2831 898 3024 953 nempe
3047 885 3188 955 quod
3217 902 3353 941 unus
3381 888 3582 944 alendis
3611 907 3707 960 pc-

2115 967 2328 1022 coribus
2365 969 2524 1025 fuerit
2562 970 2877 1060 deditus,.et
2915 976 3054 1030 alter
3076 978 3463 1048 excogitaverit
3503 984 3706 1051 psalte-

2117 1057 2252 1110 rium
2297 1067 2350 1113 ct
2388 1060 2668 1116 citharam.
2699 1057 2979 1120 Ξεςεειιη
3025 1078 3212 1134 autem,
3257 1068 3448 1140 inquit,
3493 1085 3540 1127 et
3587 1075 3708 1145 ipsa

2116 1150 2306 1217 peperit
2334 1150 2545 1217 Tltobel,
2566 1165 2613 1207 et
2637 1166 2746 1208 erat
2773 1156 3059 1221 malleator,
3081 1168 3126 1211 et
3157 1158 3296 1230 {uber
3329 1162 3446 1216 teris
3474 1173 3522 1216 et
3551 1166 3700 1232 ferri.

2116 1235 2311 1294 lterum
2347 1252 2401 1297 et
2435 1254 2603 1298 artem
2629 1245 2773 1299 illius
2799 1249 2889 1315 qui
2916 1263 2982 1302 ex
3001 1248 3141 1303 Sella
3167 1261 3321 1306 natus
3341 1261 3455 1307 erat
3482 1253 3701 1321 indicat,

2112 1331 2254 1399 quod
2301 1349 2493 1404 nempe
2537 1334 2778 1390 fabrilem
2817 1338 2940 1391 teris
2992 1350 3162 1394 artem
3219 1355 3515 1399 exerceret.
3569 1345 3704 1400 \‘itle

2112 1425 2381 1490 quomodo
2409 1440 2526 1495 qum
2551 1426 2614 1479 ad
2645 1443 2797 1482 usum
2815 1438 2870 1482 et
2887 1429 3228 1486 conmiodum
3252 1435 3464 1488 humani
3491 1452 3639 1504 gener
3659 1440 3702 1490 is

2113 1522 2354 1580 spectant
2404 1516 2655 1586 paulatim
2706 1520 2914 1587 provisa
2967 1521 3089 1575 sint.
3144 1523 3206 1576 Et
3238 1524 3464 1592 primum
3511 1526 3700 1579 Csina

2116 1602 2225 1656 lilio
2247 1619 2344 1658 suo
2361 1605 2627 1661 civitatem
2651 1610 2718 1662 ab
2739 1625 2796 1663 se
2817 1609 3130 1667 :edilicatam
3157 1617 3466 1670 nominavit.
3495 1617 3694 1673 Deinde

2112 1706 2297 1746 eorum
2328 1694 2417 1764 qui
2443 1710 2508 1750 ex
2551 1699 2804 1754 uxoribus
2842 1701 3072 1757 Lamech
3103 1705 3211 1758 nati
3249 1717 3392 1771 sunt,
3435 1722 3571 1762 unus
3605 1725 3693 1777 pa-

2111 1785 2322 1840 scendis
2363 1787 2641 1854 pecoribus
2685 1804 2743 1844 se
2771 1789 2993 1857 dedidit,
3023 1794 3158 1848 alius
3202 1797 3444 1850 atrariam
3475 1812 3695 1854 εχει·ρο-

2112 1876 2193 1929 bat
2221 1917 2237 1942 ,
2285 1880 2421 1932 alius
2475 1881 2633 1935 etiam
2683 1885 2988 1951 psalterium
3020 1896 3072 1940 et
3102 1886 3359 1942 citharam
3402 1890 3694 1947 adiuvenit.

2113 1966 2275 2023 Soror
2302 1979 2485 2035 autem,
2524 1971 2712 2042 inquit,
2751 1973 2940 2029 Tltobel
2971 1975 3228 2031 Noenum.
3260 1979 3395 2046 Quid
3451 1982 3551 2036 hoc
3597 1998 3697 2037 ι.οσ

2111 2074 2231 2112 vum
2261 2069 2315 2114 et
2341 2060 2656 2116 insolitum?
2682 2063 2831 2118 Nunc
2857 2067 3084 2135 primum
3112 2071 3423 2124 nominatim
3454 2074 3698 2129 mulieris

2112 2155 2372 2209 meminit.
2420 2155 2538 2211 Non
2568 2159 2683 2214 sine
2713 2174 2893 2226 causa,
2925 2178 3095 2233 neque
3128 2173 3344 2231 tumere,
3378 2168 3471 2223 sed
3502 2179 3560 2223 ut
3600 2188 3698 2224 oc-

2110 2246 2310 2299 cultnm
2359 2248 2482 2315 quid
2531 2249 2684 2304 nobis
2734 2251 2819 2306 hic
2867 2253 3138 2322 declaret,
3189 2256 3292 2311 hoc
3339 2257 3464 2314 fecit
3509 2261 3696 2316 beatus

2111 2338 2401 2406 propheta;
2448 2341 2498 2394 id
2521 2343 2660 2411 quod
2691 2344 2742 2396 in
2775 2345 2912 2399 aliud
2945 2356 3154 2418 tempus
3179 2350 3324 2404 vobis
3351 2366 3694 2421 reponemus,

2110 2446 2249 2485 nunc
2282 2433 2553 2488 ilirltil‘ialll
2604 2451 2893 2505 sequamur
2930 2457 2942 2491 :
2988 2456 3160 2511 neque
3207 2444 3349 2497 enim
3392 2449 3536 2513 parvi
3579 2462 3694 2500 mo-

2110 2524 2273 2578 menti
2303 2525 2551 2594 quiddam
2582 2537 2663 2582 est
2693 2529 2835 2598 quod
2864 2531 3128 2599 subditur,
3154 2544 3209 2588 et
3249 2535 3476 2603 plurimo
3509 2537 3694 2593 labore

2111 2611 2267 2667 habet
2289 2628 2443 2682 opus,
2475 2630 2535 2669 ac
2560 2615 2898 2686 diligentiore
2931 2623 3292 2690 inquisitione,
3323 2634 3378 2678 ut
3401 2629 3689 2694 ρυεδῦιηιιε.

2107 2703 2349 2756 omnibus
2370 2704 2568 2774 liquido
2584 2709 3133 2775 exploratis,multum
3165 2712 3290 2769 hinc
3319 2718 3559 2771 utilitatis
3595 2737 3692 2772 nu-

2106 2791 2214 2846 bis‘
2239 2793 2448 2848 afferre.
2468 2795 2556 2850 25.
2576 2795 2741 2864 Dixit,
2757 2800 2942 2869 inquit,
2961 2802 3177 2856 Lamech
3197 2808 3434 2860 uxoribus
3451 2809 3554 2862 suis
3565 2811 3693 2865 Athe

2103 2896 2150 2938 et
2184 2885 2337 2939 Sellte
2359 2904 2376 2940 :
2407 2889 2589 2943 Audite
2610 2907 2779 2944 vocem
2817 2909 2997 2959 meam,
3018 2911 3198 2950 uxores
3218 2896 3461 2962 Lanteclt,
3486 2903 3692 2956 auribus

2105 2977 2345 3048 percipite
2374 2994 2628 3034 sermones
2662 2999 2796 3036 meos
2827 3000 2845 3036 :
2875 2987 2995 3055 quia
3039 2987 3202 3040 virum
3231 2992 3394 3043 occidi
3430 2996 3482 3047 in
3509 2995 3693 3048 vulnus

2105 3068 2248 3133 mihi,
2289 3077 2333 3120 et
2361 3071 2790 3127 adolescentulum
2818 3076 2869 3128 in
2917 3079 3200 3132 cicatricem
3251 3083 3393 3136 nti/ti.
3428 3084 3516 3138 24.
3554 3086 3692 3153 Quia

2102 3160 2281 3227 septies
2307 3161 2430 3214 ultio
2477 3175 2678 3233 sumpta
2728 3174 2797 3218 est
2827 3166 2889 3219 de
2916 3166 3062 3234 Cain,
3092 3169 3155 3222 de
3184 3169 3405 3227 Lameclt
3454 3192 3567 3230 vero
3610 3194 3692 3231 se-

2104 3249 2329 3320 ptuagiss
2375 3253 2573 3320 septies.
2621 3254 2880 3322 Obsecro,
2929 3270 3107 3313 mente
3152 3260 3352 3315 intenta
3401 3273 3591 3330 estote,
3634 3275 3691 3322 et

2103 3340 2278 3393 omnia
2323 3357 2442 3409 quze
2492 3343 2558 3396 ad
2589 3347 2871 3401 strculares
2900 3363 3055 3403 curas
3099 3353 3387 3420 pc.'tinent,
3419 3371 3688 3426 seponen-

2104 3435 2201 3488 tcs.
2229 3444 2351 3482 cum
2379 3431 2652 3502 diligentia
2702 3452 2820 3505 qua:
2865 3436 3136 3505 dicuntur,
3184 3455 3602 3511 perscrutemur,
3633 3458 3691 3504 ut

2104 3518 2231 3571 nihil
2261 3535 2446 3574 eorum
2499 3537 2596 3578 nos
2648 3525 2830 3589 lateat,
2864 3529 2958 3583 sed
3005 3541 3260 3601 quantum
3308 3550 3591 3605 possumus
3620 3541 3689 3594 ad

2103 3611 2418 3678 profundum
2453 3614 2699 3683 ingressi,
2729 3620 2994 3673 occultum
3024 3624 3330 3679 thesaurum
3362 3629 3541 3683 venari
3567 3645 3690 3699 pos-

2101 3702 2265 3756 simus
2299 3703 2349 3756 in
2378 3705 2558 3772 paucis
2585 3707 2688 3760 illis
2712 3709 2890 3764 verbis
2920 3711 3192 3768 latentem.
3228 3716 3369 3771 Dixit
3393 3731 3578 3784 autent,
3607 3722 3690 3776 iu-

2099 3792 2233 3861 quit,
2265 3793 2485 3848 Lamech
2528 3799 2769 3852 uxoribus
2797 3802 2901 3856 suis
2929 3803 3055 3858 Atla:
3080 3817 3126 3858 et
3157 3807 3314 3862 Sella:
3336 3824 3355 3862 :
3392 3809 3577 3866 Audite
3601 3830 3688 3868 so-

2100 3898 2206 3935 cem
2238 3900 2417 3947 nteant,
2443 3902 2625 3942 uxores
2654 3887 2894 3959 Lameclt,
2925 3895 3132 3950 auribus
3159 3900 3402 3967 percipite
3435 3918 3688 3959 sermones

2103 3988 2254 4025 meos.
2286 3974 2598 4041 Considera,
2637 3979 2881 4044 obsecro,
2912 3985 3090 4038 statim
3135 3989 3202 4041 ab
3229 3989 3398 4057 initio,
3428 4006 3684 4063 quantum

2104 4062 2176 4117 illi
2227 4066 2480 4133 profuerit
2530 4085 2682 4138 poena
2717 4072 2846 4126 Cain
2876 4075 3127 4146 irrogata.
3159 4076 3274 4133 Non
3322 4062 3496 4137 solum
3541 4087 3684 4141 enim

2105 4168 2207 4205 non
2242 4167 2518 4224 cxspccmt
2560 4169 2616 4213 ut
2642 4162 2707 4213 ab
2736 4162 2843 4217 alio
2869 4175 3140 4235 arguatur,
3174 4171 3313 4238 quod
3343 4171 3395 4225 in
3445 4173 3586 4228 idem
3632 4187 3686 4231 et

2101 4245 2314 4312 gravius
2346 4258 2619 4314 peccatum
2651 4251 2828 4319 lapsus
2872 4255 2959 4320 sit,
2991 4257 3082 4310 sed
3114 4259 3258 4312 milio
3288 4262 3368 4316 vel
3399 4276 3685 4320 accusante

2104 4335 2184 4388 vel
2220 4337 2545 4406 increpante,
2579 4342 2690 4408 ipse
2724 4345 3067 4413 semetipsum
3092 4350 3430 4407 manifestum
3461 4354 3603 4424 facit,
3631 4368 3687 4413 et

2100 4426 2384 4480 contitetnr
2426 4442 2546 4497 qu.e
2587 4429 2725 4484 facta
2773 4434 2900 4497 sint,
2934 4435 3351 4508 mulieribusque
3381 4455 3562 4500 narrat
3587 4446 3684 4500 de-

2103 4516 2208 4571 licti
2244 4519 2679 4587 magnitudinem,
2713 4525 2862 4593 quasi
2896 4524 3025 4580 illud
3050 4527 3189 4596 quod
3235 4545 3266 4583 a
3313 4534 3570 4604 propheta
3598 4538 3684 4591 di-

2100 4617 2242 4660 ctum
2282 4620 2384 4674 est,
2414 4610 2641 4679 implcns
2669 4629 2685 4667 :
2713 4612 2892 4669 Justus
2920 4618 2999 4670 sui
3025 4619 3182 4688 ipsius
3229 4636 3494 4678 accusator
3530 4639 3605 4681 est
3632 4631 3685 4684 in

2104 4699 2348 4768 principio
2379 4704 2622 4756 sermonis
2653 4703 2832 4772 (Prov.
2867 4708 2950 4762 l8.
2989 4711 3100 4778 l7).
3131 4713 3424 4769 Plurimum
3446 4719 3588 4772 enim
3617 4722 3684 4775 ad

2100 4787 2432 4843 emendanda
2463 4802 2676 4860 peccata
2702 4795 2841 4850 valet
2865 4800 3365 4874 cenicssio.Utique
3396 4808 3534 4864 sicut
3558 4826 3686 4881 gra-

2102 4880 2221 4934 vius
2248 4891 2330 4936 est
2359 4885 2586 4951 peccatis
2633 4887 2780 4956 ipsis,
2814 4901 2930 4959 post
2977 4905 3190 4962 peccata
3219 4901 3527 4969 commissa,
3558 4880 3684 4973 prc-

2099 4981 2215 5024 cata
2261 4973 2483 5028 inliciari
2517 4993 2530 5030 :
2566 4976 2617 5031 id
2646 4979 2788 5048 quod
2835 4980 3102 5038 fratricida
3135 4988 3224 5041 ille
3255 4990 3468 5059 agebat,
3495 5004 3548 5047 et
3597 5012 3685 5050 ro.

2097 5072 2252 5131 gatus
2283 5080 2312 5118 a
2343 5068 2686 5124 misericorcle
2727 5073 2859 5141 Deo,
2891 5090 2996 5129 non
3027 5078 3232 5132 solum’
3257 5099 3360 5136 non
3407 5086 3685 5144 confessus

2099 5163 2181 5207 est
2211 5155 2263 5209 id
2291 5157 2431 5226 quod
2456 5173 2625 5214 ausus
2659 5162 2828 5218 fuerat
2860 5174 3072 5233 patrare
3109 5169 3333 5240 facinus,
3371 5175 3464 5230 scd
3495 5187 3548 5232 ct
3576 5179 3686 5234 Deo

2101 5247 2312 5301 mentiri
2338 5263 2500 5304 ausus
2526 5261 2608 5306 est
2642 5269 2656 5305 :
2685 5261 2741 5306 ct
2767 5254 2887 5309 ideo
2913 5268 2969 5312 ut
3000 5259 3405 5331 prolongaretur
3429 5267 3534 5320 vita
3559 5285 3688 5333 sua,

2099 5333 2244 5389 fecit.
2274 5337 2436 5407 igitur
2463 5339 2694 5397 Lamer
2739 5344 2791 5398 in
2839 5347 2924 5399 illa
2972 5349 3082 5418 ipsa
3134 5362 3346 5420 peccata
3391 5356 3687 5414 inciderat:

2107 5421 2201 5474 sed
2234 5421 2415 5476 animo
2437 5431 2720 5493 reputans,
2746 5429 3093 5498 negationem
3116 5437 3336 5504 gravius
3355 5437 3431 5492 illi
3452 5455 3681 5509 parasse

2107 5509 2456 5580 supplicium,
2485 5513 2694 5570 vocatis
2719 5517 3042 5575 mulieribus
3061 5522 3196 5589 suis,
3215 5525 3368 5581 nullo
3385 5530 3686 5598 reprehen-

2171 5672 2184 5701 ί
2215 5671 2311 5716 Sex
2342 5671 2452 5718 Mss.
2482 5671 2724 5729 ct.Savil..
2749 5673 2898 5726 vobis.

2167 5733 2187 5762 ³
2212 5731 2338 5803 lies.
2367 5747 2489 5780 unus
2509 5740 2569 5803 et
2592 5735 2748 5803 ﬁni
2779 5737 2852 5786 sic
2886 5739 3092 5799 habent,
3115 5747 3160 5790 el
3192 5749 3389 5803 rogatus
3417 5760 3447 5795 α
3484 5745 3681 5798 miscri-

2104 5794 2249 5843 corde
2281 5797 2393 5854 Deo,
2425 5809 2442 5842 t
2469 5794 2548 5845 ubi
2569 5796 2686 5845 Abel
2701 5798 2854 5859 [ratur
2875 5806 2999 5862 tuus,
3032 5819 3048 5850 ι
3076 5794 3169 5854 non
3192 5794 3366 5856 svium.
