4058 6302
312 329 410 385 ίίὶθ

305 458 323 491 ι
344 441 400 495 αἰ
421 442 498 502 εἰς
534 437 749 508 ἐκείνην
773 435 940 490 ἐλθὼν
961 435 1054 506 τὴν
1073 435 1297 498 ἔννοιαν,
1319 435 1400 488 ὅτι
1429 435 1633 486 ἐκεῖνον
1667 437 1699 501 η
1728 428 1952 500 ἄρνησις

307 525 689 596 χαλεπωτέραν
712 521 963 586 δέξασθαι
1010 517 1381 590 παρεσκεύασε
1407 519 1506 588 τὴν
1535 517 1822 588 τιμωρίαν,
1858 528 1955 564 κα-

306 609 468 673 λέσας
497 609 594 673 τάς
654 609 844 662 ἐαυτοῦ
867 609 1151 676 γυναῖκας,
1189 604 1406 668 οὐδενὸς
1453 599 1957 669 καταναγκάζοντος

306 697 426 750 οὑδὲ
462 681 869 766 ’διελέγχοντος
929 694 1085 757 αὐτὸς
1122 693 1208 746 διά
1234 694 1330 763 τῆς
1357 692 1560 754 οἰκείας
1596 689 1840 758 γλώττης
1865 685 1957 737 καὶ

305 783 405 854 τὴν
433 783 718 852 ὁμολογίαν
755 780 861 833 τῶν
900 779 1298 850 ἡμαρτημένων
1334 780 1583 837 ποιεῖται,
1618 775 1711 830 καὶ
1734 770 1956 842 συγκρίο

307 887 413 922 νων
453 870 520 922 τά
548 868 637 922 ὑπ’
666 865 828 920 αὑτοῦ
877 866 1210 937 εἰργασμένα
1245 865 1353 928 τοῖς
1398 863 1549 935 παρὰ
1578 861 1668 913 τοῦ
1704 861 1840 913 Κάῖν
1861 875 1958 911 πε-

306 956 658 1026 πραγμένοις,
699 954 874 1025 ἐαυτῷ
899 954 993 1024 τὴν
1019 953 1286 1024 τιμωρίαν
1312 951 1499 1024 ὁρίζει,

376 1126 526 1193 Εἶδες
575 1129 899 1206 κηδεμονίαν
949 1126 1240 1193 Δεσπότου,
1275 1126 1392 1189 πῶς
1443 1124 1534 1177 καὶ
1585 1123 1640 1176 αἰ
1697 1120 1954 1193 τιμωρίαι

306 1218 470 1272 αὑτοῦ
504 1216 907 1287 φιλανθρωπίας
931 1213 1211 1277 ὑποθέσεις
1232 1215 1354 1276 εἰσὶ,
1392 1211 1482 1264 καὶ
1510 1211 1589 1263 ὅτι
1609 1209 1670 1262 οὑ
1689 1209 1847 1280 μέχρι
1863 1207 1954 1260 τοῦ

303 1305 404 1373 τὴν
428 1302 692 1373 τιμωρίαν
730 1301 1018 1371 δεχομένου
1051 1301 1116 1353 τά
1152 1299 1250 1367 τῆς
1287 1296 1690 1366 φιλανθρωπίας
1723 1296 1953 1359 ἵσταται,

301 1387 436 1441 ἀλλά
466 1389 555 1441 καὶ
582 1391 692 1452 τοῖς
716 1387 917 1449 λοιποῖς
947 1388 1209 1457 χρήσιμον
1235 1379 1625 1445 κατασκευάζει
1655 1382 1715 1433 τὸ
1742 1380 1947 1456 φάρμα-

303 1490 419 1537 κον,
447 1475 495 1527 εἰ
533 1473 836 1542 βουληθεῖεν
857 1473 956 1542 τὴν
978 1469 1212 1534 ἰξαὺτοῦ
1237 1468 1499 1536 ὠφέλειαν
1528 1464 1952 1536 καρπώσασθαις

306 1560 477 1613 Πόθεν
498 1559 625 1630 γὰρ,
651 1558 771 1611 εἰπέ
804 1575 913 1626 μοι,
953 1558 981 1608 6
1013 1555 1201 1625 Λάμεχ
1226 1554 1486 1624 ἑτέρωθεν
1519 1554 1609 1605 ἐπὶ
1641 1551 1735 1622 τὴν
1761 1550 1957 1603 τοσαύ-

300 1662 403 1714 την
428 1643 806 1714 ἐξομολόγησιν
829 1641 1076 1712 ἐπείχθη,
1100 1644 1146 1695 εἰ
1168 1641 1239 1711 μὴ
1266 1641 1363 1710 τὴν
1389 1641 1450 1692 ἐκ
1481 1638 1588 1692 τῶν
1607 1639 1798 1708 ἐκείνῳ
1821 1655 1956 1708 συμ-

303 1732 509 1787 6άνῒων
560 1729 860 1800 ὑπόμνησιν
901 1725 1012 1799 εἶχε
1068 1727 1325 1798 διηνεκῶς
1375 1726 1534 1780 αὑτοῦ
1586 1725 1681 1786 τὴν
1720 1725 1954 1778 διάνοιαν

301 1811 896 1878 κατασείουσανξεῖπε,
911 1815 1092 1884 φησίν·
1121 1813 1442 1867 Ἀκούσατέ
1458 1829 1576 1880 μου
1598 1810 1706 1880 τῆς
1724 1808 1950 1879 φωνῆς,

301 1904 397 1957 καὶ
421 1901 786 1956 ἐνωτίσασθέ
801 1918 918 1969 μου
956 1901 1096 1965 τοὺς
1116 1902 1354 1968 λόγους.
1395 1901 1534 1967 Ὅρα
1567 1898 1683 1960 πῶς
1702 1895 1956 1951 καθ’ἐαυο

299 1990 389 2043 τὸν
412 1989 750 2058 δικαστήριον
785 1986 1034 2049 καθίσας,
1078 1985 1216 2038 οὕτω
1244 1986 1341 2055 τὴν
1389 1986 1728 2056 παράκλησιν
1768 1987 1953 2049 αὑταῖς

301 2076 582 2142 προσάγει,
616 2072 752 2124 ὥστε
806 2072 880 2142 μὴ
929 2071 1217 2140 παρέργως
1263 2070 1513 2134 δέξασθαι
1558 2072 1624 2124 τά
1665 2071 1949 2141 λεγόμενα.

299 2164 371 2216 Τὸ
401 2165 507 2232 γὰρ
536 2164 727 2227 εἰπεῖν,
781 2158 1095 2214 Ἀκούσατέ
1116 2175 1235 2228 μου
1257 2157 1366 2226 τῆς
1385 2158 1608 2228 φωνῆς,
1635 2159 1732 2212 καὶ
1751 2158 1950 2211 ιίθνωτί⁸

297 2249 491 2304 σασθέ
529 2267 647 2319 μου
687 2247 828 2314 τοὺς
861 2249 1100 2316 λόγους,
1139 2246 1293 2300 τοῦτο
1324 2245 1606 2316 δηλοῦντός
1638 2248 1779 2299 ἐστι·
1816 2247 1948 2298 Συν-

297 2336 504 2389 τείνατε
563 2334 734 2404 ὑμῶν,
771 2335 918 2402 φησὶ,
947 2333 1043 2404 τὴν
1074 2334 1326 2395 διάνοιαν,
1363 2333 1456 2385 καὶ
1494 2333 1630 2402 μετά
1673 2332 1952 2402 ἀκριϐείας

299 2421 592 2492 προσέχετε
607 2415 687 2482 οἷς
705 2419 851 2491 [174]
871 2422 1011 2490 ἐρεῖν
1030 2419 1224 2490 μέλλω.
1243 2419 1378 2471 Οὑδέ
1393 2420 1498 2489 γὰρ
1522 2417 1648 2487 περί
1662 2418 1765 2470 τῶν
1777 2419 1954 2487 τυχόν-

298 2523 403 2560 των
441 2507 565 2576 ὑμῖν
592 2505 920 2574 διαλέξομαι,
957 2503 1090 2557 ἀλλὰ
1121 2504 1418 2575 πράγματα
1451 2507 1578 2573 ὑμῖν
1614 2503 1952 2574 ἐξαγορεύσω

297 2591 641 2656 λανθάνοντα,
669 2592 760 2644 καὶ
785 2590 820 2644 ε
848 2592 1032 2660 μηδεὶς
1056 2591 1236 2660 ἔτερος
1263 2587 1416 2654 οἶδεν,
1441 2591 1552 2642 ἀλλ’
1581 2591 1613 2660 ἢ
1647 2590 1800 2660 μόνος
1817 2589 1949 2657 ἐγὼ,

297 2681 389 2734 καὶ
420 2683 447 2733 6
478 2681 772 2749 άκοίμητος
817 2679 1021 2740 ἐκεῖνος
1057 2676 1349 2746 ὀφθαλμὸς,
1376 2677 1434 2728 ὃν
1466 2677 1715 2740 δεδοικὼς
1742 2675 1952 2729 σπεύδω

297 2765 388 2819 καὶ
433 2765 721 2835 ἐπείγομαι
783 2763 988 2834 φανερὰ
1045 2763 1172 2835 ὑμῖν
1208 2766 1545 2833 καταστῆσαι
1582 2763 1650 2817 τὰ
1698 2765 1788 2816 ὑπ’
1819 2762 1950 2832 ἐμοῦ

296 2851 674 2921 πεπραγμένα,
721 2851 816 2904 καὶ
864 2851 1014 2913 ὅσαις
1076 2851 1364 2919 τιμωρίαις
1417 2851 1606 2904 ἐαυτὸν
1655 2849 1951 2902 ὑπεύθυνον

297 2938 600 3007 κατέστησα
633 2936 718 2990 διά
743 2936 848 2988 τῶν
880 2936 1105 2988 ἀνοσίων
1138 2936 1404 3006 πράξεων.
1429 2937 1556 2989 Ὅτι
1583 2935 1769 3004 ἄνδρα
1805 2937 1948 2990 ἁπέ-

297 3040 519 3088 κτεινα,
573 3023 756 3093 φησὶν,
815 3024 899 3085 εἰς
937 3021 1164 3090 τραῦμα
1199 3021 1350 3089 ἐμοὶ,
1390 3021 1488 3075 καὶ
1524 3023 1846 3075 νεανίσκον
1867 3026 1945 3087 εἰς

295 3112 556 3179 μώλωπα
575 3110 721 3179 ἐμοί.
753 3110 880 3162 Ὀτι
908 3107 1151 3173 ἑπτάκις
1176 3106 1547 3175 ἐκδεδίκηται
1588 3108 1655 3161 ἐκ
1685 3108 1852 3171 Κάτν,
1887 3110 1952 3161 ἐκ

294 3199 365 3252 δέ
385 3197 584 3267 Λάμεχ
630 3195 1131 3264 ἑϐδομηκοντάκις
1159 3194 1326 3249 ἑπτά.
1363 3195 1520 3264 Μέγα
1551 3196 1610 3249 τὺ
1645 3197 1949 3266 εἰρημένον,

297 3285 391 3338 καὶ
414 3283 614 3354 σφόδρα
648 3283 808 3353 μέγα,
845 3284 934 3334 καί.
962 3281 1128 3352 πολλὴ
1154 3280 1245 3333 τοῦ
1265 3281 1456 3352 ἀνδρὸς
1486 3283 1518 3352 ἡ
1540 3283 1947 3352 εὐγνωμοσύνη.

293 3371 371 3426 Οὐ
409 3369 565 3441 μόνον
593 3369 700 3441 γὰρ
728 3369 976 3440 ὁμολογεῖ
1005 3368 1066 3420 τὸ
1093 3368 1331 3436 γεγονὸς,
1360 3368 1454 3422 καὶ
1503 3371 1625 3432 τοὺς
1659 3371 1850 3438 φόνους
1873 3374 1952 3435 εἰς

298 3456 460 3527 μέσον
487 3457 626 3523 ἄγει,
653 3455 745 3520 οὓς
777 3456 1086 3526 εἰργάσατο,
1119 3455 1252 3508 ἀλλά
1277 3454 1470 3508 καὶδιά
1494 3456 1588 3527 τῆς
1616 3457 1951 3526 συγκρίσεως

296 3542 403 3595 τῶν
431 3543 520 3595 ὑπ’
550 3543 755 3595 ἐκείνου
809 3543 900 3596 καὶ
931 3541 1019 3594 ὑπ’
1047 3540 1209 3593 αὑτοῦ
1243 3542 1538 3609 γεγονότων
1581 3542 1638 3595 τὸ
1680 3543 1952 3613 ἐπιτίμιον

297 3628 473 3700 ἐαυτῷ
525 3629 812 3698 ἐπιτίθησι.
867 3628 1030 3691 Ποίας
1060 3629 1167 3698 γὰρ
1212 3628 1276 3681 ἀν
1298 3628 1405 3700 εἴη,
1440 3629 1594 3698 φησὶ,
1625 3629 1952 3702 συγγνώμης

297 3715 445 3780 ἄξιος
471 3718 498 3769 6
530 3714 661 3785 μηδέ
693 3717 757 3784 τῇ
795 3714 980 3785 ἐτέρου
1007 3716 1244 3785 τιμωρίᾳ
1271 3717 1675 3787 σωφρονισθεὶς,
1701 3717 1834 3770 ἀλλά
1861 3719 1952 3772 καὶ

298 3801 516 3858 ἐναυλον
545 3800 682 3871 ἔχων
704 3801 800 3871 τὴν
824 3802 1058 3870 μνήμην,
1093 3801 1183 3853 καὶ
1219 3802 1352 3871 πρὸς
1384 3802 1474 3854 ἐπὶ
1510 3802 1714 3865 τούτοις
1735 3803 1952 3857 διπλοῦν

297 3888 667 3958 ἐργασάμενος
698 3888 853 3956 φόνον
873 3903 887 3950 ;
910 3887 1036 3940 Ὅτι
1064 3887 1270 3954 ἄνδρα,
1314 3890 1495 3957 φησὶν,
1528 3889 1846 3943 ἀπέκτεινα
1868 3893 1955 3955 εἰς

297 3972 526 4041 τραῦμα
553 3973 702 4041 ἐμοὶ,
755 3972 851 4026 καί
904 3974 1229 4027 νεανίσκον
1277 3976 1363 4038 εἰς
1389 3973 1653 4043 μώλωπα
1698 3975 1845 4044 ἐμοί.
1878 3978 1951 4028 Οὑ

294 4060 545 4114 τοσοῦτον
579 4059 831 4128 ἠδίκησα,
880 4059 1064 4128 φησὶν,
1125 4059 1382 4122 ἐκείνους,
1427 4059 1518 4123 οὓς
1567 4061 1795 4122 ἀνεῖλον,
1832 4063 1954 4118 ὅσον

296 4144 550 4213 ἐμαυτόν.
585 4144 677 4207 Εἰς
728 4146 964 4212 ἄφυκτον
1005 4143 1112 4214 γὰρ
1137 4144 1402 4214 τιμωρίαν
1452 4145 1642 4197 ἐαυτὸν
1681 4148 1951 4212 ἐνέϐαλον,

298 4231 665 4302 ἁμαρτήματα
700 4231 1063 4299 ἐργασάμενος
1093 4230 1418 4300 συγγνώμης
1452 4231 1724 4287 ἐπέκεινα.
1754 4235 1815 4286 Εἰ
1843 4235 1951 4307 γὰρ

297 4317 502 4381 ἐκεῖνος
524 4316 664 4388 ὑπὲρ
690 4315 783 4369 τοῦ
838 4315 954 4378 ἐνὸς
987 4315 1145 4384 φόνου
1171 4316 1308 4368 ἐπτά
1340 4317 1630 4389 τιμωρίαις
1651 4319 1951 4386 ὑπεύθυνος

295 4402 534 4472 γέγονεν,
561 4401 670 4472 ἐγὼ
692 4402 897 4466 δίκαιος
924 4401 988 4455 ἂν
1010 4402 1125 4470 εἵην
1144 4401 1594 4473 ἑϐδομηκοντάκις
1618 4407 1757 4460 ἐπτά
1782 4425 1830 4460 τι
1838 4425 1948 4477 μω-

300 4495 418 4562 ρίας
449 4491 722 4562 ὑποσχεῖν.
746 4491 900 4553 Τίνος
929 4489 1112 4543 ἕνεκεν
1141 4490 1236 4543 καὶ
1264 4489 1352 4542 διὰ
1374 4491 1463 4556 τί;
1497 4491 1560 4544 Εἰ
1597 4492 1704 4563 γὰρ
1731 4495 1825 4546 καὶ.
1863 4495 1952 4562 φό-

297 4593 387 4630 νον
431 4578 634 4640 ἐκετνος
681 4577 995 4646 εἰργάσατο,
1031 4575 1127 4628 καί.
1150 4575 1378 4644 ἀδελφοῦ
1403 4577 1578 4646 φόνον,
1617 4578 1729 4631 ἀλλ’
1764 4581 1949 4635 οὐδένα

296 4663 545 4718 οὐδέποτε
591 4663 849 4734 πρότερον
893 4663 1223 4734 θεασάμενος
1249 4663 1405 4717 τοῦτο
1452 4666 1805 4735 πεποιηκότα,
1829 4667 1949 4720 οὑδὲ

295 4749 523 4804 κατιδὼν
547 4749 730 4820 ἕτερον
751 4748 838 4802 διὰ
877 4749 975 4820 τὴν
999 4749 1193 4820 πρᾶξιν
1218 4749 1615 4820 τιμωρηθέντα,
1640 4753 1732 4805 καὶ
1762 4754 1951 4807 τοσαύ-

294 4851 394 4904 της
417 4834 742 4906 πειραθέντα
771 4835 866 4904 τῆς
895 4836 1330 4903 ἀγανακτήσεως,
1355 4835 1494 4906 άπερ
1512 4837 1793 4910 ἀμφότερα
1826 4840 1949 4908 ἐμοί

295 4922 445 4986 αὔξει
471 4923 568 4985 τάς
599 4922 867 4992 τιμωρίας
888 4939 900 4953 ο
928 4923 1008 4976 ὅτι
1030 4923 1122 4975 καὶ
1149 4922 1254 4993 πρὸ
1280 4923 1388 4975 τῶν
1403 4923 1692 4994 ὀφθαλμῶν
1726 4925 1864 4996 ἔχων
1891 4925 1951 4977 τὸ

294 5007 392 5062 ιπι
420 5008 625 5065 ἐκείνου
675 5008 963 5078 τολμηθὲν,
1007 5009 1100 5061 καί
1139 5008 1236 5078 τὴν
1285 5010 1552 5081 τιμωρίαν
1592 5012 1734 5083 ὀρῶν
1778 5011 1950 5076 οὕτως

291 5095 584 5166 ἀνήκεστον
631 5093 816 5161 οὖσαν,
839 5087 959 5151 οὑδέ
987 5094 1157 5159 οὕτως
1184 5098 1607 5170 ἐσωφρονίσθην.
1643 5101 1741 5156 Διά
1790 5101 1949 5155 τοῦτο

293 5181 393 5235 κᾶν
439 5181 890 5254 ἑϐδομηκοντάκις
919 5181 1054 5235 ἐπτά
1078 5182 1346 5252 τιμωρίας
1383 5184 1586 5239 ἐκείνου
1626 5188 1944 5261 ὑποσταίην,

292 5276 413 5330 οὑδὲ
432 5275 575 5330 οὕτω
602 5277 700 5347 τὴν
717 5275 884 5343 ξάξίαν
917 5275 1070 5332 δώσω
1099 5276 1277 5346 δίκην.

360 5457 428 5517 γ’.
448 5449 631 5521 ὐρᾷς,
647 5451 913 5522 ἀγαπητὴ
933 5450 1048 5514 πῶς
1080 5449 1418 5514 αὐτεξούσιον
1441 5450 1597 5522 ἡμῶν
1614 5452 1706 5524 τὴν
1727 5453 1945 5527 γνώμην

286 5536 318 5592 ὁ
351 5535 484 5598 Θεὸς
517 5534 929 5607 ἐδημιούργησε,
965 5536 1058 5590 καὶ
1095 5535 1282 5608 ῶσπερ
1313 5537 1679 5608 ῥᾳθυμοῦντες
1711 5541 1942 5596 ὑποσκε-

286 5621 564 5694 λιζόμεθα,
598 5624 738 5676 οὑτω
787 5625 878 5676 καὶ
922 5623 1085 5694 νῆψαι
1130 5623 1478 5696 βουληθέντες
1527 5627 1832 5699 συνορῶμεν
1881 5632 1941 5685 τὸ

287 5707 435 5774 Nov;
493 5710 588 5772 τίς
644 5710 773 5780 γάρ,
831 5711 948 5764 εἰπέ
988 5729 1098 5783 μοι,
1151 5710 1336 5766 τοῦτον
1390 5713 1483 5766 ἐπὶ
1530 5715 1629 5787 τὴν
1673 5719 1937 5791 τοσαύτην

287 5796 666 5867 ἐξομολόγησιν
698 5800 1057 5869 κατήπειγεν;
1090 5799 1274 5863 Οὐδείς
1300 5801 1501 5873 ἕτερος,
1530 5803 1642 5858 ἀλλ’
1667 5806 1698 5876 ἧ
1730 5807 1788 5859 τὸ
1818 5827 1937 5862 συν-

1107 322 1164 378 S.
1204 317 1487 377 JOANNIS
1523 308 2010 374 CHRYSOSTOMI
2046 308 2365 366 ARCHIEP.
2406 302 2939 365 CONSTANTINOP.

3622 297 3734 350 ΠΟ

2066 424 2204 487 ειδὺς
2242 425 2334 477 καὶ
2368 425 2395 475 6
2434 422 2691 490 δικαστὴς
2736 420 2938 478 ἐκεῖνος
2964 418 2990 469 ό
3019 413 3328 476 ἀδέκαστος.
3369 409 3584 479 Ἐπειδὴ
3616 409 3727 477 γὰρ

2060 514 2140 574 εἰς
2200 511 2465 583 ρᾳθυμίαν
2509 508 2805 568 ἀποκλίνας
2851 508 2927 567 εἰς
2973 504 3129 574 ἔργον
3178 501 3352 571 ἤγαγε
3404 499 3502 568 τὴν
3545 498 3726 564 γακὴν

2059 598 2418 670 ἐπιχείρησιν,
2448 596 2646 657 εὐθέως
2676 593 3038 658 κατεξανέστη
3062 589 3120 641 τὸ
3149 585 3383 648 συνειδὸς
3412 583 3723 670 καταῦοῶν,

2059 668 2161 738 καὶν
2181 668 2732 755 τῶνάμαρτηθέντων
2761 679 2821 731 τὸ
2853 675 3099 748 μέγεθος,
3131 676 3224 726 καὶ
3254 674 3402 735 ὅσαις
3432 668 3724 740 τιμωρίαις

2059 773 2247 826 ἐαυτὸν
2280 773 2573 827 ὑπεύθυνον
2605 769 2915 841 εἰργάσατο.
2949 764 3200 819 Τοιοῦτον
3223 762 3334 832 γὰρ
3363 760 3398 827 ἡ
3440 759 3683 831 ἁμαρτία
3703 774 3721 790 ⁸

2058 862 2186 930 πρὶν
2219 860 2250 931 ἢ
2285 860 2381 930 μὲν
2405 859 2512 928 γὰρ
2541 855 2902 926 παραχθῆναι,
2939 853 3032 906 καὶ
3071 853 3146 913 εἰς
3186 849 3344 920 ἔργον
3367 847 3560 907 ἐλθεῖν,
3589 863 3722 899 σκο-

2056 951 2140 999 τοῖ
2160 947 2250 999 τὸν
2271 947 2546 1016 λογισμὸν,
2583 945 2679 998 καὶ
2721 942 2904 1012 ἀπατᾷ
2940 939 3037 1009 τὴν
3063 939 3300 992 διάνοιαν
3319 952 3332 966 ·
3373 933 3603 1016 ἐπὰνῗᾶ
3626 949 3723 984 τε-

2057 1029 2274 1100 λειωθῇ,
2305 1015 2436 1082 τότε
2455 1027 2621 1098 δήλην
2647 1028 2777 1096 ἡμῖν
2812 1023 2910 1095 τὴν
2950 1022 3117 1092 αὑτῆς
3147 1019 3375 1074 ἀτοπίαν
3407 1015 3722 1100 καθίστησι,

2057 1117 2149 1168 καὶ
2185 1099 2491 1186 ήηβραχεῖα
2536 1114 2716 1182 ἐκείνη
2774 1111 2867 1164 καὶ
2910 1110 3105 1172 ἄτοπος
3149 1105 3308 1178 ἡδονὴ
3349 1100 3570 1174 διηνεκῆ
3621 1099 3726 1167 τὴν

2055 1202 2247 1273 ὀδύνην
2288 1203 2416 1272 ἡμῖν
2462 1200 2729 1270 ἀντίθησι,
2779 1198 2874 1251 καὶ
2921 1195 3013 1249 τοῦ
3065 1193 3362 1254 συνειδότος
3406 1187 3722 1259 ἀφαιρεῖται

2051 1288 2152 1358 τὴν
2195 1286 2522 1360 παρρησίαν,
2554 1288 2643 1339 καί
2679 1283 2904 1354 αἰσχύνῃ
2931 1278 3241 1352 περιϐάλλει
3283 1278 3375 1330 τὸν
3405 1275 3618 1330 ἁλόντα.
3659 1273 3722 1325 ὐ

2055 1375 2164 1446 γὰρ
2191 1375 2562 1446 φιλάνθρωπος
2604 1372 2876 1440 Δεσπότης
2907 1367 3146 1421 τοιοῦτον
3175 1366 3304 1434 ἡμῖν
3349 1362 3440 1416 τὸν
3485 1365 3723 1431 κατήγο-

2057 1479 2150 1534 ρον
2179 1461 2365 1516 τοῦτον
2412 1461 2725 1530 ἐπέστησεν,
2748 1457 2824 1520 ὡς
2857 1456 3120 1526 μηδέποτε
3151 1453 3396 1522 ἠρεμεῖν,
3425 1449 3538 1503 ἀλλ’
3568 1447 3723 1534 ἀδια-

2055 1533 2287 1611 λείπτως
2350 1547 2570 1600 συνόντα
2624 1543 2925 1614 καταὸοᾷν,
2967 1542 3060 1593 καὶ
3115 1539 3269 1608 δίκην
3317 1537 3564 1588 ἀπαιτεῖν
3606 1533 3720 1586 τῶν

2055 1636 2620 1707 πεπλημμελημένων.
2674 1635 2782 1689 Καὶ
2815 1632 2970 1688 τοῦτο
3025 1631 3090 1684 ἄν
3130 1647 3211 1692 τις
3267 1628 3367 1680 ἴδοι
3424 1624 3610 1695 σα-ρώς
3654 1623 3720 1688 ἐξ

2052 1724 2230 1777 αὐτῶν
2262 1724 2370 1778 τῶν
2394 1723 2750 1793 πραγμάτων.
2799 1721 2856 1772 ὐ
2884 1718 2992 1789 γὰρ
3032 1718 3246 1788 πόρνος,
3296 1715 3328 1785 ἢ
3371 1715 3399 1766 ὁ
3447 1712 3652 1782 μοιχὸς,
3677 1709 3714 1780 ἦ

2050 1813 2079 1864 6
2118 1810 2300 1882 ἕτερόν
2340 1828 2391 1864 τι
2431 1809 2664 1862 τοιοῦτον
2711 1804 3085 1878 εἰργασμένος,
3141 1801 3241 1855 κᾶν
3287 1801 3494 1862 πάντας
3533 1796 3717 1849 λαθεῖν

2050 1897 2272 1969 δυνηθῇ,
2302 1897 2420 1950 οὑδέ
2451 1894 2621 1958 οὕτως
2657 1896 2713 1947 ἐν
2744 1891 2948 1964 ἠρεμία
2988 1889 3181 1957 διάγει,
3225 1887 3335 1940 ἀλλ’
3367 1885 3502 1956 έχων
3527 1882 3716 1969 τοῦτον

2051 1982 2141 2036 τὸν
2167 1967 2410 2054 σφοδρὸν,
2455 1981 2756 2051 κατήγορον
2782 1979 2880 2040 τάς
2907 1975 3139 2043 ὑποψίας
3181 1973 3402 2034 δέδοικε,
3429 1969 3526 2032 τὰς
3555 1967 3715 2030 σκιάς

2051 2068 2263 2139 τρέμει,
2288 2070 2410 2130 τοὺς
2441 2067 2664 2132 εἰδότας,
2693 2066 2816 2129 τοὺς
2843 2065 2940 2117 οὑκ
2978 2063 3204 2125 εἰδότας,
3228 2059 3445 2129 διηνεκῆ
3469 2054 3715 2126 χειμῶνα

2050 2157 2188 2226 ἔχων
2221 2158 2278 2208 ἐν
2314 2155 2457 2226 ψυχῇ
2498 2155 2589 2208 καὶ
2632 2153 2847 2224 κύματα
2887 2149 3182 2217 ἐπάλληλα.
3232 2146 3342 2199 Καὶ
3387 2144 3508 2197 οὗτε
3544 2142 3714 2204 ῦπνος

2050 2244 2126 2314 τῷ
2161 2241 2384 2312 τοιούτῳ
2430 2241 2578 2312 ἡδὺς,
2624 2241 2756 2294 ἀλλά
2792 2239 2950 2308 φόϐου
2988 2239 3082 2291 καὶ
3119 2235 3388 2306 δειμάτων
3422 2231 3714 2301 πεπληρω-

2055 2329 2238 2399 μένος·
2274 2327 2397 2382 ούτε
2423 2327 2595 2400 τροφὴ
2622 2327 2810 2398 ἡδονὴν
2852 2327 3068 2397 ἔχουσα,
3105 2323 3227 2378 οῦτε
3266 2319 3498 2384 διάλεξις
3543 2318 3714 2388 φίλων

2051 2417 2140 2468 τὸν
2177 2415 2416 2468 τοιοῦτον
2459 2417 2785 2486 μεταγαγεῖν
2840 2415 3147 2483 δυνήσεται,
3187 2411 3220 2480 ἦ
3270 2407 3574 2471 ἀπαλλάξαι
3617 2402 3715 2457 τοῦ

2050 2503 2255 2568 ἀγῶνος
2283 2501 2375 2555 τοῦ
2425 2502 2799 2571 ἐπικειμένου·
2849 2501 2980 2553 ἀλλά
3027 2498 3273 2567 καθάπερ
3320 2496 3511 2566 δήμιον
3554 2507 3713 2560 περι-

2052 2590 2227 2660 φέρων
2274 2589 2659 2654 καταξαίνοντα
2709 2588 2868 2643 αὑτὸν
2916 2586 3009 2640 καὶ
3057 2585 3383 2656 μαστίζοντα
3427 2579 3711 2651 διηνεκῶς,

2050 2674 2190 2728 οὕτω
2235 2676 2371 2744 μετὰ
2425 2675 2521 2742 τὴν
2569 2675 2766 2728 ἄτοπον
2824 2674 3020 2743 πρᾶξιν
3075 2672 3289 2739 ἐκείνην
3343 2669 3710 2739 περιέρχεται,

2051 2766 2257 2828 οὐδενὸς
2294 2765 2512 2829 εἰδότος,
2545 2764 2643 2825 τὰς
2691 2764 2992 2834 ἀφορήτους
3036 2760 3247 2821 ἐκείνας
3296 2755 3562 2826 τιμωρίας
3610 2754 3714 2808 ὑπ-

2052 2851 2206 2921 έχων,
2244 2853 2334 2904 καὶ
2362 2853 2617 2920 δικαστὴς
2647 2851 2838 2903 ἐαυτοῦ
2868 2849 3148 2918 γινόμενος
3174 2846 3266 2900 καί.
3291 2846 3611 2916 κατήγορος.

2132 2939 2268 2991 Ἀλλ’
2321 2942 2349 2991 ὁ
2403 2938 2570 2991 ταῦτα
2625 2936 2979 3007 εἰργασμένος
3027 2934 3121 2987 ἐὰν
3177 2932 3409 3004 βουληθῇ
3464 2935 3541 2993 εἰς
3593 2930 3712 2984 δέον

2049 3025 2351 3094 χρήσασθαι
2378 3027 2443 3096 τῇ
2483 3024 2586 3078 ἀπὸ
2617 3024 2707 3077 τοῦ
2743 3023 3036 3084 συνειδότος
3073 3019 3311 3090 βοηθείᾳ,
3359 3019 3451 3072 καὶ
3486 3017 3577 3070 ἐπὶ
3613 3015 3711 3086 τὴν

2050 3111 2430 3181 ἐξομολόγησιν
2478 3112 2584 3164 τῶν
2635 3109 3030 3181 πεπραγμένων
3088 3106 3441 3176 ἐπειχθῆναι,
3489 3104 3582 3157 καὶ
3630 3102 3712 3173 τῷ

2053 3197 2218 3268 ἰατρῷ
2251 3197 2418 3264 δεῖξαι
2451 3198 2510 3250 τὸ
2535 3197 2710 3261 ἕλκος,
2744 3196 2820 3268 τῷ
2850 3195 3202 3266 θεραπεύοντι
3246 3194 3340 3246 καὶ
3392 3191 3467 3263 μὴ
3517 3189 3709 3244 ὀνειδίο

2051 3284 2214 3348 ζοντι,
2248 3285 2339 3337 καί
2371 3284 2438 3337 τά
2472 3285 2600 3355 παρ’
2625 3284 2832 3337 ἐκείνου
2866 3283 3131 3352 φάρμακα
3175 3278 3444 3344 δέξασθαι,
3481 3279 3576 3332 καὶ
3611 3276 3709 3347 μό-

2051 3387 2137 3434 νος
2161 3371 2307 3442 αὑτῷ
2339 3369 2699 3442 διαλεχθῆναι,
2729 3369 2952 3440 μηδενὸς
2974 3368 3189 3432 εἰδότος,
3224 3367 3316 3419 καὶ
3342 3365 3518 3419 πάντα
3540 3364 3711 3416 εἰπεῖν

2053 3457 2191 3526 μετὰ
2235 3458 2538 3529 ἀκριϐείας,
2575 3460 2790 3526 ταχεῖαν
2837 3456 3118 3524 ποιήσεται
3162 3454 3260 3524 τὴν
3295 3451 3576 3522 διόρθωσιν
3601 3449 3709 3502 τῶν

2049 3545 2448 3614 ἐπταισμένων.
2490 3545 2554 3596 Ἦ
2592 3543 2698 3612 γὰρ
2718 3541 2974 3613 ὁμολογία
3015 3541 3119 3593 τῶν
3167 3538 3568 3611 ἡμαρτημένων
3603 3537 3710 3605 ἀφ-

2049 3629 2273 3701 ανισμὸς
2299 3631 2505 3698 γίνεται
2527 3629 2634 3682 τῶν
2665 3627 3169 3699 πλημμελημάτων.
3187 3624 3339 3696 [I75]
3368 3625 3431 3678 Εἰ
3461 3624 3570 3693 γὰρ
3589 3622 3652 3693 δὴ
3681 3623 3712 3675 6

2051 3717 2241 3787 Λάμεχ
2267 3711 2421 3778 οὗτος
2446 3719 2564 3779 ταῖς
2587 3714 2778 3768 ἑαυτοῦ
2806 3712 3016 3783 γυναιξὶ
3049 3714 3173 3776 τοὺς
3205 3712 3335 3781 παρ’
3363 3709 3524 3765 αὑτοῦ
3554 3725 3711 3779 γενο-

2053 3803 2246 3872 μένους
2284 3805 2475 3873 φόνους
2518 3801 2872 3872 ἐξαγορεῦσαι
2914 3802 2976 3854 οὑ
3029 3799 3398 3871 παρῃτήσατο,
3453 3796 3609 3859 ποίας
3643 3793 3712 3848 ἂν

2051 3890 2241 3960 ε⁷ἠμεν
2275 3890 2600 3958 συγγνώμης
2643 3890 2804 3953 ἄξιοι,
2841 3886 2917 3958 τῷ
2945 3887 3122 3940 πάντα
3156 3885 3292 3956 μετά
3323 3881 3606 3954 ἀκρισείας
3637 3882 3713 3934 εἰ-

2051 3975 2161 4028 δότι
2203 3977 2270 4029 τὰ
2307 3977 2544 4047 ἡμέτερα
2591 3974 3031 4045 πλημμελήματα
3074 3972 3147 4042 μὴ
3183 3970 3490 4038 βουλόμενοι
3522 3967 3714 4034 ἐξαγο-

2054 4061 2231 4132 ρεύειν
2271 4062 2339 4114 τὰ
2369 4060 2762 4132 ἡμαρτημένας
2800 4061 2891 4127 Μὴ
2926 4059 3033 4129 γὰρ
3063 4057 3250 4126 ἐπειδὴ
3291 4056 3492 4125 ἀγνοεῖ,
3522 4055 3714 4126 μαθεῖν

2053 4147 2295 4217 βούλεται
2322 4163 2336 4212 ;
2369 4149 2480 4200 Ούκ
2509 4146 2692 4217 ἐπειδὴ
2719 4148 2917 4212 ἀγνοεῖ,
2951 4145 3042 4213 τὴν
3085 4146 3213 4213 παρ’
3240 4143 3394 4213 ἡμῶν
3423 4142 3713 4213 ὁμολογίαν

2050 4233 2295 4304 ἐπιζητεῖ
2314 4236 2342 4288 6
2370 4233 2542 4286 πάντα
2570 4233 2723 4294 εἰδὼς
2749 4231 2875 4302 πρὶν
2905 4230 3166 4298 γενέσεως
3199 4227 3397 4290 αὑτῶν,
3430 4227 3563 4280 ἀλλά
3592 4228 3714 4295 βου-

2048 4319 2269 4389 λόμενος
2297 4321 2443 4390 ἡμᾶς
2471 4318 2604 4389 ὁμοῦ
2645 4319 2737 4371 καὶ
2776 4316 3023 4386 αἴσθησιν
3058 4314 3241 4368 λαϐεῖν
3272 4314 3379 4367 τῶν
3410 4313 3711 4383 ἐπταισμέ-

2047 4424 2153 4460 νων
2180 4405 2269 4458 διὰ
2303 4407 2400 4476 τῆς
2421 4405 2725 4474 ὁμολογίας,
2756 4404 2848 4457 καί.
2879 4406 2975 4473 τὴν
3012 4400 3429 4471 εὐγνωμοσύνην
3453 4400 3552 4470 τὴν
3582 4401 3713 4470 παρ’

2049 4493 2254 4547 ἑαυτῶν
2283 4491 2664 4555 ἐπιδείξασθαι.
2697 4489 2789 4560 Μὴ
2823 4488 2930 4559 γὰρ
2959 4491 3212 4559 χρήματα
3235 4489 3451 4541 ἔπεστιν
3476 4487 3708 4542 ἐνταῦθα

2047 4580 2391 4648 δαπανῆσαις
2435 4577 2508 4648 μὴ
2540 4577 2646 4648 γάρ
2671 4577 2788 4629 ὁδὸν
2819 4576 3034 4646 μακρὰν
3083 4575 3428 4640 στείλασθαις
3485 4575 3559 4645 μὴ
3600 4573 3709 4645 γὰρ

2047 4665 2238 4736 ὀδύνην
2284 4659 2376 4719 καὶ
2424 4663 2710 4734 ἀλγήματα
2762 4661 2990 4732 παρέχει
3029 4663 3061 4731 ἡ
3117 4661 3328 4732 ἰατρεία
3372 4660 3549 4731 αῦτη;
3601 4661 3710 4714 Καὶ

2049 4753 2315 4816 ἀδάπανός
2347 4752 2482 4813 ἐστι,
2520 4749 2614 4805 καὶ
2649 4748 2944 4813 ἀνώδυνος,
2993 4749 3086 4802 καὶ
3130 4750 3348 4818 ταχεῖαν
3395 4746 3710 4817 παρέχουσα

2047 4843 2142 4910 τὴν
2181 4839 2491 4910 θεραπείαν.
2525 4838 2666 4910 Πρὸς
2695 4837 2804 4908 γάρ
2837 4838 2926 4891 τὸν
2967 4839 3117 4892 τόνον
3162 4837 3261 4907 τῆς
3291 4835 3583 4899 διαθέσεως
3615 4835 3709 4889 τοῦ

2049 4928 2377 4998 προσιόντος,
2413 4925 2554 4980 οὕτω
2594 4926 2686 4979 καὶ
2715 4926 2783 4980 τὰ
2807 4925 3069 4996 φάρμακα
3104 4923 3213 4976 τῶν
3252 4925 3579 4999 τραυμάτων
3608 4942 3710 4994 χα-

2049 5016 2254 5085 ρίζεται
2278 5017 2306 5068 6
2329 5013 2621 5082 Δεσπότης.
2671 5012 2729 5064 '0
2771 5012 2946 5065 τοίνυν
2981 5011 3300 5082 βουλόμενος
3333 5011 3525 5065 θᾶττον
3574 5013 3710 5083 πρὸς

2047 5107 2252 5174 ὑγίειαν
2283 5103 2614 5165 ἐπανελθεῖν,
2648 5103 2740 5156 καὶ
2766 5101 2831 5155 τά
2861 5102 2959 5171 τῆς
2981 5088 3156 5172 ψυχῆς
3184 5101 3315 5172 ’έλκη
3349 5100 3708 5172 θεραπεῦσαι,

2049 5195 2182 5265 μετά
2212 5195 2422 5264 νὴψεως
2455 5190 2741 5263 προσιέτω,
2773 5190 2987 5244 πάντων
3029 5191 3218 5245 ἑαυτὸν
3250 5192 3565 5261 ἀποστήσας
3603 5192 3709 5245 τῶν

2047 5281 2330 5349 βιωτικῶν,
2368 5278 2544 5350 θερμά
2590 5278 2797 5351 δάκρυα
2832 5279 3126 5349 προχεέτω,
3158 5279 3481 5349 προσεδρίαν
3511 5279 3708 5350 πολλὴν

2045 5367 2450 5432 ἐπιδεικνύσθω,
2480 5367 2660 5420 πίστιν
2709 5367 2908 5438 ἀκριϐῆ
2956 5367 3273 5437 εἰσφερέτω,
3305 5368 3398 5422 καὶ
3437 5367 3707 5441 θαρρείτω

2043 5453 2136 5509 τοῦ
2169 5453 2352 5526 ἰατροῦ
2382 5457 2447 5526 τῇ
2476 5454 2657 5524 τέχνῃ,
2687 5455 2778 5506 καὶ
2824 5454 3162 5525 παραχρῆμα
3192 5454 3292 5526 τῆς
3327 5453 3535 5523 ὑγιείας
3567 5456 3705 5508 ἀπο-

2043 5542 2315 5597 λαύσεται.
2343 5536 2492 5605 Εἶδες
2530 5540 2712 5612 ἰατροῦ
2748 5541 3052 5611 φιλοτιμίαν
3082 5541 3282 5605 παντὸς
3317 5542 3521 5611 πατρὸς
3557 5543 3703 5610 φιλοο

2047 5629 2300 5702 στοργίαν
2333 5627 2767 5698 ἀποκρύπτοντος
2793 5644 2806 5692 ;
2839 5626 2928 5698 Μὴ
2956 5627 3066 5698 γὰρ
3098 5626 3234 5698 βαρύ
3273 5644 3324 5680 τι
3352 5629 3445 5680 καὶ
3473 5629 3703 5698 ἐπαχθὲς

2047 5719 2176 5788 παρ’
2195 5719 2230 5789 ἡ
2239 5716 2352 5788 μῶν
2371 5716 2616 5784 ἐπιζητεῖ
2635 5732 2649 5774 ;
2680 5713 2972 5785 Συντριϐὴν
2993 5714 3237 5784 καρδίας,
3259 5713 3517 5785 λογισμοῦ
3547 5717 3702 5768 κατά-

2045 5806 2212 5873 νυξιν,
2242 5803 2526 5876 ὁμολογίαν
2546 5801 2898 5873 πταίσματος,
2928 5800 3253 5875 προσεδρίαν
3283 5802 3696 5877 συντεταμένηνο
