4058 6302
207 360 301 420 189

208 478 359 533 dente
387 470 467 526 vel
497 473 776 539 arguente,
807 464 920 532 ipse
950 475 1045 514 sua
1074 456 1251 527 lingua
1296 467 1345 510 et
1395 450 1788 507 confessionem

211 576 541 639 peceatorum
571 559 702 623 edit,
733 565 789 611 et
814 551 1097 608 conferens
1138 562 1258 618 quae
1287 561 1316 598 a
1361 557 1421 598 se
1452 541 1588 596 facta
1618 551 1789 605 erant,

209 635 322 714 cum
352 657 420 710 iis
439 666 558 724 qua:
587 667 616 702 a
645 646 800 710 Cain,
831 656 1040 715 poenam
1074 637 1279 707 sibiipsi
1306 635 1511 689 definit.

279 717 687 801 Pana-occasio
740 731 1122 790 misericordias.
1171 723 1456 779 —V‘idisti
1505 717 1795 791 providen-

210 839 328 894 tiam
379 832 626 898 Domini,
677 824 957 900 .quomodo
1001 836 1175 894 paena:
1220 817 1362 872 illius
1407 813 1621 870 occasio
1672 818 1798 864 sunt

210 922 625 987 misericordia,
653 930 707 974 et
751 911 1118 971 misericordia
1168 924 1272 962 non
1306 905 1480 962 solum
1531 902 1599 956 ad
1647 901 1795 954 illum

211 1016 458 1089 pertingit
480 1015 565 1084 qui
604 1025 756 1081 pinna
793 1006 1060 1077 plectitur,
1092 1001 1186 1057 sed
1213 1009 1267 1055 et
1307 998 1488 1052 multis
1519 995 1636 1048 aliis
1671 993 1800 1046 utile

210 1085 547 1164 efﬂcitiillud
605 1099 922 1162 remedium,
966 1094 1126 1150 modo
1181 1092 1348 1146 velint
1394 1088 1518 1144 inde
1569 1085 1798 1140 fructum

212 1196 443 1269 capere?
490 1193 646 1250 Unde
693 1191 858 1256 enim,
890 1188 999 1252 dic,
1045 1199 1246 1255 quaeso,
1277 1179 1507 1237 Lamech
1551 1178 1617 1233 ad
1666 1178 1805 1232 hanc

213 1267 606 1348 confessionem
655 1282 918 1338 adductus
972 1285 1133 1341 esset,
1183 1273 1283 1328 nisi
1332 1287 1514 1327 eorum
1564 1283 1682 1340 qua:
1726 1267 1803 1321 illi

214 1381 569 1449 contigerunt,
600 1371 914 1428 memoriam
960 1367 1256 1429 habuisset,
1290 1377 1412 1432 qua:
1454 1361 1598 1415 illius
1625 1357 1800 1427 conti-

218 1486 315 1525 nuo
345 1477 582 1524 mentem
624 1459 1000 1519 concutiebat?
1039 1457 1206 1520 Dixit,
1243 1454 1417 1524 inquit
1447 1470 1460 1506 :
1509 1450 1694 1505 Audite
1721 1465 1807 1502 oo-

217 1578 316 1616 ecm
358 1575 544 1620 meam,
573 1564 619 1611 et
658 1554 866 1608 auribus
910 1549 1152 1621 percipite
1189 1560 1442 1600 sermones
1483 1558 1640 1597 meos.
1673 1539 1806 1595 Vide

219 1648 483 1721 quomodo
507 1659 696 1703 contra
724 1644 960 1712 seipsum
987 1638 1245 1710 judicium
1279 1634 1561 1692 considere
1590 1631 1732 1695 facit,
1754 1641 1809 1686 et

220 1759 306 1798 eas
349 1742 454 1797 hoc
485 1738 649 1794 modo
675 1739 939 1801 hortatur,
972 1749 1037 1787 ne
1065 1733 1207 1786 dicta
1248 1730 1577 1798 negligenter
1599 1727 1810 1793 accipe—

222 1843 356 1888 rent.
407 1829 643 1885 Dicendo
693 1827 859 1890 enim,
894 1823 1078 1877 Audite
1103 1837 1270 1876 vocem
1317 1835 1504 1884 meam,
1530 1825 1577 1872 et
1603 1815 1809 1869 auribus

224 1921 458 1992 percipite
479 1934 735 1973 sermones
764 1931 918 1982 meos,
948 1914 1178 1968 Mentem
1212 1895 1468 1973 vestram,
1500 1907 1689 1976 inquit,
1723 1905 1810 1959 itt-

225 2025 418 2069 teutaiu
449 2011 704 2081 praebete,
725 2018 779 2064 et
809 2007 1092 2076 diligenter
1119 2003 1413 2058 auscultate
1433 2015 1551 2070 quae
1571 1998 1811 2054 dicturus

223 2121 358 2158 sum.
403 2104 520 2158 Non
565 2102 707 2157 enim
746 2099 814 2154 de
854 2100 1016 2153 rebus
1059 2094 1363 2165 vulgaribus
1406 2091 1559 2147 vobis
1603 2090 1809 2160 loquar,

225 2197 311 2252 sed
331 2196 568 2251 occultas
588 2192 842 2263 quasdam
871 2205 957 2245 res
979 2189 1131 2244 vobis
1156 2187 1416 2256 aperiam,
1439 2194 1494 2240 et
1518 2182 1816 2239 confitebor

226 2303 282 2342 ca
306 2304 425 2358 qua:
450 2286 628 2340 nullus
654 2285 791 2337 alius
820 2283 940 2348 scit,
971 2281 1065 2335 sed
1095 2280 1243 2334 solus
1268 2293 1389 2347 ego,
1419 2288 1473 2332 et
1500 2277 1688 2331 oculus
1725 2276 1815 2330 ille

227 2379 311 2449 qui
342 2377 508 2447 scpiri
536 2375 730 2435 nescit.
758 2388 915 2443 quem
962 2371 1156 2425 timens
1192 2368 1394 2425 festino
1425 2377 1479 2421 et
1518 2366 1733 2432 anhelo,
1758 2374 1816 2420 ut

225 2469 371 2524 vobis
403 2468 579 2538 palam
605 2465 791 2520 faciam
816 2480 875 2517 ea
901 2480 1018 2534 qua:
1048 2478 1077 2516 a
1107 2477 1192 2515 me
1214 2469 1337 2515 sunt
1360 2469 1498 2526 acta,
1523 2468 1576 2514 et
1603 2458 1816 2527 quantis

228 2560 395 2628 pretiis
423 2573 525 2627 ego
572 2557 834 2624 meipsum
883 2553 1098 2607 nefariis
1123 2550 1374 2621 operibus
1403 2549 1693 2604 obnoxium
1737 2547 1814 2602 fe—

225 2651 406 2703 cerim.
454 2647 590 2715 Quia
624 2645 784 2698 uirum
830 2643 991 2696 occidi
1041 2644 1092 2695 in
1140 2642 1322 2695 vulnus
1366 2639 1520 2702 nti/ti,
1565 2648 1610 2692 et
1642 2637 1818 2690 adole-

228 2750 437 2794 scentem
490 2739 544 2792 in
597 2735 893 2791 cicatricem
938 2735 1082 2788 milii.
1151 2734 1406 2801 Quoniam
1457 2732 1640 2802 septies
1691 2730 1816 2784 ultio

227 2843 423 2902 sumpta
453 2842 528 2886 est
553 2832 616 2885 de
640 2829 786 2892 Cain,
816 2829 879 2882 de
927 2828 1146 2882 Lameclt
1195 2838 1362 2880 autent
1405 2828 1692 2897 septuagics
1734 2843 1817 2879 se-

229 2923 371 2988 pties.
400 2922 646 2992 Magnum
673 2920 796 2991 quid
820 2919 1019 2974 dictum
1047 2927 1149 2984 est,
1180 2930 1233 2972 et
1264 2918 1417 2972 valde
1447 2933 1697 2985 magnum
1726 2936 1737 2968 :
1767 2917 1818 2970 in

229 3014 511 3082 multisque
554 3015 724 3066 bonus
772 3011 870 3065 viri
915 3010 1125 3063 animus
1165 3017 1455 3078 spectatur.
1501 3007 1618 3061 Non
1647 3007 1818 3060 solum

229 3105 365 3157 enim
408 3102 606 3157 factum
656 3100 960 3165 confitetur,
987 3109 1040 3154 et
1083 3098 1260 3153 credes
1302 3099 1370 3151 ab
1415 3113 1473 3152 se
1505 3106 1741 3166 patratas
1767 3097 1819 3150 in

229 3197 458 3251 medium
490 3195 663 3257 affert,
694 3193 787 3248 sed
815 3203 869 3248 et
897 3206 1109 3262 poenam
1149 3189 1249 3245 sibi
1291 3190 1468 3256 infert,
1502 3204 1822 3259 comparans

234 3296 506 3354 peccatum
553 3300 710 3339 suum
745 3291 965 3352 peccato
989 3281 1160 3334 Caini.
1202 3280 1318 3346 Qua
1348 3280 1489 3333 enim
1532 3281 1705 3344 venia,
1736 3279 1820 3332 iu-

229 3379 356 3448 quit,
383 3377 546 3430 fuerit
567 3376 780 3446 dignus,
807 3374 895 3443 qui
922 3373 1140 3426 alterius
1168 3385 1323 3440 paena
1349 3370 1686 3425 emendatior
1713 3384 1819 3424 non

230 3469 302 3533 fit,
335 3470 429 3524 sed
472 3477 745 3523 recentem
791 3475 844 3519 et
876 3465 1081 3518 firmam
1116 3464 1317 3518 habens
1348 3464 1463 3531 ejus
1508 3463 1821 3517 memoriam

230 3562 444 3631 insuper
485 3559 686 3628 duplex
739 3557 1083 3610 homicidium
1142 3555 1407 3625 patravit?
1454 3555 1587 3621 Quia
1637 3556 1819 3618 virum,

231 3654 422 3721 inquit,
453 3651 616 3704 occidi
640 3650 692 3702 in
721 3650 899 3702 vulnus
927 3647 1070 3711 mihi,
1103 3656 1148 3700 et
1177 3646 1544 3700 adolescentem
1590 3646 1641 3699 in
1688 3645 1820 3698 cica-

231 3752 398 3797 tricem
429 3741 578 3794 mihi.
610 3739 726 3794 Non
767 3746 992 3804 tantum,
1023 3738 1213 3807 inquit,
1241 3739 1396 3791 nocui
1426 3737 1530 3791 illis
1565 3752 1699 3806 quos
1729 3752 1822 3790 oc-

229 3833 350 3897 cldi,
380 3841 638 3901 quantum
684 3829 935 3899 mihiipsi.
985 3829 1041 3882 In
1081 3843 1290 3896 pcenam
1322 3828 1464 3882 enim
1501 3843 1659 3898 quam
1692 3827 1823 3882 εσυ.

231 3938 350 3994 gere
377 3938 482 3977 non
514 3938 752 3992 possmu,
786 3922 1047 3992 meipsum
1076 3920 1301 3988 conjeci,
1333 3928 1548 3988 peccata
1572 3929 1826 3991 operatus

231 4027 394 4083 tanta,
418 4030 540 4086 qua:
561 4015 773 4068 veniant
800 4027 903 4066 non
933 4022 1227 4067 merentur.
1251 4011 1383 4066 Nam
1411 4013 1454 4065 si
1482 4013 1571 4066 ille
1601 4027 1696 4080 pro
1719 4027 1823 4067 una

231 4110 370 4164 cmde
399 4117 611 4178 septem
646 4109 818 4176 poenis
857 4105 1123 4160 obnoxius
1174 4103 1342 4160 factus
1371 4116 1474 4171 εει,
1502 4120 1602 4176 ego
1633 4106 1823 4175 dignus

233 4199 415 4254 fuerim
449 4199 540 4267 qui
565 4210 644 4266 se,
667 4195 869 4266 tuagies
899 4194 1097 4265 septies
1123 4209 1331 4264 pinnam
1364 4195 1526 4249 luam.
1553 4195 1717 4264 Cujus
1746 4196 1824 4249 rei

231 4292 415 4363 gratia,
454 4299 512 4345 et
549 4288 756 4360 quare?
800 4287 932 4344 Nam
978 4287 1102 4342 licet
1145 4286 1352 4343 eaedem
1397 4287 1486 4341 ille
1514 4287 1821 4357 patraverit,

232 4397 452 4455 eamque
503 4381 705 4447 fratris,
746 4389 979 4435 attamen
1027 4380 1174 4434 nullo
1220 4395 1469 4450 umquam
1513 4389 1668 4435 antea
1697 4396 1826 4436 cou-

230 4483 408 4540 speeto
436 4472 530 4543 qui
563 4472 666 4526 hoc
705 4472 937 4538 fecisset,
975 4487 1149 4542 neque
1191 4471 1298 4525 alio
1340 4471 1454 4526 viso
1479 4472 1567 4541 qui
1612 4487 1824 4542 poenam

232 4560 470 4618 dedisset
509 4562 776 4632 ejusmodi
827 4562 1098 4624 facinoris,
1132 4570 1186 4616 et
1232 4571 1430 4616 tantam
1461 4563 1592 4616 iram
1639 4562 1826 4618 fuisset

229 4664 500 4723 expertus.
531 4669 653 4723 qua:
679 4663 905 4723 utraque
934 4653 1062 4708 mihi
1087 4667 1274 4723 pmnas
1293 4662 1488 4724 augent
1514 4672 1526 4708 :
1555 4654 1674 4724 quia
1703 4664 1826 4709 ante

230 4746 407 4800 oculos
453 4745 664 4800 habens
705 4744 846 4816 quod
893 4744 962 4799 ab
1003 4745 1096 4800 illo
1144 4753 1506 4815 perpetratum
1554 4744 1745 4807 fuerat,
1775 4755 1829 4800 ct

231 4854 440 4910 pinnam
473 4841 666 4896 videns
699 4842 777 4895 sic
822 4840 1268 4895 immedicabilem
1297 4855 1449 4905 esse,
1492 4841 1697 4895 cautior
1744 4839 1822 4893 fa-

231 4942 341 4988 ctus
363 4949 470 4988 non
495 4946 640 4986 sum.
665 4930 952 4999 Propterea
974 4929 1100 4984 licet
1119 4932 1420 5000 septuagies
1442 4931 1638 5000 septies
1659 4931 1828 4999 magis

232 5039 384 5092 quam
417 5024 506 5078 ille
541 5022 781 5093 punirer,
805 5030 1039 5077 attamen
1071 5036 1243 5092 neque
1272 5021 1351 5076 sic
1375 5020 1590 5092 dignam
1620 5021 1824 5077 lueretn

235 5130 464 5185 pennam.

299 5207 352 5261 5.
381 5204 627 5259 Liberum
639 5203 900 5258 arbitrium
915 5203 1156 5258 hominis.
1179 5233 1252 5244 —-
1271 5202 1451 5268 Vides,
1466 5202 1680 5267 dilecte,
1695 5217 1828 5272 quo.

233 5298 386 5353 modo
417 5305 661 5350 nostram
690 5295 830 5350 Deus
870 5303 1105 5350 mentem
1135 5295 1286 5349 liberi
1314 5295 1516 5351 arbitrii
1540 5294 1746 5361 fecerit,
1775 5304 1830 5350 ct

237 5389 369 5444 sicut
425 5388 472 5445 si
554 5385 773 5442 desides
839 5387 1010 5442 simus
1095 5385 1546 5457 supplantamur,
1622 5386 1694 5441 ita
1777 5395 1832 5441 et

235 5481 276 5534 si
301 5482 486 5551 vigiles
510 5493 636 5535 esse
670 5477 1020 5544 voluerimus,
1046 5486 1367 5533 contuemur
1405 5476 1458 5532 id
1507 5477 1648 5548 quod
1674 5491 1834 5548 apor-

238 5570 344 5626 tet?
369 5570 502 5640 Quis
521 5568 668 5625 enim
697 5568 876 5634 istum,
917 5566 1024 5635 dic,
1065 5570 1310 5635 obsecro,
1339 5567 1407 5623 ad
1428 5567 1587 5631 talem
1625 5568 1833 5624 confes.

239 5661 437 5717 sionem
462 5659 682 5730 adegit?
707 5658 893 5714 Nullus
913 5658 1049 5714 alius
1075 5673 1238 5730 quam
1256 5658 1606 5726 conscientia,
1655 5659 1830 5714 lucor-

239 5765 415 5825 ruptus
456 5753 548 5810 ille
574 5749 760 5825 iudex.
792 5751 928 5820 Quia
955 5750 1098 5808 enim
1126 5764 1192 5807 ex
1213 5748 1416 5807 desidia
1456 5748 1509 5806 in
1553 5759 1831 5822 peccatum

1305 339 1370 395 IN
1408 335 1561 394 CAP.
1596 333 1683 390 ιγ.
1725 329 1965 388 GliNES.
1997 325 2227 382 llOMlL.
2270 322 2389 380 XX.

3398 317 3503 374 170

1903 441 2278 500 declinaverat,
2325 445 2378 492 et
2415 433 2591 490 secius
2625 446 2786 504 opere
2831 429 3127 502 perfecerat
3158 446 3173 485 :
3207 431 3386 485 statim
3421 430 3503 485 in-

1902 534 2135 590 surrexit
2160 528 2507 591 conscientia,
2543 525 2857 587 inclamans,
2888 532 3048 594 atque
3064 521 3352 577 ostendens
3379 535 3504 593 pee-

1903 636 2142 681 catornm
2167 619 2607 691 magnitudinem,
2640 625 2695 673 et
2719 616 2929 686 quantis
2951 615 3183 686 seipsum
3211 613 3385 683 paruis
3408 615 3506 670 ob-

1907 715 2122 770 noxium
2165 710 2513 768 reddidisset.
2538 709 2611 764 ita
2642 706 2783 762 enim
2814 720 2872 761 se
2910 704 3073 759 habet
3109 713 3406 774 peccatum,
3444 713 3505 761 ut

1905 806 2208 876 priusquam
2252 803 2362 866 fiat,
2394 807 2447 853 et
2496 797 2562 852 ad
2589 811 2724 867 opus
2770 795 3065 866 perveniat,
3113 793 3429 850 obtenebret
3451 803 3507 848 et

1905 896 2135 964 decipiat
2179 900 2414 947 mentem
2461 907 2473 941 :
2524 897 2802 959 postquam
2852 896 3028 940 autem
3074 894 3506 940 consummatum

1907 984 2085 1048 fuerit,
2118 982 2398 1038 manifeste
2450 993 2601 1033 suam
2651 977 2805 1031 nobis
2831 973 3216 1030 absurditatem
3271 974 3510 1046 proferat

1907 1086 1960 1132 et
1987 1075 2234 1131 ostendat
2265 1091 2275 1124 :
2301 1073 2380 1126 sic
2407 1069 2582 1126 brevis
2609 1069 2696 1124 illa
2723 1076 2777 1122 et
2805 1066 3038 1122 absurda
3063 1065 3308 1135 voluptas
3331 1065 3508 1120 conti-

1899 1183 2070 1223 nuum
2102 1166 2265 1221 menti
2288 1163 2527 1218 dolorem
2560 1160 2765 1224 inserit,
2793 1157 3240 1228 conscientiaeque
3261 1155 3507 1212 fiduciam

1907 1259 2099 1321 aufert,
2133 1265 2291 1326 atque
2315 1254 2462 1308 illum
2496 1251 2586 1322 qui
2632 1249 2970 1304 succubuerit
3017 1245 3333 1303 confusione
3384 1261 3510 1317 per-

1909 1349 2099 1405 fundit.
2116 1349 2382 1418 Benignus
2398 1344 2539 1401 enim
2557 1343 2695 1398 Deus
2713 1338 3042 1412 ejuscemodi
3063 1339 3215 1394 nobis
3236 1348 3513 1393 accusato-

1911 1456 2026 1495 rem
2075 1439 2326 1493 assistere
2352 1435 2538 1500 voluit,
2573 1434 2660 1502 qui
2694 1445 2982 1500 numquam
3007 1429 3272 1499 quiescat,
3303 1428 3397 1483 sed
3424 1429 3510 1484 in-

1911 1531 2220 1587 desinenter
2260 1528 2351 1583 ille
2378 1525 2735 1597 congrediens
2762 1524 2975 1587 clamet,
3001 1531 3053 1576 et
3079 1537 3292 1592 poenam
3338 1523 3516 1592 exigat

1911 1623 2249 1680 delictorum.
2285 1623 2350 1677 Et
2400 1621 2504 1676 hoc
2549 1606 2668 1690 quis
2695 1619 2889 1672 viderit
2932 1614 3216 1672 manifeste
3254 1633 3321 1672 ex
3359 1615 3516 1672 factis

1915 1716 2062 1787 ipsis.
2109 1715 2386 1769 S-cortator
2410 1713 2574 1778 enim,
2607 1710 2690 1766 vel
2720 1709 2955 1774 adulter,
2982 1708 3063 1762 vel
3095 1708 3185 1777 qui
3231 1706 3374 1762 aliud
3409 1706 3517 1762 tale

1915 1807 2166 1876 quiddam
2199 1804 2433 1870 admisit,
2465 1803 2624 1857 etiam
2653 1802 2696 1855 si
2729 1814 2918 1854 omnes
2944 1798 3114 1853 latere
3140 1807 3320 1868 queat,
3353 1814 3516 1852 num-

1916 1912 2070 1965 quam
2119 1905 2296 1950 tamen
2328 1894 2406 1949 sic
2449 1893 2500 1947 in
2546 1891 2928 1962 tranquillitate
2970 1890 3140 1956 vivit;
3188 1888 3280 1942 sed
3314 1888 3520 1943 habens

1917 2003 2095 2042 acrem
2126 1988 2274 2042 illum
2297 1995 2662 2041 accusatorem
2690 2025 2703 2049 ,
2741 1973 3073 2052 suspiciones
3097 1980 3269 2045 timet,
3298 1979 3522 2034 umbras

1919 2079 2197 2139 tremiscit.
2249 2087 2304 2132 et
2343 2086 2437 2132 eos
2466 2077 2552 2145 qui
2584 2073 2784 2129 conscii
2813 2081 2954 2135 sunt,
2988 2081 3043 2126 et
3085 2071 3175 2142 qui
3216 2086 3324 2125 non
3354 2079 3478 2125 sunt
3506 2089 3520 2135 ;

1917 2180 2280 2240 perpetuaque
2307 2169 2359 2221 in
2387 2167 2571 2220 animo
2603 2166 2720 2233 ejus
2759 2172 3049 2232 tempestas
3077 2169 3180 2228 est,
3205 2169 3258 2216 et
3287 2160 3520 2230 recipro-

1919 2270 2100 2316 cantes
2127 2276 2190 2314 ac
2229 2259 2482 2314 contrarii
2511 2256 2723 2311 fluctus.
2749 2255 2971 2323 Insuper
2996 2268 3169 2323 neque
3209 2267 3431 2307 somnus
3471 2251 3521 2306 ei

1921 2351 2119 2416 suavis,
2179 2349 2276 2404 sed
2334 2358 2538 2402 terrore
2594 2356 2646 2401 et
2703 2344 2986 2398 formidine
3039 2344 3228 2412 plenus
3283 2361 3298 2398 :
3349 2358 3522 2413 neque

1920 2443 2070 2497 cibus
2094 2439 2419 2510 voluptatem
2468 2436 2689 2508 prznbet,
2720 2449 2894 2506 neque
2939 2435 3233 2488 amicorum
3261 2434 3523 2504 Colloquia

1925 2534 2084 2587 talem
2151 2531 2494 2592 refocillare,
2545 2528 2630 2583 vel
2681 2527 2910 2582 liberare
2955 2526 3023 2581 ab
3068 2535 3288 2594 urgente
3335 2527 3524 2579 anxie-

1923 2631 2029 2677 tate
2085 2629 2347 2691 possunt:
2400 2619 2492 2673 sed
2546 2619 2694 2690 quasi
2737 2615 3040 2672 carnificem
3091 2617 3523 2685 circumgestatet

1924 2730 1983 2769 se
2011 2714 2368 2769 lancinantcm
2407 2720 2460 2766 et
2485 2710 2839 2780 flagellautem
2871 2710 3126 2763 continuo
3146 2749 3160 2776 ,
3190 2709 3259 2763 ita
3290 2707 3524 2777 postab-

1925 2805 2142 2860 surdum
2168 2803 2294 2859 illud
2328 2804 2528 2857 facinus
2549 2802 2880 2864 obambulat,
2916 2797 3062 2853 nullo
3106 2801 3346 2863 conscio,
3398 2812 3524 2854 sus-

1925 2906 2098 2952 tmeus
2137 2895 2497 2950 intolerabiles
2523 2908 2710 2964 poenas
2743 2893 2882 2959 illas,
2931 2901 2986 2946 et
3024 2889 3191 2960 judex
3234 2892 3317 2946 sui
3349 2891 3522 2960 ipsius

1925 2987 2096 3042 factus
2114 2994 2166 3040 et
2180 2993 2478 3039 accusator.

1997 3077 2259 3151 Confessio
2291 3085 2630 3145 peccatorum.
2659 3103 2733 3115 —
2757 3074 3006 3129 Attamen
3031 3071 3120 3139 qui
3150 3071 3268 3128 haec
3306 3070 3450 3137 fecit,
3481 3073 3527 3128 si

1924 3173 2173 3238 voluerit,
2204 3179 2260 3225 ut
2289 3171 2463 3236 decet,
2497 3168 2571 3223 uti
2601 3167 2944 3222 conscientia:
2971 3164 3302 3234 adjutnento,
3358 3175 3412 3220 et
3456 3165 3528 3220 ad

1925 3263 2316 3319 confessionem
2344 3260 2642 3316 facinorum
2671 3257 2946 3322 festinare,
2977 3267 3031 3311 et
3060 3257 3209 3311 ulcus
3243 3256 3527 3313 ostendere

1927 3356 2154 3421 medico,
2189 3354 2278 3425 qui
2309 3361 2460 3408 curet
2501 3362 2556 3407 et
2609 3367 2716 3407 non
2761 3349 3067 3420 exprobret,
3113 3359 3273 3420 atque
3317 3351 3385 3407 ab
3434 3351 3528 3407 illo

1927 3449 2162 3502 remedia
2206 3451 2473 3516 accipere,
2512 3461 2574 3500 ac
2601 3445 2699 3500 soli
2717 3444 2765 3499 ei
2787 3443 2951 3514 loqui,
2983 3443 3130 3497 nullo
3156 3444 3264 3498 alio
3287 3444 3526 3507 conscio.

1928 3550 1982 3595 et
2012 3539 2193 3594 omnia
2224 3539 2406 3593 dicere
2432 3552 2554 3592 cum
2595 3535 2891 3606 diligentia,
2939 3533 3096 3590 facile
3154 3546 3376 3605 peccata
3429 3551 3524 3592 sua

1929 3629 2255 3685 erneudabit.
2285 3626 2567 3682 Confessio
2587 3627 2729 3681 enim
2754 3636 3095 3694 peccatorum
3125 3625 3348 3680 abolitio
3369 3626 3530 3680 etiam

1929 3732 2011 3778 est
2034 3721 2371 3776 delictorum.
2405 3718 2556 3788 Quod
2588 3719 2630 3773 si
2665 3716 2898 3772 Lamech
2935 3716 3023 3771 ille
3060 3717 3174 3771 suis
3219 3718 3533 3773 mulieribus

1929 3812 2104 3866 credes
2133 3829 2161 3866 a
2189 3826 2246 3865 se
2270 3811 2586 3865 commissas
2613 3809 2860 3878 detegere
2886 3817 2940 3862 et
2965 3807 3207 3862 confiteri
3239 3823 3343 3861 non
3381 3806 3527 3862 refu-

1928 3906 2023 3973 git,
2047 3903 2190 3973 quali
2218 3903 2418 3957 crimus
2451 3901 2608 3955 venia
2632 3900 2795 3971 digni,
2830 3899 2874 3954 si
2903 3900 2954 3954 ei
2984 3899 3074 3969 qui
3114 3900 3294 3953 omnia
3348 3905 3529 3952 nostra

1930 4005 2176 4049 accurate
2218 3995 2367 4048 novit
2411 3995 2626 4055 delicta,
2679 3992 2922 4047 confiteri
2977 4000 3194 4063 peccata
3248 3991 3533 4046 nolumus?

1932 4085 2070 4141 Num
2112 4085 2234 4156 quia
2289 4087 2515 4154 ignorat,
2571 4083 2781 4138 discere
2810 4081 2965 4136 vult?
3007 4082 3353 4153 Nequaquam
3406 4082 3531 4153 quia

1933 4179 2159 4248 ignorat,
2184 4176 2581 4234 confessionem
2608 4190 2637 4230 a
2662 4174 2817 4229 nobis
2843 4174 3086 4244 requirit,
3115 4175 3206 4244 qui
3232 4173 3410 4228 omnia
3435 4175 3535 4230 scit

1931 4281 2215 4342 antequam
2243 4269 2408 4323 fiant:
2439 4267 2536 4323 sed
2591 4265 2777 4322 volens
2829 4280 2926 4335 per
2977 4264 3374 4320 confessionem
3434 4279 3534 4320 nos

1933 4377 2146 4434 quoque
2176 4369 2520 4432 peccatorum
2549 4359 2749 4414 habere
2766 4372 3006 4421 sensum,
3047 4363 3103 4412 et
3147 4365 3356 4427 gratum
3404 4371 3532 4428 erga

1932 4473 1992 4512 se
2018 4456 2304 4512 ostendere
2332 4455 2592 4509 animum.
2621 4451 2758 4508 Num
2790 4466 2921 4521 opes
2949 4450 3142 4520 aliqua;
3173 4449 3259 4504 hic
3279 4458 3400 4505 sunt
3438 4464 3532 4505 ex-

1932 4545 2261 4618 pendenda?
2279 4561 2402 4601 num
2421 4545 2637 4615 longum
2655 4545 2758 4599 iter
2776 4539 3211 4612 suscipiendum?
3235 4555 3360 4596 num
3378 4539 3537 4595 dolo-

1935 4655 2048 4696 rem
2075 4648 2129 4694 et
2157 4639 2424 4693 cruciatus
2458 4635 2614 4692 affert
2633 4635 2750 4690 haec
2793 4632 3100 4688 medicina?
3142 4632 3360 4704 Absque
3389 4647 3535 4688 sum-

1935 4739 2029 4801 ptu
2056 4727 2363 4783 etcrueiatu
2391 4736 2473 4782 est
2502 4739 2741 4795 praesens
2764 4722 3135 4793 pharmacum,
3167 4733 3219 4778 et
3245 4737 3406 4794 quam
3444 4736 3535 4781 co-

1937 4819 2156 4874 lcrrime
2183 4827 2352 4873 curat.
2385 4817 2600 4873 Etenim
2621 4814 2914 4870 secundqu
2936 4813 3187 4868 affectum
3213 4822 3268 4868 et
3296 4813 3533 4870 animum

1936 4912 2262 4974 accedentis,
2294 4910 2373 4966 sic
2400 4918 2456 4965 et
2493 4907 2732 4964 remedia
2762 4907 3042 4962 vulnerum
3085 4905 3309 4978 largitur
3357 4906 3539 4962 Domi-

1937 5018 2056 5057 nus.
2081 5002 2247 5072 lgitur
2267 5000 2357 5070 qui
2389 4999 2499 5054 vult
2543 4999 2721 5053 statim
2763 4997 2830 5052 ad
2865 4997 3150 5052 sanitatem
3187 4995 3387 5063 redire,
3425 4996 3541 5051 ani-

1938 5111 2148 5166 [meque
2172 5109 2360 5149 curare
2390 5093 2591 5158 ulcera,
2625 5091 2803 5147 sobria
2830 5100 3013 5146 mente
3041 5087 3309 5144 medicum
3359 5086 3540 5154 adeat,

1938 5191 2006 5244 ab
2047 5189 2297 5244 omnibus
2346 5185 2693 5241 ssecularibus
2713 5185 2859 5240 curis
2897 5199 2958 5239 se
3004 5181 3281 5247 abdicans,
3337 5179 3546 5236 calidas

1939 5282 2206 5354 lacrymas
2233 5277 2545 5349 profundat,
2568 5275 2942 5333 assiduitatem
2989 5274 3274 5344 plurimam
3323 5287 3437 5344 pm
3487 5288 3546 5329 se

1941 5373 2096 5436 ferat,
2130 5371 2290 5426 fidem
2318 5371 2528 5424 firmam
2552 5369 2762 5434 afferat,
2784 5381 2850 5422 ac
2874 5365 3067 5421 medici
3087 5363 3319 5430 confidat
3342 5363 3466 5428 arti,
3491 5375 3546 5420 ct

1940 5466 2188 5538 protinus
2216 5465 2499 5519 sanitatem
2530 5468 2919 5532 consequetur.
2945 5457 3133 5513 Vidisti
3159 5454 3356 5512 medici
3386 5455 3543 5512 boni-

1941 5567 2127 5622 tatem,
2159 5555 2226 5611 ad
2264 5569 2423 5626 quam
2445 5553 2490 5609 si
2514 5552 2752 5608 omnium
2775 5561 2986 5622 patrum
3011 5562 3166 5604 amor
3209 5545 3540 5611 conferatur,

1939 5647 2332 5706 obscurabitur.
2365 5645 2501 5700 Num
2523 5659 2687 5715 grave
2708 5641 2910 5713 aliquid
2935 5648 2990 5696 et
3015 5638 3306 5695 molestum
3335 5652 3367 5693 ι
3388 5634 3545 5694 nobis

1945 5739 2210 5814 requirit?
2236 5738 2626 5797 Contr-itionem
2651 5734 2851 5804 cordis,
2889 5731 3359 5806 compunctionetu
3386 5740 3544 5786 tuen-
