4058 6302
552 353 648 412 i7!

546 466 632 528 tis,
658 459 1048 518 confessionem
1074 454 1270 528 lapsus,
1309 451 1673 508 assiduitatem
1698 448 1999 505 continuam
2025 464 2038 501 :
2062 455 2117 502 et

546 571 652 608 non
695 551 866 608 solum
922 547 1138 620 largitur
1173 544 1449 599 vulnerum
1490 557 1695 603 curam.
1743 550 1849 596 eta
1897 538 2126 610 peccatis

545 644 772 700 mundos
795 641 986 706 reddit,
1013 637 1104 694 sed
1129 645 1183 693 et
1209 651 1354 702 eum,
1383 634 1472 705 qui
1501 643 1655 688 antea
1681 630 1972 688 innumeris
2001 642 2126 700 pec-

542 746 784 791 catorum
828 729 1053 785 sarcinis
1077 726 1410 797 gravabatur,
1433 724 1636 794 justum
1662 723 1841 779 efﬁcit.
1896 720 1941 777 Ο
1969 723 2129 774 mise-

545 825 790 883 ricordia:
836 818 1251 893 magnitudinem
1284 817 1299 872 l
1329 831 1363 872 o
1413 815 1665 871 bonitatis
1714 812 2076 870 excellentiam
2110 811 2124 866 l

544 918 644 988 Qui
672 913 926 986 peccavit,
943 909 1154 982 quando
1176 907 1459 964 confltetur
1483 914 1721 977 peccata,
1746 904 1950 962 veniam
1973 903 2123 975 petit,

539 1009 841 1079 etposthac
870 1005 1204 1061 securitatem
1256 1017 1366 1072 pm
1415 1016 1474 1057 se
1523 999 1646 1068 fert,
1695 1006 1914 1070 repente
1957 997 2130 1069 justus

547 1102 786 1158 redditur
815 1102 832 1156 ι
861 1101 925 1156 Et
960 1115 1066 1170 quo
1115 1097 1258 1153 clare
1285 1096 1388 1152 hoc
1427 1095 1622 1162 discas,
1644 1092 1764 1147 audi
1815 1089 2127 1163 prophetam

552 1194 814 1252 dicentem
845 1210 861 1248 :
891 1191 988 1247 Dic
1010 1202 1062 1245 tu
1085 1191 1224 1262 prior
1268 1188 1556 1253 iniquitates
1573 1196 1707 1251 tuos,
1751 1196 1806 1240 ut
1835 1185 2131 1256 jnstiﬁceris

550 1289 570 1357 (
598 1285 830 1342 facit“.
853 1284 925 1340 26
949 1285 992 1356 ).
1022 1283 1137 1338 Non
1177 1281 1489 1352 simpliciter
1515 1278 1703 1349 inquit,
1738 1276 1836 1332 Dic
1856 1286 1910 1331 tu
1945 1276 2130 1348 iniqui-

547 1389 672 1434 tates
701 1389 834 1444 tuas,
865 1376 959 1432 sed
979 1375 1191 1446 adjecit,
1221 1372 1376 1428 Prior
1401 1387 1422 1428 :
1448 1370 1553 1428 hoc
1573 1378 1675 1435 est,
1732 1384 1800 1424 ne
1853 1379 2130 1439 exspectes

549 1481 604 1528 te
649 1477 980 1541 arguentem,
1036 1481 1104 1522 ne
1177 1461 1500 1536 praestoleris
1559 1468 1921 1517 accusatorem
1956 1477 1971 1513 :
2017 1457 2130 1528 ipse

545 1559 803 1629 praveni,
834 1567 890 1615 et
913 1571 1044 1628 rape
1064 1554 1328 1613 sermonis
1353 1551 1691 1624 principium,
1721 1561 1781 1607 ut
1803 1551 2129 1606 accusatoris

543 1653 774 1723 linguam
803 1648 1067 1706 occludas.
1536 1705 1540 1710 ,

609 1746 664 1801 4.
691 1743 882 1800 Vidisti
903 1742 1105 1799 Judicis
1126 1739 1541 1817 benignitatem?
1560 1739 1619 1796 ln
1645 1735 1896 1793 humanis
1915 1735 2127 1808 quidem

539 1836 756 1911 iudiciis
805 1837 849 1890 si
879 1836 999 1906 quis
1025 1835 1128 1889 hoc
1167 1833 1397 1898 faceret,
1444 1840 1498 1888 et
1524 1838 1649 1886 ante
1677 1830 1903 1885 allatam:
1939 1827 2131 1898 proba-

543 1926 744 1982 tionem
772 1926 1006 1982 facinora
1026 1924 1392 1990 conﬁteretur,
1415 1923 1658 1994 quamvis
1676 1920 1815 1992 apud
1841 1919 2130 1974 humanum

549 2020 778 2072 fortasse
798 2015 1032 2087 judicent
1061 2023 1324 2070 tormenta
1353 2023 1408 2069 et
1435 2012 1536 2068 sibi
1567 2009 1921 2066 succedentes
1947 2023 2133 2079 pinnas

548 2107 846 2178 effugeret,
890 2114 1066 2161 tamen
1117 2104 1436 2161 sententiam
1485 2101 1766 2173 capitalem
1817 2101 2036 2154 omnino
2076 2099 2130 2154 in

544 2212 699 2250 suum
739 2205 899 2264 caput
935 2204 1275 2251 accerseret:
1312 2205 1367 2248 at
1396 2191 1756 2248 misericordis
1803 2189 1902 2246 Dei
1931 2198 1983 2245 et
2019 2189 2133 2244 ani-

547 2300 755 2340 marum
788 2295 1091 2340 nostrarum
1120 2284 1306 2340 Medici
1333 2291 1478 2339 tanta
1499 2290 1582 2338 est
1609 2292 1822 2353 tamque
1849 2279 2134 2336 ineffabilia

545 2378 757 2434 bonitas
775 2385 829 2433 et
848 2376 1156 2446 clementia,
1182 2386 1239 2432 ut
1264 2391 1480 2432 omnem
1505 2376 1666 2431 etiam
1696 2389 2004 2430 sermonem
2036 2390 2133 2429 ex-

544 2468 722 2524 cedat.
750 2467 886 2523 Nam
927 2469 972 2523 si
994 2467 1358 2523 adversarium
1391 2474 1633 2522 nostrum
1675 2465 2123 2537 prmverterimus,

544 2559 816 2616 diabolum
845 2557 989 2624 dico,
1021 2559 1110 2627 qui
1138 2558 1190 2612 in
1218 2557 1308 2613 die
1327 2558 1420 2613 illo
1447 2556 1517 2613 ob
1545 2557 1731 2612 faciem
1754 2565 1991 2611 nostram
2019 2565 2129 2611 sta-

547 2651 642 2714 bit,
671 2658 726 2706 et
749 2649 858 2720 jam
890 2649 943 2704 in
966 2649 1217 2719 praesenti
1244 2649 1371 2714 vita,
1395 2659 1677 2718 antequam
1704 2647 1770 2703 ad
1793 2647 2020 2703 tribunal
2049 2648 2131 2702 in-

542 2741 880 2811 grediamur,
928 2738 1161 2795 facinora
1209 2738 1439 2795 confessi
1487 2737 1772 2806 fuerimus,
1817 2739 2134 2809 dicendique

542 2830 864 2902 principium
891 2830 1249 2901 rapuerimus,
1282 2839 1524 2885 nostrum
1549 2829 1785 2901 ipsorum
1820 2830 1941 2884 lacti
1970 2843 2130 2883 aecu-

545 2931 786 2987 satorcs,
813 2921 1091 2998 in’tantam
1122 2920 1544 2988 misericordiam
1578 2919 1981 2988 provocabiinus
2021 2918 2126 2974 Do-

545 3014 772 3082 minum,
817 3001 876 3068 ui
915 3027 1021 3067 non
1067 3012 1240 3067 solum
1285 3012 1442 3066 nobis
1475 3025 1828 3066 concessurus
1870 3010 1959 3076 sit,
2005 3017 2063 3064 ut
2101 3025 2130 3064 a

543 3106 773 3176 peccatis
801 3105 1124 3172 liberemur,
1154 3103 1250 3160 sed
1289 3113 1346 3159 ut
1391 3105 1442 3157 in
1465 3103 1731 3174 justorum
1760 3101 2003 3172 catalogo
2034 3101 2133 3155 ad-

545 3194 860 3250 scribamur.
921 3194 1207 3251 Enimvero
1253 3195 1298 3249 si
1354 3192 1585 3249 Lamech
1639 3193 1765 3257 ille,
1823 3192 1911 3262 qui
1960 3206 2133 3261 neque

546 3286 716 3357 legem
749 3286 950 3340 habuit-
972 3286 1114 3341 unde
1155 3284 1258 3341 hoc
1294 3284 1504 3341 discere
1548 3293 1758 3354 posset,
1791 3299 1964 3353 neque
2002 3299 2130 3353 pro-

545 3376 737 3447 phetas
766 3377 989 3444 audivit,
1021 3393 1195 3449 neque
1213 3378 1372 3432 aliam
1392 3377 1560 3432 ullam
1589 3376 2029 3444 admonitionem,
2063 3392 2128 3431 ex

539 3467 745 3536 judicio
790 3467 844 3523 in
872 3477 1059 3523 natura
1105 3470 1264 3523 insito
1305 3469 1550 3523 conscius
1593 3482 1779 3522 eorum
1814 3482 1932 3537 qua:
1971 3481 2132 3522 ausus

545 3557 738 3626 fuerat,
767 3559 819 3614 in
845 3559 1080 3614 medium
1107 3559 1282 3613 attulit
1313 3574 1374 3614 ea
1401 3574 1519 3629 qua:
1543 3559 1791 3628 patravit,
1821 3566 1875 3613 et
1893 3559 2127 3628 seipsum

545 3648 922 3704 condemnavit
962 3668 977 3704 :
1028 3649 1296 3721 quomodo
1349 3649 1578 3718 aliquam
1623 3647 1986 3703 defensionem
2032 3663 2132 3704 nos

547 3738 749 3797 habere
787 3742 1104 3812 poterimus,
1137 3743 1357 3796 vulnera
1387 3756 1492 3794 non
1536 3742 1679 3793 omni
1707 3740 1981 3811 diligentia
2031 3741 2133 3795 Do-

547 3831 695 3886 mino
719 3824 1066 3886 ostendentes
1085 3872 1100 3898 ,
1133 3846 1320 3886 eorum
1342 3830 1452 3900 jam
1484 3831 1801 3885 medicinam
1825 3831 1892 3885 ab
1918 3846 1982 3885 eo
2010 3846 2130 3885 sus-

543 3922 749 3991 cepturi
766 3921 794 3976 2η
830 3920 886 3976 ld
922 3921 1066 3991 quod
1101 3921 1202 3976 nisi
1247 3937 1390 3976 nunc
1435 3921 1740 3987 fecerimus,
1784 3937 1903 3975 cum
1944 3921 2133 3992 jejunii

547 4020 757 4080 tempus
774 4020 875 4078 est,
899 4027 1019 4066 cum
1045 4021 1186 4066 tanta
1204 4013 1583 4080 cogitationum
1611 4011 1981 4081 tranquillitas,
2010 4027 2132 4066 cum

549 4102 796 4173 voluptas
830 4102 1006 4156 omnis
1050 4103 1258 4156 sublata
1287 4118 1318 4157 e
1364 4103 1543 4157 medio
1574 4121 1588 4159 :
1619 4102 1957 4172 quandonam
2005 4101 2133 4157 faci-

548 4208 678 4247 nora
701 4202 882 4248 nostra
901 4192 1207 4264 expendere
1227 4192 1556 4263 poterimus?
1577 4191 1779 4246 Idcirco
1802 4207 2014 4262 semper
2038 4205 2132 4246 vos

547 4284 796 4347 obsecro,
821 4293 876 4337 ut
901 4284 1067 4338 sobrii
1093 4285 1208 4338 sitis
1237 4293 1291 4339 et
1312 4283 1518 4354 vigiles,
1545 4292 1598 4337 et
1626 4292 1942 4352 prmsentem
1971 4284 2130 4337 vitam

549 4387 764 4428 onmem
815 4373 868 4427 in
905 4373 1006 4428 hoc
1055 4375 1359 4442 insumatis,
1399 4383 1455 4427 ut
1497 4373 1807 4427 assiduitate
1858 4373 1946 4426 illa
1996 4373 2137 4428 into-

552 4463 772 4518 lerabile
824 4463 954 4518 illud
1009 4463 1325 4535 supplicium
1375 4463 1713 4534 effugiemus,
1769 4473 1821 4518 et
1873 4463 2132 4533 gehennae

553 4557 728 4628 ignem
756 4557 922 4612 vitare
952 4558 1238 4628 possimus.
1263 4556 1489 4611 Maxime
1514 4566 1688 4610 autem
1711 4570 1880 4621 nunc,
1914 4554 2131 4625 majori-

555 4663 659 4718 que
687 4649 860 4703 studio
881 4647 933 4702 id
971 4647 1285 4714 curandum,
1314 4647 1528 4717 quando
1550 4655 1766 4716 prOpter
1784 4647 1968 4716 jejunii
1995 4656 2128 4699 tem-

554 4753 653 4806 pus
679 4738 942 4792 cominuis
986 4738 1383 4808 majoribusque
1409 4735 1643 4791 fruiiuini
1661 4735 2131 4790 admonitionibus.

551 4827 641 4881 23.
667 4825 906 4897 Cognovit
925 4837 1112 4894 autent,
1140 4827 1329 4897 inquit,
1355 4826 1518 4881 Adam
1544 4825 1702 4879 Evam
1729 4841 1932 4880 uxorem
1952 4841 2094 4877 suam
2113 4839 2132 4878 :

552 4928 600 4970 et
627 4935 740 4972 cum
769 4919 1098 4986 concepisset,
1132 4919 1324 4990 peperit
1369 4919 1548 4987 ﬁlium,
1577 4929 1622 4972 et
1649 4919 1920 4988 appellavit
1951 4933 2132 4971 nomen

555 5012 699 5065 illius
730 5011 854 5066 Sella
875 5052 892 5077 ,
923 5011 1132 5066 dicens:
1166 5011 1417 5066 Excitavit
1467 5014 1598 5065 cnim
1639 5011 1760 5063 mihi
1785 5009 1922 5063 Deus
1964 5026 2132 5064 semen

557 5103 696 5156 aliud
724 5120 813 5171 pro
839 5103 980 5169 Abel,
1003 5119 1146 5173 quem
1169 5104 1347 5157 occidit
1375 5101 1523 5157 Cain.
1549 5102 1829 5170 Postquam
1860 5101 2131 5171 Scriptura

556 5196 733 5250 divina
761 5196 1120 5266 genealogiam
1153 5211 1317 5266 usque
1342 5195 1406 5250 ad
1436 5193 1664 5249 Lamceh
1687 5193 1917 5257 deduxit,
1939 5193 2132 5248 iterum

557 5290 622 5342 ad
645 5288 811 5343 Adam
835 5297 1120 5344 etuxorem
1145 5289 1282 5342 illius
1308 5288 1626 5358 regreditur,
1654 5295 1709 5340 et
1729 5284 2132 5357 dicitzCoguovit

557 5390 721 5430 autem
750 5378 914 5434 Adam
957 5377 1109 5431 Evam
1137 5394 1342 5432 uxorem
1369 5394 1547 5443 suam;
1575 5387 1619 5431 et
1642 5393 1756 5430 cum
1783 5377 2087 5446 concepisset
2111 5417 2128 5445 ,

556 5469 748 5538 peperit
772 5469 952 5538 filium.
984 5469 1352 5546 appellavitque
1377 5486 1553 5522 nomen
1583 5468 1719 5522 illius
1741 5466 1886 5531 Setlt,
1910 5467 2081 5520 (licens
2112 5482 2133 5522 :

556 5555 810 5614 Excitavit
838 5559 964 5611 enim
995 5560 1116 5613 milii
1145 5559 1282 5614 Deus
1310 5575 1474 5613 semen
1502 5559 1644 5613 aliud
1676 5573 1766 5627 pro
1798 5556 1953 5620 Abel,
1986 5573 2130 5627 quem

557 5651 735 5705 occidit
765 5650 911 5705 Cain.
945 5650 1145 5721 Peperit
1166 5693 1179 5719 ,
1213 5653 1414 5723 inquit,
1448 5651 1609 5720 ﬁlium
1651 5650 2019 5722 appellauitque
2043 5667 2133 5705 no-

557 5757 669 5797 men
718 5742 859 5798 illius
897 5741 1060 5809 Setlt;
1110 5758 1208 5799 nec
1254 5752 1498 5800 contenta
1553 5750 1721 5796 mater
1771 5741 1912 5812 quod
1964 5742 2131 5814 impo-

1255 343 1310 400 S.
1349 335 1625 397 JOANNlS
1662 327 2134 394 CllRYSOSTOSII
2175 324 2489 382 AllClllEl‘.
2531 327 3066 388 CONSTANTINOP.

3712 334 3827 394 £72

2231 445 2425 498 suisset
2449 443 2522 498 illi
2553 446 2769 507 nomen,
2796 444 2926 500 dicit
2950 462 2964 498 :
2989 443 3394 500 Excitnnitenim
3423 449 3547 502 mihi
3577 449 3715 507 Deus
3733 475 3816 514 σε.

2231 553 2342 589 men
2371 536 2513 591 aliud
2542 553 2636 607 pro
2659 537 2805 602 Abel,
2838 553 2984 608 quem
3013 538 3196 592 occidit
3222 537 3371 594 Cain.
3407 539 3538 596 Vide
3563 539 3653 598 hic
3679 522 3816 612 quo-

2233 625 2394 682 modo
2416 639 2469 682 ct
2494 637 2663 684 mater
2683 643 2781 698 per
2800 627 3209 699 appellationem
3234 631 3345 686 nati
3376 630 3470 688 lllii
3499 634 3817 691 memoriam

2231 718 2440 773 scelesti
2480 717 2637 790 hujus
2683 718 2863 790 operis
2903 721 3211 777 continuam
3256 723 3527 781 mentibus
3570 738 3817 792 renovat,

2231 815 2392 876 atque
2436 819 2493 863 ut
2544 809 2704 865 etiam
2747 811 2948 881 posteri
2996 811 3216 878 scirent,
3264 813 3391 884 quid
3436 814 3570 871 Cain
3607 829 3819 888 patrare

2233 904 2394 954 ausus
2420 899 2625 968 fuisset,
2653 901 2816 970 dicit,
2849 900 2960 958 Pro
2978 903 3123 971 Abel,
3153 920 3299 976 quem
3319 908 3503 962 occidit
3526 907 3678 966 Cain.
3707 911 3817 966 Do-

2233 989 2393 1045 lentis
2417 991 2609 1047 anima:
2639 994 2799 1049 verba
2825 1002 2952 1049 sunt
2976 1004 3031 1050 et
3068 995 3297 1052 turbata:
3331 997 3401 1054 ob
3427 997 3679 1055 facinoris
3707 1016 3822 1057 me-

2231 1081 2478 1150 moriam,
2499 1082 2806 1154 gratiasque
2828 1085 3036 1154 agentis
3060 1101 3160 1156 pro
3182 1097 3309 1143 nato
3336 1103 3525 1159 puero,
3553 1089 3818 1163 hujusque

2233 1173 2449 1229 nomine
2492 1173 2632 1229 illius
2656 1175 2879 1231 alterius
2921 1176 3098 1233 scelus
3137 1177 3291 1250 quasi
3331 1179 3386 1235 iu
3429 1182 3587 1253 cippo
3631 1184 3821 1241 inscri-

2234 1261 2430 1318 bentis.
2452 1263 2583 1319 Nam
2613 1279 2738 1321 vere
2766 1267 2967 1321 luctum
3006 1282 3113 1323 non
3143 1268 3468 1326 mediocrem
3510 1274 3822 1342 parentibus

2235 1353 2515 1420 attulerat,
2542 1355 2631 1424 qui
2657 1354 2901 1411 dextram
2928 1371 3082 1413 suam
3109 1358 3366 1416 adversus
3395 1359 3616 1419 fratrem
3645 1380 3824 1421 arma-

2237 1452 2410 1511 verat,
2436 1455 2491 1500 et
2511 1455 2618 1501 tam
2639 1460 2823 1502 carum
2845 1447 2992 1502 illum
3018 1457 3073 1504 et
3091 1450 3375 1507 amabilem
3391 1451 3498 1507 illis
3513 1455 3824 1512 intenderat

2235 1535 2381 1591 humi
2415 1537 2705 1608 jacentem,
2736 1551 3023 1606 mortuum,
3067 1549 3122 1596 et
3143 1555 3304 1598 sensu
3348 1555 3646 1602 carentem.
3687 1546 3820 1603 Nam

2235 1626 2366 1707 licet
2387 1629 2706 1683 sententiam
2737 1630 3036 1701 accepisset
3061 1630 3256 1701 Adam,
3282 1631 3444 1688 Terra
3468 1651 3541 1702 es,
3568 1639 3692 1692 etin
3720 1649 3821 1694 ter-

2233 1735 2343 1772 ram
2385 1717 2543 1774 abibis
2572 1735 2595 1775 :
2635 1728 2729 1786 et,
2781 1720 3110 1792 Quocumque
3156 1723 3239 1779 die
3263 1728 3614 1795 comederitis,
3665 1742 3826 1790 morte

2235 1810 2516 1865 moriemini
2537 1810 2690 1882 (Gen.
2713 1813 2766 1867 5.
2797 1812 2886 1869 l0.
2929 1822 2977 1867 et
3004 1813 3059 1869 2.
3107 1813 3198 1888 l7)
3227 1832 3242 1869 :
3278 1819 3600 1875 sententiam
3645 1831 3821 1879 tamen

2237 1902 2288 1956 in
2316 1903 2491 1959 verbis
2513 1903 2772 1961 hactenus
2795 1907 3206 1976 cognoscebant,
3231 1917 3287 1963 et
3307 1910 3541 1966 nondum
3563 1927 3826 1972 noverant

2236 1993 2407 2063 qualis
2446 2003 2590 2050 esset
2619 1995 2808 2050 mortis
2832 1997 2968 2052 ratio
2995 2013 3010 2050 :
3043 1997 3138 2053 sed
3180 1997 3269 2055 hic
3311 2001 3514 2070 primus
3542 2002 3614 2058 ob
3643 2004 3822 2060 odium

2235 2083 2288 2137 in
2315 2083 2561 2152 fratrem,
2590 2094 2646 2141 et
2673 2085 2895 2142 livorem
2924 2087 3015 2158 qui
3050 2088 3373 2146 intrinsecus
3399 2092 3551 2149 illum
3578 2096 3821 2162 rodebat,

2235 2175 2287 2229 in
2337 2173 2685 2232 fratricidium
2730 2178 2858 2244 ruit,
2896 2193 3062 2249 grave
3105 2182 3414 2250 parentibus
3456 2187 3823 2254 spectaculum

2234 2265 2517 2323 exhibens.
2540 2267 2772 2323 Proinde
2799 2279 2992 2335 mater,
3014 2286 3134 2341 qua:
3151 2273 3426 2344 paululum
3455 2287 3614 2346 caput
3629 2280 3819 2347 erexit,

2235 2364 2290 2413 et
2318 2357 2402 2412 vix
2442 2358 2656 2414 tandem
2699 2359 2983 2430 aliquando
3016 2363 3147 2418 tanti
3185 2364 3360 2420 luctus
3401 2367 3824 2426 consolationem

2235 2447 2456 2512 invenit,
2502 2450 2702 2519 gratias
2729 2450 2840 2522 agit
2881 2452 3109 2507 Domino
3143 2454 3215 2510 ob
3257 2464 3441 2511 natum
3482 2473 3740 2527 puerum,
3771 2469 3825 2516 et

2234 2536 2524 2595 fratricida
2563 2541 2740 2596 scelus
2773 2541 3028 2610 infamat,
3061 2542 3162 2599 hac
3203 2547 3434 2601 maxima
3468 2547 3617 2604 illum
3668 2565 3825 2620 ptena

2236 2626 2476 2684 afficiens
2499 2669 2514 2697 ,
2538 2638 2597 2684 ut
2623 2629 2820 2686 factum
2861 2631 3004 2688 illius
3047 2644 3320 2705 perpetua:
3358 2639 3827 2696 commendaretur

2237 2733 2532 2774 memoria.

2311 2809 2582 2866 Peccatum
2627 2814 2953 2884 approbriutn
3002 2816 3180 2872 inurit.
3206 2847 3282 2860 —
3311 2818 3529 2876 Vidistis
3566 2831 3824 2891 quantum

2234 2901 2432 2956 malum
2470 2902 2539 2957 sit
2568 2906 2884 2973 peccatum?
2913 2915 2968 2962 et
2994 2908 3265 2977 quomodo
3300 2911 3644 2980 peccantibus
3669 2915 3822 2986 igno-

2235 2993 2453 3047 miniam
2474 3003 2527 3050 et
2547 2998 2892 3066 opprobrium
2930 2999 3144 3054 inurat?
3166 3001 3374 3056 vidistis
3407 3005 3676 3074 quomodo
3699 3021 3823 3076 pro-

2235 3092 2356 3152 pter
2394 3083 2496 3139 hoe
2523 3085 2701 3142 divina
2744 3089 2912 3158 gratia
2942 3091 3218 3160 spoliatus,
3247 3103 3300 3148 et
3325 3095 3573 3152 omnibus
3593 3098 3646 3152 in
3681 3098 3823 3154 ludi-

2236 3173 2409 3228 brium
2463 3175 2632 3232 factus
2688 3179 2792 3232 sit?
2840 3181 3050 3236 vidistis
3099 3183 3368 3253 quomodo
3416 3194 3472 3240 et
3515 3190 3824 3257 parentibus

2237 3275 2423 3320 natura
2445 3266 2512 3320 ad
2531 3268 2788 3324 amandos
2812 3268 2949 3325 filios
2970 3274 3268 3349 propensis,
3298 3286 3512 3346 propter
3532 3280 3822 3349 pessimum

2236 3353 2339 3408 hoc
2367 3351 2572 3411 facinus
2597 3359 2967 3416 abominabilis
2999 3363 3193 3418 fuerit?
3223 3364 3385 3434 Igitur
3416 3366 3702 3438 fugiamus,
3729 3373 3817 3428 ob-

2239 3461 2435 3516 secro,
2473 3461 2748 3519 peccatum
2811 3454 2951 3522 quod
2999 3457 3158 3510 tantis
3214 3473 3311 3514 nos
3360 3459 3514 3515 malis
3559 3460 3818 3529 involvit,

2235 3549 2288 3593 et
2328 3540 2581 3595 virtutem
2625 3543 2978 3612 arripiamus,
3013 3554 3072 3600 ut
3107 3556 3160 3601 et
3199 3563 3484 3617 supernam
3529 3553 3685 3608 nobis
3733 3554 3826 3611 bc-

2234 3630 2587 3686 nevolentiam
2631 3634 2999 3700 conciliemus,
3038 3647 3092 3692 et
3130 3639 3447 3708 supplicium
3487 3640 3822 3713 clfugiamns.

2233 3719 2324 3774 26.
2357 3719 2424 3774 Et
2461 3720 2609 3791 Setli,
2638 3723 2830 3794 inquit,
2859 3727 3012 3781 natus
3035 3736 3107 3782 cst
3134 3729 3272 3797 ﬁlius
3288 3745 3310 3795 ;
3339 3733 3613 3801 appellavit
3650 3746 3820 3790 autem

2236 3827 2415 3866 nomen
2444 3813 2583 3868 illius
2613 3813 2753 3869 Enos
2777 3832 2795 3870 :
2820 3817 2901 3871 hic
2922 3819 3137 3888 speravit
3158 3820 3392 3876 invocare
3415 3839 3593 3876 nomen
3613 3822 3826 3881 Domini

2237 3901 2354 3957 Dei.
2382 3903 2513 3961 Vide
2543 3905 2629 3962 hic
2659 3910 2928 3978 quomodo
2956 3921 3140 3981 postea
3179 3913 3432 3982 paulatim
3477 3916 3826 3974 instituantur

2240 3995 2504 4064 homines,
2538 4009 2597 4053 ut
2637 3999 2692 4054 in
2729 4003 3176 4070 appellationibus
3212 4007 3441 4062 filiorum
3477 4011 3614 4079 grati
3657 4013 3822 4068 animi

2239 4085 2493 4142 indicium
2524 4101 2809 4159 reponant.
2843 4092 2937 4146 llic
2965 4108 3195 4163 quoque,
3229 4096 3420 4166 inquit,
3455 4114 3645 4169 nempe
3671 4101 3822 4169 Selii,

2235 4176 2304 4230 ab
2329 4192 2386 4231 se
2411 4179 2649 4247 genitum
2678 4180 2843 4235 lilium
2873 4185 3080 4237 vocavit
3110 4185 3270 4240 lines.
3313 4187 3514 4242 Deinde
3549 4189 3824 4261 Scriptura

2235 4267 2420 4321 volens
2451 4267 2605 4322 nobis
2633 4271 2865 4326 nominis
2887 4273 3297 4342 appellationem
3330 4277 3706 4346 interpretari,
3741 4283 3823 4335 in-

2235 4357 2385 4427 quit:
2416 4356 2512 4411 llic
2535 4361 2753 4430 speravit
2781 4362 3014 4416 invocare
3040 4381 3217 4418 nomen
3241 4365 3444 4419 Domini
3468 4366 3582 4422 Dei.
3610 4370 3689 4424 Ex
3720 4369 3824 4427 hoc

2237 4451 2376 4505 enim
2400 4452 2621 4520 posthac
2637 4454 2822 4509 beatus
2848 4455 3101 4525 propheta
3124 4459 3488 4528 genealogiam
3517 4461 3824 4531 incepturus

2237 4551 2340 4608 est,
2372 4541 2568 4612 rejecta
2609 4548 2864 4602 memoria
2908 4548 3059 4618 Cain,
3100 4560 3155 4605 et
3197 4565 3382 4605 eorum
3428 4554 3517 4622 qui
3558 4569 3730 4625 usque
3758 4557 3823 4611 ad

2238 4632 2469 4688 Lamech
2495 4634 2561 4690 ab
2587 4650 2652 4690 eo
2679 4636 3090 4694 descenderunt.
3113 4640 3242 4694 Nam
3270 4643 3390 4712 quia
3417 4645 3700 4712 primatum
3727 4662 3824 4702 na-

2239 4734 2354 4781 tura
2383 4727 2486 4782 sibi
2513 4728 2693 4784 datum
2714 4771 2728 4796 ,
2762 4720 3193 4801 primogenitum
3219 4733 3550 4804 dignitatem,
3581 4737 3821 4807 inquam,

2239 4834 2348 4874 sua:
2371 4821 2656 4877 voluntatis
2683 4823 2881 4878 malitia
2909 4825 3308 4892 dehonestarat,
3330 4836 3386 4882 et
3405 4828 3538 4898 ipse,
3567 4840 3619 4883 et
3639 4831 3730 4899 qui
3754 4846 3822 4885 ex

2239 4924 2304 4964 eo
2352 4912 2484 4977 nati,
2531 4912 2772 4983 catalogo
2817 4914 3101 4982 ejiciuntur
3140 4933 3153 4968 :
3187 4914 3318 4970 Seth
3363 4933 3491 4972 vero
3540 4919 3682 4988 quod
3724 4920 3824 4974 sibi

2240 5010 2426 5056 natura
2457 5013 2705 5073 negatum
2736 5013 2872 5069 erat,
2901 5004 2951 5059 id
2978 5020 3040 5059 ex
3072 5007 3238 5075 probo
3268 5009 3390 5063 vitae
3422 5009 3663 5065 instituto
3688 5027 3824 5066 con-

2239 5094 2497 5164 sequitur,
2523 5109 2713 5165 nempe
2742 5096 2873 5172 inse
2899 5097 3207 5152 translatum
3236 5099 3671 5170 primogenitum:
3692 5103 3820 5172 jus:

2239 5196 2292 5241 et
2319 5188 2562 5256 quamvis
2591 5204 2696 5243 non
2735 5168 2944 5254 natitra,
2973 5199 3206 5246 attamen
3235 5192 3307 5247 ob
3336 5168 3624 5249 voluntatis
3645 5196 3824 5252 inten—

2241 5279 2462 5344 tionem,
2495 5279 2655 5334 etiam
2687 5281 2775 5350 qui
2803 5297 2868 5335 ex
2898 5296 2962 5335 eo
2989 5282 3098 5337 nati
3120 5293 3276 5351 sunt,
3307 5285 3360 5339 in
3385 5286 3713 5357 genealogiis
3735 5305 3824 5346 re-

2239 5379 2544 5425 censentur.
2575 5371 2642 5425 Et
2665 5373 2804 5426 sicut
2831 5370 2917 5428 hic
2942 5373 3085 5430 Enos
3112 5385 3331 5430 vocatus
3351 5387 3453 5443 est,
3477 5392 3543 5432 eo
3567 5378 3708 5446 quod
3740 5380 3825 5434 in-

2240 5462 2448 5516 vocavit
2478 5475 2671 5516 nomen
2697 5463 2904 5516 Domini
2932 5464 3026 5517 Dei
3058 5482 3070 5518 :
3103 5464 3179 5519 sic
3206 5473 3262 5521 et
3280 5467 3368 5537 qui
3397 5482 3460 5520 ex
3485 5481 3550 5521 eo
3572 5466 3822 5537 deinceps

2240 5553 2441 5609 ducunt
2471 5553 2758 5624 originem,
2789 5555 3031 5609 eamdem
3065 5561 3363 5611 sortiuntur
3388 5558 3819 5646 appellationem.

2240 5643 2529 5716 Propterea
2567 5643 2748 5700 beatus
2804 5645 2887 5702 hic
2937 5647 3192 5717 propheta
3238 5647 3503 5702 narrando
3556 5643 3658 5706 hoc
3705 5650 3817 5708 loco

2242 5741 2558 5817 subsistens,
2591 5735 2732 5793 aliud
2765 5737 2954 5794 iterum
2977 5738 3298 5811 principium
3326 5736 3554 5796 orditur.
