4058 6302
281 326 388 383 173

348 438 409 493 5.
444 436 666 494 Horatia
684 437 970 493 exhortatio
995 444 1174 492 contra
1201 434 1487 489 avaritiam.
1520 462 1589 475 —-
1617 431 1885 489 Caeterum

279 546 349 585 ne
398 528 614 601 incepta
664 529 894 585 iectione
917 528 1208 599 aliquanto
1247 524 1595 597 prolixiorem
1643 532 1887 580 texamus

276 636 627 687 sertuouem,
657 620 745 675 hic
774 624 936 675 etiam
984 633 1084 677 nos
1120 632 1244 674 cum
1287 616 1447 673 beato
1498 613 1761 686 propheta
1807 614 1889 668 di-

277 714 444 770 cendi
490 713 651 769 linem
690 710 985 780 faciamus,
1016 719 1332 783 sequentem
1367 707 1887 779 interpretationem,

276 806 323 859 si
356 806 506 861 Deus
549 804 879 876 permiserit,
921 805 975 859 in
1009 804 1175 860 alium
1201 815 1506 859 sermonem
1543 808 1886 871 reponentes.

280 896 401 953 iam
426 906 608 953 autem
630 895 957 952 admonitam
979 896 1259 952 caritatem
1286 902 1519 951 vestram
1546 893 1762 958 vellem,
1783 904 1892 962 quo

175 996 188 1009 '
282 987 610 1055 ampliorem
652 988 937 1057 quemdam
967 1002 1032 1042 ex
1064 986 1223 1042 dictis
1250 985 1451 1041 nostris
1496 980 1731 1039 fructum
1770 996 1894 1053 per-

284 1078 526 1149 cipiatis,
558 1089 617 1134 nt
637 1078 880 1149 quotidie
905 1093 999 1134 vos
1023 1076 1366 1140 csaminetis,
1397 1074 1524 1146 quid
1552 1089 1617 1129 es
1650 1072 1753 1129 hoc
1777 1086 1895 1129 ser-

285 1186 475 1233 mone,
503 1180 563 1226 et
605 1169 732 1241 quid
776 1186 841 1224 ex
890 1170 997 1223 alio
1044 1167 1437 1229 lucrifeceritis,
1469 1173 1527 1222 et
1566 1179 1673 1220 non
1718 1162 1893 1218 solum

285 1259 518 1316 auribus
548 1259 857 1331 percipiatis
895 1267 1074 1314 nostra
1101 1257 1273 1323 dicta,
1302 1255 1398 1313 sed
1426 1265 1479 1313 et
1510 1254 1674 1310 menti
1705 1261 1897 1310 vestrae

288 1349 431 1405 iteite
447 1348 863 1415 commenticiis,
890 1357 944 1402 ct
971 1346 1281 1419 quOtidiana
1312 1345 1661 1404 meditatione
1686 1344 1894 1399 iirmam

291 1440 371 1495 rei
404 1440 723 1495 memoriam
755 1440 998 1495 teneatis.
1048 1439 1249 1494 \‘ellcm
1281 1437 1425 1493 enim
1465 1450 1562 1492 vos
1600 1452 1709 1493 non
1739 1434 1895 1490 vobis

291 1538 505 1584 tantmn
527 1529 918 1601 proficere,‘sed
947 1539 1001 1584 et
1021 1529 1247 1584 aliorum
1274 1527 1390 1584 ﬁeri
1418 1527 1727 1599 magistros,
1755 1526 1828 1581 ita
1844 1534 1900 1582 ut

294 1624 520 1693 possitis
536 1622 696 1679 etiam
724 1622 862 1677 alios
886 1622 1199 1690 admonere,
1225 1636 1401 1693 neque
1420 1620 1523 1677 hoc
1550 1618 1731 1676 verbis
1746 1619 1901 1674 dum-

290 1723 456 1779 taxat,
488 1728 683 1785 agere,
734 1713 829 1770 sed
864 1723 922 1770 ct
964 1714 1218 1786 operibus
1258 1713 1474 1770 erudire
1522 1712 1795 1783 proximos
1832 1711 1899 1766 ad

295 1803 622 1874 pra-claruit:
648 1805 861 1860 virtutis
878 1805 940 1858 of
940 1805 1138 1859 licium.
1157 1804 1423 1876 Cogitate,
1445 1818 1566 1869 oro,
1586 1803 1631 1859 si
1662 1816 1777 1868 vos,
1806 1802 1900 1873 qui

295 1896 387 1951 hic
413 1894 674 1961 affuistis,
702 1895 941 1966 quotidie
985 1890 1374 1966 portiunculam
1417 1905 1622 1951 tantum
1666 1894 1903 1965 accepis-

294 1986 432 2041 sctis
459 1987 528 2040 ad
554 1985 921 2043 emendandas
949 1986 1288 2045 all‘ectionum
1312 1987 1767 2059 perturbationes,
1790 1988 1901 2058 jam

295 2077 368 2133 ad
418 2092 688 2133 summum
735 2080 950 2149 aliquod
994 2080 1264 2152 fastigium
1310 2090 1665 2152 perventuros
1716 2081 1900 2137 fuisse.

303 2169 443 2225 Nam
475 2160 581 2225 non
612 2185 891 2228 cessamus
914 2172 1239 2242 quotidianis
1263 2173 1603 2229 sermonibus
1623 2172 1905 2253 inculcare

296 2260 525 2318 auribus
553 2264 770 2330 vestris,
800 2279 921 2335 qua:
946 2264 1015 2320 ad
1041 2265 1417 2321 instituendam
1447 2267 1707 2337 optimam
1741 2266 1903 2321 vitam

299 2355 560 2421 attinent,
588 2365 646 2411 ut
676 2355 1017 2413 cradicentur
1041 2355 1170 2413 mali
1195 2358 1283 2413 isti
1310 2356 1556 2424 alfcctus,
1582 2357 1718 2413 iram
1743 2355 1902 2423 dico;

300 2447 560 2505 invidiam
598 2449 906 2507 et‘livorem
941 2468 955 2505 :
984 2450 1180 2523 quibus
1202 2450 1464 2517 sublatis,
1498 2449 1705 2507 facilius
1731 2458 1789 2506 et
1824 2449 1907 2505 in—

300 2537 459 2594 sania
502 2536 590 2594 illa
624 2539 677 2595 in
716 2540 1033 2611 colligendis
1074 2541 1314 2613 pecuniis
1342 2541 1772 2598 emendationem
1807 2540 1907 2597 ad-

300 2627 542 2684 mitteret
588 2630 714 2703 :(a)
744 2641 799 2687 et
838 2641 1086 2688 cesSante
1135 2631 1341 2687 insania
1385 2632 1662 2701 avaritim,
1714 2631 1905 2703 majorl

302 2726 598 2781 securitate
649 2727 848 2783 illicita:
890 2726 1155 2801 {teda-que
1192 2729 1547 2801 cogitationes
1582 2729 1907 2801 comprime-

302 2824 495 2871 rentur
527 2836 542 2872 :
594 2814 765 2873 findit
808 2821 942 2874 enim
992 2820 1225 2875 omnium
1279 2821 1533 2876 "talorum
1570 2830 1644 2877 est
1691 2820 1908 2876 avaritia

302 2909 387 2977 (ί.
415 2908 547 2963 Tim.
577 2910 633 2966 6.
670 2910 779 2983 l0).
815 2910 969 2979 Quod
1010 2912 1055 2968 si
1100 2912 1338 2968 radicem
1386 2913 1813 2980 resecuerinms,
1854 2919 1910 2968 et

304 3001 546 3055 funditus
573 3003 1079 3073 esstirpaverimns,
1113 3004 1321 3061 facilius
1352 3019 1534 3060 ramos
1570 3001 1752 3061 licebit
1790 3019 1905 3059 ain-

303 3102 519 3163 putare.
550 3095 659 3148 Arx
702 3096 846 3149 enim
892 3095 1189 3160 malorum,
1218 3105 1273 3151 et
1297 3095 1601 3166 col0plion,
1636 3106 1695 3151 ut
1730 3096 1801 3151 ita
1827 3090 1909 3149 di-

303 3200 452 3247 cam,
481 3195 823 3255 peccaturum
842 3226 861 3255 ,
903 3195 985 3243 est
1011 3187 1190 3245 rabies
1215 3188 1305 3261 illa
1331 3188 1755 3261 colligendarum,
1776 3188 1910 3245 divi-

306 3277 532 3343 tiarum,
560 3292 722 3347 quam
746 3279 790 3333 si
812 3278 1034 3334 domare
1057 3260 1409 3348 voluerimus,
1434 3260 1564 3334 nihil
1592 3289 1757 3347 vetat,
1779 3282 1909 3353 quin

304 3370 471 3425 simul
495 3379 551 3426 et
575 3371 676 3427 hac
702 3372 906 3427 insania
935 3372 1241 3440 liberemur,
1269 3381 1465 3429 etcum
1488 3372 1588 3430 liae
1616 3373 1913 3431 evellamus

305 3473 369 3519 et
390 3463 732 3521 eradiccmus
776 3480 966 3522 omnes
1011 3466 1343 3537 perniciosos
1381 3465 1625 3523 allectus.
1675 3466 1794 3523 iam
1844 3482 1912 3525 ne

306 3556 632 3612 existimetis
663 3574 912 3629 ntagnum
940 3558 1141 3629 aliquid
1170 3568 1223 3615 et
1253 3574 1415 3631 grave
1445 3574 1567 3616 esse
1585 3573 1747 3630 opum
1777 3574 1911 3615 con-

310 3657 602 3717 templum.
644 3648 780 3717 Quia
810 3666 932 3704 cum
962 3665 1173 3706 mecum
1218 3660 1429 3721 reputo,
1459 3661 1566 3706 tam
1615 3650 1814 3705 multos
1841 3650 1914 3706 ob

310 3739 529 3794 imnem
562 3749 617 3794 et
644 3740 884 3796 inutilem
921 3741 1146 3812 gloriam
1191 3741 1355 3796 multa
1394 3742 1507 3797 auri
1555 3742 1752 3796 talenta
1780 3740 1917 3797 effu-

310 3829 463 3886 disse
488 3831 541 3886 in
569 3832 773 3886 nullam
804 3833 1112 3897 utilitatem,
1136 3831 1230 3890 sed
1258 3841 1314 3887 ιιι
1340 3846 1369 3886 a
1390 3832 1830 3889 circumforaneis
1857 3842 1913 3887 ct

312 3921 617 3976 trivialibns
655 3922 993 3978 homunculis
1029 3936 1363 3993 aucupentur
1409 3924 1640 3978 mnninis
1682 3923 1879 3980 celebri

313 4020 504 4078 tatrm,
535 4028 658 4083 qua:
682 4012 747 4067 ad
779 4029 1058 4081 vesperam
1081 4014 1306 4080 desinit,
1351 4024 1406 4069 et
1433 4030 1578 4085 sa-pe
1608 4030 1714 4069 non
1744 4030 1912 4085 usque
1957 4054 1962 4060 -

311 4102 382 4157 ad
418 4120 701 4175 vesperam
724 4104 903 4171 durat,
932 4106 1026 4161 scd
1057 4114 1111 4161 ct
1143 4104 1452 4177 priusquam
1497 4107 1614 4161 dies
1641 4105 1913 4177 complea-

313 4204 425 4260 tur,
450 4194 747 4251 innumeris
763 4195 918 4251 malis
931 4196 1296 4253 circumdatur
1315 4214 1330 4263 ;
1351 4195 1424 4270 (ιι)
1448 4196 1558 4271 [alii
1582 4192 1759 4253 autem
1784 4214 1913 4269 gen-

312 4287 485 4342 tilium
515 4303 701 4345 crrnre
744 4290 1135 4361 praeoccupati,
1165 4291 1327 4346 etiam
1368 4292 1467 4360 ipsi
1509 4291 1573 4345 ad
1626 4290 1912 4348 hum-mam

316 4377 675 4448 respicientes
702 4379 928 4453 gloriam
950 4423 966 4448 ,
992 4397 1153 4450 quam
1182 4382 1399 4437 maximi
1428 4382 1623 4437 faciunt
1644 4425 1658 4448 ,
1690 4383 1914 4452 abjcctis

308 4468 476 4523 simul
506 4470 781 4537 erunibus,
818 4481 878 4528 et
908 4472 1072 4542 pallio
1114 4483 1320 4528 tantum
1369 4484 1527 4543 atque
1566 4475 1756 4530 baculo
1794 4490 1912 4530 scr—

312 4561 473 4627 vatis,
505 4576 727 4617 onmem
752 4564 917 4619 vitam
942 4564 1021 4621 sic
1045 4565 1266 4637 exigunt
1286 4605 1299 4629 ,
1331 4579 1546 4620 omnem
1576 4565 1815 4621 laborem
1846 4567 1912 4620 il-

315 4652 424 4705 lum
456 4662 512 4707 et
539 4654 813 4710 miseriam
840 4657 911 4710 ob
939 4657 1064 4710 vani
1090 4656 1323 4711 nominis
1362 4656 1729 4712 celebritatem
1757 4672 1913 4711 assu-

311 4740 548 4815 inenles]
576 4760 589 4796 :
618 4759 738 4806 cum
761 4745 920 4815 igitur
942 4746 1055 4802 lucc
1080 4761 1288 4802 mecum
1309 4758 1521 4819 reputo,
1550 4749 1732 4804 nescio
1752 4764 1912 4820 quam

312 4833 549 4889 liabtnri
599 4836 769 4891 simus
812 4838 896 4891 vel
938 4839 1367 4904 excusationem,
1412 4839 1496 4895 vel
1542 4840 1774 4903 veniam,
1823 4841 1913 4917 qui

314 4941 491 4994 neque
516 4926 590 4980 ob
632 4928 940 4984 mandattun
972 4946 1003 4985 a
1034 4931 1261 4985 Domino
1298 4930 1550 4986 traditum
1572 4972 1587 4997 ,
1637 4946 1813 5003 neque
1844 4934 1917 4987 ob

313 5017 541 5085 gloriam
582 5018 724 5072 illam
772 5021 1129 5077 immortalem
1157 5032 1212 5078 el
1242 5023 1672 5091 interminatam,
1701 5024 1784 5079 vel
1817 5026 1913 5079 mi-

315 5109 514 5161 nimam
547 5123 728 5163 rerum
761 5120 1063 5165 nostrarum
1098 5115 1398 5183 portionem
1428 5115 1732 5183 relinquere
1758 5118 1917 5171 susti-

316 5215 525 5267 nt'mus,
556 5200 627 5270 (ι’)
655 5202 783 5270 quin
815 5214 883 5281 et
915 5202 1213 5259 deteriores
1249 5206 1353 5261 illis
1396 5206 1695 5274 reddimur,
1742 5224 1919 5278 neque

314 5301 577 5359 quantum
622 5292 693 5347 sit
728 5294 1013 5350 discrimen
1058 5297 1372 5368 cogitamus.
1416 5300 1549 5355 Nam
1587 5300 1661 5355 illi
1705 5302 1776 5358 ob
1824 5302 1920 5355 ho-

375 5383 451 5449 (ῃ)
465 5391 583 5449 Quae
602 5392 897 5449 sequuntur,
920 5387 981 5436 ah
1001 5387 1077 5437 bis
1100 5389 1281 5446 verbis,
1299 5395 1346 5439 et
1370 5393 1584 5440 cessante
1597 5388 1786 5441 insania
1809 5402 1921 5441 mta-

320 5446 449 5492 ntt’w
471 5447 577 5514 txai
594 5450 678 5500 τῆς
698 5446 804 5506 περὶ
827 5448 886 5493 τὰ
907 5449 1127 5509 χρήματα
1148 5450 1355 5511 μανίας),
1378 5466 1533 5514 usque
1552 5453 1611 5501 ad
1633 5454 1717 5503 illa
1738 5457 1905 5514 verba,

320 5513 425 5580 post
451 5506 629 5580 decem
662 5514 866 5580 Cll‘cllel’
891 5506 1081 5580 versus,
1100 5506 1327 5580 magnum
1346 5506 1538 5580 aliquid
1558 5519 1605 5563 et
1636 5528 1785 5580 grave

317 5578 459 5671 (jam:
484 5570 811 5673 (t-U'nltilllplftm
841 5570 1083 5631 (φορτικὸν
1104 5570 1220 5619 sive“
1243 5573 1298 5619 τὸ
1326 5570 1584 5635 χρημάτων
1609 5570 1905 5642 ὑῖτεριδιῖν),

357 5642 480 5673 θδιιιι
536 5641 583 5673 ΙΙΙ
641 5642 822 5673 .UISH".

357 5636 502 5673 esnnt
536 5632 583 5673 in
613 5632 822 5676 Loislin.

378 5687 453 5811 Eb)
477 5696 592 5745 Quae
619 5692 810 5739 uncinis
832 5692 1137 5759 clauduntur,
1159 5697 1340 5747 desunt
1362 5700 1407 5748 in
1429 5700 1715 5752 Coisliaiano
1732 5703 1921 5754 Codice.

400 5752 449 5810 ι’)
482 5761 598 5805 anno
623 5760 901 5811 sequuntur
927 5770 1080 5811 usque
1101 5761 1177 5811 ad.
1204 5762 1507 5811 cﬂimdanms
1530 5777 1660 5811 erae.
1682 5770 1859 5811 (Insunt
1876 5768 1921 5811 in

400 5752 452 5824 ι’)
482 5761 598 5824 ωηεν
623 5760 901 5824 ςςιιιιξιιιιω·
927 5752 1080 5819 usque
1101 5752 1177 5824 ad,
1204 5762 1507 5822 rﬂimdantus
1530 5777 1660 5824 ergo,
1682 5752 1925 5817 dcsnntin

314 5812 488 5864 ("Mill
518 5813 608 5875 ,ite
636 5812 1204 5880 'Jt'pittsqttatn'ditnidia
1231 5812 1403 5883 fagina
1423 5812 1627 5875 deﬁciat.

1370 321 1437 379 IN
1472 319 1627 380 CAP.
1670 320 1757 378 iV.
1799 318 2044 379 GENES.
2087 320 2318 379 IIOSIIL.
2362 322 2484 380 XX.

3456 317 3601 379 ‘1'“

1995 432 2224 498 minam,
2249 432 2614 507 qul‘ejusdem
2641 440 2848 490 natura:
2873 439 3032 499 sunt,
3060 431 3301 488 inutilem
3330 430 3558 504 gloriam
3576 471 3595 498 ,

1993 540 2234 598 eousque
2253 535 2622 597 pervenerunt
2668 534 2726 583 ut
2771 534 2881 582 tam
2924 532 3090 583 multa
3136 523 3422 597 proﬁciant
3449 542 3465 580 :
3496 540 3596 580 nos

1995 625 2175 672 autem
2203 625 2427 688 propter
2456 615 2740 673 Dominum
2773 625 3016 672 nostrum
3036 658 3051 682 ,
3081 616 3175 686 qtti
3201 615 3507 687 suppeditat
3533 631 3597 672 ea

1995 721 2115 776 qua:
2141 706 2503 778 possidemus,
2521 716 2576 764 et
2594 707 2885 763 ineffabilia
2908 707 2999 763 illa
3016 706 3156 763 dona
3185 707 3489 777 pollicetur,
3505 722 3598 763 sa}

1998 811 2065 866 pe
2083 812 2255 868 neque
2278 812 2500 868 parvum
2522 797 2776 869 quiddam
2807 797 3055 869 inopibus
3074 811 3302 869 erogare
3327 796 3595 852 volumus.

2000 887 2068 943 Et
2108 888 2360 959 qualibus
2402 889 2572 945 oculis
2616 888 2917 945 videbimus
2959 887 3227 952 Iudicem,
3270 887 3602 959 negligentes

1999 980 2314 1036 mandatum
2342 980 2485 1036 illius
2508 991 2616 1035 tam
2644 979 2838 1037 facile?
2867 978 3004 1036 Num
3029 979 3309 1046 adhortor,
3341 986 3399 1035 ut
3419 978 3600 1032 onmia

2000 1079 2180 1127 vestra
2206 1070 2507 1143 abjiciatis?
2538 1072 2743 1129 Fruere
2786 1071 2936 1126 omni
2967 1071 3355 1142 prosperitate,
3393 1079 3447 1149 et
3476 1084 3602 1125 eum

2001 1164 2132 1219 satis
2159 1163 2351 1221 ieceris
2379 1175 2473 1221 tuo
2502 1166 2659 1231 usui,
2689 1181 2810 1238 quae
2837 1179 3167 1236 supervacua
3215 1163 3308 1219 tibi
3338 1171 3393 1219 et
3428 1164 3603 1219 otiosa

1996 1255 2200 1326 jacent,
2243 1258 2297 1312 in
2324 1258 2687 1314 necessarium
2715 1272 2870 1313 usum
2909 1265 3203 1323 converte,
3245 1254 3473 1327 aliisque
3494 1253 3610 1310 dis-

2006 1347 2181 1404 tribue
2218 1348 2360 1405 fame
2408 1349 2814 1417 laborantibus,
2846 1358 2902 1405 et
2940 1348 3063 1420 gelu
3101 1347 3513 1420 rigescentibua,
3554 1356 3610 1403 et

2006 1453 2103 1507 per
2127 1438 2345 1495 illorum
2385 1455 2577 1497 manus
2622 1442 2676 1496 in
2719 1449 2861 1495 tuam
2904 1440 3131 1511 patriam
3177 1440 3519 1505 transmitte,
3554 1440 3607 1494 in

2004 1543 2166 1598 quam
2197 1529 2510 1599 propediem
2539 1530 2631 1585 tibi
2661 1531 2989 1601 pergendum
3010 1571 3026 1597 ,
3060 1538 3118 1583 ut
3149 1530 3218 1584 ibi
3241 1529 3496 1600 accipias.
3533 1528 3610 1583 Illi

2006 1622 2151 1676 cnim
2191 1623 2482 1693 plurimum
2514 1622 2609 1679 tibi
2657 1623 2917 1693 prodesse
2956 1631 3207 1692 poterunt
3254 1622 3322 1677 ad
3368 1629 3611 1677 transve-

2008 1714 2214 1771 hendas
2243 1716 2370 1773 illuc
2394 1730 2525 1787 epes
2554 1733 2570 1771 :
2599 1726 2658 1771 ut
2682 1715 2898 1788 quando
2919 1716 3045 1775 illuc
3067 1715 3285 1781 abieris,
3316 1712 3495 1768 omnia
3523 1713 3610 1766 in-

2005 1805 2195 1861 venias
2221 1806 2364 1882 bene
2409 1806 2694 1879 disposita,
2725 1806 3024 1878 maiorique
3068 1806 3176 1861 illic
3218 1803 3415 1859 fruaris
3442 1802 3613 1880 abun-

2006 1895 2210 1964 (lautia,
2234 1886 2422 1954 videns
2441 1913 2504 1956 ea
2526 1912 2557 1953 a
2583 1897 3076 1963 transVehentibus,
3101 1897 3210 1953 imo
3227 1912 3257 1950 a
3281 1896 3613 1966 benignitate

2009 1989 2127 2058 Dei,
2154 1992 2235 2045 ita
2253 1990 2631 2061 multiplicata.
2664 1991 2801 2047 Num
2834 1990 3074 2047 laborem
3105 1989 3269 2045 habet
3296 1988 3346 2044 id
3376 1988 3612 2059 negotii?

2009 2097 2138 2137 num
2180 2096 2400 2149 curam,
2452 2098 2580 2139 num
2629 2081 3089 2138 sollicitudinem?
3131 2080 3213 2136 Ad
3268 2080 3385 2135 hac
3436 2089 3617 2136 trans-

2011 2175 2254 2232 vehenda
2303 2175 2456 2233 nullo
2501 2176 2595 2232 tibi
2638 2191 2772 2248 opus
2797 2185 2882 2233 est
2902 2175 3169 2246 iumento,
3216 2189 3324 2230 non
3366 2171 3612 2237 custode,

2009 2281 2185 2339 neque
2210 2266 2322 2323 ullo
2343 2266 2473 2323 alio.
2500 2265 2856 2345 Nulluseuim
2886 2266 3023 2321 latro
3052 2266 3132 2322 vel
3165 2264 3250 2321 fur
3279 2264 3379 2321 hac
3409 2264 3493 2320 via
3526 2264 3612 2318 in-

2008 2359 2171 2429 cedit,
2195 2371 2253 2416 ut
2282 2374 2480 2417 nocere
2499 2368 2662 2433 queat
2680 2361 2745 2416 iis
2768 2375 2891 2431 qua:
2908 2375 2937 2413 a
2963 2371 3014 2414 te
3038 2359 3165 2415 illuc
3180 2358 3463 2413 mittuntur
3483 2375 3497 2412 :
3517 2358 3613 2412 sed

2011 2465 2073 2507 ea
2103 2466 2225 2523 qua:
2262 2451 2572 2523 reposueris
2616 2450 2670 2506 in
2710 2465 3005 2522 egenorum
3047 2464 3272 2515 atauus,
3309 2448 3397 2504 illa
3428 2448 3481 2504 in
3528 2462 3617 2503 se-

2010 2559 2201 2601 curum
2230 2544 2659 2618 promptua’rium
2679 2584 2696 2611 ,
2728 2557 2922 2614 nempe
2949 2556 3180 2598 mannm
3207 2541 3301 2599 Dei
3327 2539 3571 2598 eli'undes
3598 2558 3613 2595 :

2010 2653 2131 2707 qua:
2162 2636 2502 2693 inviolataet
2527 2635 2797 2693 custodita
2828 2634 3120 2707 prabebit,
3148 2644 3206 2691 et
3235 2649 3358 2689 cum
3388 2631 3618 2689 redieris

2013 2731 2066 2783 in
2090 2730 2341 2800 patriam,
2364 2729 2471 2784 illis
2496 2728 2722 2784 redditis
2743 2728 2903 2782 ctiam
2930 2725 3242 2797 prmdicabit
3267 2725 3454 2782 laudes
3473 2736 3611 2790 tuas,

2011 2830 2067 2876 et
2095 2805 2401 2887 coronabit,
2430 2834 2495 2876 ac
2517 2829 2568 2876 te
2598 2818 2653 2876 iu
2679 2818 2959 2875 latitudine
2983 2818 3339 2883 constituens,
3362 2831 3613 2874 securum

2011 2921 2071 2971 ct
2093 2912 2304 2970 felicem
2330 2911 2541 2969 reddet.
2580 2910 2931 2968 Eﬂ'undamus
2954 2924 3106 2981 ergo,
3126 2922 3346 2981 precor,
3366 2908 3614 2979 deposita

2013 3007 2067 3061 in
2108 3020 2406 3079 pauperum
2459 3014 2712 3072 ventres,
2752 3012 2807 3062 et
2842 3004 3172 3063 seminemus
3222 3001 3352 3060 dum
3406 3010 3618 3073 tempus

2013 3106 2118 3166 est,
2150 3108 2207 3154 ut
2233 3108 2540 3170 opportuno
2571 3110 2815 3169 tempore
2837 3106 3126 3166 metamus,
3153 3096 3230 3170 (α)
3256 3105 3311 3153 et
3340 3111 3409 3152 ne
3440 3105 3616 3152 trans-

2014 3191 2178 3246 missa
2222 3192 2486 3263 temporis
2531 3191 2967 3263 opportunitate,
3012 3191 3241 3262 posthac
3280 3190 3477 3246 frustra
3518 3204 3621 3246 nos

2016 3283 2295 3355 paeniteat.
2328 3283 2561 3341 llaccine
2590 3283 2659 3341 de
2682 3297 2844 3340 causa
2873 3282 3140 3356 benignus
3169 3283 3310 3338 Deus
3342 3282 3492 3353 plura
3524 3282 3617 3337 tibi

2015 3376 2238 3448 largitus
2262 3386 2368 3443 cst,
2397 3387 2456 3433 ut
2502 3377 2555 3432 in
2598 3386 2747 3432 tuum
2777 3376 2949 3431 solius
2991 3390 3148 3434 usum
3189 3373 3470 3445 impendas
3499 3389 3620 3438 qua:

2014 3456 2258 3534 drdit,’ct
2284 3468 2489 3539 reliqua
2521 3467 2574 3522 in
2598 3466 2796 3523 arculis
2822 3476 2873 3523 et
2905 3466 3292 3538 promptuariis
3319 3463 3619 3521 recondas?

2017 3559 2223 3633 Nemea
2260 3559 2330 3616 de
2357 3574 2542 3627 causa,
2572 3559 2669 3616 sed
2694 3554 2752 3615 ut
2770 3600 2790 3627 ,
2821 3557 3117 3616 secundum
3144 3557 3496 3629 apostolicam
3523 3558 3621 3612 ad-

2017 3653 2392 3725 monitionem,
2415 3650 2746 3709 abundantia
2793 3660 2882 3707 tua
2925 3649 3157 3719 aliorum
3206 3647 3445 3719 inopiam
3494 3663 3622 3718 sup-
3697 3682 3707 3691 -

2017 3745 2159 3814 pleat
2183 3743 2259 3816 (ει
2290 3743 2410 3799 Cor.
2439 3742 2491 3798 8.
2520 3743 2633 3813 li).
2656 3741 2724 3797 Et
2741 3750 2794 3795 lu
2816 3741 3034 3812 quidem
3066 3738 3288 3796 forsitan
3310 3736 3473 3795 etiam
3500 3738 3623 3839 plus

2015 3851 2175 3907 quam
2199 3844 2438 3908 opusest
2454 3834 2542 3893 his
2562 3834 2759 3892 frueris
2788 3830 3092 3900 inde-liciis,
3115 3832 3377 3901 Vestibus,
3403 3830 3624 3904 alio‘que

2017 3927 2144 3983 lnxu
2166 3969 2181 3995 ,
2209 3927 2379 3983 servis
2413 3940 2632 3998 quoque
2656 3934 2713 3982 et
2758 3924 2931 3982 brutis
2966 3934 3250 3997 argentum
3276 3925 3505 3979 multum
3532 3923 3624 3980 di-

2018 4022 2242 4078 videns:
2284 4035 2487 4092 pauper
2529 4029 2708 4075 autem
2753 4019 2886 4075 nihil
2931 4017 3126 4073 horum
3166 4033 3196 4072 a
3241 4027 3294 4076 te
3335 4018 3484 4089 petit,
3524 4017 3622 4073 sed

2019 4122 2227 4168 tantum
2251 4122 2310 4169 ut
2329 4112 2527 4169 fainem
2548 4111 2763 4183 mitiges
2778 4151 2794 4178 ,
2822 4120 2884 4166 ut
2908 4109 3279 4182 quotidianum
3310 4110 3387 4165 illi
3412 4109 3619 4177 cibum,

1932 4261 1937 4267 ,
2015 4220 2080 4261 ac
2098 4206 2460 4262 necessarium
2485 4219 2641 4261 nsum
2666 4203 2885 4270 tribuas,
2916 4213 2978 4258 ut
3004 4201 3170 4270 vivat,
3190 4211 3247 4259 et
3266 4216 3373 4257 non
3398 4212 3583 4271 pereat
3607 4220 3622 4257 :

2020 4309 2075 4356 et
2100 4315 2277 4371 neque
2306 4300 2408 4355 hoc
2446 4298 2627 4355 facere
2656 4298 2894 4369 dignaris
2914 4338 2930 4363 ,
2962 4310 3138 4367 neque
3165 4294 3393 4366 cogitas,
3425 4304 3479 4349 te
3506 4293 3622 4363 ple-

2020 4408 2244 4463 rumque
2265 4393 2446 4448 subito
2465 4391 2769 4461 abreptum,
2797 4389 2976 4445 omnia
3001 4403 3120 4459 qute
3144 4388 3366 4443 collecta
3389 4396 3513 4440 sunt
3532 4384 3624 4441 hic

2019 4485 2360 4555 relinquere,
2392 4493 2449 4539 ct
2478 4483 2745 4539 interdum
2775 4482 2828 4537 in
2863 4482 3047 4538 hostes
3071 4491 3127 4537 et
3171 4481 3414 4536 inimicos
3443 4488 3622 4534 trans-

2020 4577 2183 4641 [νη-ῖς
2218 4589 2271 4631 te
2299 4585 2478 4632 autem
2511 4574 2745 4645 peccatis
2770 4572 3053 4635 omnibus.
3084 4588 3181 4645 per
3208 4586 3329 4641 qua:
3359 4570 3475 4625 inec
3502 4571 3622 4625 col-

2023 4669 2218 4738 legisti.
2263 4678 2441 4722 tecum
2487 4666 2720 4735 receptis
2766 4664 2891 4719 hinc
2927 4663 3180 4733 migrare.
3219 4660 3288 4716 Et
3328 4660 3455 4732 quid
3497 4670 3627 4715 tunc.

2021 4762 2170 4815 dices
2199 4761 2249 4814 in
2281 4760 2369 4815 die
2400 4758 2490 4814 illo
2522 4756 2784 4812 terribili?
2810 4756 3081 4828 quomodo
3110 4764 3161 4809 te
3186 4753 3468 4811 exeuSabis
3487 4792 3503 4817 ,
3533 4754 3625 4823 qui

2022 4855 2094 4907 ita
2124 4853 2459 4923 negligenter
2479 4850 2668 4906 salutis
2695 4849 2967 4921 negotium
2992 4846 3305 4903 instituisti?
3332 4845 3622 4916 PrOpterea
3645 4848 3654 4859 ’

2022 4946 2154 5001 mihi
2180 4946 2525 5013 obtempera,
2557 4952 2759 4998 etcum
2789 4941 2967 4997 adhuc
3010 4949 3222 5009 tempus
3256 4937 3424 4995 babes
3444 4980 3457 5003 ,
3490 4948 3624 5007 opes

2022 5035 2698 5113 supervacuasdistribue,
2731 5044 2791 5087 ut
2817 5033 2965 5104 prius
2993 5032 3102 5087 illic
3127 5032 3183 5086 in
3214 5041 3358 5087 tuam
3386 5030 3623 5099 reposita

2024 5131 2222 5185 habeas
2261 5129 2515 5197 salutem,
2564 5137 2619 5181 ct
2662 5142 2760 5198 pro
2803 5128 2909 5182 illis
2950 5138 3208 5197 perpetua
3251 5126 3390 5183 bona
3430 5139 3626 5179 conse-

2022 5226 2205 5293 quavis
2238 5242 2251 5277 :
2284 5238 2405 5294 qua:
2437 5239 2534 5278 nos
2563 5238 2750 5277 utnnes
2772 5223 3023 5278 obtinere
3052 5220 3346 5289 contingat,
3374 5217 3545 5291 gratia
3571 5225 3627 5270 et

2026 5318 2356 5384 benignitate
2380 5316 2589 5370 Domini
2619 5316 2786 5371 nostri
2810 5313 2935 5371 Jesu
2962 5312 3186 5380 Chn’sti,
3209 5327 3331 5382 cum
3353 5326 3461 5381 quo
3484 5310 3629 5366 Patri

1938 5443 1950 5450 -
2025 5409 2187 5463 simul
2218 5418 2275 5463 et
2301 5407 2523 5477 Spiritui
2551 5417 2741 5463 sancto
2768 5407 2838 5461 sit
2867 5405 3064 5477 gloria,
3094 5404 3401 5474 imperium,
3433 5401 3629 5469 honor,

2027 5518 2169 5557 nunc
2197 5512 2254 5559 et
2274 5516 2512 5572 semper,
2541 5510 2594 5557 et
2616 5500 2670 5555 in
2695 5499 2891 5555 sweula
2914 5498 3254 5554 surculorum.
3289 5496 3487 5553 Amen.

2075 5696 2151 5755 (ιι)
2168 5701 2279 5747 ()ttrt‘
2306 5702 2577 5753 sequuntur
2604 5688 2862 5755 usquead,
2877 5663 3178 5755 negligenter
3194 5686 3363 5755 salutis
3380 5685 3621 5755 nrgotimn

2015 5749 2279 5811 omnium,
2304 5749 2416 5816 quae
2439 5755 2629 5816 circiter
2654 5749 2863 5800 mediam
2889 5749 3115 5815 paginam
3139 5749 3415 5811 absolvunt,
3442 5752 3621 5800 desunt

2017 5824 2066 5873 iu
2082 5815 2370 5871 Coisliniano
2391 5815 2579 5865 C(JtilCL‘.
