4058 6302
488 344 589 402 ΠΒ

1039 446 1312 503 llOMZLlA
1374 443 1512 498 XXI.

493 585 593 639 Isle
621 594 696 639 est
736 582 858 638 liber
886 581 1217 652 generationis
1243 579 1519 640 hominum,
1548 577 1629 629 die
1653 592 1750 645 quo
1786 574 1903 644 fecit
1933 570 2069 623 Deus

556 673 743 739 Adam,
766 672 1037 728 rectmdum
1059 671 1326 739 imaginem
1340 669 1435 722 Dei
1457 668 1577 738 fecit
1604 666 1767 729 illum,
1792 663 2068 717 masculum

558 776 604 820 et
634 766 872 836 feminam
902 764 1017 833 fecit
1042 763 1174 827 illos,
1204 772 1251 815 et
1272 764 1459 814 vocavit
1481 774 1661 814 nomen
1684 774 1852 814 eorum
1878 755 2063 821 Adam,

555 873 655 926 qua
679 855 762 910 die
778 856 888 927 [erit
904 871 985 909 eos
1007 852 1158 926 (Gen.
1180 853 1235 908 5.
1264 852 1309 907 l.
1332 851 1366 905 2
1389 851 1430 919 ).

558 992 608 1045 1.
643 990 857 1058 Magnus
885 996 941 1043 et
965 986 1241 1042 ineffabilis
1270 985 1569 1050 thesaurus,
1616 980 1796 1038 directi
1815 1024 1829 1049 ,
1860 981 1910 1034 in
1940 994 2062 1033 ver-

486 1079 565 1137 bis
588 1082 750 1137 modo
790 1080 940 1136 lectis
967 1079 1271 1134 reconditus
1298 1085 1395 1131 est.
1428 1075 1492 1129 Et
1533 1075 1645 1130 scio
1670 1071 1903 1144 quidem,
1934 1068 2066 1123 mul-

484 1190 565 1233 tos
592 1178 867 1233 nominum
897 1176 1193 1246 catalogum
1234 1174 1578 1243 respicientes
1618 1181 1670 1226 et
1707 1170 1950 1226 lectionis
1979 1185 2065 1223 su-

485 1267 718 1337 perﬂeiei
770 1268 1051 1334 merentes,
1100 1275 1285 1336 putare
1337 1264 1465 1318 nihil
1517 1262 1742 1333 amplius
1795 1262 1846 1314 in
1885 1260 2060 1325 dictis,

480 1373 639 1427 quam
664 1371 807 1412 mera
847 1358 1063 1411 nomina
1082 1370 1202 1412 esse
1232 1373 1244 1409 :
1293 1370 1392 1425 eg)
1424 1364 1599 1409 autem
1636 1366 1729 1406 vos
1758 1366 1945 1406 oumes
1973 1352 2064 1405 ob.

480 1461 654 1511 secro,
678 1462 745 1501 ne
774 1446 1087 1515 simpliciter
1115 1460 1175 1500 ea
1205 1461 1322 1512 ψτω
1354 1445 1403 1497 in
1434 1442 1721 1510 Scripturis
1740 1440 1906 1493 sacris
1932 1456 2064 1493 cnu-

484 1547 626 1589 tenta
679 1545 799 1590 sunt
832 1538 1129 1589 trauseatis.
1175 1535 1310 1589 Nihil
1342 1534 1481 1587 enim
1525 1532 1613 1586 hic
1665 1532 1920 1599 scriptum
1960 1541 2059 1597 est,

478 1628 620 1697 quod
645 1643 750 1683 non
772 1629 962 1683 multas
983 1642 1234 1682 sensuum
1260 1623 1675 1679 habeatdivitias
1695 1640 1708 1677 :
1731 1622 2065 1693 quandoqui-

481 1718 602 1772 dem
632 1718 814 1771 divino
838 1716 1033 1786 Spiritu
1058 1716 1222 1771 afﬂati
1254 1716 1524 1786 propheta:
1546 1713 1747 1783 loquuti
1773 1724 1915 1777 sunt,
1946 1714 2065 1768 ideo

486 1818 666 1877 uncle
696 1825 723 1863 τι
769 1810 965 1878 Spiritu
1020 1811 1229 1878 scripta:
1275 1810 1539 1879 ingentem
1588 1807 1641 1861 in
1688 1822 1747 1862 se
1794 1808 2064 1862 continent

480 1900 805 1958 thesaurum.
840 1902 905 1956 Et
934 1918 1001 1956 ne
1026 1902 1237 1956 mireris
1264 1900 1402 1971 quod
1426 1901 1477 1954 in
1511 1900 1610 1957 hac
1631 1899 1903 1955 nominum
1930 1914 2063 1953 enu-

482 1994 777 2047 moratione
824 1994 1017 2048 multas
1046 1993 1377 2062 lateutcsque
1430 1992 1643 2047 divitias
1680 1993 2062 2047 sententiarum

484 2083 635 2137 vobis
664 2100 749 2138 me
779 2095 1118 2139 ostensurum
1146 2085 1415 2152 pollicear.
1447 2083 1628 2152 Neque
1669 2084 1810 2139 enim
1842 2082 1921 2137 vcl
1952 2083 2062 2153 syl-

482 2174 629 2240 laba,
662 2177 742 2231 vel
769 2176 1005 2245 apiculus
1033 2185 1116 2231 est
1148 2177 1197 2231 in
1230 2183 1395 2231 sacris
1422 2174 1639 2241 Litoris,
1674 2175 1727 2230 in
1756 2176 1911 2246 cujus
1932 2190 2058 2245 pro-

480 2264 645 2319 fundo
673 2280 778 2320 non
809 2266 879 2320 sit
928 2267 1139 2335 grandis
1164 2266 1424 2337 qniSpiam
1481 2265 1761 2320 thesaurus
1798 2282 1812 2319 :
1841 2265 2063 2335 proinde

481 2370 578 2423 par
600 2364 684 2411 est
717 2370 816 2411 nos
854 2356 1030 2410 divina
1075 2357 1242 2425 gratia
1270 2356 1479 2422 ductos,
1528 2365 1584 2412 et
1626 2355 1826 2424 Spiritu
1880 2367 2063 2425 sancto

482 2446 773 2502 illustratos
795 2448 1003 2517 eloquia
1029 2424 1205 2502 divina
1229 2449 1394 2503 adire.
1421 2447 1601 2517 Neque
1630 2463 1765 2517 opus
1790 2446 1949 2502 habet
1977 2424 2062 2502 di:

483 2541 605 2595 vina
635 2541 907 2610 Scriptura
957 2541 1229 2597 hominum
1277 2541 1557 2610 sapientia,
1605 2549 1665 2595 ut
1719 2539 2059 2611 intelligatur,

485 2632 581 2686 sed
610 2632 935 2687 revelatione
980 2632 1229 2703 Spiritus,
1259 2642 1316 2687 ut
1359 2632 1546 2687 hausto
1575 2634 1699 2689 inde
1724 2648 1850 2688 vero
1879 2648 2060 2695 80ml],

476 2736 730 2792 magnum
761 2723 915 2779 nobis
953 2722 1081 2778 hinc
1109 2723 1313 2778 lucrum
1362 2733 1652 2780 accrescat.
1674 2724 1750 2795 (α)
1786 2723 1917 2778 Nam
1939 2724 1981 2778 si
2013 2724 2063 2777 itt

484 2812 828 2867 swcularibus
858 2814 1083 2884 negotiis
1106 2814 1302 2883 scripta
1336 2854 1351 2878 ,
1382 2829 1500 2884 qua:
1520 2813 1589 2870 ab
1615 2814 1915 2870 hominibus
1936 2830 2065 2869 con-

479 2904 750 2971 iiciuntur,
803 2920 945 2975 stcpe
993 2917 1233 2977 tempore
1283 2918 1551 2977 corrupta,
1579 2922 1609 2961 a
1638 2914 1875 2977 tempore
1914 2906 2063 2961 initio

485 2996 822 3051 instrumenti
851 3006 1053 3064 notato,
1083 3006 1137 3052 et
1178 2998 1246 3053 ab
1273 3013 1373 3052 una
1419 2998 1640 3069 syllaba,
1690 3000 1912 3052 multum
1945 3012 2062 3050 mo-

486 3087 652 3141 menti
681 3086 914 3143 habent:
942 3088 1107 3144 multo
1125 3090 1295 3159 magis
1313 3086 1417 3144 hoc
1460 3090 1513 3143 in
1539 3087 1825 3157 Seripturis
1873 3086 2066 3142 divinis

483 3195 513 3233 a
567 3178 767 3250 Spiritu
818 3189 1006 3236 sancto
1052 3180 1361 3251 compositis
1409 3178 1710 3247 invenitur,
1768 3178 1927 3235 modo
1980 3194 2065 3235 so-

483 3269 583 3325 brii
629 3270 817 3337 simus,
867 3279 922 3325 et
974 3285 1080 3326 non
1134 3280 1333 3326 temere
1378 3270 1873 3341 praetergrediamur
1923 3270 2064 3326 :sed

486 3360 688 3416 intenta
750 3369 927 3417 mente
971 3360 1250 3433 diligenter
1290 3362 1469 3416 omnia
1509 3359 1909 3417 consideremus
1938 3395 1958 3427 ς
2013 3369 2066 3414 et

490 3469 595 3509 non
654 3452 1067 3522 ncgligentiores
1128 3453 1293 3507 simas
1347 3451 1465 3506 aliis
1517 3451 1607 3521 qui
1677 3459 1823 3505 tanto
1891 3450 2066 3506 studio

489 3545 543 3599 in
593 3544 881 3600 sensilibus
937 3553 1177 3599 utuntur.
1235 3543 1524 3599 Enimvero
1584 3542 1673 3613 qui
1727 3541 1939 3597 metalla
1984 3542 2066 3595 cf-

494 3636 739 3701 fodiuut.
774 3653 878 3691 non
918 3637 971 3691 iu
1021 3636 1303 3706 superfitie
1361 3644 1594 3701 manent,
1636 3635 1729 3691 sed
1776 3651 1899 3692 cum
1943 3650 2067 3706 prn-

489 3731 648 3785 funtlc
679 3731 964 3785 admodum
987 3729 1382 3795 descenderint,
1405 3738 1457 3784 et
1481 3730 1601 3786 auri
1647 3739 1885 3785 ramenta
1931 3744 2067 3783 nau-

490 3820 615 3875 cisci
665 3820 952 3889 potuerint,
1018 3834 1210 3889 magno
1259 3818 1439 3874 labore
1484 3830 1537 3873 et
1590 3819 1873 3875 sedulitate
1916 3834 1983 3875 ea
2038 3833 2067 3872 a

496 3925 631 3966 terra
684 3918 930 3979 separant
966 3953 981 3976 ,
1042 3922 1264 3981 postque
1323 3913 1546 3966 multum
1586 3899 1733 3967 illum
1790 3911 2022 3965 laborem
2053 3952 2068 3975 ,

494 4002 710 4055 brevem
735 4002 964 4070 aliquam
1007 4002 1247 4057 laborum
1292 4002 1569 4057 inveniunt
1608 4002 2070 4068 consolatiOnem;

494 4103 855 4148 verumtamen
883 4094 1004 4147 licet
1023 4094 1076 4148 hi
1103 4095 1289 4157 sciant,
1319 4108 1377 4149 se
1407 4094 1685 4148 utilitatem
1719 4105 2072 4163 percepturos

493 4185 761 4239 laboribus
783 4200 884 4239 non
918 4184 1349 4254 respondentem.
1379 4198 1626 4253 sa‘peque
1657 4185 1813 4237 etiam
1847 4192 1968 4251 post
1998 4192 2073 4236 tot

493 4277 694 4346 vigilias
720 4286 773 4331 et
800 4275 1025 4337 labores,
1058 4278 1452 4345 exspectatione
1479 4289 1575 4329 sua
1607 4274 1884 4328 Lustrales
1932 4288 2071 4341 0530,

495 4385 666 4438 neque
686 4370 762 4423 sic
790 4368 1072 4433 desistunt,
1099 4367 1190 4423 sed
1218 4382 1312 4438 spe
1339 4366 1572 4432 aluntur,
1612 4376 1666 4422 et
1694 4381 1854 4421 sensu
1878 4366 2077 4422 laboris

496 4458 697 4515 carent.
726 4460 805 4527 Qu
832 4459 876 4514 ‘d
906 4461 950 4513 si
977 4460 1061 4514 illi
1099 4469 1301 4514 tantum
1329 4476 1437 4529 pra:
1466 4474 1523 4514 sc
1562 4457 1739 4514 ferunt
1766 4460 1998 4514 Studium
2021 4460 2073 4515 in

497 4550 948 4620 corruptibilihus,
979 4552 1216 4615 incertis,
1244 4559 1297 4605 et
1320 4550 1557 4615 caducis,
1583 4551 1749 4605 multo
1796 4554 1962 4621 magis
1985 4551 2077 4606 do-

494 4650 581 4697 cet
610 4656 728 4709 nos,
774 4639 861 4695 ubi
893 4641 1085 4695 divitia:
1126 4642 1323 4696 auferri
1374 4651 1662 4712 nequeunt,
1712 4653 1763 4697 et
1794 4643 2076 4699 thesaurus

496 4735 700 4789 absumi
749 4748 852 4787 non
890 4742 1100 4802 potest,
1136 4742 1190 4789 et
1232 4748 1329 4804 spe
1357 4748 1462 4787 non
1508 4733 1805 4800 abcrratur,
1854 4750 1948 4804 par
1996 4735 2077 4789 vel

500 4827 671 4896 majus
713 4825 945 4881 studium
974 4824 1246 4888 adhibere,
1278 4834 1333 4880 et
1375 4823 1499 4879 hinc
1519 4824 1698 4895 aliquo
1728 4825 1896 4881 fructu
1948 4841 2071 4897 pcr-

494 4926 676 4985 cepto,
708 4916 1005 4971 desiderata
1031 4915 1241 4986 assequi
1264 4917 1547 4985 pessimus,
1576 4918 1859 4987 agnitaque
1888 4918 2074 4971 inclia-

492 5010 585 5065 bili
619 5009 942 5080 benignitate
972 5009 1062 5065 Dei
1091 5050 1106 5075 ,
1137 5010 1333 5079 gratias
1372 5018 1589 5080 agentes
1620 5011 1841 5064 Domino
1871 5020 2075 5075 nostro,

497 5099 613 5168 ejus
640 5101 793 5155 nobis
810 5099 1044 5155 favorem
1068 5101 1433 5165 conciliemus,
1456 5110 1510 5157 et
1530 5101 1720 5157 diaboli
1750 5101 1951 5157 retibus
1971 5118 2077 5157 non

497 5192 866 5263 illaquecmur.
907 5194 1019 5265 Age
1059 5208 1185 5265 ergo
1213 5195 1432 5264 prolatis
1482 5195 1534 5250 in
1578 5193 1808 5249 medium
1855 5195 1918 5249 iis
1962 5211 2079 5263 qua:

501 5297 642 5337 nunc
662 5282 793 5337 lecta
835 5294 979 5350 sunt,
1010 5284 1289 5354 diligenter
1317 5284 1520 5355 singula
1550 5294 1947 5353 perscrutemur
1975 5300 1991 5339 :
2023 5294 2077 5338 ut

500 5375 655 5427 solita
692 5376 966 5429 rcfocillati
994 5376 1256 5439 doctrina,
1287 5378 1365 5432 sic
1391 5378 1606 5432 domum
1635 5379 1835 5433 itcrum-
1858 5379 2071 5433 receda-

502 5465 587 5519 tis.
622 5466 668 5520 1.
708 5464 853 5536 (Cap,
882 5467 959 5537 5).
984 5467 1089 5521 Isle
1110 5480 1181 5522 est
1200 5467 1322 5522 liber
1341 5467 1673 5538 generationis
1690 5469 1972 5535 hominum,
1997 5469 2072 5523 iu.

497 5560 631 5629 quit,
661 5560 739 5611 dic
758 5576 854 5629 quo
883 5562 996 5629 fecit
1022 5560 1159 5614 Dens
1184 5560 1369 5628 Adam,
1392 5561 1663 5616 secundum
1690 5562 1959 5633 imaginem
1992 5561 2083 5616 Dci

562 5674 635 5783 (ιιῖ
650 5673 846 5721 Plurima
863 5685 925 5722 ex
947 5675 1292 5736 sequentibus,
1306 5673 1573 5739 plusquam
1596 5672 1837 5725 dimidiam
1862 5674 2083 5737 paginam

562 5748 615 5783 au
640 5737 819 5783 rentia.
844 5735 1020 5783 desunt
1045 5739 1091 5783 in
1116 5736 1305 5783 Coislin.

493 5735 819 5793 abiulrcntia,
844 5735 1091 5787 tlcsunt’in
1116 5736 1305 5786 Coislin.

1211 340 1265 392 s.
1305 330 1577 390 JOANNIS
1608 323 2078 384 cunvsosrout
2126 322 2436 379 tumul-2r.
2477 321 3008 384 CONSTANTINOP.

3662 332 3763 387 176

2173 458 2291 523 [cett
2332 454 2578 514 illum;2.
2629 459 2910 510 masculum
2950 468 2997 510 et
3048 458 3286 527 feminam
3338 460 3455 530 fecit
3503 462 3619 517 illos
3644 504 3661 527 ,
3716 479 3766 518 ct

2172 544 2449 598 nominarit
2468 561 2648 599 nomen
2669 562 2839 599 eorum
2868 547 3032 600 Adam
3060 538 3137 619 (α)
3157 590 3172 614 ,
3202 548 3285 604 die
3323 566 3423 620 quo
3462 554 3578 622 fecit
3617 554 3763 610 illos.

2171 633 2419 699 Attende,
2477 634 2719 702 obsecro,
2772 637 3043 706 prepheta:
3080 638 3237 709 hujus
3278 640 3603 699 admirabilis
3655 661 3713 699 sa

2174 722 2467 791 pientiam;
2515 725 2621 780 imo
2669 727 2838 781 Sancti
2882 727 3111 799 Spiritus
3163 730 3483 787 doctrinam.
3536 734 3620 789 Ab
3666 736 3760 790 illo

2172 814 2333 880 enim,
2364 826 2420 870 ut
2444 831 2585 887 sape
2621 817 2819 873 dictum
2847 828 2949 883 est,
2972 819 3206 886 afﬂatus,
3236 823 3392 878 nobis
3419 824 3539 882 ham
3579 829 3760 882 omnia

2170 904 2406 975 loquitur
2436 927 2449 961 :
2474 918 2535 961 et
2581 908 2811 977 linguam
2837 908 3050 978 quidem
3089 912 3348 981 prOpheta
3379 916 3757 983 commodavit,

2168 995 2336 1063 gratia
2363 1004 2538 1050 autem
2570 996 2794 1065 Spiritus
2824 999 2992 1053 sancti
3038 1014 3133 1069 per
3179 1000 3321 1055 illam
3347 1003 3526 1057 omnia
3570 1003 3759 1060 huma-

2174 1098 2301 1138 num
2347 1100 2516 1155 genus
2560 1088 2841 1142 manifeste
2869 1089 3049 1144 docet.
3083 1089 3215 1146 Vide
3241 1107 3370 1163 ergo
3394 1094 3664 1163 quomodo
3692 1096 3758 1152 ad

2168 1175 2427 1244 originem
2458 1191 2761 1231 sermonem
2788 1177 3017 1240 reducit,
3056 1188 3112 1234 et
3153 1183 3429 1249 superiora
3458 1185 3649 1240 iterum
3676 1200 3758 1255 re-

2168 1264 2351 1319 sumit.
2401 1264 2594 1333 Quare,
2648 1276 2697 1320 et
2734 1281 2837 1337 qua
2882 1267 2951 1322 dc
2979 1268 3178 1323 causa?
3204 1269 3338 1335 Quia
3389 1272 3518 1326 vidit
3547 1288 3644 1328 eos
3668 1275 3757 1345 qui

2172 1363 2296 1409 tunc
2325 1364 2499 1420 erant,
2547 1370 2732 1426 magna
2762 1372 2869 1426 prie
2895 1372 2953 1413 se
2978 1357 3115 1413 ferre
3137 1357 3329 1431 ingrati
3374 1362 3537 1416 animi
3584 1364 3757 1433 signa,

2171 1460 2268 1500 nec
2297 1448 2544 1501 meliores
2576 1448 2689 1501 fieri
2714 1463 2781 1501 ex
2822 1436 2888 1503 iis
2914 1465 3033 1518 qua:
3080 1450 3255 1522 primo
3296 1454 3500 1521 parenti
3547 1454 3757 1510 accide-
3801 1440 3805 1445 ⁷

2170 1546 2308 1603 rant,
2355 1537 2451 1592 sed
2496 1537 2547 1589 in
2601 1537 2738 1591 idem
2795 1538 3007 1591 malitia:
3046 1540 3364 1610 profundum
3419 1543 3757 1613 przccipitari.

2168 1626 2299 1682 Nam
2327 1642 2444 1681 cum
2477 1628 2521 1682 is
2556 1627 2642 1696 qui
2673 1642 2737 1682 ex
2771 1628 2859 1683 illo
2887 1636 3043 1684 natus
3066 1640 3181 1685 erat
3223 1632 3402 1687 statim
3448 1635 3754 1691 concitante

2169 1716 2361 1771 invidia
2389 1716 2454 1769 ad
2483 1717 2831 1772 fratricidium
2882 1720 3097 1788 ruisset,
3129 1730 3181 1776 et
3226 1722 3346 1777 ideo
3390 1726 3758 1794 gravissimam

2169 1822 2381 1877 pinnam
2408 1808 2636 1875 tulisset,
2669 1810 2808 1864 sicut
2832 1812 3079 1879 superius
3098 1812 3381 1869 caritatem
3408 1825 3638 1871 vestram
3662 1818 3758 1872 do-

2166 1899 2374 1953 cuimus
2416 1917 2429 1951 :
2466 1911 2528 1951 ac
2560 1903 2756 1967 posteri
2809 1901 2923 1969 ejus
2952 1902 3081 1956 nihil
3113 1918 3176 1957 ea
3202 1904 3550 1975 castigatione
3582 1907 3759 1977 profe-

2167 1990 2387 2054 cisscut,
2419 1988 2513 2043 scd
2540 1990 2590 2043 in
2612 1990 2899 2059 majoribus
2924 2008 2982 2047 se
3012 1994 3167 2048 malis
3211 1996 3589 2064 involvisscnt,
3623 2000 3758 2054 sicut

2166 2079 2599 2145 audivistis'hcri,
2635 2081 2862 2136 Lamech
2889 2098 3079 2152 nempe
3109 2095 3383 2154 peccatum
3433 2102 3589 2143 suum
3618 2106 3751 2144 uxo-

2166 2171 2315 2226 ribus
2333 2181 2694 2239 enarrantcm,
2724 2180 3042 2245 plenamque
3071 2176 3327 2233 adversus
3366 2193 3426 2235 se
3454 2180 3755 2236 decernen-

2167 2269 2274 2316 tem
2307 2279 2320 2314 :
2346 2263 2466 2332 quia
2498 2264 2749 2332 paulatim
2779 2265 2910 2341 vidit
2935 2265 3237 2323 increscere
3262 2270 3518 2326 malitiam
3544 2272 3757 2327 illorum

2167 2353 2318 2422 quasi
2365 2354 2563 2409 malum
2591 2355 2992 2429 humorc'm’per
3022 2366 3189 2415 totum
3230 2376 3427 2432 corpus
3452 2378 3513 2420 se
3560 2364 3757 2419 dill‘un-

2168 2444 2405 2511 dcutem,
2436 2445 2576 2501 sistit
2610 2432 2825 2503 malitiie
2845 2450 3121 2520 impetum,
3137 2462 3190 2508 et
3211 2457 3587 2524 generationes
3610 2458 3749 2524 illas,

2167 2550 2286 2606 qua:
2315 2552 2380 2592 ex
2425 2537 2557 2592 Cain
2599 2540 2765 2609 nsque
2788 2541 2855 2595 ad
2906 2541 3163 2610 Lamech,
3220 2561 3289 2603 ne
3330 2549 3584 2602 memoria
3637 2550 3756 2621 qui-

2168 2629 2289 2685 dem
2320 2629 2734 2701 dignatur:scd
2773 2634 2924 2704 quasi
2970 2634 3291 2706 principium
3344 2639 3614 2708 quoddam
3659 2641 3755 2696 du-

2167 2734 2298 2775 cens
2350 2728 2406 2774 ct
2451 2720 2650 2777 luctum
2703 2722 2831 2778 Atla:
2880 2734 2934 2779 et
2987 2723 3115 2781 Evas
3160 2726 3465 2785 demulcere
3532 2730 3754 2797 volens,

2169 2809 2227 2863 in
2276 2814 2435 2879 quem
2485 2809 2607 2866 illos
2661 2810 2917 2881 iujecerat
2968 2808 3272 2883 fratricida,
3321 2828 3525 2872 armata
3572 2830 3755 2876 contra

2166 2898 2302 2956 Abel
2343 2900 2606 2954 dextera:
2647 2903 2725 2956 sic
2766 2903 3123 2959 narrationem
3172 2908 3397 2973 orditur,
3447 2918 3500 2963 ct
3544 2909 3754 2979 inquit:

2168 2986 2279 3043 Iste
2301 2999 2371 3044 eu
2397 2988 2522 3043 liber
2545 2992 2883 3061 generationis
2906 2992 3168 3047 hominum
3191 3036 3207 3061 ,
3234 2996 3315 3049 die
3342 3012 3443 3067 quo
3470 3000 3591 3067 fecit
3620 2997 3756 3053 Dens

2170 3078 2356 3147 Adam,
2382 3082 2658 3135 secundum
2679 3083 2951 3153 imaginem
2974 3079 3069 3137 Dei
3094 3085 3216 3156 fecit
3245 3086 3389 3140 illum
3413 3102 3432 3149 ;
3473 3087 3754 3144 masculum

2169 3179 2217 3223 et
2242 3170 2481 3240 feminam
2506 3170 2623 3239 fecit
2649 3171 2795 3225 illos:
2811 3178 2856 3225 et
2884 3172 3158 3227 nominavit
3177 3189 3358 3228 nomen
3380 3192 3549 3230 eorum
3575 3177 3758 3247 Adam,

2171 3258 2256 3312 die
2281 3274 2384 3328 quo
2410 3260 2526 3332 fecit
2553 3260 2691 3313 illos.

2239 3351 2293 3406 ε.
2337 3351 2626 3408 Considera
2657 3353 2924 3424 quomodo
2961 3354 3151 3411 iisdem
3198 3357 3376 3413 verbis
3406 3374 3532 3414 u~us
3583 3359 3755 3425 fuerit,

2172 3443 2373 3513 quibus
2421 3456 2476 3499 et
2507 3445 2677 3513 initio,
2708 3453 2766 3501 ut
2807 3444 3027 3504 doceret
3050 3462 3151 3503 nos
3171 3489 3188 3515 ,
3219 3463 3276 3504 se
3306 3451 3679 3520 generationes
3708 3452 3762 3506 il-

2170 3532 2250 3589 las
2296 3544 2352 3589 ut
2398 3546 2577 3603 posnea
2628 3534 2959 3607 reprobatas,
3001 3552 3174 3608 neque
3199 3541 3455 3595 memoria
3501 3551 3621 3610 post
3663 3541 3763 3596 hoc

2170 3626 2356 3696 dignas
2390 3626 2588 3681 habere
2640 3643 2656 3680 :
2709 3627 2802 3683 sed
2852 3644 2919 3683 ex
2965 3628 3120 3692 Seth,
3154 3630 3242 3700 qui
3272 3647 3414 3685 nunc
3455 3633 3557 3687 illis
3608 3643 3763 3689 natus

2169 3726 2271 3781 est,
2304 3718 2666 3787 genealogiam
2695 3719 2881 3783 ordiri,
2916 3727 3044 3774 utet
3069 3722 3256 3775 exhoc
3283 3721 3479 3784 discas,
3508 3733 3759 3791 quautam

2178 3807 2319 3863 Deus
2346 3808 2564 3863 humani
2609 3811 2824 3878 generis
2851 3812 3111 3865 rationem
3147 3812 3343 3867 habent
3364 3854 3377 3877 ,
3409 3822 3460 3867 cl
3484 3816 3761 3885 quomodo

2179 3896 2298 3951 illos
2322 3909 2633 3964 aversetur,
2664 3899 2854 3971 quibus
2892 3901 3229 3970 sanguinaria
3280 3918 3432 3958 ιιωιιε
3473 3912 3574 3957 est.
3631 3904 3759 3959 Nam

2180 3990 2389 4045 illorum
2418 3992 2749 4058 memoriam,
2792 3993 2944 4062 quasi
2971 4008 3256 4063 numquam
3283 3995 3556 4063 vixissent,
3588 3996 3658 4051 ita
3692 3998 3762 4051 si-

2180 4082 2346 4138 lentio
2373 4082 2605 4151 pra-terit
2652 4100 2665 4136 :
2704 4084 3054 4139 monstrando
3092 4085 3245 4139 nobis
3272 4101 3429 4156 quam
3458 4102 3620 4157 grave
3652 4104 3761 4142 tua-

2181 4171 2288 4226 lum
2311 4173 2379 4226 sit
2402 4182 2699 4241 peccatum,
2728 4172 2871 4242 quod
2896 4174 2987 4242 qui
3008 4176 3420 4244 amplectuntur,
3448 4192 3506 4231 se
3534 4178 3760 4246 primum

2182 4277 2233 4315 et
2268 4265 2498 4318 tnaxitne
2544 4264 2905 4333 pessumdaut.
2957 4265 3095 4321 Ecce
3132 4267 3279 4323 enim
3322 4267 3397 4320 illi
3446 4283 3479 4322 e
3522 4269 3764 4339 catalogo

2180 4366 2573 4425 cspunguntur,
2599 4364 2653 4409 et
2678 4365 2900 4410 eatenus
2941 4365 3145 4411 tantum
3194 4370 3683 4414 commemorantur
3707 4374 3763 4416 ut

2185 4445 2467 4501 infametur
2507 4446 2742 4515 ipsorum
2788 4447 3006 4512 malitia,
3038 4455 3090 4502 et
3122 4449 3506 4517 posterioribus
3556 4453 3762 4505 seeculis

2182 4535 2568 4591 emendationis
2605 4537 2713 4590 sint
2734 4538 2969 4592 occasio.
3005 4538 3073 4591 At
3098 4538 3187 4607 qui
3234 4537 3429 4606 injuste
3456 4541 3680 4605 occisus,
3715 4552 3767 4597 ct

2183 4625 2415 4684 fraterna
2441 4641 2599 4680 manu
2624 4626 2972 4696 interemptus
3000 4636 3103 4694 est,
3132 4643 3197 4682 ex
3237 4644 3312 4682 eo
3331 4638 3571 4700 tempore
3597 4646 3766 4701 usque

2186 4718 2240 4773 in
2284 4720 2385 4774 hoc
2409 4727 2679 4784 nostrum,
2720 4720 2959 4774 omnium
3006 4720 3320 4776 dccantatur
3348 4737 3441 4777 ore
3465 4764 3480 4788 ,
3512 4732 3568 4778 et
3597 4736 3768 4792 neque

2186 4795 2401 4880 tempus
2420 4809 2577 4880 huius
2600 4811 2909 4866 memoriam
2925 4810 3199 4878 exstinxit,
3223 4826 3393 4882 neque
3410 4813 3551 4868 illius
3566 4814 3768 4871 crimen

2186 4900 2446 4956 imminuit
2477 4918 2490 4954 :
2520 4900 2614 4955 sed
2644 4910 2699 4956 et
2728 4902 2813 4956 hic
2836 4902 3079 4972 quotidie
3104 4902 3344 4959 omnium
3386 4917 3479 4960 ore
3493 4905 3764 4977 praedica-

2187 5005 2288 5056 tur,
2322 5004 2375 5049 et
2398 4994 2492 5064 ille
2513 4993 2770 5048 continue
2800 4994 3109 5049 infamatur.

2264 5083 2432 5139 Virtus
2456 5100 2520 5139 ea:
2558 5084 2800 5139 arumnis
2828 5085 2888 5154 ﬁt
2934 5084 3198 5140 illustrior.
3240 5076 3380 5152 Quid
3406 5087 3472 5140 sit
3496 5086 3770 5144 secundum

2182 5178 2449 5248 imaginem
2498 5176 2597 5232 Dei
2642 5178 2823 5233 creari.
2876 5205 2949 5219 -—
2995 5175 3213 5234 Vidistis
3254 5188 3508 5249 quantum
3556 5180 3770 5236 malitiie

2183 5271 2456 5338 damnum,
2500 5283 2554 5325 et
2597 5279 2854 5340 quantum
2901 5270 3113 5325 virtutis
3142 5269 3349 5325 robur?
3394 5280 3449 5325 et
3502 5271 3769 5340 quomodo

2185 5364 2403 5431 malitia,
2434 5366 2594 5420 etiam
2642 5364 2686 5417 si
2730 5361 2943 5419 infestet
2967 5370 3021 5418 ct
3063 5361 3390 5431 dominetur,
3416 5365 3768 5433 exstinguitur
3798 5413 3807 5418 _

2188 5464 2367 5509 tamen
2408 5464 2459 5509 et
2492 5453 2737 5508 aboletur
2763 5470 2777 5506 :
2807 5452 2974 5506 virtus
3006 5461 3183 5507 autem
3211 5451 3335 5506 licet
3378 5452 3686 5516 infestetur,
3717 5461 3764 5504 et

2189 5528 2465 5602 innumera
2497 5544 2675 5616 gravia
2704 5543 2985 5609 sustineat,
3015 5557 3077 5598 ea
3109 5542 3392 5598 occasione
3417 5543 3676 5598 illuStrior
3708 5542 3762 5597 tit

2258 5731 2331 5794 (η)
2365 5730 2480 5779 \‘idc
2504 5726 2639 5779 Pra‘l‘.
2666 5729 2795 5777 Tomi
2818 5728 2977 5791 hujus,
3002 5725 3027 5791 ς
3051 5731 3121 5776 ιν.
