4058 6302
264 382 359 436 ιη

259 500 310 546 ct
328 491 569 548 clarior?
597 491 864 548 Etliccret
895 491 1105 562 quidem
1134 490 1234 547 boe
1267 491 1426 546 etiam
1445 507 1510 546 ex
1537 490 1655 545 aliis
1680 489 1843 560 gestis

260 599 376 651 qua:
416 583 664 638 similiter
692 590 984 638 evenerunt
1023 580 1232 636 caritati
1271 590 1466 636 vestra:
1510 580 1793 637 ostendere
1829 599 1841 636 :

260 672 440 728 sedne
463 673 532 727 ab
560 674 801 728 instituto
812 673 1388 743 nostrodigrediamur,
1408 688 1506 744 age
1527 671 1705 727 denuo
1724 687 1840 740 qua:

256 765 396 818 dicta
425 772 552 819 sunt
577 773 896 833 repetamus.
948 763 1054 819 Iste
1079 775 1151 819 est
1177 765 1301 819 liber
1323 765 1656 836 generationis
1682 762 1841 814 homi-

257 871 398 920 num,
441 856 524 908 die
555 871 655 925 quo
680 856 796 927 fecit
837 856 975 910 Deus
1015 856 1178 911 Adam
1204 897 1222 923 ,
1252 856 1526 911 secundum
1573 856 1842 925 imaginem

262 947 350 1002 Dei
392 950 514 1019 fecit
541 950 725 1014 illum;
769 948 1048 1003 masculum
1087 959 1135 1004 et
1177 951 1419 1020 feminam
1465 948 1583 1018 fecit
1609 947 1726 1000 illos
1751 961 1770 1010 ,°
1794 957 1842 1000 et

255 1041 529 1108 appellarit
551 1057 727 1096 nomen
753 1057 924 1095 eorum
951 1041 1133 1108 Adam,
1159 1042 1242 1096 die
1266 1057 1364 1111 quo
1394 1042 1510 1112 fecit
1539 1041 1672 1094 illos.
1708 1039 1840 1094 Vide

251 1132 524 1199 quomodo
547 1132 740 1187 iterum
769 1133 1077 1188 narratione
1104 1133 1177 1187 ab
1205 1131 1356 1186 initio
1382 1130 1630 1200 repetita,
1665 1129 1840 1183 divina

252 1220 525 1290 Scriptura
573 1222 728 1276 nobis
771 1231 1159 1278 commemorat
1204 1235 1459 1292 quantum
1501 1225 1755 1275 honorem
1810 1235 1839 1273 a

251 1311 546 1366 (Iouditore
576 1313 796 1368 sortitus
823 1314 894 1368 sit
942 1313 1126 1368 homo.
1169 1312 1266 1367 Die
1313 1329 1430 1383 quo,
1485 1313 1693 1382 inquit,
1726 1312 1842 1382 fecit

253 1402 448 1470 Adam,
473 1403 748 1458 secundum
794 1404 1063 1475 imaginem
1096 1403 1190 1459 Dei
1239 1405 1353 1476 fecit
1399 1405 1541 1460 illum
1572 1422 1591 1458 :
1615 1403 1716 1458 hoc
1757 1412 1840 1457 est

251 1493 548 1566 principem
599 1496 743 1549 illum
791 1496 1064 1551 constituit
1091 1497 1330 1550 omnium
1376 1496 1684 1550 visibilium.
1730 1494 1840 1548 lloc

249 1583 392 1637 enim
439 1593 524 1639 est
557 1584 851 1639 Secundum
905 1587 1194 1657 imaginem,
1239 1586 1532 1643 secundum
1579 1585 1836 1640 rationem

249 1673 473 1728 dominii
499 1683 554 1730 et
572 1676 922 1746 principatus.
947 1675 1080 1732 Nam
1111 1677 1248 1732 sicut
1276 1679 1514 1731 omnium
1537 1676 1676 1731 Deus
1695 1675 1837 1746 priu-

247 1764 482 1834 cipatum
513 1766 672 1820 habet
699 1781 860 1838 super
883 1769 1061 1823 omnia
1085 1779 1190 1824 tam
1218 1768 1442 1824 visibilia
1465 1783 1623 1840 quam
1649 1767 1832 1822 invisi-

247 1854 398 1922 bilia,
432 1855 524 1926 qui
549 1857 791 1911 omnium
833 1857 1077 1913 conditor
1104 1869 1158 1914 et
1185 1858 1357 1929 opifex
1391 1867 1474 1915 est
1500 1875 1515 1912 :
1544 1860 1622 1914 sic
1643 1867 1694 1914 et
1713 1873 1836 1913 cum

250 1944 505 2000 formavit
525 1947 784 2003 rationale
813 1949 914 2004 hoc
940 1949 1161 2015 animal,
1195 1949 1362 2004 voluit
1385 1949 1625 2005 omnium
1657 1949 1836 2004 visibi-

252 2036 379 2090 lium
405 2036 724 2108 prazfectura
748 2039 952 2110 insigne
975 2055 1114 2096 esse.
1140 2040 1368 2096 Proinde
1395 2049 1451 2096 et
1484 2039 1678 2094 animas
1707 2032 1835 2094 sub-

247 2130 497 2184 stantiam
526 2130 602 2185 illi
647 2131 868 2201 largitus
894 2141 999 2198 est,
1041 2132 1224 2188 volens
1265 2133 1436 2203 ipsum
1480 2135 1834 2188 immortalem

259 2233 378 2274 esse
419 2229 476 2276 et
508 2230 821 2290 perpetuum
847 2238 866 2278 :
892 2237 1077 2278 verum
1107 2223 1194 2278 ubi
1224 2239 1319 2294 per
1341 2225 1597 2280 desidiam
1618 2225 1833 2295 excidit,

245 2317 298 2362 et
324 2321 686 2381 transgressus
713 2321 798 2368 est
822 2312 1125 2368 mandatum
1142 2314 1244 2371 sibi
1264 2313 1535 2381 traditum,
1560 2330 1734 2386 neque
1745 2317 1823 2372 sic

244 2399 468 2455 omnino
493 2402 663 2470 ipsum
690 2410 966 2459 aversatus
987 2413 1072 2459 est
1099 2421 1114 2457 :
1146 2404 1238 2460 sed
1268 2419 1365 2474 pro
1389 2420 1487 2462 sua
1519 2406 1826 2462 miscricor-

245 2487 331 2542 dia
358 2489 820 2548 immortalitatem
846 2493 1060 2564 quidem
1087 2494 1163 2549 illi
1207 2495 1429 2562 ademit,
1453 2505 1626 2552 morte
1652 2507 1831 2553 autem

242 2576 549 2637 damnaum
575 2582 628 2638 in
646 2584 840 2640 eodem
867 2584 1036 2642 ferme
1059 2586 1357 2657 principatu
1378 2589 1610 2660 reliquit.
1631 2588 1834 2646 Deinde

247 2684 370 2724 cum
409 2671 456 2726 is
479 2673 572 2743 qui
598 2688 662 2729 ex
699 2674 790 2730 illo
815 2685 972 2732 natus
999 2685 1118 2732 erat
1151 2677 1206 2732 in
1237 2685 1434 2733 tantam
1463 2678 1704 2749 prorupit
1753 2680 1832 2735 in-

242 2759 471 2827 sauiam,
503 2771 561 2818 ut
584 2764 790 2832 primus
814 2767 1002 2822 mortis
1030 2768 1266 2837 speciem
1290 2768 1589 2838 inveberet,
1620 2771 1830 2827 violen-

248 2860 354 2906 tam
381 2853 533 2909 illam
565 2854 769 2910 caedem
793 2855 1092 2926 exhiberet,
1134 2873 1198 2914 ac
1223 2859 1354 2916 ρει)άί
1381 2860 1715 2918 mendacium
1740 2875 1832 2918 co-

245 2944 453 3014 pulaus,
473 2961 719 3018 magnam
740 2947 1135 3020 improbitatem
1157 2965 1267 3021 prae
1291 2966 1351 3006 se
1372 2950 1555 3018 ferret,
1578 2952 1829 3009 diuturna

238 3036 586 3106 castigatione
611 3037 898 3094 emendare
923 3039 1072 3094 illum
1101 3039 1287 3104 voluit,
1315 3049 1374 3094 ut
1401 3055 1506 3095 non
1533 3040 1709 3097 solum
1735 3041 1828 3096 ille

238 3124 441 3181 lucrum
469 3125 666 3183 facczet
691 3129 837 3184 exiis
860 3144 978 3200 quia
1004 3130 1510 3200 ipslcontingebaut,
1536 3131 1629 3186 sed
1648 3141 1704 3185 et
1728 3146 1826 3202 po-

235 3224 410 3270 stet-os
432 3215 652 3273 doeeiet
675 3218 1078 3274 commissorum
1101 3218 1539 3290 magnitudinem,
1562 3229 1615 3276 et
1643 3219 1829 3291 ingen-

236 3314 340 3375 tem
388 3307 613 3363 sceleris
655 3307 966 3366 foeditatem.
1006 3311 1272 3366 Craterum
1319 3312 1441 3383 quia
1485 3328 1598 3383 prte
1637 3329 1826 3385 magna

236 3397 446 3467 ignavia
469 3398 666 3469 posteri
686 3413 895 3470 quoque
917 3399 1058 3455 illius
1077 3401 1326 3473 paulatim
1351 3402 1401 3456 in
1421 3405 1666 3472 graviora
1689 3405 1823 3457 mala

129 3553 132 3564 ι
233 3487 483 3556 ruebant,
502 3490 706 3555 volens,
729 3499 785 3546 ut
806 3491 876 3546 ita
892 3490 1087 3560 dicam,
1110 3494 1271 3549 solari
1295 3494 1580 3568 Adamum,
1603 3497 1693 3568 qui
1719 3512 1822 3550 non

230 3579 404 3636 solum
431 3580 507 3636 ob
525 3596 673 3635 suam
697 3585 1172 3654 transgressionem
1191 3586 1325 3641 adeo
1349 3587 1626 3652 manebat,
1652 3588 1746 3645 sed
1769 3597 1826 3643 et

228 3671 296 3725 ob
317 3671 583 3742 ﬂagitium
599 3673 749 3728 Caini
767 3675 820 3729 in
841 3675 982 3730 luctu
1000 3676 1315 3733 intolerabili
1335 3679 1662 3745 versabatur,
1683 3681 1821 3750 quod

229 3763 338 3818 suis
369 3763 491 3834 ipso
535 3764 705 3820 oculis
738 3779 936 3822 caesum
981 3768 1112 3823 Abel
1141 3769 1361 3824 vidisset
1403 3786 1419 3827 :
1451 3786 1626 3841 neque
1674 3772 1817 3827 enim

227 3856 420 3912 mortis
449 3858 688 3926 speciem
716 3858 976 3925 sciebant,
1002 3863 1207 3915 tametsi
1235 3861 1336 3917 lata
1357 3871 1501 3918 esset
1521 3866 1816 3919 sententia:

229 3949 369 4003 unde
392 3957 452 4002 et
470 3946 666 4016 duplex
699 3949 773 4003 illi
798 3964 860 4004 ac
893 3950 1082 4020 triplex
1111 3953 1284 4008 luctus
1322 3953 1526 4011 aderat.
1557 3958 1677 4025 quia
1714 3955 1820 4024 pri-

229 4055 374 4092 suum
400 4039 654 4093 viderunt
680 4048 904 4095 mortem
933 4042 985 4096 in
1011 4043 1168 4097 vitam
1216 4044 1594 4110 introductam,
1627 4055 1682 4101 et
1710 4047 1819 4099 vio-

231 4129 428 4184 lentam
457 4138 708 4197 mortcm,
739 4139 794 4189 et
817 4145 848 4185 a
874 4131 982 4186 lilio
1005 4142 1385 4203 pcrpetratam,
1435 4145 1490 4190 et
1519 4135 1570 4189 in
1599 4136 1816 4189 fratrem

225 4221 417 4275 eodem
467 4227 622 4291 patre
667 4220 960 4294 eademque
1006 4235 1174 4280 matre
1217 4234 1418 4289 natum,
1452 4228 1538 4297 qui
1588 4229 1714 4281 nihil
1745 4229 1818 4281 illi

228 4310 437 4380 injuria:
471 4310 742 4367 intulisset
770 4333 784 4368 :
812 4313 1000 4368 volens
1018 4329 1146 4384 ergo
1177 4317 1434 4387 benignus
1465 4318 1603 4372 Deus
1637 4334 1818 4388 parem

225 4401 508 4456 doloribus
533 4399 723 4457 aﬂ’crre
747 4405 1186 4468 consolationem.
1213 4409 1374 4462 alium
1408 4410 1481 4463 illi
1511 4411 1599 4464 dat
1628 4410 1814 4478 lilium,

225 4492 352 4550 Setlt
381 4492 670 4557 videlicet;
700 4506 860 4564 atque
890 4497 1012 4553 hinc
1038 4501 1136 4570 ipsi
1159 4500 1277 4554 data
1304 4501 1589 4557 sufficienti
1617 4519 1816 4559 conso-

227 4583 447 4652 latione,
471 4587 542 4643 ab
561 4585 653 4644 illo
673 4601 851 4659 postea
868 4591 1136 4659 p'Ogcnici
1158 4592 1360 4645 in'tium
1383 4592 1545 4648 ducit.
1570 4593 1819 4664 Propter-

225 4692 288 4733 ea
323 4678 520 4734 beatus
546 4680 802 4751 propheta
840 4683 920 4737 sic
944 4697 1167 4737 exorsus
1203 4692 1304 4746 est,
1350 4683 1530 4739 dicens
1560 4705 1572 4739 :
1612 4685 1720 4741 Iste
1741 4698 1817 4742 est

226 4766 350 4822 liber
377 4771 727 4840 generationis
775 4773 1052 4825 hominum.
1111 4773 1328 4836 Deinde,
1359 4784 1415 4827 ut
1465 4777 1705 4846 promisit
1759 4793 1816 4834 se

225 4870 574 4919 narraturum
605 4863 876 4917 hominum
904 4865 1325 4934 generationem,
1377 4869 1498 4923 vide
1544 4885 1645 4938 qua
1675 4873 1815 4926 serie

223 4953 410 5007 utitur.
437 4953 494 5008 ὅ.
542 4951 676 5007 Vixit
703 4955 863 5008 Adam
891 4957 1037 5010 annis
1066 4957 1292 5012 ducentis
1312 4962 1535 5028 triginta,
1566 4971 1612 5013 et
1639 4965 1812 5033 genuit

221 5045 508 5099 secutian
533 5045 936 5113 specimusuam,
969 5058 1015 5102 et
1041 5049 1313 5103 secundum
1339 5052 1606 5123 imaginem
1636 5070 1816 5118 suam;

216 5143 260 5214 et
292 5135 577 5203 appellavit
599 5151 776 5190 nomen
791 5138 928 5190 illius
953 5137 1096 5191 Setlt.
1128 5140 1178 5192 4.
1215 5139 1441 5193 Fuerunt
1471 5152 1633 5195 autent
1654 5144 1813 5213 ipsius

218 5225 341 5279 anni
368 5225 696 5297 septingenti,
721 5235 768 5281 et
792 5230 959 5299 genuit
985 5229 1119 5297 ﬁlios
1141 5241 1188 5285 et
1207 5232 1359 5299 ﬁlias.
1386 5233 1438 5288 5.
1468 5233 1530 5288 Et
1559 5235 1681 5304 {acti
1699 5247 1815 5292 sunt

219 5329 392 5368 omnes
417 5315 532 5368 dies
559 5315 742 5381 Adam,
765 5319 886 5371 anni
913 5322 1146 5390 nongenti
1161 5323 1388 5392 triginta,
1407 5339 1453 5378 et
1471 5339 1692 5380 mortuus
1715 5339 1809 5383 est.

287 5405 340 5459 5.
377 5403 536 5458 Nihil
557 5406 746 5476 [rustra
768 5408 981 5476 positum
1002 5412 1054 5465 in
1075 5413 1342 5482 Scriptura
1365 5430 1530 5468 sacra.
1546 5417 1813 5475 —Nonne

220 5491 356 5550 bene
369 5493 624 5553 dicebam
642 5496 692 5550 in
707 5498 928 5552 exordio
947 5502 1227 5568 sermonis,
1254 5503 1379 5556 nihil
1399 5520 1521 5560 esse
1540 5515 1738 5562 temere
1760 5519 1812 5563 et

218 5585 422 5655 alisque
445 5582 676 5640 utilitate
697 5586 748 5640 in
768 5603 917 5642 sacra
939 5589 1210 5659 Scriptura
1229 5593 1454 5660 positum
1469 5594 1495 5648 τ
1512 5595 1646 5650 Ecce
1666 5597 1808 5650 enim

211 5683 261 5729 ct
282 5695 439 5738 nunc
454 5684 652 5744 quanta
671 5675 938 5749 diligentia
966 5695 1092 5736 usus
1112 5692 1186 5736 ρει
1213 5683 1396 5738 beatus
1419 5685 1506 5741 ille
1529 5686 1805 5756 propheta.

211 5761 428 5839 Cena",
453 5765 651 5837 inquit,
674 5764 835 5822 Mam
851 5771 1122 5826 secundum
1143 5774 1356 5843 speciem
1376 5791 1532 5843 suam,
1562 5787 1608 5832 ct
1632 5795 1780 5834 secun

1327 381 1389 436 IN
1427 380 1580 437 CAP.
1627 381 1687 434 ι’.
1731 380 1978 437 CENES.
2025 383 2250 441 liOMlL.
2285 383 2424 441 XXI.

3436 371 3536 428 178

1955 491 2077 540 dum
2091 491 2358 562 imaginem
2371 510 2536 561 mani,
2550 494 2884 567 etnppellavit
2899 509 3075 549 nomen
3093 492 3234 547 illius
3250 491 3393 548 Sciit.
3409 492 3538 548 Cum

1950 580 2017 635 de
2042 580 2219 650 priore
2245 582 2552 651 loqueretur
2575 581 2684 635 lilio
2705 623 2718 646 ,
2745 578 2876 636 Cain
2901 580 3022 636 dico
3042 623 3058 650 ,
3084 580 3214 636 nihil
3244 581 3350 638 tale
3378 583 3542 654 signi-

1948 677 2124 729 llravit
2170 675 2418 730 nimirum
2454 675 2566 744 jam
2604 683 2760 730 antea
2805 673 3046 730 indicans
3075 675 3219 730 illius
3248 675 3300 729 in
3341 675 3537 730 nminat

1949 768 2370 836 proclivitatcm;
2399 777 2453 824 et
2479 769 2669 823 merito
2693 786 2708 822 :
2740 782 2845 823 non
2867 768 3010 822 enim
3039 765 3273 823 servavit
3293 777 3540 837 paternos

1948 875 2142 926 mores,
2171 862 2263 915 scd
2294 860 2533 930 protinus
2561 860 2628 915 ad
2660 861 2913 914 malitiam
2943 858 3200 931 confugit.
3236 858 3334 914 llic
3359 866 3540 916 autem

1948 949 2155 1019 inquit,
2205 949 2500 1004 Secundum
2558 951 2775 1018 speciem
2823 960 2871 1005 et
2925 949 3204 1004 secundum
3268 951 3542 1020 imaginem

1945 1055 2088 1092 suam
2111 1080 2125 1104 ,
2160 1039 2260 1093 hoc
2298 1047 2376 1093 cst
2401 1079 2419 1106 ,
2457 1040 2770 1094 earumdem
2815 1055 3061 1105 morum,
3091 1039 3283 1108 quibus
3322 1039 3410 1094 ille
3450 1040 3540 1109 qui

1945 1139 2218 1200 genuerat,
2247 1139 2301 1184 et
2326 1131 2414 1200 qui
2440 1139 2684 1186 servaret
2699 1131 2916 1186 eosdem
2940 1129 3152 1186 virtutis
3177 1130 3536 1195 characteres,

1945 1221 2030 1288 qui
2065 1229 2338 1290 paternam
2373 1221 2657 1292 imaginem
2687 1222 2940 1292 Operibus
2966 1223 3328 1290 exprimeret,
3361 1231 3413 1276 et
3442 1223 3532 1292 qui

1944 1324 2036 1363 sua
2071 1310 2265 1364 virtute
2296 1312 2490 1380 prioris
2529 1322 2804 1380 peccatum
2844 1325 3094 1380 reparare
3137 1311 3325 1381 possit.
3353 1310 3538 1380 Neque

1943 1400 2084 1453 enim
2134 1399 2202 1455 de
2248 1401 2618 1468 ciirporalibus
2665 1401 3001 1456 lineamentis
3042 1413 3094 1456 et
3140 1400 3538 1456 character-ibus

1943 1489 2215 1560 Scriptura
2245 1492 2399 1546 nobis
2438 1493 2712 1547 disserens
2735 1533 2750 1557 ,
2794 1492 2959 1547 dicit:
2995 1491 3288 1546 Secundum
3318 1493 3536 1562 speciem

1940 1597 2119 1647 suam,
2163 1591 2210 1636 et
2253 1583 2530 1637 secmtdnm
2582 1584 2852 1653 imaginem
2900 1599 3044 1638 suam
3071 1599 3090 1637 :
3137 1582 3230 1639 sed
3275 1582 3345 1637 de
3392 1590 3532 1636 statu

1941 1675 2154 1740 auritum,
2188 1684 2245 1728 ut
2286 1675 2555 1728 discamus
2599 1675 2738 1730 hunc
2781 1691 2884 1729 non
2922 1673 3082 1731 talem
3112 1691 3232 1729 esse
3269 1673 3530 1730 futurum.

1942 1762 2065 1819 Ideo
2091 1773 2147 1819 ct
2175 1776 2346 1820 mater
2377 1781 2570 1819 nomen
2602 1766 2710 1819 lilio
2743 1766 3022 1834 impatiens
3047 1805 3064 1830 ,
3097 1780 3215 1818 cum
3241 1764 3530 1834 gratiarum

1939 1856 2147 1910 actione
2177 1857 2280 1911 hoc
2307 1873 2502 1913 nomen
2529 1857 2721 1912 indidit
2749 1875 2762 1912 :
2808 1865 2864 1912 et
2891 1873 3062 1927 neque
3093 1867 3331 1924 naturte,
3362 1871 3534 1926 neque

1939 1948 2114 2017 parmi
2143 1949 2396 2004 adscribit
2428 1958 2606 2003 natum
2641 1965 2899 2020 puerum,
2944 1949 3037 2004 sed
3072 1949 3164 2006 Dei
3205 1950 3408 2003 virtuti.
3441 1950 3532 2004 Illa

1939 2041 2082 2096 enim
2113 2049 2354 2096 naturam
2399 2041 2700 2096 fecundavit
2743 2041 2808 2093 ad
2839 2050 3067 2109 partum,
3098 2049 3150 2093 et
3180 2041 3254 2094 ait
3283 2057 3297 2095 :
3327 2038 3532 2112 Cogno-

1939 2131 2143 2184 minaeit
2171 2148 2351 2186 nomen
2382 2133 2521 2185 illius
2548 2130 2672 2186 Seth
2694 2173 2709 2196 ,
2741 2131 2910 2185 dicens
2933 2146 2953 2185 :
2978 2130 3230 2184 Excitavit
3255 2131 3387 2184 enini
3408 2131 3532 2184 mihi

1937 2219 2078 2275 Deus
2117 2238 2283 2276 semen
2327 2222 2467 2275 aliud
2508 2238 2602 2292 pro
2630 2221 2781 2286 Abel,
2823 2237 2968 2289 quem
3006 2221 3188 2274 occidit
3224 2219 3347 2274 Cain
3374 2218 3527 2293 (Gen.

1937 2316 1992 2368 4.
2018 2314 2133 2384 25).
2164 2313 2295 2368 Vide
2324 2314 2470 2368 verbi
2496 2313 2844 2383 diligentiam.
2873 2311 2990 2367 Non
3016 2311 3150 2367 dixit
3175 2329 3188 2366 :
3220 2310 3372 2367 Dedit
3398 2311 3528 2366 mihi

1940 2404 2111 2459 Deus:
2146 2403 2262 2470 sed,
2299 2403 2547 2458 Excitavit
2575 2403 2716 2457 mihi.
2751 2401 2980 2456 Attende
3009 2401 3276 2471 quomodo
3302 2401 3529 2456 obscure

1939 2495 2091 2549 nobis
2124 2494 2222 2549 hoc
2258 2494 2422 2548 verbo
2463 2493 2871 2548 resurrectionis
2897 2490 3113 2546 exordia
3159 2490 3248 2546 hic
3275 2493 3526 2546 ostendit.

1937 2583 2011 2639 Ita
2037 2582 2180 2639 enim
2222 2584 2536 2654 loquebatur
2564 2599 2626 2638 ac
2671 2584 2715 2638 si
2745 2584 2865 2652 quis
2908 2581 3150 2637 diceret:
3195 2581 3299 2636 Pro
3341 2597 3409 2636 eo
3436 2583 3526 2651 qui

1935 2677 2146 2742 cecidit,
2175 2677 2424 2732 excitavit
2451 2677 2578 2731 mihi
2606 2677 2766 2732 hunc.
2797 2675 3127 2745 Quamquam
3156 2675 3246 2729 ille
3266 2717 3281 2742 ,
3315 2675 3524 2746 inquit,

1935 2767 1987 2820 in
2019 2775 2216 2820 terram
2257 2767 2444 2820 dextra
2476 2766 2652 2820 fratris
2677 2779 2960 2835 percussus
2996 2765 3224 2829 cecidit,
3256 2774 3310 2819 et
3341 2766 3529 2820 mortis

1937 2857 2226 2927 periculum
2251 2858 2395 2920 fecit,
2429 2866 2602 2912 tamen
2637 2858 2726 2912 Dci
2753 2858 2922 2912 virtus
2946 2872 3040 2927 pro
3062 2871 3203 2912 czrso
3231 2857 3370 2912 hunc
3395 2857 3525 2912 mihi

1933 2948 2226 3002 sustitaiit.
2255 2947 2358 3002 Sed
2384 2949 2506 3018 quia
2538 2948 2772 3002 nondum
2805 2955 3014 3017 tempus
3035 2957 3152 3002 erat
3177 2950 3522 3004 resurrectio-

1934 3039 2038 3103 nis,
2091 3056 2195 3092 non
2242 3050 2510 3093 mortuum
2556 3040 2850 3103 suscitavit,
2899 3039 2993 3094 sed
3035 3041 3197 3094 alium
3243 3054 3341 3109 pro
3390 3039 3519 3095 illo:

1933 3129 2279 3198 quamobrem
2307 3142 2359 3185 et
2387 3131 2497 3200 ipsa
2529 3130 2700 3186 dixit:
2733 3130 3010 3187 Suscitavit
3038 3131 3161 3185 mihi
3191 3129 3328 3187 Dens
3356 3149 3524 3188 senten

1931 3219 2072 3273 aliud
2099 3236 2190 3289 pro
2219 3220 2373 3286 Abel,
2399 3237 2544 3293 quem
2572 3221 2753 3275 occidit
2778 3221 2927 3277 Cain.
2960 3221 3150 3278 Vidisti
3175 3232 3385 3292 gratum
3408 3239 3525 3279 mu-

1933 3311 2078 3366 lieris
2123 3312 2399 3367 animum?
2443 3312 2619 3368 vidisti
2668 3312 3046 3384 benignitatem
3098 3312 3344 3368 Domini?
3391 3327 3525 3384 quo-

1932 3401 2092 3456 modo
2147 3404 2495 3459 acceleratam
2545 3404 2649 3458 illis
2699 3403 3118 3458 consolationem
3171 3404 3519 3474 excogitavit.

1930 3493 2378 3568 liancitnilcmur
2404 3509 2592 3550 omnes
2616 3536 2630 3558 ,
2660 3504 2716 3550 ct
2746 3503 2912 3550 totum
2943 3511 3187 3565 superna:
3213 3497 3398 3566 gratiae
3424 3500 3517 3549 tris

1931 3569 2171 3640 buamus.
2213 3584 2345 3640 Nam
2381 3585 2506 3640 licet
2544 3594 2730 3640 natura
2774 3593 3045 3655 operetur,
3078 3599 3184 3639 non
3216 3593 3392 3639 tamen
3424 3600 3516 3642 sua

1931 3675 2148 3736 virtute.
2179 3674 2273 3729 sed
2301 3680 2568 3743 prmcepto
2593 3675 2754 3738 illius,
2784 3674 2871 3743 qui
2901 3673 3066 3743 ipsam
3093 3673 3236 3738 fecit,
3264 3673 3518 3728 obcdicus

1928 3773 2200 3835 operatur.
2245 3764 2311 3818 Et
2335 3778 2621 3834 numquam
2651 3764 2864 3819 doleant
2894 3764 3145 3818 mulieres
3172 3762 3384 3833 quando
3412 3779 3520 3820 non

1929 3857 2157 3925 pariunt,
2189 3856 2280 3912 sed
2309 3866 2519 3927 gratum
2548 3857 2783 3911 animum
2818 3870 2928 3925 prro
2953 3871 3012 3910 se
3040 3856 3290 3923 ferentes,
3322 3855 3388 3910 ad
3419 3872 3518 3909 na-

1929 3957 2059 4001 tura:
2088 3947 2347 4017 Opiliccm
2379 3947 2720 4018 confugiant;
2745 3955 2799 4001 ct
2827 3947 2894 4002 ab
2921 3947 3010 4000 illo
3041 3955 3258 4015 petant,
3298 3947 3389 4017 qui
3420 3963 3516 4002 na-

1923 4047 2059 4094 turae
2087 4039 2347 4095 Dominus
2370 4049 2489 4106 est;
2533 4049 2587 4094 et
2631 4053 2802 4108 neque
2839 4039 3122 4108 cwnjngum
3164 4039 3515 4108 congressui,

1928 4147 2101 4202 neque
2125 4132 2275 4186 alteri
2304 4131 2534 4201 cuipiam
2566 4130 2639 4186 rei
2670 4130 2897 4184 filiorum
2927 4132 3185 4198 imputent
3214 4129 3518 4200 generatio—

1927 4240 2047 4278 nem
2070 4265 2085 4289 ,
2116 4223 2208 4279 sed
2250 4222 2522 4278 Conditori
2553 4221 2789 4276 omnium
2813 4261 2830 4286 ,
2857 4222 2945 4291 qui
2975 4238 3041 4276 ex
3073 4222 3240 4276 nihilo
3272 4231 3514 4277 naturam

1927 4323 2160 4370 nostram
2190 4312 2437 4384 produxit
2464 4325 2518 4366 ut
2544 4322 2724 4378 esset,
2753 4321 2806 4365 et
2829 4311 3216 4366 claudicantem
3245 4314 3513 4382 corrigere

1926 4415 2099 4476 potest
2125 4423 2138 4458 :
2167 4403 2591 4474 quandoquidem
2614 4412 2666 4458 et
2687 4402 2783 4457 ista
2808 4417 2870 4456 ex
2896 4403 3174 4457 occasione
3203 4403 3378 4457 luctus
3406 4405 3514 4458 Deo

1923 4498 2142 4569 gloriam
2189 4495 2456 4551 referendi
2490 4495 2718 4562 sumpsit
2757 4503 3148 4562 argumentum,
3189 4500 3244 4548 ct
3288 4493 3515 4548 Domino

1925 4599 2090 4643 totum
2124 4587 2320 4652 tribuit,
2348 4587 2567 4642 dicens:
2600 4584 2846 4639 Excitavit
2876 4586 2998 4639 milii
3031 4583 3166 4639 Deus
3182 4602 3352 4640 semen
3370 4586 3514 4641 aliud

1926 4696 2017 4750 pro
2049 4677 2171 4732 Abel
2189 4720 2205 4746 ,
2236 4693 2385 4747 quem
2412 4676 2594 4730 occidit
2618 4674 2765 4730 Cain.
2799 4675 2961 4730 Vides
2986 4676 3255 4745 quomodo
3283 4691 3386 4730 non
3416 4690 3510 4730 so-

1925 4770 2030 4824 lum
2061 4784 2164 4822 non
2204 4767 2462 4838 gravatim
2491 4767 2643 4831 tulit,
2678 4781 2847 4833 neque
2882 4765 3030 4820 triste
3058 4765 3256 4835 aliquid
3297 4767 3511 4834 loquuta

1923 4868 2007 4914 est
2035 4859 2161 4930 (non
2189 4860 2330 4914 enim
2359 4859 2786 4929 prmtcrmisisset
2813 4855 2990 4911 divina
3016 4857 3318 4926 Scriptura,
3347 4856 3513 4926 siqui-

1924 4953 2045 5008 dem
2077 4953 2178 5007 tale
2206 4951 2457 5022 quiddam
2489 4951 2554 5005 ab
2594 4951 2679 5003 illa
2711 4950 2909 5004 dictum
2942 4949 3178 5019 luisset),
3211 4944 3390 5003 verum
3413 4966 3503 5020 ge-

1923 5059 2116 5100 nerose
2160 5045 2335 5098 ferens
2378 5042 2520 5112 quod
2572 5041 2871 5102 acciderat,
2919 5039 3290 5094 consolatione
3332 5041 3511 5096 statim

1920 5138 2203 5208 dignatur,
2233 5145 2287 5190 et
2330 5135 2530 5204 majora
2579 5134 2712 5204 grati
2754 5133 2916 5186 animi
2964 5134 3055 5186 dat
3083 5133 3229 5202 signa
3251 5172 3269 5200 ,
3303 5132 3510 5186 Domini

1921 5231 2236 5287 beneﬁcium
2265 5229 2559 5301 praedicans
2577 5229 2604 5282 ἵ
2634 5228 2764 5282 Vide
2793 5232 2932 5282 enim
2959 5243 3116 5297 quam
3151 5227 3374 5296 benigne
3407 5225 3511 5280 Do-

1922 5323 2097 5378 minus
2135 5339 2252 5393 qua:
2293 5337 2508 5376 suarum
2555 5332 2676 5376 sunt
2733 5321 2956 5388 partium
3001 5326 3340 5388 exsequatur.
3391 5315 3507 5372 Non

1921 5412 2081 5468 modo
2106 5413 2247 5468 enim
2270 5412 2430 5466 alium
2455 5411 2544 5466 dat
2574 5411 2645 5465 illi
2675 5409 2862 5476 lilium,
2893 5409 2986 5463 sed
3015 5416 3070 5463 et
3099 5410 3290 5460 virtute
3317 5407 3506 5476 praedi-

1921 5514 2028 5557 tum
2055 5501 2171 5558 fore
2197 5511 2350 5556 antea
2374 5493 2652 5571 signiticet.
2681 5497 2867 5554 Caunii
2892 5499 3032 5554 enim
3056 5540 3069 5561 ,
3099 5498 3302 5566 inquit,
3326 5514 3511 5552 secun-

1921 5596 2040 5648 dum
2062 5595 2277 5665 speciem
2302 5609 2466 5656 suam,
2495 5603 2540 5645 et
2565 5591 2841 5646 secundum
2869 5590 3138 5658 imaginem
3164 5602 3331 5640 suam.
3362 5585 3430 5640 Et
3454 5595 3511 5642 ut

1919 5685 2096 5738 statim
2117 5684 2383 5738 discamus
2411 5681 2517 5736 nati
2538 5681 2809 5744 virtutem,
2837 5679 2955 5734 vide
2979 5678 3101 5748 quia
3123 5685 3175 5730 et
3202 5676 3314 5746 ipse
3330 5675 3507 5730 statim

1924 5794 2018 5852 per
2040 5775 2445 5849 appellationem
2479 5772 2567 5827 lilii
2595 5773 2673 5826 sui
2703 5786 2811 5826 sua:
2842 5771 3034 5824 mentis
3061 5769 3308 5839 pietatem
3330 5773 3503 5819 osten-
