4058 6302
498 322 601 379 179

495 432 605 487 dat.
636 428 702 483 Et
739 426 926 491 Sctho,
976 423 1178 495 inquit,
1224 428 1369 474 natus
1406 424 1476 470 est
1506 415 1679 484 ﬁlius,
1712 420 1758 465 et
1802 406 2071 480 appellarit

498 537 676 578 nomen
704 519 841 573 illius
866 516 1024 571 Enos.
1050 513 1154 576 llic
1171 508 1386 581 sperauit
1411 508 1643 560 invocare
1664 516 1847 557 nomen
1868 496 2072 554 Domini

502 610 593 665 Dei
636 606 788 679 (Gen.
835 606 889 661 4.
932 604 1047 675 26).
1092 600 1277 657 Vidisti
1324 596 1727 667 appellationem
1778 591 2075 646 diademate

499 678 799 765 claridrem,
839 710 1065 768 purpura
1108 686 1563 762 splendidiorem?
1603 684 1739 753 Quid
1785 683 1941 737 fuerit
1986 678 2076 732 illo

502 790 707 847 beatius
735 789 823 861 qui
870 785 1198 842 invocatione
1237 780 1333 836 Dei
1382 786 1597 834 ornatur
1619 815 1633 839 .
1667 774 1825 843 idque
1854 786 1948 841 pro
1979 784 2075 821 no-

503 884 647 939 mine
673 878 945 952 possidet?

576 971 855 1026 Nontinum
881 968 1135 1039 impositio
1164 981 1332 1020 recens
1364 963 1512 1017 natis.
1543 959 1767 1015 Nomina
1792 965 2079 1012 sanctorum

505 1064 625 1133 ﬁliis
648 1061 972 1133 imponenda.
1002 1090 1072 1101 ——
1093 1058 1249 1112 Vides
1281 1055 1331 1111 id
1358 1054 1497 1125 quod
1525 1054 1591 1107 ab
1617 1052 1768 1107 initio
1792 1050 2030 1105 dicebam
2060 1089 2076 1112 ,

503 1164 559 1209 et
585 1156 635 1208 in
664 1153 842 1223 parvis
882 1147 1321 1221 appellationibus
1344 1160 1563 1216 magnas
1593 1144 1968 1200 sententiarum
1998 1139 2079 1193 di-

504 1244 659 1298 vitias
684 1243 982 1299 reconditas
1008 1239 1164 1295 esse?
1189 1238 1299 1293 Non
1327 1238 1498 1292 solum
1526 1236 1666 1290 enim
1698 1234 1780 1286 hic
1807 1238 2079 1300 parentum

507 1342 830 1391 monstratur
856 1335 1045 1402 pietas,
1067 1330 1160 1385 sed
1190 1338 1461 1398 etmagna
1488 1340 1609 1394 erga
1638 1324 1833 1376 liberos
1858 1321 2082 1387 diligen—

508 1426 612 1492 tia;
667 1434 723 1481 et
765 1422 1034 1494 quomodo
1082 1419 1258 1475 statim
1302 1425 1356 1473 et
1396 1431 1424 1470 a
1469 1412 1727 1484 principio
1771 1409 2084 1464 erudiebant

506 1515 759 1585 puerulos
782 1514 872 1585 qui
913 1514 1041 1582 ipsis
1067 1510 1419 1566 nascebantur
1438 1547 1452 1568 ,
1476 1504 1826 1559 admonentes
1856 1515 1951 1570 per
1987 1514 2082 1566 ap-

510 1603 840 1672 pellationes,
875 1617 1007 1670 quas
1035 1600 1135 1652 illis
1164 1599 1543 1665 imposuerant,
1575 1602 1632 1646 ut
1660 1592 1904 1644 virtutem
1935 1604 2087 1641 exer-

509 1702 694 1748 cerent
721 1711 734 1746 :
763 1706 864 1745 non
890 1690 1025 1743 sicut
1052 1702 1193 1742 nunc
1222 1685 1438 1739 fortuito
1467 1692 1519 1737 et
1538 1692 1595 1735 ut
1619 1682 1845 1750 primum
1876 1693 2090 1732 succur-

512 1784 581 1837 rit
608 1783 821 1837 nomina
864 1780 1011 1833 ﬁunt.
1050 1778 1295 1841 Nomine,
1338 1773 1612 1843 inquiunt,
1652 1773 1734 1825 avi
1782 1771 1865 1825 vel
1910 1768 2089 1838 proavi

510 1881 727 1926 vocetur
751 1884 883 1939 puer
908 1885 923 1923 :
961 1878 1012 1921 at
1041 1866 1199 1935 prisci
1229 1879 1332 1918 non
1362 1864 1431 1917 ita
1454 1904 1467 1925 ,
1496 1862 1589 1917 sed
1618 1875 1831 1914 omnem
1875 1873 2088 1928 operam

512 1959 830 2016 adhibebant
857 2000 873 2021 ,
902 1967 961 2011 ut
986 1957 1111 2009 talia
1156 1954 1293 2008 natis
1329 1954 1664 2022 imponerent
1690 1950 1903 2003 nomina
1929 1990 1943 2013 ,
1974 1962 2092 2018 qua:

514 2066 623 2105 non
652 2048 822 2105 solum
872 2047 992 2101 illos
1024 2045 1112 2113 qui
1140 2042 1351 2099 nomina
1382 2038 1815 2095 sortiebantur-in
1848 2038 2091 2091 virtutem

514 2139 856 2201 adducerent,
874 2126 972 2190 sed
998 2142 1051 2188 et
1073 2132 1201 2187 alios
1226 2144 1432 2196 omnes,
1454 2128 1610 2184 etiam
1636 2126 1723 2197 qui
1751 2127 2093 2195 sequentibus

515 2229 723 2283 sareulis
751 2225 908 2280 futuri
938 2231 1109 2287 erant,
1136 2219 1453 2277 omnimodas
1476 2217 1822 2289 philosophia:
1850 2217 2092 2272 doctrina

516 2327 714 2375 essent.
748 2317 803 2373 Id
830 2315 968 2385 quod
998 2315 1227 2375 sciemus
1246 2355 1260 2377 ,
1288 2312 1333 2367 si
1361 2324 1539 2367 sermo
1568 2310 1838 2379 aliquanto
1868 2308 2094 2377 amplius

518 2407 856 2479 processerit.
901 2405 1061 2475 igitur
1089 2418 1187 2459 nos
1224 2416 1397 2471 neque
1439 2400 1640 2471 quaevis
1678 2398 1889 2451 nomina
1922 2397 2097 2466 pueris

518 2498 761 2554 indamus
784 2537 800 2561 ,
831 2510 1003 2565 neque
1030 2508 1247 2548 avorum
1273 2501 1327 2546 et
1361 2503 1673 2560 proavorum
1715 2497 1770 2542 et
1798 2502 1978 2541 eorum
2006 2486 2093 2556 qui

517 2602 713 2659 genere
762 2586 888 2641 clari
936 2584 1166 2648 fuerunt,
1220 2581 1431 2635 nomina
1484 2579 1793 2639 tribuamus,
1845 2576 1935 2630 sed
1974 2590 2096 2628 san-

518 2687 724 2733 ctorum
748 2677 1005 2734 virorum.
1034 2674 1121 2742 qui
1152 2670 1433 2725 virtutibus
1458 2669 1741 2732 fulserunt,
1769 2667 2095 2734 plurimaque

518 2766 657 2837 apud
703 2766 866 2820 Deum
912 2763 1098 2817 liducia
1126 2761 1406 2815 valuerunt
1431 2758 1529 2828 (a).
1559 2757 1669 2810 imo
1706 2771 1878 2826 neque
1909 2756 2095 2810 horum

519 2855 820 2912 nominilms
850 2853 1014 2907 ﬁdant
1038 2850 1122 2905 vel
1152 2857 1424 2920 parentes,
1466 2847 1547 2902 vel
1583 2845 1728 2915 pueri
1757 2846 1944 2913 quibus
1974 2846 2093 2898 talia

522 2945 733 2998 nomina
759 2942 1092 3011 contingunt.
1115 2938 1258 2992 Nihil
1278 2937 1415 2991 enim
1446 2935 1659 3004 prodest
1687 2935 1839 2990 alicui
1868 2935 2095 2989 vocabu-

524 3036 633 3089 lum
656 3035 848 3088 virtute
874 3045 1116 3095 vacuum,
1160 3028 1253 3084 sed
1300 3024 1541 3081 habenda
1579 3035 1660 3080 est
1690 3024 1874 3079 salutis
1908 3040 2098 3093 exspe-

522 3123 684 3179 ctatio
708 3123 762 3176 in
786 3119 994 3175 virtutis
1018 3118 1328 3189 operatione
1353 3134 1365 3170 :
1395 3126 1448 3171 et
1475 3129 1651 3186 neque
1666 3114 1722 3168 in
1749 3115 2101 3184 appellatione

525 3212 751 3267 sublime
777 3224 985 3280 sapere,
1015 3222 1188 3277 neque
1210 3207 1262 3259 in
1292 3189 1605 3275 cognatione
1630 3212 1934 3259 sanctorum
1957 3205 2100 3259 viro-

522 3319 669 3372 rum,
691 3316 863 3373 neque
890 3301 942 3355 in
970 3300 1145 3370 aliquo
1172 3298 1277 3353 alio
1301 3338 1316 3362 ,
1345 3291 1518 3353 Μία
1546 3294 1735 3352 ﬁducia
1766 3298 2098 3368 propriorum

521 3410 745 3469 operum
774 3410 789 3449 :
819 3393 927 3448 imo
951 3407 1123 3462 neque
1150 3392 1201 3445 in
1224 3391 1327 3445 illis
1353 3389 1576 3445 multum
1603 3388 1670 3443 de
1689 3404 1747 3444 se
1767 3392 1983 3455 sentire,
2007 3389 2099 3445 sed

520 3488 645 3540 tunc
660 3484 827 3553 magis
842 3482 1089 3537 humilem
1104 3489 1156 3535 et
1168 3480 1461 3536 modestum
1477 3493 1596 3534 esse
1607 3486 1834 3548 oportet,
1852 3494 1973 3534 cum
1991 3494 2073 3533 ma
2092 3511 2101 3519 -

522 3589 655 3638 tnas
678 3575 926 3629 virtutum
954 3572 1163 3628 divitias
1190 3585 1476 3642 congerere
1502 3584 1814 3639 possumus:
1861 3572 1937 3625 sie
1961 3572 2099 3626 enim

525 3671 583 3718 et
618 3662 717 3732 ipsi
742 3662 991 3717 collectas
1019 3660 1228 3715 divitias
1265 3669 1379 3715 tuto
1407 3660 1798 3727 custodiemus,
1843 3669 1893 3715 et
1936 3659 2100 3716 henc-

529 3752 813 3806 volentiam
839 3751 931 3805 Dei
959 3750 1113 3805 nobis
1131 3750 1547 3805 conciliabimus.
1578 3748 1866 3803 Enimvero
1891 3760 2103 3819 propter

528 3842 631 3897 hoc
654 3850 709 3897 et
744 3840 985 3897 Christus
1030 3839 1306 3911 discipulis
1344 3840 1456 3894 suis
1492 3838 1737 3894 dicebat;
1771 3838 1895 3891 Cum
1938 3841 2105 3893 omnia

528 3932 775 4001 feceritis,
822 3933 999 3999 dicite,
1042 3929 1257 3987 Inutiles
1297 3932 1427 3986 servi
1470 3947 1643 3985 sumus
1668 3929 1818 4001 (Luc.
1850 3931 1934 3985 Π.
1969 3931 2057 4003 10)
2089 3950 2103 3984 :

531 4024 583 4077 in
608 4022 856 4077 omnibus
873 4036 1055 4077 eorum
1082 4022 1449 4077 conﬁdentiam
1479 4021 1791 4090 reprimens,
1820 4028 1873 4075 et
1892 4020 1957 4074 ad
1990 4035 2106 4074 mo-

529 4114 756 4169 destiam
801 4126 897 4168 eos
923 4126 1213 4179 revocans,
1240 4124 1298 4167 ut
1336 4110 1490 4166 bonis
1514 4111 1763 4180 operibus
1804 4125 1909 4165 nou
1937 4111 2108 4167 extol-

534 4204 731 4267 lantur,
761 4203 854 4258 sed
884 4203 1055 4258 sciant
1090 4202 1371 4257 mximam
1400 4201 1652 4255 virtutum
1694 4214 1814 4256 esse
1852 4201 1903 4255 in
1956 4200 2108 4256 bonis

531 4294 781 4365 operibus
807 4293 1047 4349 modeste
1072 4300 1126 4349 et
1154 4291 1422 4347 humiliter
1448 4305 1508 4346 se
1536 4289 1751 4346 habere.

604 4385 663 4439 4.
690 4383 862 4439 Porro
883 4384 948 4435 ad
972 4390 1278 4437 contextum
1322 4379 1585 4435 sermonis
1614 4379 1913 4445 redeamus,
1941 4389 1996 4436 et
2029 4381 2109 4433 vi-

534 4474 758 4530 damus
786 4486 881 4526 eos
904 4471 995 4541 qui
1026 4472 1332 4540 posteanati
1359 4478 1499 4525 sunt.
1527 4469 1807 4524 Probabile
1836 4478 1918 4524 est
1942 4470 2107 4534 enim,

535 4581 637 4622 nos
676 4564 928 4635 paulatim
977 4561 1313 4632 procedendo
1358 4562 1588 4631 majores
1639 4560 1945 4618 inventuros
1991 4576 2113 4617 esse

542 4656 824 4711 thesauros
843 4662 893 4709 et
923 4654 1208 4708 immensas
1233 4651 1463 4707 divitias.
1492 4651 1545 4706 9.
1585 4650 1652 4705 Et
1686 4653 1806 4706 vixit
1834 4651 1989 4719 Enos,
2030 4652 2111 4706 hic

539 4745 683 4800 Set/ti
698 4745 857 4815 ﬁlius,
891 4759 1049 4796 annos
1075 4752 1272 4796 centum
1296 4742 1591 4813 nonaginta,
1613 4751 1660 4795 et
1684 4743 1851 4812 genuit
1878 4742 2109 4808 Cainam,

592 4835 683 4910 ἐπὶ
706 4834 834 4910 Μ
857 4834 1397 4910 δίίὲἕίίῖἒῖῗέεῆιρέἓίὲἕ
1414 4834 1961 4910 :-‘P.€’.’Pi"!--t‘i9°‘_°_‘3‘_‘!‘

540 4893 1195 4957 ﬁliis'imponena_la,7facttim
1215 4894 1612 4957 deprehenditur,
1630 4906 1774 4957 supra
1806 4901 1949 4943 Tomo
1980 4893 2024 4944 ll
2064 4896 2111 4944 in

541 4952 762 5018 t-Zneomio
776 4964 820 5005 s.
838 4952 1029 5005 ttelutii.
1050 4962 1218 5018 Locum
1236 4952 1348 5018 huic
1369 4952 1648 5018 illustraudo
1672 4952 1775 5018 loco
1795 4963 2113 5018 Opportunum

539 5018 620 5066 hic
641 5014 904 5085 afer-imus.
928 5019 999 5065 sic
1022 5027 1143 5077 ergo
1165 5013 1346 5077 legitur
1370 5013 1513 5083 paulo
1538 5022 1645 5085 pust
1680 5013 1877 5085 i‘nitimni
1904 5015 2112 5085 bomiliaa

542 5079 928 5128 nucomiastlcazz
958 5085 1072 5125 Nam
1094 5088 1202 5124 cum
1223 5076 1333 5136 eum
1363 5088 1394 5123 a
1424 5076 1660 5136 principio
1689 5076 1738 5125 in
1769 5076 2005 5127 civitatem
2040 5076 2113 5125 in-

540 5150 758 5201 gressum
777 5133 1446 5201 excepissetispnnnsquisqne
1468 5133 1623 5201 (ilimn
1646 5148 1781 5185 suum
1801 5138 1905 5201 ej_ns
1926 5136 2113 5201 nomine

542 5195 830 5261 appellabat,
853 5195 939 5261 per
962 5195 1326 5261 appellationem
1348 5195 1627 5261 existimans
1652 5195 1967 5261 nausa-Iisgue
1989 5212 2041 5248 se
2062 5198 2113 5247 in

544 5256 738 5308 donanti
753 5256 893 5308 suam
910 5256 1125 5319 sanctum
1140 5257 1461 5319 introducere,
1480 5256 1728 5319 missisque
1746 5256 1974 5319 patribus,
1993 5260 2111 5319 avis,

547 5326 591 5368 et
613 5318 821 5381 proavis,
844 5326 1021 5369 matres
1045 5317 1170 5367 beati
1192 5316 1366 5381 Μειαῇ
1392 5330 1567 5381 nomen
1584 5316 1881 5381 anponebant
1917 5316 2111 5381 liberis,

545 5376 663 5443 quos
692 5376 992 5443 peperci-am.
1018 5385 1246 5443 naturam
1267 5376 1393 5427 enim
1415 5378 1629 5443 ducebat
1652 5376 1795 5443 amor
1821 5378 2006 5441 pietatis
2023 5415 2051 5443 ,Α
2067 5376 2113 5431 et

547 5438 773 5503 deinceps
793 5439 1224 5503 quinascebantur.
1247 5451 1340 5503 non
1363 5439 1573 5503 naturali
1592 5438 1745 5490 solum
1768 5438 2102 5503 benevolentia,

544 5500 631 5549 sed
654 5496 993 5565 etiarn'aﬁectu
1012 5513 1129 5565 erga
1148 5500 1282 5551 illam
1321 5496 1685 5562 appellationem
1702 5534 1717 5557 ,
1742 5501 2008 5565 erant
2026 5496 2112 5564 po;

538 5561 766 5617 rentibus,
808 5560 966 5623 Ipsum
1132 5573 1305 5623 nornen
1321 5560 1368 5609 et
1388 5560 1722 5623 numerum
1743 5560 2051 5623 cognationis,
2067 5568 2113 5612 et

541 5627 727 5695 adium
743 5619 945 5695 {vegetam
964 5660 977 5680 ,
994 5628 1045 5695 _ct
1067 5622 1133 5673 ita
1155 5621 1330 5673 matis
1350 5619 1554 5671 salutem
1573 5659 1585 5682 ,
1610 5628 1656 5672 et
1690 5619 1869 5672 amoris
1895 5622 2112 5672 solatium

1162 348 1165 351 -
1246 308 1307 367 S.
1345 299 1619 365 JOANNIS
1656 291 2128 354 CHRYSOSTO!"
2167 290 2479 347 ARCIIIEP.
2520 286 3048 350 CONSTANTINOP.

2182 405 2265 459 ιιι.
2312 414 2358 460 et
2390 405 2600 462 Cainam
2622 406 2794 477 genuit
2843 404 3104 471 Halaleel,
3134 401 3221 458 15.
3249 411 3296 456 et
3319 401 3556 457 )lalaleet
3582 405 3756 474 genuit

2176 498 2357 562 Jared,
2390 496 2475 551 18.
2507 506 2554 549 et
2602 494 2761 549 Jared
2781 496 2946 565 genuit
2979 494 3172 549 Enoclt.
3197 494 3287 549 2|.
3321 493 3391 549 Et
3414 495 3535 550 nisi:
3576 493 3755 550 Enoch

2178 603 2324 640 annis
2351 595 2545 641 centum
2573 586 2832 657 sexaginta
2858 587 3075 655 quinque
3094 628 3108 651 ,
3156 597 3204 641 et
3226 586 3396 658 genuit
3442 586 3751 643 Mathusala.

2178 676 2266 730 22.
2291 675 2496 731 Placuit
2511 686 2673 729 autent
2691 675 2866 729 Enoclt
2894 675 3022 730 Deo.
3045 673 3112 730 Et
3130 678 3253 733 rian't
3270 676 3467 743 Enoclt,
3492 690 3754 747 postquam

2180 768 2351 837 genuit
2380 766 2689 832 llatltusala,
2718 768 2865 821 annis
2878 767 3137 849 ’dttcentis,
3171 777 3218 821 et
3244 770 3413 839 genuit
3440 770 3574 837 ﬁlios
3600 778 3647 824 et
3693 769 3759 838 ﬁ-

2182 861 2295 913 lias.
2322 860 2413 916 23.
2444 860 2509 914 Et
2525 865 2724 929 fuerunt
2752 861 2857 915 dies
2883 860 3060 915 Enoch
3080 863 3287 915 trecenti
3326 866 3585 934 sexaginta
3611 865 3758 929 quin-

2180 967 2292 1021 que.
2321 946 2410 1005 Si.
2454 950 2521 1007 Et
2565 952 2755 1021 placuit
2788 950 2962 1005 Enoch
3007 949 3136 1015 Deo,
3176 962 3223 1005 et
3256 968 3356 1006 non
3399 957 3624 1007 inventus
3654 964 3756 1019 est,

2180 1040 2299 1107 quia
2328 1041 2581 1095 transtulit
2622 1041 2765 1094 illum
2813 1039 2971 1094 Deus.
2997 1040 3133 1095 Num
3180 1042 3318 1097 bene
3350 1042 3612 1105 dicebam,
3663 1057 3764 1096 nos

2182 1131 2521 1201 procedendo
2569 1145 2820 1201 maguum
2864 1131 3169 1186 thesaurum
3206 1134 3259 1188 in
3319 1134 3420 1188 illis
3460 1134 3764 1188 nominibus

2185 1222 2494 1278 inventuros
2519 1220 2672 1277 esse?
2693 1221 3072 1277 Animadverte
3092 1224 3253 1287 enim,
3284 1223 3527 1288 obsecro,
3553 1224 3661 1286 hic,
3684 1223 3766 1277 di-

2188 1310 2344 1373 lecte,
2390 1321 2442 1365 ct
2479 1311 2607 1380 justi
2658 1312 2905 1366 virtutem
2939 1320 2994 1368 et
3028 1312 3154 1368 boni
3202 1312 3296 1368 Dei
3319 1313 3583 1383 ingentem
3611 1311 3767 1367 beni-

2187 1403 2442 1471 gnitatem
2470 1441 2484 1465 ,
2516 1412 2568 1456 et
2612 1401 2901 1473 Scriptura:
2934 1404 3281 1474 diligentiam.
3330 1404 3398 1459 Et
3423 1407 3543 1459 via-it
3589 1404 3769 1459 Enoch

2190 1493 2335 1545 annis
2364 1501 2558 1545 centum
2578 1495 2840 1563 sexaginta
2878 1496 3124 1563 quinque,
3154 1504 3201 1555 et
3236 1498 3408 1567 genuit
3450 1495 3767 1551 Mathusala.

2198 1581 2259 1634 Et
2292 1582 2476 1650 placuit
2518 1581 2693 1635 Enoch
2742 1582 2888 1646 Deo,
2939 1593 3200 1653 postquam
3230 1586 3401 1655 genuit
3449 1584 3770 1639 Hatlmlasa.

2266 1670 2473 1740 Nuptiae
2486 1689 2584 1726 non
2606 1675 2657 1725 in
2678 1688 2831 1726 causa
2854 1684 2967 1726 sunt
2991 1675 3257 1745 quominus
3277 1674 3499 1729 homines
3522 1674 3631 1730 Deo
3656 1678 3773 1745 pla-

2195 1772 2431 1819 ceant.—
2444 1764 2674 1818 Audiant
2701 1762 2799 1819 viri
2824 1775 2878 1819 et
2902 1765 3173 1831 mulieres,
3203 1776 3258 1821 et
3289 1768 3493 1823 discant
3510 1769 3641 1839 justi
3668 1770 3774 1824 viro

2197 1863 2359 1908 tutem
2381 1895 2396 1917 ,
2432 1867 2539 1927 nec
2558 1863 2744 1921 putent
2786 1854 2995 1924 nuptias
3039 1856 3090 1909 in
3127 1870 3285 1910 causa
3331 1871 3451 1914 esse
3486 1860 3777 1929 quominus

2196 1946 2314 2014 quis
2363 1944 2475 1999 Deo
2503 1945 2728 2015 placeat.
2773 1945 2903 1999 Nam
2935 1946 3130 2001 ideirco
3158 1947 3334 2003 divina
3385 1949 3658 2021 Scriptura
3686 1967 3778 2007 se-

2197 2036 2301 2090 mel
2344 2044 2397 2090 et
2418 2035 2608 2090 iterum
2638 2035 2690 2091 id
2736 2036 3051 2105 signiﬁcavit
3076 2037 3261 2094 dicens
3289 2055 3304 2092 :
3339 2039 3536 2097 Genuit
3563 2043 3778 2098 Halitu-

2197 2127 2327 2192 sala,
2355 2136 2409 2182 et
2452 2134 2576 2181 tunc
2598 2127 2813 2195 placuit.
2862 2126 2925 2181 Et
2954 2126 3092 2183 idem
3126 2130 3416 2199 ingeminat
3452 2148 3514 2189 ac
3551 2136 3781 2204 repetit,

2197 2219 2382 2275 dicens
2416 2237 2430 2272 :
2462 2219 2528 2274 Et
2578 2220 2768 2289 placuit
2796 2230 3057 2291 postquam
3100 2224 3273 2293 genuit
3306 2240 3326 2279 :
3352 2235 3408 2279 ut
3439 2241 3507 2281 ne
3535 2227 3653 2296 quis
3681 2240 3783 2281 ar-

2199 2309 2425 2363 bitretur
2467 2308 2799 2363 obstaculum
2832 2310 3012 2364 virtuti
3052 2326 3171 2367 esse
3198 2313 3525 2385 coniugium.
3563 2315 3676 2383 Qua
3733 2315 3785 2369 si

2200 2400 2362 2454 sobrii
2393 2414 2596 2463 sumus,
2636 2414 2807 2469 neque
2848 2399 3114 2466 educatio,
3144 2417 3318 2474 neque
3333 2404 3658 2475 coniugium,
3683 2421 3787 2461 ne—

2200 2504 2303 2558 que
2345 2488 2487 2542 aliud
2531 2488 2657 2558 quid
2707 2490 2861 2544 nobis
2898 2490 3090 2565 obdit,
3138 2494 3423 2561 quominus
3473 2496 3787 2565 placeamus

2202 2578 2333 2634 Deo.
2362 2578 2500 2634 Ecce
2545 2580 2689 2634 enim
2732 2590 2785 2635 et
2808 2579 2892 2635 hic
2916 2564 3152 2650 ejusdem
3180 2592 3385 2639 natura
3435 2564 3583 2651 erat,
3625 2587 3789 2656 cuius

2200 2679 2254 2724 et
2286 2684 2382 2723 nos
2408 2684 2590 2724 sumus
2624 2687 2637 2723 :
2666 2679 2719 2724 et
2746 2685 2921 2740 neque
2941 2671 3026 2726 lex
3052 2672 3242 2727 tradita
3272 2684 3405 2738 erat,
3440 2691 3613 2747 neque
3637 2675 3793 2733 Seri-

2206 2767 2371 2825 pturae
2399 2758 2680 2824 docebant,
2721 2774 2895 2830 neque
2936 2760 3078 2817 aliud
3105 2762 3392 2833 quidquam
3417 2766 3484 2819 ad
3508 2768 3791 2837 sapientia:

2205 2850 2659 2921 philosophimque
2686 2852 2915 2906 studium
2943 2852 3258 2909 deducebat.
3291 2854 3367 2909 Ex
3396 2870 3474 2921 se,
3498 2866 3553 2912 et
3591 2874 3653 2913 ex
3678 2874 3790 2912 vo-

2205 2941 2403 2996 luntate
2434 2944 2600 3012 ipsius
2645 2941 2942 3012 profectum
2982 2954 3065 2999 est
3096 2945 3237 3016 quod
3270 2946 3380 3002 Deo
3405 2948 3672 3017 placeret,
3706 2950 3790 3005 ita

2204 3041 2259 3084 ut
2288 3046 2454 3099 usque
2495 3032 2652 3087 hodie
2672 3035 2815 3088 vivat
2840 3034 3073 3089 nondum
3095 3044 3322 3091 mortem
3357 3049 3626 3107 expertus.
3646 3039 3789 3095 Nam

2205 3122 2248 3174 si
2277 3123 2493 3191 nuptize,
2518 3121 2724 3186 dilecti,
2774 3125 2861 3179 vel
2889 3138 3176 3193 puerorum
3216 3126 3461 3183 educatio
3483 3168 3499 3193 ,
3551 3129 3792 3199 impedi-

2206 3220 2444 3266 mentum
2490 3210 2667 3267 forent
2710 3214 2763 3266 in
2805 3214 3056 3267 virtutum
3088 3215 3311 3281 itinere,
3352 3231 3681 3288 nequaquam
3725 3221 3792 3275 in

2206 3301 2343 3357 hanc
2372 3312 2608 3358 nostram
2635 3304 2795 3363 vitam
2826 3304 3033 3374 nuptias
3078 3305 3465 3363 introduxisset
3502 3308 3787 3364 universo.

2206 3407 2322 3447 rum
2371 3393 2628 3461 Creatnr,
2655 3402 2713 3447 ut
2741 3409 2808 3449 ue
2847 3393 2899 3448 in
2940 3394 3099 3449 rebus
3140 3395 3418 3463 prmcipuis
3461 3406 3516 3451 et
3553 3399 3793 3455 maxime

2206 3485 2524 3540 necessariis
2550 3498 2648 3539 nos
2700 3484 2935 3539 laederet.
2976 3483 3080 3540 Sed
3119 3486 3241 3555 quia
3285 3501 3390 3541 non
3439 3488 3611 3543 solum
3652 3489 3791 3545 uilli!

2206 3576 2361 3630 nobis
2385 3576 2599 3630 obstant
2624 3575 2691 3630 ad
2738 3574 3221 3645 philosophandum
3264 3577 3557 3632 secundum
3594 3579 3789 3649 Deum,

2207 3666 2249 3719 si
2278 3666 2605 3721 voluerimus
2634 3680 2755 3721 esse
2782 3666 2969 3733 sobrii,
3017 3665 3113 3721 sed
3164 3675 3220 3722 et
3272 3682 3518 3739 magnam
3556 3669 3792 3727 afferunt

2208 3759 2649 3824 consolationem,
2670 3758 2795 3814 dum
2818 3760 3175 3829 comprimunt
3197 3762 3439 3816 insanum
3466 3771 3669 3818 natura:
3688 3765 3791 3820 imo

2209 3858 2409 3918 petum,
2454 3864 2553 3905 nec
2580 3850 2777 3905 turbari
2820 3851 2970 3921 quasi
3003 3865 3149 3905 mare
3172 3852 3376 3918 sinunt,
3415 3854 3509 3908 sed
3543 3854 3792 3913 efﬁciunt

2212 3950 2270 3993 ut
2295 3940 2490 4011 scapha
2517 3940 2745 3997 feliciter
2768 3944 2822 3996 in
2863 3951 3071 4011 portum
3112 3942 3367 4011 appellat,
3392 3942 3512 4000 ideo
3539 3947 3790 4001 consola-

2212 4032 2408 4086 tionem
2440 4032 2575 4087 hanc
2610 4030 2842 4087 humano
2863 4031 3047 4102 generi
3097 4033 3298 4089 tribuit.
3322 4034 3474 4102 Quod
3503 4050 3661 4106 quam
3688 4052 3788 4093 ve-

2212 4137 2328 4175 rum
2361 4122 2450 4189 sit,
2489 4122 2724 4178 ostendit
2757 4122 2933 4192 justus
2960 4122 3069 4179 ille.
3110 4124 3241 4192 Quia
3266 4134 3565 4196 postquam,
3594 4128 3791 4197 inquit.

2209 4218 2394 4286 genuit
2436 4216 2764 4284 Mathusala,
2795 4216 2990 4287 placuit
3016 4217 3125 4273 Deo
3151 4218 3366 4283 Enoeh.
3411 4235 3585 4291 neque
3623 4236 3791 4291 parve

2210 4322 2469 4362 annorum
2501 4322 2725 4364 numero
2748 4308 2801 4363 in
2831 4309 3082 4365 virtutum
3121 4311 3377 4365 exercitio
3403 4307 3784 4381 perseveravit,

2210 4398 2303 4455 sed
2321 4400 2471 4467 vixit,
2493 4399 2678 4470 inquit,
2698 4401 2850 4454 annis
2870 4398 3200 4457 ducentis.Et
3218 4401 3339 4472 quia
3358 4411 3475 4472 post
3494 4411 3791 4474 transgres-

2212 4492 2416 4547 sionem
2444 4491 2574 4560 Δάαι
2605 4492 2850 4547 inventus
2882 4500 2967 4548 est
3009 4493 3168 4547 homo
3198 4494 3286 4563 qui
3312 4493 3378 4548 sd
3405 4494 3655 4549 virtutum
3675 4496 3794 4551 συι-

2214 4597 2332 4638 men
2349 4582 2679 4646 ascenderet,
2697 4590 2752 4636 et
2771 4583 2927 4652 primi
2941 4584 3176 4653 parentis
3198 4594 3472 4654 peccatum
3488 4594 3791 4653 revocaret.

2214 4671 2283 4727 ob
2323 4688 2441 4727 eam
2468 4686 2625 4742 quam
2650 4671 2791 4742 apud
2822 4672 2988 4728 Deum
3018 4672 3244 4729 habebat
3267 4674 3513 4743 gratiam,
3543 4674 3665 4731 vidc
3685 4675 3790 4731 bo-

2216 4765 2266 4819 ni
2317 4764 2409 4819 Dei
2446 4762 2795 4819 excellentem
2837 4762 3196 4819 clementiam.
3227 4762 3359 4818 Nam
3411 4764 3532 4836 quia
3590 4765 3793 4822 invenit

2213 4855 2440 4925 aliquem
2483 4854 2572 4925 qui
2600 4854 2773 4924 potuit
2819 4863 3090 4923 peccatum
3137 4854 3267 4909 Adae
3295 4868 3546 4911 revocare
3580 4871 3595 4908 :
3630 4870 3791 4911 mon-

2215 4944 2430 4999 strando
2465 4957 2523 4998 re
2552 4943 2662 5013 ipsa
2689 4945 2811 5013 quia
2835 4958 2942 4997 non
2966 4944 3151 4998 volens
3178 4955 3402 4999 mortem
3443 4944 3673 4999 humano
3696 4958 3795 5014 ge-

2215 5036 2328 5091 neri
2361 5035 2553 5090 iuferre
2579 5044 2798 5105 propter
2843 5032 3075 5088 mandati
3119 5035 3627 5104 transgressionem,
3664 5049 3792 5090 eum

2214 5128 2302 5198 qui
2326 5126 2628 5182 mandatum
2655 5134 2933 5197 acceperat
2955 5125 3407 5190 condemnaverit,
3437 5125 3577 5183 hunc
3603 5126 3795 5183 viven-

2214 5230 2322 5275 tem
2368 5220 2639 5274 transfert.
2674 5218 2743 5272 Et
2779 5217 3003 5289 placuit.
3032 5219 3220 5289 inquit,
3253 5218 3428 5273 Enoclt
3450 5217 3558 5273 Deo
3578 5258 3593 5283 ,
3622 5228 3795 5275 etnon

2214 5311 2442 5364 inventus
2478 5321 2572 5377 est,
2603 5327 2662 5365 eo
2699 5309 2836 5379 quod
2862 5310 3113 5364 transtulit
3147 5309 3293 5364 illum
3318 5309 3474 5365 Deus.
3518 5309 3673 5365 Vides
3700 5324 3794 5364 sa-

2215 5401 2465 5469 pientiam
2484 5402 2691 5456 Domini
2709 5402 2733 5454 Υ
2751 5401 3020 5455 Viventem
3043 5401 3330 5467 transtulit,
3356 5416 3461 5456 non
3478 5402 3794 5457 immortali-

2216 5502 2379 5547 tatem
2418 5494 2637 5562 largitus
2665 5501 2780 5559 est,
2833 5506 2900 5547 ne
2945 5493 3193 5562 peccandi
3244 5501 3441 5547 metum
3490 5503 3791 5556 encrvaret,

2214 5583 2307 5639 sed
2336 5584 2575 5640 timorem
2594 5585 2644 5639 in
2664 5584 2895 5640 humano
2910 5600 3103 5655 genere
3121 5586 3383 5656 vigentem
3413 5584 3645 5654 reliquit.
3665 5585 3793 5639 ιντο-

2216 5684 2333 5748 pter
2362 5673 2460 5729 hoc
2509 5674 2698 5730 iterum
2744 5676 2987 5742 obscure,
3020 5685 3076 5729 ut
3118 5676 3185 5731 ita
3225 5673 3427 5738 dicam,
3473 5683 3524 5728 et
3571 5674 3801 5727 latenter
