4058 6302
171 455 252 516 ,ει
1217 423 1282 480 lN
1320 421 1472 480 car.
1515 418 1577 474 v.
1619 417 1755 476 cex

1905 416 2132 474 1105111..
2174 416 2317 474 XXI.

171 570 400 618 revocare
425 552 537 607 vult
567 546 886 606 sententiam
913 557 1070 614 quam
1099 549 1285 596 contra
1307 538 1475 593 Adam
1499 533 1738 606 protulit;

171 653 250 710 sed
273 647 606 704 manifestum
636 643 739 694 hoc
781 655 885 692 non
915 636 1057 701 facit,
1099 643 1154 688 ut
1187 634 1344 687 timor
1373 630 1516 683 illius
1563 642 1747 682 emea-

171 737 592 800 dationiserviat.
623 730 913 786 Etidcirco
945 726 1150 789 Euoch,
1201 737 1321 778 cum
1370 720 1467 790 ipsi
1515 722 1743 772 mullum

173 838 402 904 placeret,
447 824 736 879 transtulit.
763 820 875 874 iam
905 819 947 871 si
974 817 1092 885 quis
1117 811 1382 868 curiosius
1416 822 1606 878 rogare
1654 821 1748 859 ve-

175 903 242 993 lit,
286 933 339 978 et
387 921 571 975 dicere
612 934 626 971 :
685 915 751 969 Et
806 927 911 982 quo
962 913 1132 979 ipsum
1177 903 1480 961 transtulit?
1525 912 1578 956 et
1622 914 1746 953 num

173 1032 320 1088 usque
344 1015 407 1066 ad
441 1022 682 1080 prmsens
710 1002 939 1060 vixerit?
968 1002 1136 1056 discat
1181 1013 1286 1052 non
1316 993 1606 1051 convenire
1650 993 1746 1046 bu-

175 1110 323 1165 manis
346 1100 759 1173 cogitationibus
781 1094 1028 1164 obsequi,
1058 1102 1113 1146 et
1141 1090 1407 1145 curiosius
1455 1101 1516 1140 ea
1566 1099 1684 1154 qua:
1715 1097 1743 1135 a

177 1201 270 1254 Deo
296 1197 423 1251 ﬁunt
462 1192 766 1262 explorare,
796 1184 888 1240 sed
935 1182 1156 1239 credere
1202 1181 1266 1234 iis
1305 1195 1424 1248 qua:
1473 1176 1741 1230 dicuntur.

177 1293 290 1347 Nam
314 1287 524 1359 quando
559 1285 699 1338 Deus
744 1277 941 1347 aliquid
997 1273 1340 1344 pronuntiat,
1387 1268 1545 1322 dictis
1582 1266 1751 1359 ipsius

175 1356 628 1438 cottuadiccndum
674 1386 779 1426 non
817 1378 919 1432 est,
951 1367 1044 1421 sed
1080 1365 1184 1419 ﬁde
1213 1363 1457 1429 digniom
1506 1356 1748 1412 habenda

176 1484 285 1532 sunt
318 1488 434 1545 qua:
469 1486 500 1524 a
557 1469 666 1522 Deo
702 1462 1131 1535 pronuntiantur,
1164 1455 1372 1512 etiamsi
1405 1464 1744 1517 noneompa-

179 1541 510 1635 reant,‘quam
527 1575 593 1616 ea
606 1572 725 1628 qua
745 1553 915 1609 oculis
930 1551 1128 1605 nostris
1141 1547 1374 1617 subjecta
1398 1553 1542 1599 sunt.
1563 1541 1748 1635 Enim-

178 1674 288 1716 vero
312 1631 586 1726 scriptura
610 1649 767 1713 dixit,
796 1644 938 1715 quod
970 1639 1299 1697 transtulerit
1322 1637 1491 1699 illum,
1540 1631 1748 1726 etquod

177 1725 806 1808 viventemitranstulerit,
859 1754 957 1794 nec
992 1744 1219 1792 mortem
1248 1739 1500 1801 expertus
1525 1728 1629 1792 sit,
1657 1725 1750 1779 sed

175 1843 239 1899 ob
261 1855 428 1907 suum,
465 1853 626 1909 quem
655 1833 794 1905 apud
818 1833 985 1888 Deum
1018 1827 1245 1883 habebat
1268 1823 1503 1880 favorem
1526 1863 1541 1884 ,
1591 1833 1752 1884 supe-

180 1934 275 1989 rior
301 1933 463 1986 factus
492 1929 563 1985 sit
587 1927 764 1983 divina
791 1921 1056 1978 sententia
1079 1927 1264 1973 contra
1319 1916 1608 1969 humanum
1654 1923 1748 1979 ge-

179 2039 268 2080 uus
290 2023 508 2094 prolata.
537 2019 657 2086 Quo
679 2025 856 2072 autem
883 2015 1032 2068 illum
1061 2007 1414 2074 transtulerit,
1445 2013 1500 2059 et
1527 2013 1755 2072 quomo-

179 2117 241 2172 do
262 2129 396 2171 nunc
427 2121 572 2183 agat,
603 2111 704 2165 hoc
731 2124 838 2164 non
857 2106 1071 2176 adjecit.

246 2207 298 2262 5.
333 2203 524 2260 Vidisti
554 2201 844 2258 bonitatem
883 2195 1130 2258 Domini.
1162 2189 1433 2264 quomodo
1458 2188 1753 2244 inventum

183 2299 340 2353 virum
386 2297 473 2366 qui
503 2294 751 2348 virtutem
799 2294 1051 2360 operatus
1079 2293 1184 2350 est,
1226 2299 1330 2339 non
1371 2279 1638 2337 fraudavit
1670 2277 1758 2358 ldi-

181 2389 364 2460 gnitate
386 2401 543 2457 quam
572 2381 878 2454 primigenum
905 2376 1105 2433 homini
1137 2383 1262 2430 ante
1290 2371 1526 2428 mandati
1574 2379 1757 2424 trans-

184 2477 494 2546 gressionem
534 2474 757 2544 largitus
794 2478 911 2526 erat
939 2485 954 2522 :
986 2467 1189 2524 docens
1222 2479 1320 2521 nos
1345 2505 1360 2532 ,
1392 2477 1452 2518 se
1499 2472 1555 2518 et
1582 2461 1752 2523 illum,

186 2572 276 2626 nisi
299 2569 554 2624 tlzemonis
578 2565 947 2635 deceptionem
976 2559 1145 2631 pluris
1174 2557 1385 2613 fecisset
1415 2569 1573 2626 quam
1603 2551 1760 2608 tradi-

186 2673 285 2715 tum
312 2652 640 2720 mandatum,
670 2653 858 2712 eodem
879 2653 964 2707 vel
987 2650 1176 2720 majori
1195 2648 1402 2707 honore
1418 2646 1757 2717 dignaturum

190 2750 378 2806 fuisse?
401 2750 490 2805 25.
521 2747 587 2802 Et
615 2747 766 2812 vicit,
797 2742 988 2813 inquit,
1019 2739 1314 2795 "almus
1352 2753 1516 2791 unitos
1561 2745 1760 2789 centum

186 2853 225 2897 et
246 2843 488 2911 octoginta
511 2849 722 2909 septem,
751 2846 796 2891 et
821 2835 993 2906 genuit
1024 2831 1244 2886 Lameclt
1275 2844 1297 2886 :
1319 2830 1412 2886 εδ.
1452 2839 1500 2884 et
1521 2827 1644 2883 vixit
1663 2825 1761 2880 La-

186 2933 310 2987 tus-rh
328 2947 485 2986 annos
510 2940 705 2985 centum
726 2927 1010 2997 octoginta,
1037 2922 1129 2980 29.
1167 2931 1217 2978 et
1256 2921 1427 2994 genuit
1474 2920 1661 2990 ﬁlium,
1713 2925 1760 2972 et

185 3026 441 3096 appellavit
458 3039 643 3078 nomen
664 3020 805 3075 illius
830 3018 967 3084 Noe,
990 3018 1162 3072 dicens
1179 3031 1198 3070 :
1225 3015 1326 3068 Hic
1344 3013 1654 3084 requiescere
1677 3016 1761 3082 fa-

185 3124 270 3177 ciet
295 3137 384 3176 nos
400 3121 464 3174 ab
485 3117 719 3188 aperibus
759 3115 964 3180 nostris,
985 3122 1029 3168 et
1053 3128 1084 3165 a
1110 3110 1354 3165 molestiis
1384 3123 1624 3161 manuum
1669 3121 1761 3159 no-

185 3223 412 3277 stt-erum,
442 3223 487 3266 et
533 3227 566 3264 α
611 3219 746 3264 terra
786 3221 941 3277 quam
988 3201 1252 3256 maledixit
1299 3197 1552 3253 Dominus
1603 3195 1760 3250 Deus.

190 3306 306 3362 Vide
328 3305 516 3361 iterum
547 3317 642 3374 per
667 3299 1076 3371 appellationem
1106 3309 1248 3350 nunc
1277 3295 1384 3347 nati
1429 3308 1495 3347 ex
1530 3288 1761 3346 Lamech

186 3398 550 3472 mysteriorum
583 3391 1000 3465 magnitudinem
1021 3431 1037 3453 ,
1069 3386 1302 3443 vaticinii
1349 3384 1720 3441 excellentiam
1745 3422 1760 3445 ,

184 3500 235 3547 et
260 3491 350 3547 Dei
375 3488 505 3545 boni
529 3485 858 3543 ineffabilem
886 3481 1289 3552 benignitatem.
1321 3477 1582 3546 Quoniam
1620 3476 1763 3530 enim

188 3581 504 3653 prmscientia
534 3592 630 3634 sua
653 3574 989 3648 'prmvidebat
1029 3587 1089 3627 ea
1120 3585 1240 3642 qua;
1276 3567 1448 3623 futura
1492 3574 1679 3630 erant;
1708 3573 1768 3619 ut

188 3673 306 3728 vidit
329 3671 588 3727 malitiam
621 3668 900 3724 hominum
927 3665 980 3719 in
1025 3663 1140 3718 dies
1177 3663 1345 3732 magis
1391 3671 1549 3729 atque
1598 3658 1767 3728 magis

189 3766 496 3829 increscere,
517 3759 759 3832 praedicit
775 3773 873 3828 per
893 3755 1302 3827 appellationem
1323 3753 1467 3821 pueri
1493 3749 1630 3804 mala
1650 3764 1767 3818 quae

190 3864 342 3910 totum
366 3856 658 3909 humanum
683 3863 851 3922 genus
878 3849 1120 3902 invasura
1153 3851 1355 3908 essent,
1379 3851 1436 3896 ut
1474 3841 1549 3896 rel
1577 3841 1768 3895 timore

186 3946 410 4018 castigati
441 3944 838 4001 abducerentur
865 3954 894 3992 a
927 3937 1087 4002 vitiis,
1121 3944 1176 3990 et
1203 3935 1637 4003 amplexarentur
1663 3932 1770 3986 vir-

190 4047 361 4092 tutem.
397 4036 465 4092 Et
494 4035 616 4091 vide
659 4029 967 4105 patientiam
997 4027 1203 4084 Domini
1231 4026 1493 4106 curantis,
1545 4033 1603 4078 nt
1645 4033 1772 4078 ante

192 4138 382 4185 tantum
431 4135 646 4196 tempus
670 4121 978 4178 vaticinium
1017 4116 1375 4189 pracederet,
1422 4125 1479 4170 ut
1519 4125 1572 4172 et
1619 4131 1770 4170 suam

191 4220 482 4276 ostenderet
501 4213 945 4276 misericordiam,
967 4220 1023 4268 et
1041 4210 1185 4267 omni
1206 4210 1435 4279 privaret
1461 4207 1772 4265 defensioue

193 4330 278 4372 eos
304 4315 392 4386 qui
424 4327 602 4385 ptume
632 4308 794 4364 futuri
821 4317 974 4363 erant
997 4304 1232 4361 obnoxii.

258 4405 353 4460 Per
372 4405 612 4475 indignos
636 4401 888 4457 interdum
919 4397 1092 4468 futura
1114 4394 1326 4465 prwdiei
1347 4395 1450 4447 vult
1488 4392 1624 4447 Deus
1676 4391 1773 4447 Ge-

195 4502 313 4554 am‘s
352 4497 565 4552 humani
608 4495 839 4549 interitus
869 4491 1009 4561 quies
1036 4498 1337 4544 oocatur.-—
1352 4487 1462 4543 Sed
1490 4485 1627 4541 forte
1656 4486 1774 4556 quis

200 4589 381 4643 dixerit
411 4607 424 4644 :
457 4585 616 4643 Unde
637 4579 868 4640 [Jamech
901 4580 1004 4635 hoc
1030 4579 1230 4642 habuit,
1286 4586 1343 4632 ut
1390 4585 1592 4631 tantum
1637 4577 1769 4630 vati-

193 4680 378 4734 cinium
405 4673 762 4750 praediceret?
788 4688 892 4727 non
923 4671 1064 4727 enim
1091 4670 1334 4724 meminit
1358 4669 1638 4737 Scriptura
1653 4681 1773 4722 eum

198 4770 347 4824 multa
358 4769 560 4823 virtute
574 4765 851 4828 claruisse,
867 4761 1343 4830 admirabilemque
1365 4759 1546 4814 fuisse.
1579 4757 1655 4813 Ne
1677 4758 1778 4811 mi-

198 4859 340 4924 reris,
369 4858 568 4912 dilecte
594 4872 609 4908 :
639 4856 893 4910 Dominus
918 4853 1062 4907 enim
1090 4858 1274 4906 uoster
1293 4851 1507 4919 sapiens
1522 4859 1575 4904 et
1605 4849 1779 4903 omni-

200 4958 394 5019 potens,
425 4963 528 5020 per
567 4945 816 5016 indignos
858 4957 1001 5014 smpe
1044 4942 1290 4997 concedit
1318 4941 1529 5011 prmdici
1560 4953 1780 5009 magnas

200 5040 567 5108 inirabilesqne
606 5052 736 5091 res:
788 5034 948 5105 idque
989 5050 1095 5089 non
1128 5033 1181 5088 in
1228 5033 1405 5089 Veteri
1435 5032 1782 5088 Testamento

201 5131 380 5195 solum,
406 5128 504 5184 sed
535 5138 592 5182 et
619 5128 670 5182 in
712 5125 882 5181 Novo.
915 5125 1052 5180 Audi
1095 5125 1238 5179 enim
1278 5124 1660 5194 evangelistam
1714 5124 1785 5180 de

202 5219 383 5290 Caipha
412 5219 725 5275 Judmorum
758 5215 1007 5286 pontiﬁce
1026 5216 1291 5272 dicentem
1326 5231 1346 5270 :
1393 5213 1507 5269 Hoc
1546 5225 1715 5269 autem
1752 5232 1786 5270 α

202 5313 453 5381 semetipso
494 5326 600 5364 non
622 5309 769 5375 dixit,
796 5308 883 5363 sed
909 5324 1024 5361 cum
1061 5317 1187 5362 esset
1215 5308 1446 5378 pontifex
1465 5307 1587 5361 anni
1608 5307 1748 5362 illius
1765 5349 1782 5375 ,

204 5403 425 5470 prodixit
454 5402 758 5456 nwriturum
785 5415 892 5454 esse
909 5397 1106 5464 Iesum,
1133 5415 1235 5453 non
1271 5399 1437 5454 solum
1457 5415 1550 5470 pro
1572 5402 1786 5471 populo,

206 5495 282 5549 sed
322 5505 376 5550 ut
397 5504 573 5568 gentes
607 5493 864 5563 dispersas
886 5478 1211 5563 congregaret
1238 5491 1291 5545 in
1316 5507 1477 5545 unum
1510 5492 1784 5563 (JoanJl.

211 5585 312 5656 5|).
333 5585 581 5642 Invenies
610 5584 735 5640 item
763 5593 817 5639 et
840 5598 870 5637 a
899 5583 1112 5639 Balaam
1141 5584 1245 5639 tale
1275 5583 1403 5654 quid
1434 5583 1650 5640 factum.
1686 5584 1789 5639 Vo-

207 5685 343 5732 catus
368 5677 512 5733 enim
565 5685 619 5730 ut
653 5673 994 5731 malediceret
1021 5677 1277 5745 populum
1298 5716 1312 5739 ,
1341 5689 1447 5730 non
1474 5675 1645 5730 solum
1680 5690 1786 5730 non

212 5767 487 5834 maledixit,
518 5765 616 5823 sed
638 5775 694 5822 et
718 5765 962 5836 praedixit
991 5765 1184 5821 multas
1214 5766 1482 5836 mirasque
1508 5781 1629 5830 res,
1680 5781 1786 5821 non

211 5853 271 5914 de
294 5860 486 5931 popqu
512 5867 744 5929 tantum,
765 5859 860 5915 sed
889 5859 1049 5917 etiam
1094 5858 1164 5915 de
1212 5858 1441 5916 adventu
1484 5856 1780 5918 Salvatoris

3359 413 3458 468 {8‘2

1863 534 2030 587 nostri
2056 531 2244 602 (Num.
2275 532 2390 604 24).
2418 531 2532 585 Non
2566 531 2724 602 igitur
2755 531 2984 597 mireris,
3029 527 3074 584 si
3123 531 3282 584 etiam
3313 547 3454 583 nunc

1857 622 2090 677 Lamech
2116 624 2184 676 ita
2217 639 2440 692 puerum
2470 619 2768 692 appellarit.
2791 621 2884 677 sed
2918 623 3024 674 Deo
3056 629 3224 675 totum
3258 621 3454 687 tribue,

1855 713 1944 782 qui
1969 713 2152 767 solerti
2178 729 2272 767 sua
2301 713 2564 782 sapientia
2591 724 2781 769 concta
2809 715 3107 783 dispensat.
3157 712 3224 766 Et
3266 715 3455 766 vocarit

1855 819 2039 857 nomen
2060 804 2198 858 illius
2228 803 2358 858 Noe.
2386 805 2497 860 lloe
2540 821 2759 869 nomen,
2811 806 2854 860 si
2901 805 3021 874 quis
3054 806 3452 873 interpretetur,

1855 895 2088 965 quietem
2116 895 2263 948 dicit.
2297 896 2540 960 Quietem
2583 905 2762 950 autem
2795 903 2950 949 vocat
2974 895 3280 964 generalem
3308 892 3454 947 illum

1859 984 2130 1041 interitu’m
2162 997 2282 1057 post
2311 989 2507 1043 multos
2560 1003 2730 1042 armos
2785 987 3056 1053 futurum;
3091 988 3228 1044 sicut
3256 995 3310 1042 et
3355 984 3459 1041 Job

1855 1077 1979 1132 dicit
2008 1098 2020 1134 :
2059 1078 2202 1133 Mors
2241 1083 2346 1134 t'iro
2370 1085 2510 1149 quies
2536 1081 2655 1150 (Job
2686 1083 2738 1136 5.
2766 1081 2862 1151 25)
2893 1099 2906 1134 :
2961 1082 3214 1151 quooiam
3257 1079 3457 1134 multus

1856 1179 2008 1225 estet
2038 1173 2189 1227 valde
2217 1187 2437 1241 magnus
2469 1173 2618 1226 labor
2667 1173 2903 1236 malitim,
2944 1173 3060 1240 ejus
3101 1161 3455 1227 cessationetn

1856 1273 1910 1317 et
1937 1263 2288 1332 perditionem
2323 1279 2416 1333 per
2444 1265 2700 1319 diluvium
2726 1265 2979 1329 futuram,
3008 1266 3240 1334 quietem
3276 1273 3451 1318 vocat.

1859 1353 1924 1406 Et
1950 1356 2140 1410 vocavit
2167 1372 2347 1410 nomen
2370 1357 2510 1410 illius
2535 1354 2667 1410 Noe.
2700 1356 2899 1410 Deinde
2924 1357 3333 1424 appellationem
3363 1371 3459 1410 no-

1859 1446 2018 1500 minis
2049 1447 2450 1515 interpretatur,
2476 1456 2531 1500 et
2565 1447 2693 1502 dicit
2719 1462 2732 1498 :
2767 1446 2868 1500 Hic
2890 1451 3062 1517 utique
3082 1448 3294 1516 quietem
3317 1448 3460 1500 nobis”

1859 1538 2116 1606 pra'stnbit
2154 1539 2216 1593 ab
2247 1540 2479 1609 aperibus
2501 1541 2689 1594 nostris
2709 1556 2727 1592 :
2765 1555 2791 1592 a
2824 1539 3046 1606 malitia,
3079 1541 3270 1608 inquit,
3299 1555 3456 1593 aver-

1862 1637 1954 1693 tet,
1986 1628 2056 1680 Et
2082 1645 2114 1681 α
2153 1629 2394 1683 molestiis
2421 1646 2662 1683 manuum
2688 1639 2977 1683 nostrarum
3002 1646 3020 1683 :
3053 1640 3105 1682 et
3135 1629 3324 1684 iterum
3358 1630 3459 1683 hoc

1861 1717 2054 1786 ipsum,
2087 1726 2154 1771 ab
2180 1719 2450 1787 operibus,
2498 1720 2702 1789 inquit,
2749 1720 2926 1774 malis.
2971 1719 3087 1773 Non
3119 1720 3261 1774 enim
3307 1720 3456 1783 dicit,

1861 1823 2051 1864 manus
2080 1809 2265 1866 dolore
2291 1809 2508 1866 affectas
2540 1829 2553 1864 ε
2595 1812 2687 1866 sed
2722 1828 2816 1881 per
2843 1813 3050 1867 illarum
3082 1828 3245 1883 opera
3269 1823 3319 1867 et
3347 1828 3461 1867 ma-

1863 1899 1940 1953 las
1965 1900 2223 1964 actiones,
2256 1901 2529 1958 molestias
2555 1913 2740 1958 auctas
2765 1902 2949 1959 fuisse.
2987 1903 3048 1957 Et
3071 1921 3101 1957 a
3129 1915 3280 1967 terra,
3306 1920 3460 1973 quam

1863 1993 2123 2045 maledixit
2153 1992 2402 2047 Dominus
2431 1993 2589 2048 Deus.
2614 1994 2881 2050 Liberabit
2903 2011 3017 2058 nos,
3046 1995 3232 2064 inquit,
3259 1996 3326 2049 ab
3347 2012 3463 2048 ont-

1863 2082 2018 2137 nibus
2075 2085 2230 2139 malis
2273 2086 2674 2154 prementibus,
2721 2095 2776 2142 et
2819 2085 3095 2142 laboribus
3123 2096 3179 2142 et
3231 2087 3465 2141 miseriis

1863 2191 1994 2244 quas
2026 2177 2267 2231 subimus
2294 2181 2344 2231 in
2387 2189 2525 2233 terra
2562 2179 2810 2246 colenda,
2838 2195 2958 2250 qua
2985 2179 3345 2236 maledictioni
3378 2178 3460 2234 fa-

1863 2281 1946 2324 cta
1975 2281 2056 2324 est
2083 2267 2312 2325 obnoxia
2335 2281 2548 2341 propter
2572 2273 2879 2344 primigcna:
2903 2272 3136 2328 hominis
3166 2285 3464 2344 transgres-

1863 2363 2092 2418 sionem.
2121 2364 2216 2418 llic
2255 2364 2646 2429 animadverte,
2680 2365 2896 2431 dilecte,
2937 2367 3208 2436 quomodo
3253 2367 3468 2437 puellus

1867 2455 1967 2508 iste
2013 2456 2264 2524 paulatim
2310 2469 2596 2522 crescens,
2650 2457 2900 2512 onmibus
2944 2456 3117 2528 ipsum
3160 2458 3467 2514 videntibus

1866 2545 2105 2601 discendi
2155 2548 2365 2603 Occasio
2417 2547 2596 2602 fuerit.
2649 2548 2780 2618 Nam
2832 2565 2954 2604 mox
3001 2559 3064 2616 ut
3099 2550 3218 2621 quis
3268 2565 3464 2605 nomen

1869 2639 2018 2709 pueri
2046 2639 2348 2696 sciscitatus
2393 2648 2495 2724 est,
2523 2655 2590 2696 ex
2619 2626 3061 2715 interpretatione
3105 2642 3353 2698 vocabuli
3381 2642 3465 2696 di-

1868 2729 1998 2784 dicit
2041 2740 2356 2786 eventurum
2402 2731 2707 2800 generalem
2743 2730 3038 2788 interitum.
3079 2732 3212 2788 Nam
3258 2735 3302 2788 si
3348 2736 3466 2802 quis

1867 2821 2049 2876 divino
2093 2821 2296 2892 Spiritu
2342 2822 2557 2879 afflatus
2606 2823 2921 2893 simpliciter
2951 2826 3053 2881 hoc
3092 2828 3324 2896 futurum
3380 2827 3465 2882 di-

1873 2914 2062 2978 xisset,
2110 2911 2164 2969 id
2185 2913 2363 2968 statim
2413 2914 2600 2970 fuisset
2625 2913 2880 2969 oblivioni
2912 2915 3184 2982 traditum,
3207 2925 3262 2973 et
3288 2918 3466 2988 gravi-

1873 3017 1953 3062 tas
1998 3022 2170 3078 pcena:
2209 3023 2314 3062 non
2345 3006 2531 3063 fuisset
2559 3007 2808 3064 onmibus
2837 3009 3049 3081 cognita
3083 3026 3097 3063 :
3128 3018 3468 3086 nunclautem

1871 3099 1994 3166 quia
2044 3098 2132 3153 hic
2166 3109 2291 3180 ante
2319 3098 2558 3152 omnium
2585 3109 2828 3154 versatur
2851 3101 3057 3165 oculos,
3082 3101 3397 3171 tempestive
3417 3111 3472 3156 ct

1873 3191 2246 3258 intempestive
2271 3189 2509 3245 divinam
2539 3193 2996 3247 commemorabat
3021 3193 3469 3263 indignatiOuem.

1873 3282 2040 3337 Porro
2088 3292 2150 3337 ut
2194 3291 2342 3338 certo
2373 3283 2607 3338 sciamus
2631 3293 2833 3353 quanto
2865 3293 3105 3354 tempore
3160 3301 3474 3356 persevera-

1872 3373 2010 3428 verit
2033 3371 2174 3427 ﬁlius
2200 3388 2296 3443 per
2319 3373 2400 3449 sui
2431 3374 2665 3430 nominis
2713 3377 3126 3444 appellationem
3155 3393 3346 3434 omnes
3380 3378 3476 3435 ad-

1874 3479 2094 3520 monere
2124 3473 2184 3519 ut
2205 3464 2532 3527 desisterent
2558 3480 2590 3520 a
2631 3475 2868 3534 peccato,
2902 3477 2956 3522 et
2981 3467 3230 3522 virtutem
3267 3470 3474 3538 ample-

1873 3566 2145 3620 xarentur,
2172 3570 2276 3625 quo
2303 3555 2434 3609 iram
2465 3555 2602 3610 hanc
2621 3555 2858 3624 effugere
2900 3558 3310 3624 valerent,dieit
3336 3577 3350 3613 :
3379 3558 3472 3615 52.

1874 3647 1942 3702 Et
1977 3658 2082 3702 erat
2111 3647 2221 3701 Noe
2258 3664 2511 3701 annorum
2545 3649 2955 3720 quingentorum,
2981 3659 3028 3704 et
3068 3652 3243 3722 genuit
3278 3662 3377 3707 tres
3405 3652 3476 3719 ﬁ-

1875 3742 1990 3795 lios.
2024 3740 2157 3796 Vide
2183 3740 2372 3796 iterum
2402 3741 2563 3796 alium
2590 3742 2791 3811 justum
2831 3759 2954 3799 cum
3008 3759 3175 3800 uxore
3210 3755 3265 3802 et
3315 3746 3474 3814 ﬁliis,

1875 3835 1968 3904 qui
2013 3835 2152 3889 bene
2184 3833 2454 3905 operando
2481 3834 2767 3889 admodum
2817 3837 3015 3906 placuit
3050 3839 3179 3907 Deo,
3212 3848 3267 3894 et
3293 3851 3478 3896 contra

1876 3942 2034 3997 quam
2063 3941 2249 3981 omnes
2276 3926 2525 3996 agebant,
2556 3927 2767 3982 virtutis
2797 3929 2935 3984 viam
2972 3930 3138 3999 elegit
3169 3948 3182 3984 :
3211 3939 3264 3986 et
3304 3947 3479 4001 neque

1880 4016 2076 4086 nuptiis
2103 4059 2117 4082 ,
2171 4032 2341 4087 neque
2389 4017 2620 4072 ﬁliorum
2665 4018 2984 4075 educatione
3035 4021 3332 4089 prohibitus
3375 4036 3479 4079 est.

1881 4108 2049 4163 Porro
2072 4107 2497 4178 obstupescenda
2526 4119 2608 4164 est
2648 4110 2929 4166 ineffabilis
2979 4113 3232 4183 patientia
3268 4114 3381 4178 Dei.
3425 4125 3478 4171 et

1879 4201 2182 4272 prodigiosa
2211 4200 2488 4256 hominum
2511 4244 2525 4268 ,
2568 4201 2657 4273 qui
2689 4212 2814 4258 tunc
2840 4215 3028 4272 erant,
3058 4206 3314 4277 nequitia.
3335 4207 3477 4264 Ecce

1880 4295 2022 4349 enim
2044 4295 2347 4365 quingentis
2390 4295 2542 4349 annis
2570 4295 2776 4349 vixerat
2801 4295 2978 4366 justus
3006 4298 3115 4366 ille,
3145 4299 3383 4353 clamans
3426 4311 3485 4355 et

1883 4387 2171 4442 testiﬁcans
2201 4402 2302 4442 suo
2328 4387 2545 4442 nomine
2575 4386 2810 4442 futurum
2841 4405 2934 4458 per
2960 4391 3268 4447 universum
3295 4393 3481 4448 orbem

1880 4483 2157 4548 diluvium,
2190 4481 2259 4537 ob
2284 4481 2500 4535 nimiam
2550 4479 2826 4535 hominum
2857 4483 3112 4538 malitiam
3140 4527 3152 4548 ,
3205 4493 3257 4540 et
3311 4500 3484 4555 neque

1883 4576 1961 4628 sic
1987 4589 2015 4627 a
2048 4574 2282 4644 nequitia
2314 4573 2587 4628 abstinere
2616 4575 2921 4630 voluerunt.
2957 4578 3024 4629 At
3054 4578 3293 4633 clemens
3339 4578 3484 4635 Deus

1885 4679 2057 4734 neque
2088 4673 2204 4733 post
2234 4672 2437 4717 tantum
2465 4663 2796 4731 vaticinium,
2830 4681 3002 4735 neque
3032 4675 3151 4736 post
3194 4677 3276 4721 tot
3313 4682 3483 4723 anno-

1887 4771 2005 4811 rum
2030 4773 2310 4812 numerum
2341 4771 2552 4827 pmnam
2583 4756 2781 4812 inducit
2812 4773 2826 4811 :
2856 4758 2952 4813 sed
2978 4759 3155 4814 denuo
3201 4775 3355 4815 suam
3386 4776 3486 4815 au-

1886 4858 2070 4904 cturus
2100 4849 2431 4918 patientiam,
2479 4849 2615 4903 alios
2659 4865 2764 4904 non
2791 4865 2987 4920 paucos
3013 4865 3185 4906 annos
3212 4867 3322 4907 sum.
3350 4853 3490 4908 tole-

1889 4942 2074 4996 rantizc
2105 4940 2362 5011 adiungit.
2393 4940 2577 5010 Neque
2599 4942 2740 4996 enim
2775 4942 2894 4997 ideo
2925 4944 3172 5012 produxit
3198 4944 3495 5000 humanum

1889 5049 2061 5105 genus
2085 5045 2140 5088 ut
2162 5035 2395 5103 puniret,
2421 5033 2516 5089 sed
2548 5036 2708 5105 plane
2738 5051 2769 5088 e
2789 5035 3023 5100 diverso,
3059 5047 3114 5090 ut
3141 5037 3363 5093 donaret
3391 5053 3489 5092 no-

1891 5125 1975 5180 bis
2021 5126 2298 5180 innumera
2327 5125 2463 5180 bona
2495 5126 2689 5195 quibus
2720 5126 3040 5184 fruerentur.
3102 5130 3167 5182 Et
3211 5142 3498 5200 propterea

1893 5218 2064 5286 ipsum
2088 5215 2285 5287 ubique
2316 5216 2464 5271 vides
2489 5227 2848 5284 cunctantem,
2897 5231 2950 5274 et
2987 5236 3165 5276 moras
3189 5229 3492 5277 nectentem

1894 5309 1947 5361 in
1974 5308 2146 5378 pmnis
2179 5308 2498 5378 iulligcndis.
2529 5308 2724 5364 Verum
2761 5326 2827 5364 ne
2865 5311 3128 5366 dit-torum
3159 5309 3503 5368 multitudine

1896 5399 2210 5456 memoriam
2257 5411 2492 5456 vestram
2547 5402 2874 5468 obruamus,
2927 5402 3014 5456 hic
3065 5417 3372 5459 sermonem
3424 5404 3499 5457 si-

1893 5498 2119 5555 stentos,
2150 5502 2344 5546 cmtera
2390 5507 2558 5563 usque
2588 5493 2641 5547 in
2687 5495 2976 5555 crastinum
3009 5509 3355 5565 reponemus.

1969 5583 2022 5639 6.
2067 5582 2283 5639 Muralis
2305 5584 2552 5656 epilogus.
2574 5587 2794 5642 —ll.rc
2832 5599 3033 5654 autem,
3070 5604 3137 5644 ne
3180 5585 3499 5659 simpliciter

1900 5684 1956 5729 et
1985 5674 2448 5752 inconsideranter
2476 5677 2777 5746 audiamus,
2806 5678 2982 5734 dilecti
3023 5697 3036 5733 :
3065 5677 3159 5734 sed
3184 5681 3493 5735 erudiamut

1901 5764 1969 5822 ad
2001 5765 2260 5821 virtutum
2302 5780 2486 5822 curam
2525 5768 2811 5838 agedum,
2862 5770 3258 5842 admodumqne
3287 5773 3492 5826 studeao

1902 5872 2024 5914 mus
2052 5856 2162 5915 Deo
2188 5857 2326 5915 bene
2359 5859 2600 5929 placere;
2653 5871 2704 5916 ct
2732 5876 2904 5931 neque
2936 5877 3126 5918 uontus
3155 5861 3498 5935 gubcntatioe
