4058 6302
595 344 693 400 185

593 468 731 515 nem,
766 465 935 520 neque
965 452 1146 505 uxoris
1186 466 1386 515 curam,
1425 466 1594 520 neque
1624 452 1850 505 filiorum
1899 448 2160 503 sollicitae

594 545 790 605 dinem,
824 558 994 612 neque
1030 543 1169 597 aliud
1196 542 1443 612 quiddam
1487 551 1857 610 prmtexamus,
1887 541 2020 611 quod
2071 548 2136 609 pu

596 648 765 692 leuius
795 638 920 692 sa'is
950 654 1069 693 esse
1112 637 1175 691 ad
1220 637 1578 691 excusandam
1625 647 1854 689 nostram
1896 635 2157 702 negligen-

598 737 726 791 tem,
773 727 1113 795 desidemque
1159 727 1317 779 vitam
1369 744 1380 780 :
1429 742 1599 792 neque
1650 725 1829 794 frigida
1877 724 1965 777 illa
2007 723 2165 777 verba

598 817 951 885 proferamus,
1004 826 1057 870 et
1098 815 1334 869 dicamus
1375 834 1387 868 :
1433 816 1725 869 Muudauus
1769 830 1904 877 sum,
1949 826 2165 867 uxorem

600 904 790 969 haben,
816 914 868 959 et
894 906 1181 958 liberorum
1209 920 1391 958 curam
1427 920 1554 974 gero
1586 923 1600 959 :
1634 904 1682 957 id
1724 902 1863 973 quod
1900 902 2049 956 multi
2078 916 2168 955 so-

601 992 711 1047 lent
735 994 930 1057 dicere,
976 992 1016 1043 si
1049 994 1260 1061 quando
1309 1009 1402 1048 eos
1445 1008 1687 1062 rogamus
1726 1002 1783 1045 ut
1822 993 1885 1045 ad
1918 992 2166 1045 virtutum

603 1083 813 1137 labores
842 1083 1223 1152 ingrediantur,
1256 1086 1333 1137 vel
1368 1084 1587 1137 multum
1630 1084 1857 1138 studium
1891 1083 2173 1135 adhibeant

606 1175 659 1227 in
687 1175 852 1228 Sacris
883 1175 1071 1228 Litoris
1098 1174 1352 1245 legendis.
1386 1176 1496 1228 Non
1520 1186 1598 1230 est
1623 1176 1719 1230 hoc
1742 1192 1937 1237 meum,
1970 1175 2169 1244 inquit:

605 1265 857 1332 nmnquid
922 1265 1211 1318 renuntiavi
1274 1267 1510 1318 smeulo?
1580 1266 1831 1334 numquid
1888 1264 2174 1319 monachus

608 1352 759 1405 sum?
786 1352 919 1417 Quid
947 1352 1097 1416 dicis,
1129 1352 1325 1406 homo?
1356 1355 1435 1408 An
1465 1354 1512 1406 hr
1536 1370 1565 1408 c
1603 1355 1666 1407 ad
1698 1356 1843 1409 solos
1892 1353 2177 1408 monachos

610 1444 856 1511 pertinet,
888 1452 944 1495 nt
972 1443 1105 1499 bene
1132 1445 1238 1499 Deo
1269 1446 1549 1513 placeant?
1576 1447 1775 1500 Omnes
1802 1446 2041 1499 homines
2071 1446 2179 1499 vult

610 1532 784 1585 salvos
811 1530 944 1595 fieri,
973 1543 1022 1586 et
1051 1534 1113 1586 ad
1140 1536 1459 1602 agnitionem
1490 1535 1726 1588 veritatis
1753 1535 1932 1587 venire
1960 1533 2176 1603 (LTim.

611 1618 664 1671 2.
702 1620 777 1686 4).
812 1620 1112 1688 nullamque
1136 1622 1384 1674 virtutem
1413 1621 1692 1690 negligere.
1723 1622 1857 1674 Audi
1892 1623 2030 1676 enim
2058 1637 2177 1675 eum

616 1711 1039 1782 perpropbctam
1082 1710 1344 1763 dicentem
1392 1727 1404 1761 :
1457 1709 1593 1764 Nolo
1636 1722 1839 1763 mortem
1884 1713 2179 1779 perculeris,

619 1801 704 1851 ml
731 1810 783 1851 ut
811 1810 1124 1853 conveniatur
1150 1810 1197 1854 et
1222 1803 1349 1856 vivat
1389 1802 1598 1870 (h'zeclt.
1634 1804 1718 1858 l8.
1748 1804 1864 1875 25).
1897 1804 2180 1873 Numquid,

616 1888 699 1942 die
728 1904 843 1954 oro,
866 1891 1010 1959 justo
1037 1891 1157 1946 huic
1186 1893 1365 1947 uxoris
1389 1893 1737 1957 consuetudo,
1784 1894 1864 1947 vei
1902 1894 2184 1948 liberorum

616 1991 739 2031 cura
777 1977 873 2032 fuit
903 1979 1215 2034 obstaculo?
1252 1981 1486 2036 Obsecro
1532 1983 1688 2051 igitur
1727 1999 1792 2037 ne
1836 1983 2187 2052 nosmetipsos

622 2068 881 2135 fallamus,
909 2069 1001 2125 sed
1032 2081 1229 2140 quanto
1252 2072 1417 2142 magis
1438 2072 1806 2141 "hujuscemodi
1841 2075 1982 2127 curis
2012 2072 2187 2143 impli-

620 2174 818 2223 eamur,
851 2170 995 2215 tanto
1033 2163 1200 2233 magis
1240 2164 1471 2218 remedia
1520 2179 1583 2218 ex
1624 2164 1847 2218 lectione
1892 2164 2187 2218 divinarum

622 2250 1009 2320 Scripturarum
1048 2256 1415 2325 suscipiamus.
1456 2254 1643 2311 Nonne
1688 2265 1743 2310 et
1795 2256 1869 2309 illi
1912 2256 2185 2323 ejusdem,

621 2344 773 2410 cujus
800 2358 896 2397 nos
921 2359 1122 2411 sumus,
1156 2345 1366 2400 fuerunt
1394 2356 1613 2411 naturas,
1648 2361 1819 2416 neque
1864 2354 1968 2399 tam
2000 2346 2192 2401 multas

626 2433 919 2488 habuerunt
946 2436 1252 2492 occasiones
1271 2435 1335 2489 ad
1364 2437 1570 2490 virtutis
1596 2434 1825 2490 studium
1851 2436 2191 2491 indecentes?

627 2524 738 2589 Qua
780 2538 908 2594 ergo
949 2526 1147 2580 erimus
1189 2508 1341 2580 venia
1380 2526 1544 2595 digni,
1583 2526 1668 2595 qui
1720 2526 1806 2579 tali
1849 2524 2066 2579 fruimur
2094 2525 2192 2579 do-

627 2614 816 2679 ctrina,
839 2622 1102 2669 cttantam
1128 2616 1348 2685 gratiam
1373 2616 1637 2685 assequuti
1656 2631 1856 2682 sumus,
1883 2632 1943 2669 ac
1968 2631 2194 2684 superne

628 2703 915 2756 subsidium
942 2705 1213 2768 habemus,
1244 2714 1297 2759 et
1322 2706 1661 2759 ittell'abilium
1694 2707 1902 2760 illorum
1933 2707 2190 2761 bonorum

630 2794 1031 2862 promissionem
1059 2796 1378 2862 accepimus,
1408 2797 1451 2849 si
1480 2811 1587 2849 non
1614 2795 1678 2848 ad
1706 2812 2005 2850 mensuram
2036 2797 2200 2849 virtu-

631 2893 739 2935 tum
781 2884 1136 2951 pervenimus,
1180 2883 1368 2953 quibns
1410 2884 1611 2953 antiqui
1657 2884 1841 2939 Patres
1893 2885 2197 2953 pol‘ebaut?

631 2972 760 3025 Nam
791 2974 833 3026 si
864 2974 1184 3028 voluerimus
1208 2975 1367 3029 sobrii
1398 2990 1533 3039 esse,
1569 2973 1835 3029 sufliciunt
1864 2974 1943 3028 vel
1986 2990 2046 3029 ea
2081 2990 2198 3045 qua:

636 3064 791 3118 hodie
827 3064 961 3120 dicta
1003 3076 1124 3121 sunt
1154 3077 1207 3121 .tt
1234 3067 1296 3121 ad
1326 3068 1532 3121 virtutis
1557 3083 1792 3121 amorem
1820 3082 1915 3121 nos
1944 3066 2197 3133 excitent,

638 3170 733 3207 nec
757 3154 918 3206 ullum
949 3165 1193 3230 putemus
1228 3156 1292 3216 ad
1339 3156 1473 3216 illius
1513 3160 1651 3212 viam
1689 3176 1809 3217 esse
1852 3154 2204 3223 impedimen-

639 3256 768 3303 ttuu.
798 3250 928 3304 Nam
966 3254 1007 3304 si
1039 3254 1069 3303 ii
1098 3254 1184 3320 qui
1213 3262 1333 3306 ante
1364 3253 1534 3321 legem
1565 3260 1733 3315 erant,
1762 3266 1792 3304 a
1820 3249 2059 3304 doetrina
2104 3268 2191 3305 na-

642 3350 771 3392 tnrzc
824 3354 932 3394 suae
973 3343 1127 3395 insita
1171 3341 1236 3395 ad
1288 3352 1484 3396 tantam
1533 3342 1852 3410 pertigerunt
1898 3342 2142 3394 virtutem
2186 3358 2200 3393 :

640 3430 763 3497 quid
790 3445 885 3483 nos
917 3431 1204 3496 poterimus
1229 3430 1427 3495 dicere,
1454 3432 1542 3499 qui
1575 3440 1693 3500 post
1734 3440 1933 3483 tantum
1975 3428 2205 3483 admini-

641 3519 835 3583 culum,
863 3528 917 3574 et
953 3530 1071 3588 po~t
1113 3520 1306 3574 Christi
1338 3520 1639 3584 adventum,
1679 3533 1729 3573 et
1780 3520 2053 3572 iununn-ra
2091 3518 2207 3587 ejus

644 3612 911 3675 miracula,
931 3613 1101 3666 adhuc
1119 3621 1222 3666 tam
1252 3612 1480 3680 procula
1501 3613 1689 3666 virtute
1714 3612 1929 3665 smnus?
1959 3610 2204 3673 Proinde,

644 3703 886 3765 obsecro,
918 3719 983 3756 ne
1019 3703 1083 3757 ad
1112 3719 1172 3758 ea
1197 3721 1314 3773 qum
1340 3705 1391 3756 in
1417 3704 1582 3758 sacris
1608 3703 1892 3770 Seripturis
1931 3711 2053 3754 sunt
2079 3716 2209 3754 con-

647 3804 785 3844 tenta
817 3793 1123 3862 simpliciter
1149 3795 1527 3863 ingrediantur,
1556 3794 1648 3847 sed
1678 3809 1740 3846 ea
1771 3808 1888 3845 eum
1916 3794 2207 3846 attentione

646 3882 899 3950 legamus,
930 3892 987 3936 ut
1013 3898 1077 3936 ex
1110 3882 1212 3937 illis
1254 3891 1501 3951 percepta
1534 3866 1779 3944 utilitate:
1820 3880 1903 3934 vel
1943 3896 2063 3933 sero
2106 3881 2211 3933 sal-

648 3983 751 4024 tem
779 3973 1057 4041 aliquando
1085 3975 1354 4037 virtutem,
1395 3989 1552 4041 quam
1601 3973 1738 4027 Deus
1776 3972 1981 4041 probat,
2022 3985 2213 4039 capes-

648 4076 764 4115 sere
794 4064 1078 4117 valeamus.
1112 4062 1243 4118 Nam
1283 4064 1327 4117 si
1360 4064 1683 4134 spiritualetn
1735 4062 1870 4115 hanc
1917 4061 2210 4115 doctrinam

648 4154 804 4205 etiam
835 4168 931 4206 nos
960 4154 1193 4222 quotidie
1222 4154 1371 4206 vobis
1397 4152 1673 4207 clamaturi
1701 4168 1902 4219 sumus,
1933 4167 2129 4220 vosque
2160 4152 2211 4205 in

650 4242 836 4296 eadem
882 4245 1142 4296 maneatis
1171 4244 1394 4312 ignavia,
1420 4258 1541 4312 qute
1569 4251 1736 4297 vestra
1767 4242 1869 4297 erit
1911 4243 2108 4296 utilitas
2144 4258 2213 4296 ex

648 4336 892 4386 continua
915 4333 1191 4389 doctrina?
1212 4346 1301 4388 aut
1326 4337 1475 4390 nobis
1492 4351 1609 4404 qua:
1632 4336 1922 4389 consolatio
1948 4337 2068 4399 erit,
2092 4351 2212 4389 cum

653 4424 906 4484 videmus,
940 4441 1037 4478 nos
1063 4434 1262 4479 tantum
1291 4427 1530 4483 laborare
1558 4427 1774 4493 frustra,
1807 4439 1860 4481 et
1891 4428 2017 4480 nihil
2053 4428 2209 4496 profi-

651 4524 772 4566 cere
807 4522 949 4567 tanto
978 4516 1187 4568 studio?
1225 4516 1316 4569 Dic
1360 4515 1484 4569 mibi
1515 4530 1530 4569 :
1557 4516 1740 4570 Nonne
1764 4531 1827 4571 ex
1858 4516 2059 4570 duabus
2083 4517 2215 4570 sub...

653 4603 861 4657 stantiis
884 4604 1150 4657 constituti
1182 4621 1383 4671 sumus,
1413 4621 1474 4659 ex
1501 4606 1673 4659 anima
1701 4606 1839 4671 dico,
1870 4614 1924 4661 et
1950 4606 2212 4675 corpore?

651 4692 758 4748 Cur
781 4709 906 4761 ergo
933 4710 1035 4747 non
1060 4700 1249 4767 parem
1284 4697 1490 4765 utrique
1515 4712 1694 4749 curam
1722 4697 2091 4766 impendimus,
2120 4698 2213 4751 sed

651 4798 844 4853 corpus
879 4786 1087 4853 quidem
1126 4788 1368 4842 omnibus
1405 4786 1574 4841 modis
1600 4802 1865 4850 curamus,
1897 4798 1951 4841 et
1984 4789 2213 4842 accersi-

654 4887 771 4925 mus
793 4874 1046 4937 medicos.
1068 4890 1130 4932 ac
1156 4892 1249 4930 nos
1266 4892 1472 4946 quoque
1498 4876 1621 4930 illud
1645 4878 1923 4946 diligenter
1945 4893 2210 4945 curamus,

656 4965 846 5017 vestitu
875 4966 1105 5033 pretioso
1134 4965 1259 5019 illttd
1293 4967 1534 5036 tegimus,
1564 4967 1738 5021 cibum
1762 4980 1921 5035 supra
1950 4981 2105 5035 quam
2132 4976 2215 5021 sat

653 5064 735 5109 cst
757 5056 1031 5120 sumimus,
1054 5066 1213 5125 atque
1237 5056 1287 5110 in
1308 5058 1554 5112 continua
1578 5059 1925 5126 prosperitate
1946 5058 2070 5111 illud
2093 5072 2213 5112 esse

656 5144 915 5210 Volumus,
949 5155 1003 5199 ct
1029 5146 1169 5199 nulla
1196 5147 1413 5199 omnino
1449 5145 1760 5216 :L‘gritudinc
1788 5146 1964 5201 vexari
1998 5165 2010 5199 :
2042 5146 2135 5201 sed
2166 5147 2210 5201 si

654 5232 789 5287 forte
825 5233 948 5301 quid
977 5234 1239 5300 obturbt‘t,
1272 5251 1481 5290 omnem
1513 5251 1787 5291 movemus
1810 5235 2127 5303 machinam,
2158 5246 2213 5291 ut

652 5324 791 5392 quod
817 5326 1110 5380 molestiam
1139 5326 1291 5381 affert
1313 5328 1661 5383 emendetur?
1692 5330 1755 5383 lit
1783 5328 1883 5382 hoc
1907 5329 1972 5382 de
1992 5344 2214 5397 corpore

652 5420 796 5486 dion,
825 5421 963 5489 quod
998 5420 1286 5478 secundum
1333 5422 1675 5475 substantiam
1726 5422 1899 5474 minus
1938 5430 2017 5473 est
2046 5438 2058 5473 :
2089 5422 2212 5491 quid

652 5510 792 5564 enim
812 5513 998 5580 majus,
1029 5514 1292 5579 animone,
1321 5528 1387 5567 an
1414 5514 1789 5582 corpus?Nam
1821 5514 1863 5568 si
1894 5519 1973 5570 vis
1997 5518 2009 5548 ¹
2038 5517 2215 5570 videre

716 5602 730 5669 ξ
768 5601 965 5669 savilius
986 5618 1055 5669 sic
1077 5603 1220 5653 habet
1239 5638 1254 5656 .
1280 5610 1333 5653 Et
1358 5604 1450 5669 [ioc
1470 5605 1531 5669 de
1557 5618 1781 5669 corpore,
1808 5610 1935 5669 quod
1955 5610 2218 5659 secundant

653 5665 1133 5727 sa-bstantimnmimos
1157 5672 1244 5723 est,
1264 5664 1403 5727 (quid
1424 5666 1551 5715 enim
1576 5664 1730 5715 nmina
1744 5703 1758 5727 ,
1781 5664 2001 5723 nimiique
2022 5686 2083 5721 an
2103 5684 2212 5721 cor-

646 5740 739 5786 pus
756 5726 798 5775 ζ’)
816 5724 1109 5779 trepidum
1130 5735 1174 5777 cl
1193 5724 1419 5780 currimus
1464 5737 1515 5781 L‘t
1536 5729 1577 5780 si
1603 5729 1729 5780 vis...

1351 340 1405 396 3.
1446 340 1555 395 JO.\
1570 341 1715 397 NNlS
1750 325 2223 398 CllllYSOSTOMI
2260 322 2578 381 AltCillEP.
2619 326 3149 385 CONSTANTlNOf‘.

3759 332 3865 391 f3}

2276 437 2662 505 diversitatem,
2687 440 3048 497 animadverte
3073 440 3349 513 quomodo
3371 445 3561 498 nullius
3592 444 3861 498 momenti

2268 529 2336 580 :it
2362 543 2556 598 corpus
2584 531 2627 584 si
2658 534 2831 584 anima
2858 532 2924 586 ab
2951 547 3017 587 eo
3043 520 3367 588 discesserit.
3404 535 3565 604 Igitur
3598 538 3692 605 qui
3739 548 3863 590 ι.οιι-

2276 626 2378 669 tam
2411 620 2571 672 habes
2594 622 3058 689 corporis-curam,
3098 623 3249 691 cujus
3290 626 3477 694 gratia,
3526 636 3581 679 et
3630 638 3866 693 propter

2271 708 2398 775 quid
2432 718 2631 763 tantum
2662 711 2851 764 anima:
2876 718 3237 782 contemptum
3278 715 3533 773 admittis.
3576 724 3629 769 et
3678 730 3867 784 neque

2274 810 2566 867 eongruum
2599 798 2673 852 illi
2701 799 2876 854 cibum
2908 803 3193 872 impartiris
3235 822 3249 856 :
3282 805 3695 860 admonitionem
3734 806 3868 859 dico

2277 903 2342 940 ex
2384 888 2551 941 sacris
2578 888 2885 958 Scripturis,
2928 906 3105 961 neque
3150 893 3457 949 vulneribus
3492 904 3544 950 et
3585 896 3869 950 ulceribus

2277 993 2393 1044 qua:
2422 976 2558 1032 illius
2586 979 2747 1033 robur
2771 979 3067 1046 debilitant,
3091 991 3140 1036 et
3171 982 3412 1037 fiduciam
3434 997 3711 1053 enervant,
3742 984 3869 1037 ido-

2283 1084 2377 1120 nea
2410 1068 2641 1122 remedia
2671 1070 2893 1145 opponis
2921 1087 2936 1125 :
2966 1072 3058 1125 sed
3088 1070 3196 1126 fers
3227 1082 3281 1126 ut
3310 1073 3397 1127 illa
3434 1073 3681 1143 despecta
3719 1074 3873 1129 firme

2280 1157 2637 1222 eomahcscat,
2663 1158 2730 1211 ab
2758 1159 3027 1228 ulceribus
3057 1162 3335 1229 putrefiat;
3374 1170 3427 1216 et
3470 1163 3675 1232 objecta
3703 1166 3873 1233 quasi

2283 1248 2522 1307 canibus,
2556 1248 2708 1301 liceat
2736 1250 2811 1302 sic
2835 1249 3031 1315 dicere,
3061 1268 3089 1304 a
3113 1252 3264 1305 malis
3289 1262 3343 1306 et
3368 1252 3559 1307 illicitis
3582 1256 3877 1323 cogitatio-

2285 1336 2440 1391 nibus
2463 1337 2798 1404 dilaceretur,
2828 1340 3103 1410 omnieque
3130 1341 3353 1397 firmitas
3376 1342 3489 1411 ejus
3511 1344 3871 1399 dissolvatur.

2356 1428 2537 1481 Anima
2560 1431 2809 1498 quomodo
2836 1432 3083 1485 curanda.
3103 1462 3171 1472 —
3191 1433 3365 1501 Quare
3387 1451 3490 1489 non
3516 1436 3650 1489 sicut
3678 1434 3879 1490 visibi.

2286 1519 2348 1571 lis
2376 1522 2613 1589 Corporis
2632 1524 2866 1591 gerimus
2886 1538 3087 1590 curam,
3118 1526 3187 1578 ita
3213 1533 3267 1579 et
3293 1526 3503 1591 animae,
3526 1543 3645 1596 qua:
3678 1528 3877 1582 ineor-

2288 1626 2445 1679 porea
2476 1621 2529 1665 et
2557 1613 2865 1677 invisibilis;
2910 1616 3201 1681 praesertim
3239 1631 3359 1670 cum
3407 1632 3533 1671 cura
3574 1618 3716 1686 ejus,
3763 1634 3877 1671 non

2290 1700 2447 1754 modo
2476 1702 2607 1756 levis
2635 1703 2702 1755 sit
2728 1712 2783 1757 et
2817 1702 3006 1767 facilis,
3050 1704 3142 1759 sed
3171 1706 3327 1760 etiam
3366 1707 3493 1760 nihil
3539 1709 3591 1761 in
3621 1723 3683 1762 ea
3716 1710 3875 1762 insu—

2292 1800 2482 1856 tnatur,
2536 1807 2707 1861 neque
2762 1792 3068 1846 laboretur?
3126 1796 3299 1863 Atque
3353 1795 3438 1849 hic
3484 1797 3697 1865 quidem
3747 1814 3877 1851 cum

2291 1892 2373 1937 est
2399 1898 2591 1951 corpus
2644 1884 2959 1950 curandum,
3000 1900 3119 1939 cum
3158 1889 3376 1940 sanandi
3408 1888 3576 1941 morbi
3620 1888 3880 1957 corporis

2294 1990 2535 2045 magnam
2592 1991 2811 2031 necesse
2866 1988 2949 2031 est
2996 1977 3267 2044 pecuniam
3322 1978 3668 2046 impendere,
3729 1995 3881 2033 nunc

2296 2065 2346 2117 in
2401 2064 2675 2130 medicos,
2734 2081 2874 2119 nunc
2926 2067 2976 2119 in
3018 2066 3119 2119 alia
3176 2069 3516 2135 necessaria,
3572 2078 3761 2137 utpote
3826 2069 3879 2121 in

2298 2163 2473 2209 vestes
2515 2165 2568 2208 et
2604 2156 2900 2209 alimenta:
2948 2171 3013 2209 ne
3054 2156 3178 2227 quid
3227 2158 3436 2211 interim
3477 2158 3646 2210 dicant
3697 2158 3770 2212 de
3816 2158 3882 2211 iis

2295 2258 2428 2313 qum,
2463 2255 2655 2313 praeter
2698 2246 3055 2300 necessarium
3100 2260 3253 2301 usum
3309 2248 3433 2300 luxu
3484 2249 3882 2311 absumuntur;

2295 2336 2470 2390 anima
2542 2346 2717 2391 autem
2774 2337 2921 2393 nullo
2977 2338 3163 2392 horum
3228 2337 3466 2407 indiget,
3528 2337 3620 2393 sed
3678 2340 3723 2393 si
3782 2354 3883 2392 vo-

2298 2427 2497 2493 lueris,
2562 2428 2697 2481 sicut
2756 2428 2990 2497 quotidie
3048 2430 3257 2498 corpori
3320 2429 3496 2483 cibum
3565 2430 3887 2501 suppeditas

2298 2527 2353 2572 ct
2398 2518 2650 2585 pecunias
2680 2518 2926 2580 effundis,
2958 2519 3034 2573 sic
3063 2528 3117 2573 et
3152 2520 3383 2573 animam
3428 2537 3530 2573 ιιηιι
3573 2520 3886 2590 despicere.

2300 2618 2355 2661 ut
2381 2623 2448 2662 ne
2478 2608 2615 2662 fame
2641 2620 2856 2678 pereat;
2884 2609 2975 2663 sed
3000 2609 3131 2664 dare
3158 2610 3255 2681 ipsi
3275 2619 3651 2679 congruentem
3671 2611 3884 2669 cibum.

2299 2699 2548 2754 videlicet
2583 2714 2648 2754 ex
2693 2699 2919 2753 lectione
2961 2698 3353 2770 Scripturarum
3396 2710 3450 2754 et
3495 2716 3563 2753 ex
3615 2699 3884 2769 spirittrali

2301 2789 2670 2844 adhortatione
2699 2804 2719 2843 :
2748 2787 2869 2843 Non
2896 2790 3035 2844 enim
3075 2790 3128 2842 in
3174 2806 3323 2859 pane,
3367 2790 3515 2856 dicit,
3546 2790 3710 2844 solum
3759 2790 3886 2844 υἱοιί

2303 2881 2471 2947 homo,
2501 2881 2592 2935 sed
2626 2882 2676 2934 iu
2714 2882 2852 2935 annui
2897 2884 3041 2935 verba
3084 2882 3218 2951 quod
3260 2883 3529 2952 egreditur,
3550 2900 3645 2953 per
3686 2899 3746 2937 os
3790 2880 3888 2936 Dei

2305 2970 2525 3041 (Matth.
2553 2971 2606 3025 4.
2637 2970 2703 3042 ι)
2738 2988 2751 3024 :
2785 2972 2982 3040 optimc
3004 2970 3071 3026 de
3099 2970 3181 3025 his
3209 2972 3477 3033 statueris.
3510 2983 3559 3027 et
3587 2972 3724 3042 parti
3764 2987 3889 3043 qua:

2305 3064 2459 3117 nobis
2485 3064 2651 3133 magis
2681 3074 2761 3118 est
2792 3064 3022 3134 prepria,
3055 3075 3198 3119 recte
3226 3065 3580 3134 proSpeseris.
3609 3064 3767 3119 Sicut
3794 3064 3887 3133 igi-

2309 3160 2395 3206 tur
2422 3136 2631 3221 corpori
2662 3155 2802 3207 varia
2829 3153 3034 3224 praebes
3061 3153 3388 3220 indumenta,
3418 3164 3472 3208 et
3495 3155 3760 3209 rationem
3795 3152 3888 3209 ba-

2306 3250 2401 3307 bes
2420 3246 2545 3301 anni
2572 3252 2946 3315 tempestatum
2973 3246 3025 3299 in
3052 3241 3277 3300 vestium
3298 3242 3606 3304 diversitate
3636 3267 3652 3303 :
3692 3242 3885 3303 sintdi-

2312 3349 2389 3394 ter
2420 3355 2591 3408 neque
2616 3343 2845 3395 animam
2866 3341 3144 3409 despicilo,
3176 3349 3233 3393 ut
3262 3356 3328 3395 ne
3362 3341 3497 3393 nuda
3529 3340 3681 3395 bonis
3706 3340 3883 3411 operi-

2311 3430 2408 3485 bus
2432 3430 2754 3496 obambulet,
2785 3430 2876 3485 sed
2908 3428 3218 3484 docentibus
3249 3430 3389 3483 illam
3430 3430 3661 3485 vestibus
3688 3430 3881 3494 indue;

2310 3523 2485 3575 statim
2521 3538 2635 3574 eam
2667 3520 2938 3591 reparabis
2966 3531 3019 3574 et
3042 3520 3107 3575 ad
3140 3519 3432 3574 naturalem
3477 3522 3755 3574 sanitatem
3802 3534 3883 3573 re-

2310 3610 2495 3665 duces.
2526 3610 2735 3679 l'ltquzc
2767 3620 2889 3663 sunt
2916 3609 3106 3663 anima:
3148 3608 3491 3664 indumenta?
3536 3609 3883 3681 Eleemosyna

2311 3711 2364 3755 ct
2390 3702 2604 3770 largitas
2631 3701 2679 3752 in
2705 3714 2967 3770 pauperes
2998 3717 3011 3753 :
3040 3698 3140 3754 hoc
3173 3700 3315 3755 enim
3359 3700 3646 3753 maximum
3692 3701 3885 3753 anima:

2313 3795 2684 3848 vestimentum
2715 3802 2815 3858 est,
2844 3792 2943 3846 hoc
2969 3790 3302 3848 snlendidmn
3333 3792 3473 3846 illius
3498 3791 3882 3846 indumentum.

2314 3887 2368 3941 Si
2399 3896 2573 3939 autem
2601 3887 2679 3940 vis
2706 3900 2810 3938 non
2840 3884 3009 3938 solum
3041 3884 3351 3937 vestimenta
3382 3898 3589 3953 parare,
3620 3882 3715 3936 sed
3743 3883 3883 3936 illam

2316 3994 2508 4034 ornare
2535 3979 2713 4041 etiam,
2746 3977 2881 4029 sicut
2908 3989 3101 4045 corpus
3126 3974 3287 4038 soles,
3329 3987 3537 4043 appone
3565 3972 3884 4040 adjutoriuin

2316 4067 2456 4136 quod
2481 4084 2543 4121 ex
2569 4065 2814 4136 precibus
2836 4074 2938 4127 est,
2966 4074 3017 4119 et
3040 4073 3372 4134 peccatorum
3396 4061 3811 4124 confessionem,
3834 4071 3886 4114 et

2317 4158 2579 4212 continuis
2606 4156 2849 4226 laerymis
2870 4154 3056 4209 faciem
3081 4163 3222 4208 tuam
3245 4155 3420 4208 lavare
3441 4168 3508 4208 ne
3532 4167 3728 4208 cesses.
3751 4152 3883 4206 Nam

2318 4250 2452 4303 sicut
2480 4248 2663 4303 faciem
2695 4247 2937 4316 corporis
2962 4247 3035 4300 tui
3061 4245 3296 4315 quotidie
3334 4260 3454 4299 cum
3495 4244 3637 4297 omni
3683 4243 3883 4297 sollici-

2321 4341 2501 4395 tudine
2522 4338 2711 4399 abluis,
2746 4353 2813 4392 ne
2855 4352 2956 4407 qua
2991 4335 3127 4392 forte
3176 4336 3376 4389 macula
3420 4335 3571 4389 faciei
3612 4334 3886 4388 iul-terens

2318 4434 2608 4489 deformem
2656 4430 2796 4485 illam
2828 4428 3015 4483 reddat
3060 4446 3075 4482 :
3115 4429 3193 4483 sic
3228 4439 3282 4482 et
3308 4429 3498 4480 anima:
3535 4441 3714 4480 curam
3749 4426 3884 4480 habe

2322 4528 2540 4583 fervidis
2583 4526 2816 4597 quotidie
2864 4522 3110 4593 lacrytnis
3147 4536 3263 4576 eam
3311 4520 3549 4574 abluens.
3598 4518 3705 4573 llac
3742 4518 3881 4573 cnim

2318 4634 2450 4688 aqua
2475 4618 2694 4671 maculis
2719 4616 2992 4684 depositis.
3016 4614 3131 4681 ejus
3158 4612 3318 4666 facies
3343 4609 3667 4678 splendidior
3688 4608 3879 4663 evadit.

2320 4711 2383 4765 Et
2410 4712 2530 4778 quia
2562 4708 2806 4762 mulieres
2828 4707 3092 4776 pleraeque
3120 4704 3190 4759 ob
3216 4700 3513 4767 mollitiem,
3541 4700 3880 4769 apostolicqu

2320 4802 2622 4857 mandatum
2663 4805 3085 4859 contemnentes,
3130 4808 3235 4862 quo
3276 4792 3493 4863 jubetur
3530 4806 3597 4845 ne
3643 4789 3705 4843 In
3745 4790 3884 4843 tortis

2318 4892 2556 4951 Crinibus,
2589 4898 2673 4940 aut
2697 4902 2841 4951 auro,
2869 4884 2946 4938 uel
2974 4883 3279 4953 margaritis,
3316 4882 3395 4934 eet
3430 4890 3559 4934 reste
3595 4890 3883 4946 sumptuosa

2320 4997 2379 5037 se
2416 4988 2605 5035 ornent
2636 4980 2683 5047 (I
2740 4976 2876 5030 Tim.
2904 4974 2959 5029 2.
2982 4974 3060 5045 9),
3108 4987 3298 5043 magno
3345 4970 3445 5025 hoc
3480 4968 3608 5024 lusu
3658 4969 3883 5034 faciunt;

2320 5088 2489 5143 neque
2526 5070 2775 5125 mulieres
2806 5075 3029 5131 tantum,
3075 5065 3167 5121 sed
3212 5074 3265 5119 et
3309 5062 3404 5116 viri
3433 5061 3653 5132 quilibet
3697 5060 3885 5115 molles

2322 5165 2515 5220 vilibus
2563 5158 2888 5216 mulierculis
2922 5157 3121 5213 similes
3162 5156 3311 5217 littut,
3342 5152 3565 5206 annulus
3587 5150 3768 5220 digitis
3796 5166 3875 5216 ge-

2320 5266 2478 5318 stant,
2508 5265 2561 5309 et
2587 5250 2788 5323 iuaguis
2811 5249 3163 5319 gravibusque
3190 5243 3452 5313 lapidibus
3486 5256 3546 5296 se
3572 5250 3789 5305 ornant,
3823 5240 3885 5293 de

2320 5346 2511 5417 quibus
2540 5345 2856 5397 erubescere
2879 5344 3150 5408 Oporterct
3188 5352 3203 5390 :
3248 5344 3302 5389 et
3332 5335 3435 5387 illa:
3464 5346 3590 5402 ergo
3632 5340 3689 5385 et
3714 5332 3801 5395 lii,
3844 5330 3883 5382 si

2320 5439 2452 5492 meis
2484 5444 2729 5505 parerent
2774 5429 3125 5491 seruienibus,
3169 5441 3327 5482 aurea
3372 5425 3506 5488 bare,
3537 5438 3654 5492 qum
3683 5435 3737 5475 et
3766 5421 3885 5474 viris

2320 5541 2373 5587 et
2401 5527 2708 5583 tnulieribus
2724 5524 2976 5578 damnosa
3001 5530 3141 5582 sunt,
3166 5519 3216 5572 in
3242 5526 3482 5571 ornatum
3502 5514 3693 5567 anima:
3720 5522 3867 5566 trans

2323 5624 2539 5683 ferrent,
2573 5629 2628 5674 ct
2656 5616 2770 5671 istis
2800 5616 2939 5669 illam
2967 5612 3305 5667 adornarent.
3343 5607 3473 5661 Nam
3501 5605 3640 5660 sicut
3679 5602 3883 5674 corpori

2331 5711 2718 5778 circumposita.
2765 5705 2973 5762 etiamsi
3002 5703 3287 5758 formosum
3316 5699 3404 5763 sit,
3450 5698 3620 5770 ipsum
3650 5695 3883 5753 deforme

3032 5841 3059 5853 ο
