4058 6302
243 330 351 382 {$5

241 447 478 501 reddunt
507 464 518 498 :
551 445 624 499 ita
653 443 698 499 si
725 444 919 498 auium
953 442 1442 512 circumponantur,
1487 439 1701 495 etiamsi
1739 439 1838 496 de-

239 537 410 594 formi
428 550 692 592 summam
706 533 1152 604 pulchritudinem
1166 531 1437 587 aﬂ‘errent.
1464 530 1531 586 Et
1550 528 1836 599 quomoda,

241 628 424 694 dices,
450 634 669 696 possunt
689 625 882 679 animae
911 624 1417 694 circumponiaurea
1436 622 1459 675 l
1479 614 1674 676 lterum
1701 621 1840 682 dico,

247 733 353 787 per
373 731 562 772 manus
582 729 870 784 pauperum
916 714 992 768 Illi
1019 715 1161 769 enim
1183 712 1523 782 accipientes,
1555 710 1844 766 formosam

248 809 403 864 illam
432 807 676 863 reddunt.
705 806 815 861 lllis
837 819 1052 860 auream
1084 803 1362 873 pecuniam
1389 802 1556 866 trade,
1593 811 1650 857 et
1678 802 1729 855 in
1778 802 1844 854 il-

252 901 433 954 lorum
456 907 670 952 ventres
690 896 999 966 dispensato
1017 936 1030 961 ,
1059 904 1364 965 tantamque
1401 893 1473 949 ibi
1494 893 1728 947 vicissim
1751 891 1850 946 da-

253 992 393 1045 bunt
419 989 884 1059 pulchritudinem,
910 999 969 1043 ut
989 987 1158 1043 forma
1186 998 1270 1042 tua
1299 1002 1482 1041 verum
1508 987 1654 1040 illum
1684 1000 1845 1054 spon-

249 1096 378 1136 sum
406 1081 622 1144 alliciat,
647 1083 1028 1149 innumeraque
1053 1079 1190 1133 dona
1216 1079 1478 1133 conciliet.
1505 1076 1650 1133 Cum
1665 1085 1847 1135 autem

254 1171 654 1241 pulchritudine
698 1171 978 1224 Dominum
1032 1170 1318 1233 allexcris,
1368 1167 1848 1237 suppeditabantur

256 1263 358 1317 tibi
403 1262 541 1317 bona
570 1262 770 1324 omnia,
815 1270 870 1316 et
900 1260 1175 1315 immensis
1217 1259 1406 1329 opibus
1435 1258 1751 1312 abundabis.
1789 1257 1844 1311 Si

253 1367 390 1425 ergo
413 1352 670 1407 amabiles
697 1350 811 1406 fieri
838 1351 1065 1405 Domino
1090 1351 1354 1409 volumus.
1384 1351 1492 1418 jam
1537 1365 1640 1402 non
1682 1365 1841 1402 0rua~

245 1453 373 1498 tum
399 1442 639 1512 corporis
669 1442 797 1496 tanti
828 1442 1098 1502 faciamus,
1128 1442 1221 1495 sed
1246 1443 1432 1494 anima:
1461 1440 1844 1497 formositatem

255 1534 499 1604 quotidie
528 1549 715 1604 magna
745 1533 1016 1602 diligentia
1049 1548 1318 1598 curemus,
1354 1543 1407 1586 ιιι
1429 1541 1480 1586 ct
1505 1532 1726 1601 gratiam
1749 1532 1846 1585 be-

253 1627 408 1696 nigni
441 1626 533 1680 Dei
566 1623 719 1679 nobis
742 1625 1107 1687 coocilicmus,
1140 1636 1190 1677 ct
1220 1623 1499 1677 inell'abilia
1543 1623 1675 1675 bona
1715 1638 1846 1675 con-

257 1731 572 1786 sequamur,
603 1716 766 1785 gratia
799 1723 852 1768 et
901 1715 1222 1783 benignitate
1265 1714 1468 1767 Domini
1512 1714 1677 1766 nostri
1720 1712 1846 1767 Jesu

255 1807 481 1871 Christi,
510 1823 628 1861 cum
668 1823 773 1875 quo
811 1807 973 1871 Patri,
1002 1806 1156 1859 simul
1197 1819 1252 1859 ct
1292 1805 1508 1873 Spiritui
1553 1813 1739 1857 sancto
1780 1803 1850 1857 sit

255 1896 453 1967 g'oria,
494 1896 797 1965 imperium,
828 1897 1018 1963 honor,
1061 1912 1199 1950 nunc
1229 1906 1283 1950 ct
1311 1909 1542 1963 semper,
1575 1903 1630 1948 et
1659 1896 1707 1947 in
1750 1909 1849 1946 sm-

253 1989 380 2044 cula
409 1989 744 2044 steculoruat.
781 1990 969 2042 Amen.

807 2122 1087 2177 llOMlLlA
1131 2121 1295 2177 XXII.

256 2233 332 2288 Et
362 2247 469 2287 erat
502 2232 615 2288 Nec
642 2251 890 2287 annorum
911 2236 1312 2305 quingentorum,
1344 2246 1388 2287 et
1415 2234 1585 2304 genuit
1611 2232 1662 2286 Ν
1667 2249 1725 2285 oe
1750 2241 1849 2284 tres

335 2327 492 2394 ﬁlios,
524 2326 662 2390 Sent,
698 2324 877 2390 Citam,
907 2338 952 2378 et
976 2324 1220 2393 lup/tem.
1255 2325 1314 2379 Et
1343 2330 1533 2395 factum
1557 2333 1628 2377 est
1647 2322 1850 2394 quando

335 2426 592 2483 (cperunt
623 2416 846 2470 homines
877 2417 1205 2484 multiplicari
1248 2432 1399 2482 super
1425 2424 1628 2476 (errant,
1659 2424 1704 2468 et
1730 2414 1853 2482 ﬁlia:

339 2517 473 2560 uola:
497 2516 612 2558 sunt
637 2506 708 2558 ίνὶε
734 2504 884 2575 (Gen.
915 2507 968 2562 5.
1001 2506 1086 2559 51.
1119 2517 1164 2559 et
1190 2507 1240 2561 6.
1281 2506 1353 2577 1).

345 2618 391 2670 l.
435 2617 769 2671 Attrntt'onent
795 2617 1083 2671 auditorum
1105 2627 1295 2688 captat.
1331 2618 1458 2684 Qua:
1475 2617 1538 2670 sit
1563 2627 1744 2670 natura
1766 2619 1855 2670 dc-

262 2708 356 2762 biti
381 2709 681 2778 spiritualia.
699 2738 765 2748 —
781 2708 1052 2778 Reliquias
1077 2708 1337 2762 hesterna:
1361 2723 1559 2762 mensa:
1582 2708 1732 2762 Vobis
1755 2707 1854 2761 ho-

263 2801 353 2855 die
382 2817 676 2870 pr0ponerc
705 2802 822 2856 volo
851 2825 864 2857 :
897 2802 990 2857 scd
1018 2818 1082 2857 nc
1109 2819 1247 2871 a-gre
1274 2801 1416 2857 feras
1468 2803 1680 2863 dilecte.
1710 2802 1852 2872 quod

267 2895 523 2965 reliquias
550 2893 690 2947 dico.
723 2895 852 2948 Nam
885 2896 935 2949 in
966 2895 1308 2949 sensibilibus
1335 2896 1546 2965 quidem
1588 2894 1854 2951 alimentis

266 2997 384 3058 post
421 3004 581 3043 unum
614 2998 664 3041 ct
694 2989 919 3041 alterum
952 2987 1092 3042 diem
1126 2987 1356 3041 marcida
1404 2988 1534 3040 fiunt
1563 2987 1760 3053 edulia,
1802 2996 1853 3040 et

262 3079 336 3132 ad
369 3078 686 3133 vescendum
716 3077 916 3131 inutilia
950 3095 963 3132 :
996 3078 1044 3130 in
1073 3076 1332 3147 spirituali
1357 3091 1484 3130 vero
1512 3092 1695 3130 mensa
1724 3077 1854 3130 nihil

263 3171 374 3224 tale
403 3170 572 3225 vereri
604 3177 833 3238 oportet.
869 3169 983 3238 Ipsa
1011 3170 1177 3233 enim,
1208 3181 1407 3240 quan'o
1448 3169 1563 3237 plus
1598 3173 1855 3238 temporis

264 3261 548 3329 praeteriit,
581 3267 729 3314 tanto
761 3260 1016 3329 majorem
1041 3260 1264 3329 gratiam
1296 3258 1476 3325 habet,
1507 3270 1556 3314 et
1590 3261 1856 3315 recentior

261 3363 427 3422 atque
457 3355 690 3422 vegetior
729 3352 1015 3406 invenitur.
1061 3353 1170 3420 Age
1219 3352 1375 3420 igitur
1423 3353 1852 3420 promissionem,

261 3457 429 3512 quam
451 3441 562 3497 heri
590 3443 880 3504 emisimus.
913 3441 1245 3512 impleamus,
1268 3453 1316 3496 et
1340 3442 1576 3497 debitum
1598 3443 1857 3498 doctrina:

262 3544 423 3602 grato
469 3531 816 3592 exhibeamus
860 3536 1057 3587 animo.
1110 3532 1223 3587 Non
1269 3535 1408 3588 cnim
1453 3535 1554 3589 hoc
1604 3536 1732 3590 utile
1775 3545 1858 3591 est

263 3623 651 3692 accipientibus
700 3623 994 3686 dumtaxat,
1055 3634 1109 3677 ut
1153 3626 1202 3678 in
1248 3625 1367 3678 aliis
1411 3624 1624 3688 debitis,
1669 3627 1762 3681 sed
1804 3637 1858 3682 ct

265 3714 400 3768 mihi
441 3699 816 3768 dinumeranti.
861 3713 927 3769 Et
953 3716 1076 3785 quid
1122 3715 1242 3770 dico
1289 3716 1416 3771 mihi
1458 3717 1858 3772 dinumeranti?

265 3807 417 3861 Talis
463 3817 545 3860 est
581 3807 871 3875 spiritttalis
919 3807 1082 3862 debiti
1132 3819 1341 3870 natura,
1389 3817 1444 3861 ut
1486 3818 1687 3878 quanto
1738 3825 1853 3862 ma-

264 3901 350 3968 gis
403 3898 659 3962 solvitur,
714 3909 859 3952 tanto
908 3899 1076 3969 magis
1139 3909 1424 3968 augeatur,
1489 3907 1543 3953 et
1608 3900 1854 3954 substan-

266 3991 398 4043 tiam
447 3990 614 4057 magis
670 3991 1013 4059 multiplicet,
1069 4000 1227 4062 atque
1293 3991 1588 4047 iuell‘abiles
1645 3992 1859 4047 divitias

264 4078 457 4132 κηποι-ιιι
478 4091 583 4133 tam
615 4080 785 4145 danti,
811 4096 968 4151 quam
1010 4080 1410 4150 accipientibus.
1445 4082 1634 4137 Vidisti
1668 4098 1859 4140 novatn

261 4170 434 4225 debiti
456 4180 718 4236 naturam,
743 4181 798 4226 et
824 4187 998 4226 raram
1028 4173 1312 4228 solutionis
1332 4175 1564 4245 speciem
1587 4177 1610 4228 Τ
1639 4176 1694 4230 In
1721 4176 1862 4233 hunc

262 4259 414 4314 enim
440 4259 654 4314 modum
693 4274 754 4314 se
785 4259 981 4315 habent
1020 4262 1316 4331 spiritualia
1341 4304 1356 4329 ,
1392 4273 1448 4317 ut
1487 4265 1862 4322 distributione

265 4350 442 4419 magis
467 4359 731 4413 crescant,
755 4360 810 4406 et
837 4367 960 4407 cum
983 4353 1134 4407 multi
1166 4363 1289 4408 sunt
1317 4356 1620 4424 participes,
1645 4357 1863 4412 uberior

264 4442 344 4494 sit
370 4441 723 4507 abundantia;
748 4452 805 4497 et
831 4443 922 4513 qui
951 4445 1270 4511 numeravit,
1305 4462 1412 4500 non
1440 4447 1634 4502 sentiat
1675 4463 1734 4503 se
1759 4449 1859 4502 ali-

266 4533 399 4604 quid
419 4549 750 4601 numerasse,
777 4536 1208 4606 quandoquidem
1238 4537 1356 4608 ejus
1386 4553 1518 4608 opes
1566 4552 1814 4596 crescunt
1843 4559 1858 4607 ;

268 4635 324 4678 ct
379 4624 443 4678 iis
489 4626 577 4694 qui
622 4638 946 4697 acceperunt
985 4629 1155 4697 major
1174 4630 1335 4684 etiam
1375 4632 1524 4699 cepia
1570 4643 1858 4686 accrescat.

267 4717 406 4782 Quia
441 4716 598 4786 igitur
626 4719 745 4772 talis
774 4729 854 4773 est
875 4720 1230 4788 spiritualium
1264 4721 1485 4775 istorum
1506 4731 1715 4784 ttatura,
1745 4739 1858 4776 ma-

265 4821 372 4877 gna
400 4807 676 4861 alacritate
702 4810 861 4864 etiam
914 4827 1009 4865 nos
1049 4812 1114 4866 ad
1158 4813 1477 4867 solutionem
1524 4814 1858 4882 festinemus,

269 4907 326 4952 et
355 4911 452 4951 vos
474 4897 539 4951 ad
567 4898 962 4968 suscipiendum
991 4916 1148 4956 aures
1173 4907 1612 4971 accommodctis,
1649 4918 1705 4960 ut
1746 4925 1862 4960 oin-

269 5005 372 5045 ucs
397 5005 519 5044 cum
543 4991 661 5045 latis
678 4992 839 5044 animi
861 4991 1066 5046 sinibus
1091 4996 1426 5063 sumpseritis
1469 5013 1586 5065 qua:
1633 5014 1661 5051 a
1709 5000 1862 5054 nobis

270 5084 544 5146 dicuntur,
595 5083 662 5136 ita
702 5083 916 5138 domum
969 5085 1397 5153 proﬁciscamiui.
1443 5090 1638 5145 lterum
1681 5103 1860 5148 autem

271 5188 646 5244 argumentum
677 5175 744 5230 de
783 5176 930 5246 justo
971 5177 1080 5230 Noe
1108 5179 1157 5231 in
1191 5179 1425 5232 medium
1477 5181 1670 5237 alferre
1711 5185 1859 5250 volo,

272 5277 331 5319 ut
350 5266 476 5334 justi
509 5281 750 5336 magnam
780 5270 1050 5334 virtutem,
1078 5278 1134 5323 ct
1162 5271 1483 5325 inell‘ahilem
1529 5274 1619 5328 Dei
1648 5279 1863 5332 [Itir:(‘rl-

270 5358 540 5423 cordiatn,
572 5373 633 5410 ac
657 5359 992 5413 tolerantiam
1022 5379 1141 5428 qu:e
1192 5379 1403 5418 omnem
1452 5367 1615 5419 animi
1648 5380 1859 5436 captum

276 5451 638 5513 transcendit,
696 5453 931 5508 discatis.
980 5456 1246 5510 Didicistis
1289 5457 1424 5523 heri,
1471 5463 1739 5530 quomodo
1795 5465 1863 5519 ab

273 5551 394 5595 ortu
433 5558 532 5597 suo
554 5543 732 5611 justus
764 5545 868 5610 ille,
898 5555 1118 5615 accepto
1155 5564 1182 5600 a
1212 5561 1361 5617 patre
1392 5553 1606 5606 nomine
1628 5594 1642 5618 ,
1686 5554 1862 5608 obam-

274 5635 505 5698 bulabat,
540 5636 790 5690 omnibus
813 5639 901 5707 qui
925 5649 1048 5693 tunc
1077 5652 1231 5694 erant
1255 5642 1442 5698 doctor
1465 5645 1856 5709 calamitatum,

269 5728 420 5796 quasi
473 5726 716 5783 clamans
743 5737 793 5782 et
841 5744 934 5798 per
979 5731 1150 5802 ipsum
1183 5748 1379 5791 nomen
1424 5749 1578 5791 suum
1617 5736 1801 5794 dicens
1842 5757 1853 5793 :

1170 325 1235 382 ΙΝ
1260 324 1415 381 CAP.
1463 322 1524 377 ν.
1560 324 1647 380 ΕΤ
1685 323 1768 377 \‘l.
1813 325 2057 381 GENES.
2101 322 2332 379 IlOMlL.
2373 320 2536 377 XX".

3443 330 3543 388 l86

1953 435 2204 493 Desistite
2226 448 2258 492 a
2279 435 2443 502 malo,
2469 433 2769 507 opercmini
2797 435 3070 503 virtutem,
3103 438 3287 493 timete
3325 453 3542 510 pinnam

1953 527 2347 599 impendentem
2375 544 2394 581 -τ
2417 541 2705 582 commune
2734 525 2992 582 diluvium
3025 527 3076 582 iu
3105 538 3217 582 toto
3254 530 3387 587 orbe
3414 531 3539 589 erit.

1951 618 2141 686 lugens
2171 616 2269 674 Dei
2296 617 2591 688 indignatio
2618 617 2800 682 instat,
2835 619 2958 688 quia
2980 630 3033 673 et
3057 632 3250 691 magna
3291 622 3544 691 nequitia

1949 709 2231 764 colluvies.
2263 707 2333 763 Et
2354 707 2457 763 hoc
2477 723 2584 763 non
2613 724 2707 778 per
2729 708 2866 764 duos
2895 707 2979 763 vel
3007 716 3116 765 tres
3140 720 3344 765 tantum
3371 727 3542 769 annos

1953 797 2201 864 faciebat,
2239 798 2333 854 sed
2361 799 2682 869 quingentos
2707 814 2880 854 annos
2902 800 3034 855 vixit
3066 800 3180 856 ha-c
3220 802 3541 859 admonens.

1959 888 2172 943 Vidistis
2195 889 2532 945 tolerantiam
2565 889 2816 944 Domini?
2852 890 3061 946 vidistis
3085 892 3340 948 bonitatis
3359 893 3538 950 excel-

1953 979 1982 1031 lt
2005 979 2207 1033 titiam?
2237 980 2446 1034 vidistis
2474 980 2792 1034 ineﬂ'abilem
2823 982 3175 1052 patientiam?
3205 983 3412 1039 vidistis
3426 981 3544 1039 m5-

1951 1068 2077 1122 liti.e
2095 1070 2458 1125 incrementa?
2483 1071 2687 1125 vidistis
2705 1072 3060 1141 improbitatis
3085 1074 3547 1142 magnitudinem?

1912 1156 1915 1161 ’
1952 1155 2236 1230 llucusquc
2265 1162 2430 1228 enim,
2459 1171 2515 1218 ut
2543 1164 2712 1229 scitis,
2763 1163 2878 1219 heri
2917 1180 3097 1220 sermo
3121 1177 3307 1222 noster
3333 1157 3547 1237 proces-

1952 1253 2020 1304 sit
2053 1269 2064 1304 :
2090 1267 2268 1322 opene
2293 1254 2523 1322 pretium
2550 1263 2631 1308 est
2657 1255 2814 1324 igitur
2835 1265 2892 1310 ut
2919 1256 3078 1311 hodie
3098 1256 3388 1324 discamus,
3408 1273 3547 1329 quo-

1955 1343 2115 1396 modo
2143 1345 2448 1399 misericors
2473 1346 2611 1400 Deus
2651 1362 2749 1415 pro
2777 1361 2869 1400 sua
2902 1347 3139 1404 bonitate
3169 1365 3342 1419 neque
3388 1351 3547 1419 quin-

1953 1436 2126 1503 gentis
2151 1436 2305 1490 annis
2334 1436 2398 1489 ad
2420 1437 2752 1492 tolerantiam
2777 1447 3064 1494 contentus
3087 1440 3203 1503 fuit,
3234 1441 3328 1496 sed
3347 1442 3551 1496 addidit

1955 1543 2127 1581 annos
2154 1529 2286 1582 alios
2314 1528 2378 1582 ad
2412 1528 2720 1598 superiores
2748 1531 2799 1584 in
2842 1531 3067 1600 gratiam
3094 1547 3282 1588 eorum
3313 1533 3402 1604 qui
3430 1544 3549 1587 tan-

1957 1628 2065 1674 tum
2100 1631 2469 1688 peccaverant.
2514 1619 2581 1674 Et
2608 1631 2714 1674 erat
2757 1621 2891 1688 Noe,
2947 1623 3137 1692 inquit,
3165 1625 3550 1694 quingentorum

1954 1729 2224 1766 annorum.
2279 1713 2360 1768 Ad
2415 1713 2697 1767 utilitatem
2753 1723 2989 1767 nostram
3038 1714 3219 1769 divina
3270 1714 3549 1786 Scriptura

1958 1818 2239 1857 numerum
2292 1818 2554 1858 annorum
2619 1804 2753 1873 justi
2805 1805 3133 1874 assignavit,
3175 1815 3233 1860 ut
3279 1806 3552 1862 discamus

1955 1906 2158 1964 quanto
2186 1905 2426 1965 tempore
2456 1897 2669 1960 vixerit,
2700 1896 2998 1951 admonens
3029 1898 3170 1963 illos,
3199 1907 3254 1953 ct
3278 1898 3552 1968 quomodo

1958 1988 2029 2040 illi
2062 1987 2277 2054 quidem
2309 1987 2525 2044 malitim
2543 1988 2679 2040 viam
2699 1989 2909 2054 sectati,
2935 1988 2985 2042 in
3013 2003 3074 2043 ca
3096 1990 3399 2059 consumpti
3421 1990 3549 2056 sint;

1953 2078 2128 2146 justus
2160 2087 2337 2130 autem
2364 2093 2519 2133 secus
2549 2095 2707 2148 quam
2745 2079 2839 2133 alii
2864 2079 3146 2136 ambulans
3178 2089 3325 2134 tanta
3357 2085 3554 2138 virtute

1958 2170 2321 2239 ιιτ·;ιιςρΙΙιιθι·ἰι
2353 2185 2367 2223 :
2400 2177 2534 2226 utet
2570 2171 2671 2225 sibi
2704 2171 2795 2225 Dei
2826 2171 3254 2226 benevolentiam
3295 2172 3559 2228 concilia-

1959 2272 2060 2325 ret,
2089 2272 2141 2316 ct
2178 2277 2299 2316 cum
2323 2276 2512 2317 omnes
2544 2262 2633 2316 alii
2682 2265 2855 2332 ptenis
2899 2262 3116 2318 obnoxii
3173 2263 3384 2331 ﬂerent,
3440 2264 3554 2335 ipse

1957 2370 1984 2409 s
2008 2357 2102 2408 ilus
2127 2369 2245 2410 cum
2271 2363 2376 2408 tota
2410 2354 2609 2409 familia
2655 2355 2930 2425 ell‘ugerct.
2982 2356 3115 2410 liinc
3142 2355 3420 2421 discimus,
3455 2371 3554 2410 no-

1960 2447 2060 2508 bis,
2113 2447 2157 2500 si
2199 2436 2363 2500 sobrii
2416 2446 2670 2500 fuerimus
2698 2455 2889 2500 etnon
2936 2445 3172 2513 desides,
3227 2461 3334 2501 non
3379 2447 3554 2504 sol-int

1960 2537 2090 2591 nihil
2119 2553 2314 2592 nocere
2347 2539 2389 2592 si
2421 2539 2558 2591 inter
2586 2537 2794 2591 medios
2819 2538 2991 2592 malos
3022 2553 3337 2601 versemur;
3381 2536 3476 2593 sed
3502 2538 3555 2592 id

1961 2643 2057 2682 nos
2087 2628 2312 2684 reddere
2345 2629 2557 2683 virtutis
2583 2629 2955 2685 studiosiores.
2985 2628 3116 2684 Nam
3144 2628 3266 2684 ideo
3293 2629 3558 2700 benignus

1962 2723 2106 2777 Dens
2136 2723 2214 2777 sic.
2239 2722 2588 2792 dispensavit,
2622 2732 2675 2777 ιιι
2727 2723 2884 2776 simul
2921 2732 3104 2778 essent
3151 2722 3275 2777 honl
3307 2731 3360 2776 et
3405 2722 3556 2788 mali,

1959 2830 2066 2883 quo
2121 2816 2384 2869 malorum
2437 2817 2884 2870 subencrvaretur
2930 2815 3152 2881 malitia,
3189 2816 3559 2887 bonorumque

1959 2907 2130 2960 virtus
2159 2907 2354 2960 clarius
2386 2908 2715 2961 eluccsccret
2745 2924 2757 2960 :
2789 2917 2843 2961 et
2867 2906 3081 2962 desides
3107 2923 3139 2962 ιι
3167 2904 3552 2978 studiosiornm

1960 2998 2342 3053 consuetudine
2362 2998 2587 3067 plurima
2615 2999 2898 3053 commoda
2943 2999 3338 3062 lucrifacerent.
3397 3002 3561 3055 modo

1961 3089 2178 3144 vellent.
2212 3089 2306 3143 llic
2332 3089 2539 3158 cogites
2563 3090 2746 3155 velim,
2780 3099 2994 3160 quantze
3033 3092 3244 3144 virtutis
3278 3092 3436 3146 fuerit
3468 3093 3562 3146 ille

1957 3180 2152 3248 justus,
2209 3179 2480 3247 quomodo
2530 3179 2584 3235 in
2620 3189 2768 3235 tanta
2815 3182 3174 3249 multitudine,
3208 3199 3329 3254 qua:
3367 3200 3563 3254 magno

1963 3271 2164 3337 impetu
2197 3270 2246 3323 iu
2277 3271 2478 3324 malum
2512 3271 2720 3339 ruebat,
2754 3273 2902 3328 solus
2949 3274 3063 3344 ipse
3115 3274 3329 3330 diversa
3371 3277 3561 3331 ambu-

1965 3361 2090 3415 lavit
2117 3364 2224 3428 via,
2258 3364 2506 3417 virtutem
2535 3365 2752 3419 malitia:
2781 3367 3104 3432 prarfereus:
3139 3383 3201 3422 ac
3225 3384 3400 3438 neque
3425 3369 3560 3424 alio-

1965 3467 2078 3506 rum
2108 3468 2424 3520 consensus,
2459 3471 2557 3509 ncc
2607 3465 2749 3510 tanta
2804 3456 3108 3527 frequentia
3147 3457 3407 3514 reddebat
3438 3476 3561 3516 cum

1963 3544 2027 3598 ad
2063 3545 2271 3598 virtutis
2303 3544 2404 3599 iter
2455 3548 2755 3615 segniorem
2789 3549 2918 3602 :sed
2963 3549 3072 3619 jatu
3120 3551 3266 3618 prius
3311 3551 3563 3622 inplebat

1965 3637 2103 3706 quod
2159 3639 2343 3692 lii-atus
2391 3639 2564 3694 Moses
2614 3651 2796 3709 postea
2839 3643 3080 3697 dicturus
3119 3653 3235 3698 erat
3268 3664 3283 3699 :
3317 3643 3439 3699 Non
3464 3648 3565 3700 erit

1969 3745 2082 3782 cum
2115 3729 2346 3799 pluribus
2373 3733 2426 3784 in
2465 3733 2659 3785 malitia
2691 3732 2887 3798 (Ea-od.
2917 3735 2988 3790 25
3035 3736 3113 3804 2).
3141 3737 3205 3790 Et
3226 3737 3367 3805 quod
3397 3739 3566 3807 magis

1966 3819 2301 3884 admirabile,
2333 3837 2455 3875 cum
2484 3825 2683 3877 multos
2717 3823 2958 3892 haberet,
3014 3827 3122 3879 imo
3166 3841 3357 3882 omnes
3379 3829 3466 3898 qui
3497 3828 3564 3883 ad

1968 3911 2163 3964 tualum
2196 3922 2248 3964 et
2278 3913 2344 3967 ad
2392 3917 2764 3984 prava'opera
2792 3915 3224 3983 cohortarentur,
3277 3929 3332 3973 et
3389 3919 3564 3973 nullus

1966 4011 2109 4076 esrct
2149 4002 2241 4073 qui
2283 4003 2348 4056 ad
2376 4005 2623 4060 virtutem
2662 4006 2935 4060 induceret
2971 4024 2984 4063 :
3019 4017 3162 4061 t:mta
3207 4009 3296 4063 ille
3337 4008 3388 4063 in
3441 4026 3560 4064 eam

1966 4094 2303 4150 vehementia
2338 4095 2630 4163 ferebatur,
2659 4107 2713 4152 ut
2747 4101 2884 4152 viam
2913 4108 3078 4155 tanta:
3105 4101 3430 4155 multitudini
3467 4117 3562 4173 op-

1968 4187 2193 4256 positam
2221 4197 2275 4243 et
2317 4191 2638 4246 contrariam
2685 4199 2924 4256 teneret;
2982 4206 3156 4261 neque
3206 4192 3444 4256 timebat,
3474 4203 3564 4248 ant

1968 4280 2254 4333 verebatur
2279 4295 2560 4349 pravorum
2589 4283 2952 4346 concordiam,
2988 4298 3164 4352 neque
3187 4284 3257 4337 illi
3288 4283 3392 4338 tale
3433 4285 3561 4354 quid

1968 4367 2166 4433 ev'énit,
2199 4373 2355 4440 quale
2392 4376 2531 4427 solet
2571 4373 2775 4442 ignavis
2823 4374 3088 4440 accidere,
3123 4375 3213 4444 qui
3260 4376 3303 4430 si
3349 4376 3564 4445 quando

1970 4463 2200 4515 viderint
2247 4463 2444 4517 tnultos
2486 4464 2644 4525 simul
2673 4479 3034 4540 concurrere.
3092 4465 3195 4520 hoc
3237 4466 3482 4522 vemen
3508 4479 3566 4524 et

1970 4552 2108 4605 hanc
2134 4553 2473 4608 occasionem
2497 4570 2606 4609 sua:
2638 4557 2864 4624 ignavize
2895 4567 3222 4628 praetexunt,
3247 4574 3310 4614 ac
3338 4559 3524 4616 dicunt
3547 4578 3563 4614 :

1969 4646 2076 4700 Cur
2102 4662 2201 4717 ego
2233 4662 2426 4701 novum
2476 4649 2746 4718 quidpiam
2797 4661 2849 4705 et
2900 4652 3168 4720 singulare
3212 4661 3406 4722 prtetcr
3446 4654 3565 4711 illos

1969 4753 2158 4792 omnes
2200 4753 2546 4807 aggressurus
2576 4757 2693 4794 sum
2713 4784 2727 4806 ,
2753 4741 3093 4797 adversarius
3126 4753 3287 4799 tanta:
3315 4745 3565 4800 multitu-

1970 4827 2100 4892 dini,
2135 4839 2325 4882 etcum
2355 4839 2500 4883 tanto
2526 4833 2722 4900 populo
2755 4833 2956 4887 bellum
2982 4835 3368 4903 suscepturus?
3404 4836 3563 4891 Num-

1970 4920 2095 4982 quid
2129 4921 2229 4973 illis
2271 4923 2519 4975 omnibus
2559 4923 2754 4991 justior
2803 4925 2968 4977 sum?
2996 4925 3125 4994 Qua:
3179 4927 3377 4980 utilitas
3431 4927 3567 4983 foret

1972 5020 2237 5064 tantarum
2269 5011 2662 5067 inimicitiarum
2680 5015 2703 5066 ?
2724 5015 2865 5083 quod
2889 5016 3229 5070 commodum
3254 5016 3384 5071 tanti
3416 5016 3520 5071 odii
3546 5016 3566 5070 Ξ

1969 5099 2110 5154 Nihil
2157 5101 2460 5169 hujusmodi
2513 5104 2772 5159 inutiliter
2818 5107 3106 5176 cogitabat,
3158 5122 3332 5177 neque
3383 5108 3564 5162 animo

1968 5193 2252 5246 versabat:
2278 5194 2370 5248 sed
2399 5205 2451 5248 et
2476 5195 2595 5261 hoc,
2629 5198 2767 5263 quod
2802 5210 2983 5265 postea
3015 5215 3043 5252 a
3072 5200 3331 5268 propheta
3361 5199 3560 5254 dictum

1969 5292 2071 5345 est,
2125 5284 2270 5350 prius
2311 5285 2423 5351 ipse
2479 5287 2732 5354 implebat
2777 5304 2787 5340 :
2845 5288 3030 5342 Melior
3069 5300 3140 5343 est
3193 5307 3327 5343 unus
3370 5291 3564 5359 faciens

1969 5375 2273 5427 voluntatem
2329 5375 2571 5442 Domini,
2637 5394 2787 5446 quam
2838 5380 3088 5432 innumeri
3149 5383 3565 5452 pramaricatures

1970 5465 2157 5536 (Eccli.
2191 5468 2274 5520 lii.
2305 5470 2383 5536 5).
2430 5469 2560 5521 Nunt
2590 5472 2848 5534 Societas,
2887 5473 3072 5542 inquit,
3102 5473 3457 5529 multitudinis
3495 5475 3563 5530 ad

1969 5561 2164 5612 malum
2197 5563 2420 5624 ruentis,
2455 5573 2500 5614 ct
2533 5564 2687 5616 simul
2721 5567 2994 5633 rapientis,
3028 5582 3056 5620 a
3083 5566 3320 5621 cruciatu
3350 5583 3437 5621 me
3468 5582 3564 5636 po-

1972 5654 2090 5705 terit
2112 5652 2321 5721 eripere
2344 5654 2366 5705 ?
2392 5654 2602 5708 Sciebat
2631 5656 2793 5719 enim,
2825 5657 3026 5712 sciebat
3070 5657 3269 5727 liquido
3296 5673 3567 5728 quemque

1971 5758 2068 5816 pro
2098 5757 2192 5799 sua
2217 5745 2388 5801 salute
2416 5748 2676 5804 rationem
2697 5750 3026 5804 redditurum
3059 5765 3176 5806 esse
3195 5791 3212 5820 ,
3239 5765 3412 5820 neque
3439 5765 3561 5805 utn-
