4058 6302
480 290 581 349 187

478 417 637 472 quam
667 402 802 467 fore,
828 409 888 456 ut
910 400 1017 457 alio
1045 411 1294 471 peccante
1337 400 1473 455 alius
1516 413 1728 469 prunam
1774 396 2057 459 sustineat,

480 494 563 549 vel
590 493 893 550 mercedem
921 494 1187 548 sortiatur.
1218 492 1419 547 Idcirco
1442 490 1617 560 justus
1657 489 1805 559 quasi
1834 488 2062 542 scintilla

480 584 534 637 in
550 582 726 636 medio
753 582 885 637 mari
906 596 1139 645 versans,
1166 595 1269 633 non
1290 579 1461 634 solum
1483 594 1589 634 non
1610 576 2063 645 exstinguebatur,

479 672 572 727 sed
602 672 837 741 quotidie
860 672 1123 743 fulgidiori
1145 671 1262 727 luce
1300 671 1565 742 prodibat,
1588 685 1776 739 omnes
1802 669 1910 725 suis
1937 682 2064 737 0pc-

483 764 631 819 ribus
656 764 871 820 docens.

557 854 792 909 Liberum
820 855 1103 911 arbitrium.
1131 886 1202 896 —
1229 855 1417 909 Vidisti
1448 855 1715 924 quomodo
1735 854 1812 907 sui
1840 851 1977 921 juris
2013 860 2067 905 et

483 945 689 1001 arbitrii
739 956 982 1001 naturam
1024 955 1259 1001 nostram
1289 946 1544 1001 Dominus
1593 942 1872 998 formavit?
1912 942 2067 997 Unde

483 1037 648 1101 enim,
680 1036 797 1101 dic,
820 1054 933 1101 oro,
968 1038 1039 1091 illi
1065 1038 1129 1092 ad
1150 1037 1405 1091 malitiam
1442 1036 1815 1108 properabant,
1844 1044 1897 1089 ct
1926 1034 2067 1101 scip-

484 1139 574 1181 sos
608 1128 779 1196 ρωιιίε
817 1128 1080 1183 faciebant
1128 1129 1388 1183 obnoxios
1411 1129 1555 1192 ;.istc
1594 1136 1770 1181 autem
1817 1126 2066 1180 virtutem

484 1216 733 1287 eligebat,
780 1230 832 1273 et
880 1219 1084 1288 fugiens
1134 1235 1317 1274 eorum
1371 1219 1703 1281 societatem,
1736 1233 1905 1286 pmlttt:
1962 1232 2065 1270 non

485 1308 746 1363 obnoxius
778 1308 917 1363 fuit?
947 1309 1131 1364 Nonne
1151 1310 1509 1373 manifestqu,
1538 1324 1633 1363 sua
1679 1323 1943 1378 quemque
1975 1322 2070 1361 vo-

488 1398 687 1453 luntate
709 1400 790 1453 vel
822 1399 1100 1465 malitiam,
1125 1401 1206 1454 vel
1241 1401 1487 1453 virtutem
1524 1400 1762 1468 eligere?
1808 1398 1935 1453 Nam
1969 1398 2067 1451 nisi

486 1490 557 1543 ita
578 1500 742 1557 esset,
764 1500 818 1546 et
844 1492 942 1545 nisi
975 1500 1175 1545 naturae
1202 1502 1397 1545 llOnll‘il?
1420 1501 1653 1560 potestas
1700 1491 1854 1545 insita
1890 1499 2066 1555 esset,

490 1596 660 1650 tneque
691 1584 807 1636 illos
849 1584 1038 1650 ptmiri,
1071 1598 1241 1651 neque
1287 1584 1417 1636 istos
1448 1584 1653 1636 virtutis
1682 1584 1894 1651 pra-mia
1930 1583 2070 1636 acci-

490 1686 615 1741 pere
641 1674 935 1741 oportebat.
955 1673 1144 1735 Verum
1170 1674 1291 1743 quia
1322 1675 1375 1727 in
1403 1685 1581 1729 nostra
1606 1675 1875 1729 voluntate
1901 1685 2069 1728 totum

489 1764 835 1834 postgratiam
858 1766 947 1818 Dei
967 1766 1204 1819 relictum
1228 1776 1327 1831 est,
1356 1765 1474 1820 ideo
1499 1776 1553 1821 ct
1580 1766 1920 1835 peccantibus
1947 1783 2078 1835 sup-

488 1853 640 1922 plicia
668 1863 846 1927 parata
879 1865 1003 1927 Sput
1028 1898 1041 1921 ,
1075 1865 1128 1909 et
1156 1858 1288 1909 bene
1317 1857 1662 1922 Operatitibus
1708 1856 1981 1910 mercedes
2021 1864 2075 1909 rt

491 1945 726 2013 pra-mia.
761 1943 822 1998 Et
846 1955 953 1999 eral
975 1986 988 2010 ,
1016 1946 1202 2015 inquit,
1242 1945 1354 1999 Noe
1377 1964 1623 2000 ruinarum
1651 1948 2033 2017 quingentorum
2056 1988 2071 2013 ,

490 2043 537 2089 et
557 2034 726 2105 genuit
754 2046 851 2088 tres
880 2036 1013 2104 ﬁlios
1040 2037 1179 2101 Sam,
1206 2036 1365 2090 Citam
1412 2048 1457 2090 et
1494 2035 1739 2106 Jupitellt.
1782 2038 2073 2091 Considera

491 2123 682 2179 divinw
713 2124 1003 2194 Scripturm
1033 2130 1443 2181 accuratiouem.
1474 2128 1755 2196 Postquam
1795 2142 2073 2181 numerum

489 2231 749 2270 annorum
786 2217 915 2286 justi
958 2217 1108 2271 nobis
1137 2220 1401 2281 narravit,
1429 2218 1769 2288 exhibuitque
1810 2218 2073 2287 ingentem

493 2307 699 2362 Domini
723 2309 1049 2378 patientiam,
1072 2310 1261 2364 iterum
1292 2325 1553 2364 summam
1585 2312 1915 2366 tolerantiam
1938 2312 2073 2380 ejus,

491 2409 545 2453 et
591 2401 838 2471 nequitia:
878 2400 1151 2455 hominum
1193 2403 1621 2471 exsuperantiam
1670 2403 1944 2459 declarare
1994 2405 2077 2458 ni-

496 2490 639 2544 titur.

563 2581 618 2635 2.
662 2581 909 2636 Aduersus
931 2599 1015 2637 eos
1033 2584 1122 2655 qui
1142 2585 1371 2639 dicebant
1390 2586 1595 2657 angelos
1621 2603 1735 2640 tum
1756 2588 1955 2657 ﬁliabus
1982 2589 2077 2641 Iro-

491 2675 685 2725 rnfnnm
712 2674 1009 2728 commixtos
1046 2691 1167 2730 esse.
1192 2706 1264 2716 —
1290 2677 1393 2731 Sed
1441 2678 1718 2732 audianms
1762 2680 1873 2750 ipsa
1920 2680 2078 2735 verba

497 2764 697 2819 Musis:
729 2766 923 2835 Spiritu
972 2767 1112 2821 enim
1162 2770 1406 2837 loquens,
1438 2771 1614 2824 omnia
1656 2786 1755 2825 nos
1804 2772 2083 2841 diligenter

496 2852 605 2907 vult
631 2854 887 2910 docere.l
928 2856 1075 2925 (Cap.
1106 2859 1182 2925 6).
1212 2858 1276 2910 Et
1319 2862 1504 2925 factum
1532 2869 1627 2924 cst,
1659 2861 1847 2929 inquit,
1877 2864 2081 2930 quando

500 2956 748 3017 ceperunt
805 2948 1030 3002 homines
1072 2950 1401 3017 multiplicari
1449 2967 1597 3018 super
1629 2960 1839 3016 terram,
1876 2964 1919 3006 et
1962 2955 2083 3021 ﬁlia:

500 3046 638 3091 nata:
667 3049 783 3091 sunt
812 3038 932 3092 illis.
965 3036 1079 3091 Non
1125 3039 1327 3097 absone
1360 3040 1565 3094 ratione
1603 3039 1824 3106 addidit,
1855 3042 1917 3096 Et
1963 3046 2086 3112 lilia:

499 3137 634 3179 nam
658 3136 777 3180 sunt
799 3126 900 3181 illis
927 3143 945 3180 :
974 3128 1066 3181 sed
1099 3138 1159 3183 ut
1189 3144 1432 3198 magnam
1464 3129 1851 3185 multitudinem
1883 3135 1961 3189 sic
2005 3135 2086 3188 in-

500 3218 757 3274 siuuaret.
787 3218 916 3273 Nam
956 3220 1042 3275 ubi
1073 3229 1214 3274 tanta
1258 3220 1491 3274 radicum
1522 3231 1604 3276 est
1633 3223 1914 3278 multitudo
1937 3266 1951 3289 ,
1990 3242 2088 3280 nc-

496 3324 648 3365 cesse
675 3322 759 3367 est
779 3313 939 3367 etiam
971 3314 1166 3368 multos
1197 3330 1373 3369 ramos
1399 3317 1597 3371 enasci.
1642 3316 1697 3370 2.
1735 3316 1803 3373 Ut
1832 3320 2081 3386 viderunt,

502 3402 705 3473 inquit,
728 3403 827 3472 ﬁlii
855 3403 952 3458 Dei
996 3408 1131 3472 filias
1166 3406 1423 3461 hominum
1456 3410 1591 3477 quod
1617 3410 1845 3479 pulchra:
1881 3423 2038 3465 essent
2068 3456 2081 3479 ,

500 3506 823 3569 sumpserunt
872 3498 967 3551 sibi
1014 3514 1195 3553 uxores
1240 3515 1304 3553 ea:
1344 3502 1606 3567 omnibus,
1644 3518 1770 3572 quas
1812 3504 2082 3573 elegerant.

502 3585 749 3655 Singulas
773 3588 1033 3644 dictiones
1062 3590 1343 3659 diligenter
1369 3592 1770 3649 cousiderenms
1794 3636 1808 3659 ,
1853 3611 1919 3649 ue
1958 3594 2084 3663 quid

507 3677 559 3733 in
587 3678 749 3733 fundo
780 3680 950 3735 latens
980 3695 1077 3735 nos
1118 3691 1417 3752 pra-tereat.
1449 3684 1636 3753 Opera:
1684 3686 1909 3751 pretium
1942 3685 2084 3740 enim

511 3768 669 3825 fuerit
706 3770 842 3826 bene
884 3773 1106 3826 scrutari
1138 3775 1275 3828 hunc
1305 3774 1500 3841 locum,
1530 3786 1585 3828 ut
1615 3775 1983 3837 subrcrzaseus
2014 3777 2089 3831 fa-

506 3860 661 3919 bulas
702 3863 878 3917 omnia
931 3862 1318 3921 inconsiderate
1360 3865 1684 3935 loqucntium
1717 3881 1731 3917 :
1765 3876 1818 3921 et
1862 3868 2088 3935 primunt

504 3951 773 4007 eiferenda
804 3967 863 4008 ea
892 3969 1009 4023 qua:
1034 3955 1212 4010 dicere
1240 3956 1457 4024 audent,
1481 3965 1536 4011 et
1571 3966 1862 4012 nnmstrata
1903 3974 2089 4012 eorum

502 4060 628 4115 qua:
669 4048 737 4101 ab
771 4047 876 4100 illis
910 4046 1159 4101 dicuntur
1186 4048 1537 4112 absurditate,
1568 4064 1854 4118 germanus
1881 4065 2093 4119 qtmque

508 4136 801 4207 Scriptura:
840 4151 1028 4193 sensus
1070 4147 1260 4193 vestra:
1290 4140 1494 4193 caritati
1524 4141 1842 4210 aperiendus
1881 4152 1959 4196 est
1986 4182 2001 4205 ,
2037 4151 2089 4194 ut

507 4242 577 4282 ne
606 4226 918 4296 simpliciter
945 4237 997 4281 et
1041 4228 1193 4283 facile
1218 4243 1375 4284 aures
1400 4230 1813 4285 acconunodetis
1841 4232 2093 4287 tamb'as-

507 4318 703 4390 phcma
757 4317 1089 4382 dicentibus,
1122 4328 1174 4374 et
1202 4320 1482 4375 adversum
1507 4322 1677 4392 capita
1707 4338 1801 4377 sua
1833 4324 2093 4379 blaterare

510 4407 845 4462 audentibus.
874 4410 1131 4463 Assernnt
1162 4412 1302 4465 enim
1336 4412 1435 4466 hoc
1461 4427 1564 4466 non
1593 4413 1659 4467 de
1687 4411 1989 4466 horninibus
2014 4413 2094 4465 d2-

510 4509 653 4554 cttun
682 4513 821 4565 esse,
846 4499 939 4554 sed
966 4499 1031 4553 de
1058 4500 1261 4570 angelis
1289 4520 1302 4555 :
1327 4502 1433 4555 llos
1456 4504 1618 4567 enim,
1644 4504 1811 4565 aiunt.
1840 4505 1975 4557 filius
2003 4504 2091 4558 ltei

508 4590 814 4661 appellavit.
849 4591 1084 4645 Printum
1110 4591 1412 4657 Ostendam,
1442 4593 1528 4646 ubi
1568 4595 1740 4661 angeli
1769 4594 1857 4646 filii
1885 4594 1974 4647 Dei
2003 4611 2095 4663 ap-

514 4683 693 4753 pellati
719 4684 827 4737 sint
848 4681 923 4757 (a)
956 4702 971 4738 :
998 4682 1092 4739 sed
1123 4698 1229 4738 non
1261 4693 1507 4755 [atterunt
1538 4700 1757 4754 usquam
1778 4697 2095 4742 monstrare.

557 4817 634 4879 (a)
653 4816 892 4879 Veterum
902 4814 1162 4879 multorum
1174 4830 1219 4877 οι
1238 4816 1336 4864 inio
1350 4814 1755 4879 {uitangeloscorl
1766 4817 2094 4875 oreosl'uisse,

520 4876 697 4929 etcum
719 4877 908 4926 ﬁliabus
942 4878 1189 4941 hominum
1210 4876 1328 4925 rem
1355 4876 1616 4941 liabulsSe;
1653 4876 1860 4941 illus‘que
1895 4879 2099 4941 angulus

515 4942 707 5011 quidam
740 4947 997 5011 vagit-unt,
1025 4936 1210 5011 ιηίῃὶιυιξἰ
1233 4945 1357 5011 sese]
1378 4938 1470 5009 ltus
1502 4938 1667 5011 ῥυεὶς.
1696 4936 1791 4988 lib."
1811 4940 1868 5011 t,
1894 4936 1998 5011 mp.

512 4997 651 5051 timui
668 4998 827 5061 ωορκ»ιὶ
856 4999 937 5049 Dei
960 5013 1071 5049 cuni
1093 4997 1554 5063 mulieribusntirti.
1585 4997 1791 5063 fdipsum
1817 4997 1925 5051 fere
1946 4997 2093 5050 Justi-

514 5076 635 5121 nus.
678 5059 1040 5123 Athenagoras,
1079 5059 1305 5109 Clemens
1336 5059 1725 5123 Alexandrinus,
1762 5064 2098 5123 't'heognostus

512 5126 637 5183 apud
661 5121 891 5187 t‘hotium;
915 5132 963 5173 et
988 5123 1087 5171 alii.
1120 5133 1266 5187 quam
1300 5136 1405 5187 rem
1433 5121 1647 5187 pluribus
1672 5121 1998 5187 Inrrsequutus
2024 5134 2097 5173 est

520 5184 1004 5249 lusepltttsﬁcaligcr
1032 5188 1080 5233 ia
1119 5184 1244 5249 uotis
1279 5184 1337 5231 ad
1375 5185 1565 5231 Lusebii
1597 5184 1856 5236 (thronicou
1879 5195 1967 5249 ..ιιι
1992 5194 2098 5249 post

516 5243 643 5295 cuni
663 5246 741 5294 alii
768 5243 1025 5301 innumeri,
1043 5257 1165 5306 quos
1188 5243 1383 5307 longum
1409 5252 1545 5293 esset
1567 5258 1847 5307 recensere.
1871 5243 2097 5297 Cutn'au-

516 5312 617 5371 tem
638 5310 702 5371 ait
727 5305 1105 5371 tltrvsostomus,
1126 5305 1387 5355 Ostendam
1420 5306 1499 5355 ubi
1520 5306 1678 5366 angeli
1701 5305 1789 5368 ﬁlii
1818 5308 2088 5371 Deiupprl-

514 5368 598 5429 {ali
639 5369 777 5419 sint?
819 5368 933 5416 illud
969 5367 1166 5429 quidem
1207 5381 1375 5429 yerum
1420 5375 1495 5417 est
1532 5381 1626 5415 non
1665 5367 1870 5429 reperiri
1903 5367 2096 5418 ia’t..\X

516 5425 888 5492 interpretibus,
916 5425 1036 5491 quos
1058 5428 1188 5477 scius
1211 5426 1407 5492 legebat
1428 5425 1808 5491 Chrysostonius.
1832 5429 2016 5479 Verum
2052 5434 2097 5478 in

517 5492 641 5543 libro
655 5488 765 5541 itob.
804 5505 848 5540 c.
884 5488 1010 5549 t,'v.
1047 5493 1110 5549 6,
1137 5488 1299 5551 angeli
1338 5488 1566 5541 vocantur
1605 5492 1652 5540 in
1692 5493 1923 5541 Hebraeo
1959 5500 2097 5541 textu

515 5554 815 5632 Βθπξκήπὶ
839 5585 958 5631 etin
985 5581 1205 5643 Vulgata,
1231 5579 1320 5643 ﬁlii
1348 5582 1447 5632 Dei.
1475 5582 1784 5631 nihilominus
1831 5591 1989 5631 tamen
2025 5583 2100 5632 hic

520 5644 907 5709 [.rohemnf‘utat
930 5642 1293 5709 chrysostomus
1317 5656 1403 5694 ecs
1433 5644 1516 5709 qui
1549 5645 1772 5696 dicerent
1808 5644 1952 5694 hosce
1979 5642 2100 5695 filius

520 5706 601 5757 Dei
628 5708 770 5756 .uisse
798 5706 1015 5770 angelos.

1223 294 1279 347 s.
1318 285 1593 343 JOANNIS
1628 280 2101 341 cunrsosrout
2142 282 2460 339 .ttttltilEP.
2504 265 3060 338 CONST.\NTl.‘.0P.

3658 281 3765 336 138

2172 395 2427 451 llomiues
2470 396 2685 465 quidem
2734 396 2824 450 filii
2874 396 2967 449 Dei
3007 393 3135 449 dicti
3184 404 3338 456 sunt,
3376 395 3549 463 angeli
3582 406 3762 448 autem

2168 502 2478 558 numquam.
2512 488 2669 556 Atqui
2711 486 2778 542 de
2818 487 3023 557 angelis
3052 484 3181 540 dicit
3212 504 3224 538 :
3262 485 3361 550 Qui
3398 487 3519 554 facit
3553 486 3764 554 angelus

2166 596 2283 634 suos
2321 581 2557 650 spiritus,
2586 591 2633 633 et
2661 580 2916 633 ministros
2957 595 3074 632 suos
3111 580 3369 647 ﬂauzmam
3402 577 3532 646 ignis
3562 580 3579 644 (
3613 575 3760 630 Psal.

2168 670 2293 725 105.
2322 672 2354 726 ι
2382 671 2439 742 );
2480 672 2547 727 de
2590 671 2895 726 hominibus
2932 682 3110 724 autem
3143 688 3156 725 :
3193 667 3301 740 Ego
3330 669 3438 722 dixi
3464 686 3482 722 :
3512 668 3603 723 Dii
3642 670 3764 723 estis

2168 765 2187 831 (
2215 763 2357 819 Psal.
2387 765 2474 819 8|.
2502 765 2612 835 6);
2648 775 2709 820 ct
2754 765 2942 818 iterum
2978 782 2989 816 :
3022 762 3185 817 Filios
3224 765 3371 833 genui
3398 803 3413 827 ,
3442 774 3487 816 rt
3541 764 3765 817 exaltuti

2168 854 2331 923 (lani.
2370 856 2413 908 ι.
2446 856 2541 925 ‘2);
2586 867 2640 911 et
2695 857 2883 910 iterum
2932 872 2944 908 :
3002 854 3379 925 Printogenittts
3431 856 3567 923 [ilius
3618 872 3764 909 niqu

2168 944 2334 999 Israel
2361 948 2376 1013 (
2406 946 2573 1019 Exod.
2607 949 2658 1001 4.
2691 947 2785 1018 22)
2820 965 2833 999 ;
2865 947 3085 1016 angelus
3110 954 3287 999 autem
3314 961 3571 1014 nusquam
3600 960 3764 1001 voca-

2171 1047 2253 1091 tus
2282 1046 2364 1091 est
2390 1038 2547 1103 lilius,
2584 1053 2755 1107 neque
2786 1038 2926 1091 filius
2957 1037 3066 1090 Dei.
3098 1034 3358 1090 Cmterum
3389 1036 3513 1105 quid
3538 1036 3765 1089 dicunt?

2172 1130 2433 1193 Profecto,
2466 1132 2638 1200 angeli
2684 1132 2899 1199 quidem
2928 1141 3079 1183 erant
3107 1148 3120 1183 :
3155 1129 3247 1183 sed
3273 1130 3394 1197 quia
3420 1128 3483 1183 ad
3517 1129 3761 1197 iniquum

2170 1221 2271 1275 hoc
2299 1239 2431 1292 opus
2463 1220 2846 1276 descenderunt
2875 1263 2887 1280 ,
2919 1220 3175 1289 dignitate
3203 1235 3294 1272 sua
3324 1219 3647 1273 exciderunt.
3678 1218 3762 1271 En

2172 1313 2363 1367 iterum
2402 1313 2688 1366 fabulosius
2725 1311 2887 1365 aliud.
2919 1312 3126 1379 Ergone
3154 1324 3295 1363 uuuc
3324 1309 3636 1363 exciderunt
3660 1350 3674 1372 ,
3702 1318 3767 1363 et

2172 1402 2285 1457 haec
2313 1404 2478 1457 ruinae
2503 1404 2708 1456 illorum
2732 1419 2887 1457 causa
2910 1403 2933 1452 ’ἱ
2957 1400 3151 1456 Verum
3182 1400 3455 1467 Scriptura
3484 1414 3582 1452 nos
3606 1399 3766 1453 aliter

2171 1495 2325 1548 docet
2347 1536 2360 1559 ,
2396 1509 2586 1561 nempe
2612 1505 2894 1563 antequam
2928 1494 3245 1547 iormaretur
3275 1494 3475 1561 primus
3504 1491 3662 1543 homo
3682 1531 3695 1552 ,
3731 1503 3765 1541 τι

2171 1601 2263 1639 sua
2299 1586 2553 1653 dignitate
2593 1586 2853 1639 excidisse
2895 1594 2947 1636 et
2973 1583 3239 1637 diabolum
3266 1622 3281 1647 ,
3308 1591 3363 1635 et
3391 1598 3482 1635 eos
3510 1582 3596 1650 qui
3637 1596 3766 1634 cum

2170 1694 2237 1733 co
2284 1680 2539 1747 majorem
2588 1692 2745 1746 quam
2789 1674 3013 1731 decebat
3055 1675 3367 1743 dignitatem
3417 1673 3766 1726 ambiebant:

2172 1772 2307 1824 sicut
2335 1780 2387 1823 ct
2413 1771 2622 1838 sapiens
2654 1770 2867 1839 quidam
2906 1770 3071 1838 inquit
3096 1786 3108 1820 :
3138 1766 3338 1820 Invidia
3381 1777 3544 1818 autem
3573 1765 3771 1819 diaboli

2174 1878 2309 1915 mors
2325 1862 2526 1914 intravit
2544 1861 2595 1913 in
2613 1860 2854 1913 mundum
2874 1859 3030 1927 (Snp.
3054 1859 3110 1912 9..
3127 1858 3162 1911 9.
3176 1856 3242 1928 ί).
3258 1858 3368 1922 llic,
3391 1873 3591 1926 qua'so,
3609 1857 3766 1921 mihi,

2176 1951 2221 2005 si
2265 1966 2370 2005 non
2411 1962 2534 2005 ante
2580 1950 2774 2003 factum
2817 1949 3085 2003 hominem
3128 1948 3356 2010 excidit,
3389 1947 3658 2017 quomodo
3712 1947 3769 2000 in

2179 2051 2319 2095 tanta
2341 2041 2596 2109 dignitate
2624 2056 2843 2094 manens
2872 2040 3056 2094 invidit
3102 2040 3299 2093 homini
3319 2040 3341 2091 ?
3371 2038 3649 2103 Quomodo
3678 2055 3771 2091 ra-

2179 2132 2310 2184 tioni
2338 2146 2630 2185 consonum
2660 2140 2741 2185 est
2765 2172 2779 2194 ,
2812 2132 3055 2200 angelum
3088 2131 3489 2197 incorporeum,
3514 2138 3566 2181 et
3598 2129 3647 2181 ia
3677 2128 3771 2183 tali

2176 2223 2432 2293 dignitate
2461 2224 2807 2277 constitutum
2836 2264 2850 2288 ,
2880 2222 3080 2275 homini
3114 2220 3371 2275 invidere-
3390 2235 3614 2288 corpore
3658 2220 3789 2284 (ξῑνο,

2177 2316 2495 2370 cumamicto
2516 2315 2538 2367 ?
2561 2314 2665 2368 Sed
2693 2315 2943 2383 quoniam
2978 2328 3007 2367 a
3035 2327 3263 2381 superna
3294 2312 3461 2381 gloria
3505 2311 3554 2364 in
3592 2320 3775 2364 extre.

2181 2422 2320 2461 mam
2346 2405 2689 2476 ignominiam
2711 2404 2953 2474 dejectus
2980 2403 3170 2469 fuerat,
3202 2404 3324 2457 licet
3344 2414 3481 2457 esset
3517 2402 3771 2471 incorpo-

2180 2512 2338 2562 reus;
2367 2496 2554 2550 videns
2587 2496 2872 2551 formatum
2901 2494 3193 2559 hmninem,
3226 2495 3276 2549 in
3306 2511 3532 2563 corpore
3565 2504 3772 2548 tantum

2182 2590 2437 2646 lmnorem
2485 2588 2791 2643 Conditoris
2833 2588 3201 2644 benevolentia
3246 2590 3533 2651 sortitum,
3568 2586 3768 2641 invidia

2180 2682 2399 2746 exarsit,
2432 2691 2486 2735 et
2510 2680 2844 2749 deceptione,
2872 2678 2937 2731 ad
2977 2694 3134 2747 quam
3164 2679 3427 2747 serpentis
3451 2692 3613 2746 opera
3644 2690 3776 2731 usus

2183 2782 2284 2837 est,
2312 2772 2580 2826 hominem
2599 2771 2786 2825 mortis
2806 2785 2977 2839 postne
3000 2770 3285 2823 obnoxium
3309 2769 3454 2823 fecit.
3470 2768 3613 2823 Talis
3628 2770 3774 2823 enim

2182 2871 2263 2918 est
2294 2863 2525 2927 malitia;
2558 2879 2662 2916 non
2696 2871 2869 2930 potest
2896 2877 2999 2914 non
3023 2861 3254 2928 grauiter
3284 2860 3423 2913 ferre
3444 2858 3669 2914 aliorqu
3701 2859 3778 2912 fe-

2184 2954 2457 3009 licitatem.
2488 2951 2641 3020 Quod
2682 2952 2840 3021 igitur
2866 2949 3108 3003 diabolus
3134 2959 3189 3003 et
3229 2949 3403 3003 omnis
3432 2949 3548 3017 eius
3577 2949 3777 3003 cohors

2184 3045 2311 3099 olim
2337 3058 2367 3097 a
2388 3043 2554 3114 gloria
2581 3042 2669 3096 illa
2694 3040 3010 3107 exciderint,
3029 3049 3082 3095 et
3112 3039 3452 3110 ignotniniusi
3483 3039 3776 3105 evaserint,

2187 3133 2526 3187 m;milestum
2556 3140 2656 3186 est.
2690 3130 2936 3201 Alioquin
2962 3113 3343 3198 etiam‘quzmta
3373 3146 3478 3185 non
3504 3131 3780 3185 dementia

2188 3226 2402 3295 plenum
2453 3223 2639 3289 fuerit,
2673 3223 2854 3278 dicere
2896 3223 3118 3294 angelus
3157 3224 3229 3278 ita
3266 3224 3502 3293 dejeetos
3523 3266 3536 3285 ,
3569 3234 3623 3277 ut
3654 3238 3780 3277 eum
3806 3210 3837 3222 ³

2187 3314 2498 3370 mulieribus
2540 3329 2650 3369 rem
2697 3314 2991 3393 haberent,
3020 3324 3073 3369 et
3104 3313 3414 3383 incorporea
3458 3315 3543 3368 illa
3589 3325 3782 3369 natura

2186 3408 2526 3477 εονυιειωιυτ
2562 3404 2931 3477 corporibus?
2965 3410 3155 3461 Annuit
3195 3406 3347 3460 audis
3392 3406 3671 3461 Dominmn
3697 3404 3788 3459 di-

2189 3510 2396 3555 centem
2444 3499 2510 3555 dc
2562 3500 2871 3570 angelorum
2923 3500 3219 3554 substantia
3255 3518 3269 3555 :
3311 3498 3374 3553 In
3418 3500 3789 3553 resurrectione

2188 3591 2320 3643 enim
2363 3607 2521 3659 neque
2569 3590 2943 3644 matrimonium
2982 3590 3305 3653 contrahunt,
3339 3606 3498 3656 neque
3539 3592 3786 3652 nubunt;

2188 3684 2277 3737 sed
2301 3694 2417 3737 sunt
2441 3681 2568 3735 sicut
2589 3682 2753 3751 angeli
2780 3680 2871 3734 Dei
2900 3679 3111 3750 (Jlattlt.
3135 3680 3225 3733 ἓξ.
3261 3680 3349 3735 50.
3380 3679 3545 3734 Μαι-ι’.
3570 3681 3651 3735 1‘2.
3684 3679 3784 3736 25.

2194 3775 2314 3828 Luc.
2348 3774 2437 3830 20.
2468 3774 2556 3842 55)
2582 3774 2606 3824 '.’
2631 3772 2812 3843 Neque
2856 3773 2997 3827 enim
3030 3774 3279 3842 possibile
3302 3782 3382 3826 est
3411 3772 3785 3841 incorporeum

2194 3875 2452 3929 naturam,
2484 3866 2641 3919 talem
2673 3880 2919 3933 umquam
2944 3863 3431 3932 concupiscentiam
3461 3862 3677 3918 habere.
3699 3862 3785 3918 Ad

2195 3953 2308 4009 haec
2345 3954 2503 4008 etiam
2530 3953 2865 4023 cogitandum
2899 3965 3014 4017 est,
3055 3954 3155 4008 hoc
3198 3953 3443 4007 onmibus
3475 3952 3648 4007 modis
3688 3952 3793 4006 ab—

2194 4045 2564 4099 SltrtllSSllttltttt
2596 4044 2756 4097 fuisse
2779 4045 2831 4097 in
2854 4043 3090 4097 animum
3122 4042 3394 4097 inducere.
3429 4041 3558 4094 Nam
3584 4042 3628 4094 si
3659 4058 3791 4095 san-

2195 4136 2267 4191 Cti
2301 4147 2350 4190 et
2378 4135 2464 4204 qui
2497 4134 2750 4205 Spiritum
2783 4142 3022 4187 sanctum
3049 4143 3384 4202 acceperant,
3416 4148 3587 4200 neque
3616 4133 3786 4187 visio-

2196 4242 2317 4281 nem
2347 4227 2655 4295 angelorum
2702 4224 2882 4279 videre
2914 4232 3199 4292 potuerunt
3234 4221 3405 4289 (Dan.
3445 4226 3524 4279 l0.
3553 4222 3681 4278 7-ll
3715 4224 3733 4291 )
3771 4243 3787 4279 :

2194 4317 2469 4370 enimvero
2497 4317 2574 4369 vir
2600 4316 2984 4371 desideriorum
3012 4326 3294 4385 conspecta
3331 4316 3506 4387 angeli
3550 4330 3788 4383 praesen-

2198 4408 2265 4461 tia
2292 4449 2306 4473 ,
2348 4424 2452 4461 tton
2485 4418 2658 4460 tamen
2701 4406 3017 4470 substantia,
3053 4407 3196 4476 (quo
3240 4416 3392 4475 pacto
3432 4407 3575 4461 cnim
3619 4406 3788 4460 videri

2198 4508 2378 4569 posset
2408 4499 2756 4568 incorporalis
2784 4496 3161 4567 substantia?)
3192 4497 3284 4551 sed
3318 4496 3791 4551 translormatiune

2196 4589 2366 4643 Solum
2395 4586 2622 4658 quadam
2654 4589 2784 4655 \‘isa,
2820 4604 3005 4657 parum
3044 4587 3211 4641 abfuit
3239 4589 3364 4655 quin
3402 4587 3601 4641 viribus
3624 4586 3760 4639 dt:in
3780 4616 3795 4626 -

2201 4689 2341 4735 tutus
2386 4690 2439 4735 et
2483 4680 2713 4733 animam
2746 4680 3049 4742 amitteret;
3095 4687 3253 4749 atque
3282 4678 3326 4732 si
3358 4686 3537 4732 tantus
3574 4692 3637 4732 ac
3667 4677 3793 4731 talis

2201 4773 2281 4826 vir
2310 4787 2443 4841 pene
2472 4771 2671 4841 absque
2708 4771 2894 4840 spiritu
2921 4770 3152 4840 jacebat,
3185 4769 3300 4839 quis
3330 4769 3491 4822 etiam
3516 4767 3673 4823 valde
3708 4766 3795 4822 in-

2199 4878 2361 4918 sanus
2388 4861 2762 4933 comprobaret
2797 4861 2910 4915 lucc
2954 4858 3261 4930 blasphcma
3306 4860 3466 4913 verba
3502 4856 3793 4914 dementia:

2201 4955 2374 5024 plena,
2404 4954 2542 5023 quod
2588 4954 2900 5021 incorporea
2929 4962 2985 5006 et
3014 4936 3302 5020 spiritualis
3331 4959 3520 5004 natura
3538 4949 3794 5020 corporis

2200 5046 2534 5112 conn-Iesum
2582 5042 2775 5097 ferret?

2271 5140 2324 5193 ὅ.
2369 5136 2612 5190 Homines
2640 5134 2736 5202 ﬁlii
2781 5132 2875 5186 Dei
2902 5132 3024 5186 dicti
3062 5131 3114 5185 in
3156 5131 3444 5203 Scriptura.
3472 5130 3668 5186 —Sed
3719 5145 3790 5185 ne

2201 5230 2441 5301 pluribus
2472 5230 2568 5283 ista
2597 5226 3115 5283 cxcutientcstcrcre
3140 5233 3348 5292 tempus
3363 5222 3659 5285 videamur,
3694 5237 3789 5290 age

2201 5326 2321 5395 quia
2360 5321 2746 5377 sufficientbus
2787 5318 3113 5389 argumentis
3146 5315 3351 5370 caritati
3379 5324 3572 5369 vestra:
3617 5313 3791 5367 decla~

2205 5418 2436 5470 ravimus
2459 5456 2472 5479 ,
2504 5427 2660 5483 quam
2692 5412 2759 5464 sit
2789 5412 2887 5463 hoc
2917 5407 3242 5477 impossibile
3271 5421 3284 5458 :
3318 5406 3605 5461 doceamus
3651 5420 3792 5458 nunc

2204 5525 2321 5577 qua:
2348 5508 2423 5561 rei
2454 5506 2521 5561 sit
2559 5503 2788 5567 veritas;
2839 5501 3030 5555 iterum
3081 5510 3255 5554 tamen
3303 5497 3453 5554 lectis
3484 5498 3547 5552 iis
3577 5512 3698 5567 qua:
3741 5497 3792 5550 in

2205 5598 2380 5653 divina
2398 5596 2670 5664 Scriptura
2695 5592 2950 5646 feruntur.
2971 5589 3030 5643 Et
3046 5593 3343 5660 factumest,
3378 5587 3568 5656 inquit,
3591 5591 3798 5656 quando

2207 5697 2458 5760 cwpcruut
2503 5686 2730 5741 homines
2772 5683 3098 5756 multiplicari
3145 5698 3294 5754 super
3340 5692 3544 5749 terram,
3592 5690 3639 5735 et
3679 5682 3802 5753 (iiia
