4054 6312
269 472 400 515 nuta:
417 471 534 514 sunt
565 461 672 514 illis
702 475 720 512 :
754 471 811 513 ut
854 458 1082 514 viderunt
1125 458 1221 526 ﬁlii
1264 455 1361 509 Dei
1390 454 1526 524 ﬁlios
1565 451 1828 506 hominum
1851 490 1864 513 ,

265 553 402 621 quod
428 553 657 628 pulchro:
686 561 870 617 essent,
897 558 1216 618 sumpserunt
1247 547 1571 616 sibimetipsis
1599 559 1783 599 uxores
1813 544 1875 596 de

266 643 525 706 clunibus,
554 659 682 715 quas
712 645 986 713 elegerant.
1021 641 1174 695 Prius
1202 640 1481 694 docuimus
1509 651 1635 701 vos,
1665 650 1870 691 morem

273 749 397 789 esse
425 735 738 797 Scriuturze,
784 744 842 786 ut
886 733 1130 787 homines
1161 731 1297 786 ﬁlios
1326 729 1418 784 Dei
1444 737 1619 784 vocet.
1653 727 1722 783 Et
1747 728 1871 797 quia

265 824 351 878 isti
381 841 411 878 a
443 825 612 882 Setho
645 825 906 895 originem
935 824 1220 880 trahebant
1243 865 1258 891 ,
1291 832 1346 878 et
1390 823 1460 878 ah
1481 823 1600 892 ejus
1628 821 1739 877 lilio
1776 820 1869 890 qui

261 916 568 982 appellatus
594 925 678 970 est
708 917 852 972 Enos
882 935 894 970 :
939 917 1070 971 dicit
1093 917 1237 969 enim
1282 933 1295 968 :
1342 914 1450 969 Iste
1471 915 1693 984 sperauit
1719 913 1867 966 inco-

266 1023 388 1061 care
426 1024 609 1062 nomen
650 1009 864 1063 Domini
898 1006 998 1063 Dei
1035 1025 1055 1065 :
1083 1010 1152 1065 ab
1183 1011 1274 1064 illo
1304 1020 1484 1079 postea
1508 1009 1616 1063 nati
1638 1050 1656 1076 ,
1688 1009 1864 1062 vocali

260 1108 388 1153 sunt
424 1099 522 1154 filii
553 1101 647 1155 Dei
689 1102 740 1154 in
784 1101 981 1156 divinis
1027 1100 1348 1170 Scripturis,
1397 1111 1680 1170 propterea
1724 1099 1866 1170 quod

165 1181 170 1186 ’
261 1203 506 1259 eousque
537 1201 814 1260 parentum
835 1195 1086 1246 virtutem
1117 1194 1304 1246 imitati
1326 1202 1488 1246 sunt:
1521 1193 1656 1246 filios
1683 1202 1862 1246 autem

260 1280 390 1334 Cair.
423 1293 477 1336 et
506 1284 596 1353 qui
615 1299 682 1338 ex
702 1291 771 1338 eo
794 1287 926 1349 nati,
952 1295 1004 1339 ct
1027 1285 1262 1356 quiante
1287 1284 1419 1340 Scth
1443 1284 1608 1354 geniti
1628 1283 1862 1348 fuerunt,

258 1370 406 1427 ﬁlios
429 1373 710 1428 hominum
739 1385 909 1430 vocat.
939 1374 1156 1430 Factum
1182 1386 1256 1430 est
1277 1416 1294 1443 ,
1324 1367 1525 1445 inquit,
1555 1391 1670 1429 cum
1697 1391 1863 1443 cmpe-

257 1472 379 1515 nmt
405 1463 636 1519 homines
663 1466 996 1534 multiplicari
1038 1483 1190 1536 super
1232 1476 1424 1520 terram
1448 1506 1463 1531 ,
1505 1481 1549 1518 ε’
1583 1467 1864 1533 ιίιὶιεμαιω

257 1562 374 1606 sunt
400 1554 506 1606 illis
529 1572 548 1607 :
578 1565 633 1607 ut
650 1556 877 1612 viderunt
904 1556 1000 1626 ﬁlii
1032 1554 1145 1621 Dei,
1170 1557 1260 1626 qui
1288 1572 1318 1611 a
1353 1556 1482 1611 Seth
1513 1566 1567 1609 ct
1605 1557 1673 1609 ab
1716 1555 1861 1610 Enos

258 1646 549 1712 pmcniﬂ,
564 1647 701 1714 ﬁlias
722 1647 1004 1714 hominum,
1033 1649 1149 1702 illas
1174 1664 1291 1718 quae
1312 1649 1380 1702 ab
1405 1648 1522 1702 aliis
1547 1657 1684 1702 nata:
1710 1657 1857 1712 sunt,

255 1737 324 1788 de
349 1737 550 1803 quiluts
579 1737 713 1791 dixit
738 1739 883 1808 quod
928 1737 1084 1794 Filia
1109 1751 1244 1793 natat
1274 1740 1379 1794 sint
1399 1739 1525 1805 illis,
1561 1740 1712 1806 Quod
1737 1739 1858 1809 pul-

254 1827 395 1879 σιω-ο
411 1838 594 1881 essent.
630 1829 759 1884 Vide
785 1832 1056 1901 quomodo
1100 1847 1198 1901 per
1224 1831 1444 1885 verbum
1493 1830 1596 1886 hoc
1640 1846 1855 1886 onmem

255 1916 413 1971 nobis
437 1933 626 1972 eorum
647 1919 1120 1990 intemperantiam
1151 1922 1404 1976 insinuet.
1449 1921 1567 1977 Non
1606 1924 1747 1976 cnim
1788 1921 1860 1977 ob

253 2005 586 2063 desiderium
625 2012 1088 2077 procreandorum
1138 2013 1371 2067 ﬁliorum
1415 2013 1855 2080 conveniebant,

252 2097 349 2150 sed
378 2101 450 2150 ob
489 2099 817 2168 voluptatem
844 2111 900 2157 et
943 2083 1408 2172 intemperantiam
1441 2121 1455 2156 :
1490 2103 1560 2159 Ut
1586 2105 1814 2180 viderunt
1837 2145 1854 2172 ,

253 2189 428 2258 inquit
452 2230 468 2254 ,
497 2190 638 2258 ﬁlias
665 2193 949 2255 hominum,
983 2196 1120 2262 quod
1157 2195 1388 2264 pulchris
1424 2205 1610 2250 essent.
1647 2196 1858 2251 Concu-
1914 2253 1916 2272 ξ

254 2283 516 2348 manentia
553 2283 770 2338 formic‘
815 2285 936 2340 illos
977 2286 1030 2340 in
1073 2287 1210 2342 hanc
1259 2289 1467 2343 induxit
1506 2289 1800 2357 perniciem
1834 2329 1852 2356 ,

189 2350 191 2352 ’
255 2374 602 2441 pulchritudo
650 2386 902 2444 aspectus
953 2381 1298 2435 scortationis
1321 2389 1378 2436 et
1424 2350 1856 2449 intemperantia:

250 2464 334 2518 eis
366 2467 588 2520 occasio
629 2466 751 2521 fuit.
807 2469 872 2523 Et
921 2485 1094 2540 neque
1134 2471 1188 2525 id
1228 2473 1361 2527 satis
1405 2472 1617 2528 habens
1656 2473 1848 2528 addit:

248 2554 707 2622 διαπρίει-νηιάόὲ
717 2559 846 2630 ipsis
873 2577 1057 2615 uxores
1084 2561 1148 2615 de
1163 2563 1414 2628 omnibus,
1433 2580 1560 2636 quas
1576 2564 1849 2635 elegerant:

245 2646 392 2712 quod
416 2647 581 2701 etiam
601 2664 847 2720 magnam
876 2651 1088 2706 illorum
1109 2654 1570 2722 intemperantiam
1593 2657 1848 2720 insinuat,

247 2735 394 2804 quod
424 2752 453 2790 a
478 2738 881 2806 pulchritudine
905 2743 1032 2798 victi
1068 2754 1212 2808 sunt,
1237 2756 1294 2798 et
1331 2743 1545 2799 frenum
1573 2746 1850 2815 imponere

247 2825 570 2882 inordinata:
593 2831 1043 2905 concupiscentiae
1071 2850 1185 2892 sua:
1227 2850 1336 2890 non
1367 2837 1656 2892 valuerunt
1690 2854 1706 2890 :
1749 2836 1847 2892 sed

245 2919 543 2987 spectando
580 2923 721 2991 capti
753 2925 1125 2996 submersique
1154 2936 1300 2988 sunt,
1330 2937 1492 2997 atque
1526 2929 1596 2984 ob
1624 2929 1844 2999 impium

247 3008 352 3062 hoc
382 3026 516 3080 opus
556 3027 786 3082 superna
821 3015 1152 3082 providentia
1195 3031 1316 3072 sese
1353 3033 1552 3073 vacuos
1591 3019 1845 3076 reddide-

245 3111 393 3155 runt.
421 3101 488 3156 Et
508 3112 569 3158 ut
590 3104 864 3159 discamus
889 3107 1035 3176 ipsos
1055 3122 1162 3162 non
1187 3109 1305 3179 lege
1323 3110 1651 3180 nuptiarum,
1670 3127 1846 3183 neque

243 3195 702 3260 procreandorum
745 3195 974 3252 ﬁliorum
1015 3200 1184 3269 gratia
1227 3201 1329 3258 hoc
1372 3203 1592 3270 fecisse,
1625 3217 1846 3276 propter

244 3279 350 3336 hoc
364 3282 494 3338 dicit
521 3299 533 3336 :
559 3284 628 3339 Ut
647 3287 879 3341 viderunt
898 3291 1036 3358 quod
1061 3292 1292 3361 pulchra:
1318 3305 1498 3359 essent,
1522 3306 1846 3366 sumpserunt

240 3374 566 3445 sibimetipsis
605 3394 790 3432 uxores
827 3380 891 3433 de
917 3381 1148 3436 omnibus
1169 3424 1183 3448 ,
1225 3401 1351 3451 quas
1387 3387 1659 3457 elegerant.
1703 3389 1843 3457 Quid

244 3467 451 3534 igitur?
491 3469 919 3536 reprchendetne
957 3473 1149 3543 aliquis
1191 3490 1465 3544 aspectum
1510 3479 1842 3534 oculorum?

238 3553 360 3609 Non
395 3572 409 3608 :
443 3573 620 3628 neque
642 3560 786 3614 enim
810 3561 998 3616 oculus
1022 3563 1190 3617 ruinae
1218 3579 1379 3620 causa
1422 3566 1522 3622 fuit
1547 3607 1564 3635 ,
1614 3569 1710 3625 sed
1746 3586 1843 3625 vo-

238 3650 463 3703 luntatis
494 3651 811 3722 negligentia
837 3664 892 3708 et
917 3653 1176 3710 ell'renata
1207 3659 1661 3728 concupiscentia.
1703 3662 1839 3718 Nam

236 3740 430 3794 oculus
458 3750 740 3812 propterea
783 3742 954 3798 lactus
981 3753 1064 3798 est
1090 3786 1106 3811 ,
1135 3755 1192 3799 ut
1235 3745 1363 3800 dum
1398 3749 1539 3804 videt
1566 3760 1840 3807 creaturas

239 3830 362 3896 Dei,
405 3832 636 3902 ipsarum
659 3827 1008 3890 Conditorem
1039 3835 1296 3893 celebret.
1330 3840 1512 3912 Itaque
1535 3846 1676 3898 oculi
1704 3860 1840 3915 opus

232 3933 324 3978 est
348 3924 533 3982 videre
564 3943 578 3978 :
617 3926 761 3981 male
796 3937 975 3983 autem
1012 3928 1196 3987 videre
1219 3971 1234 3996 ,
1273 3945 1305 3985 a
1345 3941 1666 4001 menteest,
1717 3954 1838 4007 qua:

234 4013 565 4071 intrinsecus
585 4017 866 4087 gubernat.
911 4018 1045 4075 Nam
1085 4019 1328 4078 umbra
1368 4034 1551 4080 nostra
1578 4027 1724 4084 utilia
1765 4029 1835 4083 ad

229 4105 437 4160 bonum
468 4105 798 4175 operandam
823 4109 1036 4165 cundita
1057 4122 1183 4166 sunt
1205 4125 1238 4167 a
1262 4112 1490 4170 Domino
1510 4159 1525 4182 ,
1553 4126 1608 4172 ct
1635 4120 1834 4188 guber-

228 4199 352 4249 nari
379 4212 440 4251 ea
478 4201 745 4254 concessit
771 4201 841 4256 ab
866 4203 1180 4274 incorporea
1210 4205 1529 4273 substantia,
1559 4211 1626 4266 de
1656 4213 1832 4268 anima

226 4287 379 4341 dico.
426 4289 714 4358 Postquam
738 4301 919 4348 autem
948 4294 1064 4350 haec
1091 4297 1362 4367 negligens
1388 4315 1532 4366 esse,
1561 4312 1617 4359 et
1663 4305 1832 4361 habe-

229 4393 334 4433 nas
363 4380 545 4443 laxare
584 4386 810 4454 coeperit
831 4427 846 4450 ,
889 4389 1341 4457 quemadmodum
1373 4395 1553 4466 auriga
1585 4399 1833 4455 nesciens

223 4483 494 4538 equorum
537 4469 792 4528 ferociam
818 4489 1166 4546 compescere
1190 4521 1205 4547 ,
1238 4484 1479 4538 remissis
1524 4483 1689 4542 frenis
1713 4530 1728 4553 ,
1777 4500 1833 4544 et

223 4577 399 4630 equos
425 4577 644 4619 currum
674 4566 949 4624 trahentes
980 4581 1033 4625 et
1061 4573 1297 4642 seipsum
1337 4577 1390 4630 in
1428 4591 1668 4650 praeceps
1697 4581 1832 4653 deji-

221 4649 342 4705 cit:
373 4651 454 4706 sic
482 4653 640 4721 plane
663 4665 717 4709 et
743 4657 992 4713 voluntas
1039 4670 1219 4717 nostra
1256 4665 1687 4738 quandoquidem
1735 4649 1832 4727 nve-

221 4741 330 4795 scit
375 4742 632 4796 membris
676 4753 735 4800 ut
780 4757 994 4816 oportet
1032 4753 1140 4814 uti,
1189 4755 1506 4814 inordinatis
1547 4760 1828 4833 indulgens

219 4831 678 4900 concupiscentiis
704 4837 937 4908 seipsam
966 4843 1280 4916 submergit.
1331 4847 1620 4920 Propterea
1650 4831 1830 4910 Domi-

220 4935 330 4976 nus
360 4932 548 4978 noster
572 4924 839 4995 Christus,
862 4931 1040 4990 sciens
1051 4933 1291 5005 fragilem
1317 4950 1555 4998 nostram
1579 4957 1825 5005 nalm‘atn

217 5024 274 5091 et
305 5016 601 5109 voluntatis
624 5019 1020 5092 negligentiam,
1049 5028 1222 5098 legem
1253 5036 1427 5101 posuit
1451 5052 1572 5109 quae
1594 5044 1828 5099 muniret

215 5117 284 5158 se
312 5102 628 5173 prohiberet
655 5111 922 5169 curiosum
952 5121 1440 5181 considerationem
1456 5102 1484 5193 ,v
1504 5139 1564 5185 ut
1598 5149 1823 5191 nascens

216 5192 272 5249 in
292 5195 790 5266 nobisincendium,
809 5218 929 5257 cum
952 5207 1128 5263 adhuc
1158 5215 1338 5280 procul
1366 5192 1470 5283 est,
1485 5223 1820 5293 exstinguat;

216 5295 271 5341 et
300 5287 376 5341 ait
401 5301 420 5340 :
455 5287 555 5353 Qui
583 5293 766 5361 aspicit
792 5295 1071 5360 mulierem,
1102 5312 1159 5354 ut
1177 5309 1499 5374 concupiscat
1526 5287 1687 5374 illam:
1707 5287 1821 5388 juni

214 5378 529 5450 adulterium
555 5385 804 5437 commisit
828 5403 941 5441 cum
973 5390 1063 5444 illa
1091 5393 1143 5446 in
1186 5401 1338 5450 corde
1381 5417 1473 5455 suo
1503 5403 1521 5473 (
1547 5378 1731 5461 Matth:
1764 5412 1816 5466 5.

217 5467 334 5540 98).
377 5469 604 5541 Propter
644 5473 785 5540 hoc,
839 5477 1027 5548 inquit,
1079 5484 1338 5542 interdico
1390 5467 1542 5548 Vobis
1577 5498 1815 5556 illicitum

216 5559 390 5613 visum
414 5603 429 5626 ,
479 5571 535 5618 ut
563 5564 633 5618 ab
662 5580 823 5634 opere
856 5569 1041 5628 illicito
1089 5591 1182 5630 vos
1224 5579 1469 5638 liberem.
1515 5585 1593 5641 Ne
1622 5600 1770 5659 putes
1797 5634 1813 5659 ,

281 5738 299 5770 '
336 5738 454 5818 Vox,
471 5744 674 5809 lorum,
699 5745 842 5799 docnt
869 5750 916 5799 in
944 5754 1230 5815 quibusdam
1251 5765 1355 5810 Mss.

1117 341 1181 396 ΙΝ
1219 341 1372 397 CAP.
1418 341 1479 393 Υ.
1524 339 1612 394 ΕΤ
1668 335 1751 390 VI.
1806 331 2057 388 GENES.
2099 333 2329 390 llOillL.
2366 333 2540 389 ΧΧΠ.

3491 347 3599 406 {90

1984 444 2172 513 inquit.
2204 460 2495 516 congressu
2531 449 2705 502 solum
2729 462 3005 520 peccatum
3036 452 3143 508 lit-r.
3177 474 3189 510 :
3225 457 3479 522 voluntas
3513 473 3599 518 est

1976 550 2097 604 qua:
2143 538 2556 592 condemnatur.
2609 538 2771 609 Igitur
2815 553 2870 597 et
2913 544 2965 597 hi
3009 547 3135 598 visu:
3174 549 3600 619 pulchritudinis

1975 630 2284 696 spectaculo
2324 633 2464 702 capti
2507 642 2653 687 situt.
2707 634 2950 693 Viderunt
2996 641 3163 707 enim.
3210 643 3424 714 inquit,
3454 661 3597 722 quod

1975 716 2206 786 pulchrae
2243 733 2426 788 essent,
2457 733 2507 778 et
2533 738 2857 797 sumpserunt
2881 729 2976 784 sibi
3003 748 3187 792 uxores
3231 751 3296 791 ea:
3332 716 3591 806 omnibus,

1973 827 2101 878 quas
2149 815 2422 884 elegerant.
2473 814 2580 871 Sed
2628 817 2910 876 videamus
2958 825 3122 882 etiam
3171 837 3296 896 post
3347 829 3590 890 illicitum

1973 901 2186 958 illorum
2215 909 2603 974 operationem.
2647 920 2704 968 et
2731 912 3183 983 intemperantem
3207 923 3449 978 animum
3485 926 3593 981 Do-

1971 992 2103 1046 mini
2135 994 2229 1049 Dei
2249 995 2568 1058 bonitatem.
2597 1001 2652 1056 3.
2680 1000 2846 1071 Dixit,
2878 1005 3086 1077 inquit,
3121 1010 3377 1073 Dominus
3406 1015 3547 1072 Deus
3566 1034 3590 1078 :

1975 1083 2098 1138 Non
2125 1089 2436 1154 permanebit
2463 1091 2694 1159 Spiritus
2727 1111 2868 1149 meus
2895 1098 2948 1151 in
2974 1098 3265 1160 horninibus
3298 1104 3380 1160 Itis
3407 1107 3461 1160 in
3489 1124 3590 1169 scr-.-

1972 1178 2164 1241 culum,
2187 1195 2245 1232 eo
2264 1183 2403 1251 quod
2425 1183 2524 1250 ipsi
2551 1201 2731 1240 carnes
2760 1189 2882 1242 sint.
2913 1190 3081 1248 Erunt
3108 1205 3278 1255 autem
3303 1199 3412 1257 dies
3435 1203 3584 1274 ipso-

1963 1285 2083 1322 rum
2111 1281 2310 1334 centum
2333 1275 2511 1345 uiginti
2527 1279 2674 1332 anni.
2717 1279 2814 1337 Hic
2843 1283 2894 1338 in
2930 1289 3116 1354 paucis
3147 1290 3327 1348 verbis
3353 1296 3580 1369 abyssus

1967 1362 2352 1421 misericordia:
2384 1367 2551 1423 videri
2580 1381 2780 1441 potest.
2826 1375 2897 1431 Et
2924 1379 3075 1443 dixit,
3102 1382 3298 1453 inquit,
3325 1362 3580 1446 Dominus

1968 1450 2110 1508 Deus
2141 1455 2310 1531 {Non
2338 1462 2652 1529 permanebit
2675 1465 2902 1533 Spiritus
2927 1486 3067 1527 mm
3095 1473 3148 1529 in
3176 1450 3467 1536 nominibus
3499 1485 3586 1539 Itis

1965 1545 2021 1598 in
2045 1549 2308 1615 malum,
2333 1568 2394 1606 eo
2426 1555 2564 1621 quod
2582 1555 2683 1626 ipsi
2708 1573 2888 1614 cantes
2910 1563 3038 1618 sint.
3078 1565 3336 1636 Spiritum
3368 1573 3455 1627 hic
3480 1590 3584 1643 po-

1969 1640 2190 1693 tentiam
2220 1657 2393 1707 suam,
2418 1662 2521 1714 qua
2547 1664 2730 1704 curam
2759 1654 2930 1709 nostri
2960 1657 3067 1724 agit
3088 1699 3105 1725 ,
3148 1672 3336 1726 vocat.
3361 1640 3579 1723 illorum

1971 1726 2246 1785 interitum
2277 1738 2666 1802 prtenuntinns.
2709 1739 2781 1796 Et
2809 1754 2861 1796 ut
2887 1745 3031 1800 scias
3063 1748 3164 1804 hac
3187 1751 3257 1807 de
3281 1769 3343 1808 re
3371 1770 3581 1814 sermo-

1968 1835 2089 1874 nem
2109 1820 2320 1888 haberi,
2352 1826 2476 1882 vide
2492 1830 2626 1898 quid
2652 1831 2936 1891 subdatur.
2969 1837 3048 1893 Eo
3068 1843 3209 1909 quod
3234 1843 3356 1914 ipsi,
3381 1848 3577 1919 inquit,

1965 1927 2144 1967 carnes
2173 1915 2274 1968 sint
2315 1933 2335 1971 :
2373 1917 2480 1976 hoc
2525 1930 2636 1987 est,
2681 1938 2750 1979 eo
2786 1929 2928 1996 quod
2976 1935 3282 1992 carnalibus
3321 1915 3580 2008 operibus

1965 2007 2171 2072 Scipios
2200 2017 2342 2062 totos
2361 2011 2588 2080 dedant,
2619 2025 2674 2071 et
2700 2019 2895 2076 anima:
2931 2024 3232 2082 substantia
3259 2034 3576 2104 abutantur,

1960 2103 2019 2146 et
2048 2098 2198 2162 (μιυεὶ
2241 2099 2354 2156 sola
2386 2116 2549 2163 carne
2590 2107 2909 2168 circumdati
2954 2117 3130 2174 anima
3180 2136 3464 2194 carerent,
3497 2098 3578 2185 sic

1965 2187 2128 2242 vitam
2171 2207 2322 2248 suam
2367 2195 2674 2253 absumant.
2732 2202 3030 2274 Perpetuus
3072 2214 3218 2268 enim
3280 2187 3574 2290 Scriptura:

1966 2292 2086 2334 mos
2114 2289 2217 2346 est,
2250 2298 2470 2341 carnem
2501 2304 2697 2347 vocare
2721 2297 3002 2353 carnales:
3029 2302 3169 2359 sicut
3208 2289 3412 2365 virtute
3434 2331 3571 2380 prae-

1964 2376 2212 2464 stantcs,
2261 2378 2440 2433 carnis
2484 2392 2737 2450 expertes
2783 2389 3067 2446 nominat:
3111 2376 3570 2464 quemadmodum

1962 2457 2158 2515 Paulus
2177 2461 2311 2523 dicit
2324 2480 2344 2518 ξ
2375 2465 2476 2524 Vos
2498 2479 2669 2531 mox
2694 2489 2796 2527 non
2807 2478 2932 2534 estis
2956 2482 3011 2534 in
3032 2457 3184 2539 cerne
3204 2486 3383 2559 (Rom.

1958 2565 2066 2605 non
2109 2554 2251 2622 quod
2295 2571 2404 2613 non
2448 2574 2615 2620 carne
2657 2563 2976 2628 circumdati
3022 2554 3249 2645 essent,
3298 2584 3397 2638 sed
3445 2554 3566 2655 quia

1957 2658 2131 2699 carne
2145 2648 2482 2733 circumdati,
2498 2657 2805 2724 superiores
2822 2669 3302 2728 erantcarnalibus
3321 2648 3569 2733 all'eclio-

1957 2737 2115 2795 nibus
2138 2748 2200 2794 et
2215 2729 2486 2805 sensibus,
2509 2745 2644 2802 Nam
2674 2749 2813 2807 sicut
2842 2753 2962 2809 istis
2985 2757 3200 2817 dicebat
3231 2729 3569 2828 svorum...

1955 2842 2058 2880 non
2080 2831 2200 2886 estis
2225 2832 2279 2887 in
2307 2850 2479 2901 carne,
2511 2851 2582 2893 eo
2600 2841 2742 2908 quod
2765 2848 3012 2903 carnalia
3042 2850 3411 2922 despiciebant
3440 2879 3456 2917 ;
3479 2864 3564 2920 ita

1955 2928 2009 2970 et
2035 2918 2103 2973 de
2133 2921 2237 2978 illis
2267 2924 2482 2993 dicitur,
2506 2931 2649 2996 quod
2669 2934 2779 2988 sint
2807 2950 3002 2994 carnes
3022 2981 3037 3001 .
3059 2918 3302 3015 .eo—quod
3326 2918 3570 3020 carnali;

1956 3007 2058 3062 bus
2086 3011 2250 3070 rebus
2274 3019 2531 3072 continuo
2556 3020 2665 3074 sint
2691 3029 2961 3094 occupati.
2997 3027 3076 3086 Eo
3094 3007 3241 3104 quod
3262 3039 3361 3108 ipsi
3386 3007 3565 3101 alia}.

1951 3097 2074 3164 sint,
2105 3115 2211 3155 non
2245 3104 2385 3159 ultra
2405 3109 2697 3166 concedam
2726 3115 2807 3170 eis
2830 3127 2887 3171 ut
2913 3097 3155 3192 peccatis
3175 3097 3291 3184 suis

1953 3199 2166 3256 nentur.

2020 3282 2073 3335 4.
2108 3282 2295 3339 Vidisti
2339 3277 2719 3362 indignationis
2749 3302 3219 3370 magnitudinem?
3244 3313 3422 3371 vidisti
3453 3320 3559 3374 mi-

1951 3388 2138 3430 narum
2171 3379 2568 3440 vehementiam
2593 3387 2617 3440 ?
2646 3389 2959 3450 .Considera
2985 3399 3147 3456 etiarn:
3173 3410 3447 3473 quomodo
3475 3412 3561 3467 in-

1951 3467 2313 3526 terminationi
2340 3483 2392 3529 ct
2421 3476 2772 3548 indignationi
2797 3467 3222 3550 miscricordiam
3245 3497 3554 3568 admiscuit.

1948 3556 2095 3613 Talis
2123 3563 2268 3615 enim
2311 3574 2392 3619 est
2424 3567 2685 3626 Dominus
2728 3585 2914 3633 noster
2942 3595 2959 3635 :
2985 3584 3226 3640 minatur
3250 3603 3418 3658 saepe,
3451 3563 3556 3652 non

1947 3657 2006 3701 ut
2027 3665 2190 3719 opere
2205 3655 2473 3723 compleat
2502 3662 2695 3729 minas,
2723 3667 2819 3721 sed
2840 3678 2897 3722 ut
2921 3675 3181 3730 correctis
3207 3655 3366 3737 nobis
3383 3655 3565 3743 uilitas

1939 3755 2051 3797 _non
2077 3742 2146 3842 ad
2173 3759 2307 3813 opus
2333 3750 2610 3842 perducat.
2655 3756 2868 3829 Alioqui
2901 3763 2946 3816 si
2986 3767 3186 3834 punire
3214 3774 3408 3842 vellet,
3432 3742 3548 3834 cur

1947 3834 2302 3900 praediceret?
2345 3839 2451 3895 Sed
2482 3845 2604 3910 quia
2634 3863 2740 3903 non
2768 3852 2916 3920 vult,
2952 3870 3169 3928 semper
3193 3834 3476 3926 cunctalur
3498 3885 3553 3927 et

1948 3939 2154 3980 moram
2185 3933 2369 3995 nectit,
2395 3944 2450 3986 et
2469 3935 2680 4012 dill‘ert,
2701 3949 2757 3995 et
2784 3945 3046 4011 praedicit,
3077 3955 3418 4013 occasionem
3448 3966 3554 4022 reis

1944 4028 2226 4084 prmstans,
2258 4030 2315 4076 ut
2346 4022 2596 4094 fugiendo
2626 4032 2883 4089 malitiam
2911 4047 2964 4092 et
2988 4045 3249 4099 sectanda
3277 4050 3552 4121 virtutem,

1944 4125 2134 4178 pmnas
2165 4129 2268 4168 non
2297 4122 2664 4185 experiantur.
2707 4124 2891 4196 itaque
2921 4143 3206 4204 postquam
3230 4141 3555 4202 interminas

1946 4210 2029 4255 tus
2082 4213 2164 4259 est
2203 4205 2326 4261 illos
2370 4223 2429 4264 se
2467 4215 2900 4273 exterminationi
2943 4228 3179 4290 generali
3221 4233 3550 4297 traditurum

1941 4292 2068 4361 (hoc
2096 4297 2238 4350 enim
2265 4307 2368 4366 est,
2388 4300 2509 4356 Non
2539 4309 2850 4374 permanebit
2880 4308 3111 4383 Spiritus
3142 4337 3280 4378 meus
3300 4325 3352 4379 in
3381 4329 3549 4385 hami.

1939 4384 2085 4440 nibus
2123 4387 2266 4454 istis,
2309 4407 2368 4446 eo
2397 4395 2536 4461 quod
2575 4396 2676 4466 ipsi
2712 4400 2814 4454 sint
2843 4419 3024 4460 carnes
3057 4425 3076 4462 .·
3117 4425 3183 4465 ac
3213 4415 3259 4468 si
3302 4416 3547 4489 diceret,

1939 4475 2054 4530 Non
2079 4477 2253 4533 sinam
2284 4483 2404 4538 illos
2437 4486 2659 4554 posthac
2685 4492 2914 4566 vivere),
2945 4513 3052 4553 non
3083 4516 3369 4568 contentus
3392 4475 3545 4582 quin:

1937 4581 2218 4638 gentorum
2245 4590 2514 4634 annorum
2541 4583 2832 4653 patientia,
2864 4604 2970 4659 qua
3002 4608 3098 4662 per
3132 4613 3349 4658 omnem
3380 4581 3544 4668 vitam

1936 4659 2070 4728 Noe,
2121 4667 2306 4721 audito
2345 4668 2487 4724 illius
2515 4675 2739 4732 nomine
2765 4659 3118 4753 docebantur,
3169 4705 3314 4747 nunc

1939 4753 2256 4820 protrahens
2275 4766 2331 4812 et
2354 4759 2610 4818 dill'erens
2633 4765 3077 4843 indignationem,
3106 4778 3248 4835 aliud
3268 4782 3378 4839 illis
3408 4798 3542 4843 tem-

1937 4856 2035 4910 pus
2062 4846 2366 4913 przescribit
2389 4859 2442 4904 et
2467 4853 2598 4908 dicit
2625 4871 2638 4906 :
2671 4856 3052 4925 interminatus
3081 4881 3223 4937 sum,
3257 4884 3310 4929 et
3337 4875 3446 4932 disi
3485 4888 3540 4934 et

1938 4935 2109 5002 palam
2141 4936 2240 4996 feci
2265 4937 2437 4997 meam
2468 4945 2910 5020 indignationem,
2941 4973 3103 5030 quam
3139 4935 3538 5036 obimultitudi-

1937 5043 2059 5084 nem
2103 5043 2450 5101 peccatorum
2479 5079 2496 5106 ,
2545 5056 2666 5111 qua:
2707 5051 2913 5118 operati
2945 5056 3078 5110 estis
3101 5099 3116 5123 ,
3173 5063 3325 5118 vobis
3355 5066 3538 5124 inferri

1928 5121 2136 5189 justum
2180 5134 2265 5181 est
2312 5143 2329 5181 :
2380 5130 2475 5184 sed
2503 5135 2627 5203 quia
2675 5139 2838 5198 etiam
2886 5157 2982 5201 eos
3029 5121 3119 5218 qui
3171 5121 3539 5217 iocur-abilitcr

1961 5597 2060 5682 ξιςςζ)
2089 5595 2241 5682 99de
2262 5598 2342 5682 hic
2367 5605 2634 5682 subiungit
2664 5611 3059 5675 Chrysostomus,
3095 5621 3205 5672 illos
3236 5635 3436 5679 centum
3460 5635 3534 5682 vt.

1924 5663 2046 5730 ginti
2088 5671 2242 5708 annos
2280 5663 2330 5710 iu
2365 5663 2544 5716 Genesi
2561 5663 3402 5743 ⁷111811ιοὶ³ιῶηίίῖἰῆίηίξνῖηιῆἓίῖἔ
3406 5663 3531 5758 ηειξῶ

1924 5718 2158 5758 lllIll‘lIllm
2183 5731 2443 5758 νρηιιπ-ιιηι
2470 5737 2573 5758 ορ...
2621 5731 2838 5758 ιιι..,ι...--
2863 5754 2901 5758 --
3052 5756 3059 5758 _
3213 5748 3223 5758 .
3251 5750 3261 5758 .

1924 5718 2593 5809 linitur-patuerat“,

1925 5793 1954 5830 α
1977 5788 2204 5848 tempore
2225 5797 2328 5850 quo
2348 5794 2479 5840 Deus
2513 5788 3069 5869 diluvium'prtcilisitw.‘
