  <div class='ocr_page' id='page_1' title='image "/cluster/home/n/w/nwhite01/storage/ocr_20150623/53/pst.000005712526/191.png"; bbox 0 0 4054 6312; ppageno 0'>
   <div class='ocr_carea' id='block_1_1' title="bbox 514 347 612 406">
    <p class='ocr_par' dir='ltr' id='par_1_1' title="bbox 514 347 612 406">
     <span class='ocr_line' id='line_1_1' title="bbox 514 347 612 406; baseline -0.01 -1"><span class='ocrx_word' id='word_1_1' title='bbox 514 347 612 406; x_wconf 74' lang='grc'><strong>191</strong></span> 
     </span>
    </p>
   </div>
   <div class='ocr_carea' id='block_1_2' title="bbox 514 454 2095 530">
    <p class='ocr_par' dir='ltr' id='par_1_2' title="bbox 514 454 2095 530">
     <span class='ocr_line' id='line_1_2' title="bbox 514 454 2095 530; baseline -0.004 -16"><span class='ocrx_word' id='word_1_2' title='bbox 514 455 882 530; x_wconf 81' lang='lat' dir='ltr'><strong>resipiscendo</strong></span> <span class='ocrx_word' id='word_1_3' title='bbox 902 465 1064 528; x_wconf 85' lang='lat' dir='ltr'><strong>atque</strong></span> <span class='ocrx_word' id='word_1_4' title='bbox 1097 455 1148 510; x_wconf 92' lang='lat' dir='ltr'><strong>iu</strong></span> <span class='ocrx_word' id='word_1_5' title='bbox 1186 455 1404 512; x_wconf 79' lang='lat' dir='ltr'><strong>meliora</strong></span> <span class='ocrx_word' id='word_1_6' title='bbox 1434 468 1531 510; x_wconf 86' lang='lat' dir='ltr'><strong>vos</strong></span> <span class='ocrx_word' id='word_1_7' title='bbox 1559 454 1947 521; x_wconf 83' lang='lat' dir='ltr'><strong>convertendo,</strong></span> <span class='ocrx_word' id='word_1_8' title='bbox 1979 467 2095 508; x_wconf 77' lang='lat' dir='ltr'><strong>nec.</strong></span> 
     </span>
    </p>
   </div>
   <div class='ocr_carea' id='block_1_3' title="bbox 516 546 2102 618">
    <p class='ocr_par' dir='ltr' id='par_1_3' title="bbox 516 546 2102 618">
     <span class='ocr_line' id='line_1_3' title="bbox 516 546 2102 618; baseline -0.002 -15"><span class='ocrx_word' id='word_1_9' title='bbox 516 566 622 605; x_wconf 90' lang='lat' dir='ltr'><strong>non</strong></span> <span class='ocrx_word' id='word_1_10' title='bbox 648 550 832 606; x_wconf 89' lang='lat' dir='ltr'><strong>virtuti</strong></span> <span class='ocrx_word' id='word_1_11' title='bbox 862 548 1205 613; x_wconf 89' lang='lat' dir='ltr'><strong>studueritis,</strong></span> <span class='ocrx_word' id='word_1_12' title='bbox 1238 562 1516 617; x_wconf 65' lang='lat' dir='ltr'><strong>pinnarum</strong></span> <span class='ocrx_word' id='word_1_13' title='bbox 1542 548 1773 618; x_wconf 88' lang='lat' dir='ltr'><strong>pericula</strong></span> <span class='ocrx_word' id='word_1_14' title='bbox 1802 546 2064 617; x_wconf 79' lang='lat' dir='ltr'><strong>ellugiatis</strong></span> <span class='ocrx_word' id='word_1_15' title='bbox 2088 566 2102 600; x_wconf 88' lang='lat'><strong>:</strong></span> 
     </span>
    </p>
   </div>
   <div class='ocr_carea' id='block_1_4' title="bbox 518 636 2106 710">
    <p class='ocr_par' dir='ltr' id='par_1_4' title="bbox 518 636 2106 710">
     <span class='ocr_line' id='line_1_4' title="bbox 518 636 2106 710; baseline -0.001 -15"><span class='ocrx_word' id='word_1_16' title='bbox 518 638 684 696; x_wconf 80' lang='lat' dir='ltr'><strong>Erunt</strong></span> <span class='ocrx_word' id='word_1_17' title='bbox 711 641 897 708; x_wconf 79' lang='lat' dir='ltr'><strong>enim,</strong></span> <span class='ocrx_word' id='word_1_18' title='bbox 945 640 1140 710; x_wconf 92' lang='lat' dir='ltr'><strong>inquit,</strong></span> <span class='ocrx_word' id='word_1_19' title='bbox 1182 639 1290 691; x_wconf 83' lang='lat' dir='ltr'><strong>dies</strong></span> <span class='ocrx_word' id='word_1_20' title='bbox 1315 653 1488 692; x_wconf 86' lang='lat' dir='ltr'><strong>eorum</strong></span> <span class='ocrx_word' id='word_1_21' title='bbox 1517 639 1640 692; x_wconf 84' lang='lat' dir='ltr'><strong>anni</strong></span> <span class='ocrx_word' id='word_1_22' title='bbox 1682 647 1881 694; x_wconf 75' lang='lat' dir='ltr'><strong>centum</strong></span> <span class='ocrx_word' id='word_1_23' title='bbox 1907 636 2106 708; x_wconf 82' lang='lat' dir='ltr'><strong>viginti.</strong></span> 
     </span>
    </p>
   </div>
   <div class='ocr_carea' id='block_1_5' title="bbox 513 729 2106 806">
    <p class='ocr_par' dir='ltr' id='par_1_5' title="bbox 513 729 2106 806">
     <span class='ocr_line' id='line_1_5' title="bbox 513 729 2106 806; baseline -0.004 -17"><span class='ocrx_word' id='word_1_24' title='bbox 513 735 570 789; x_wconf 77' lang='grc'><strong>4.</strong></span> <span class='ocrx_word' id='word_1_25' title='bbox 605 734 848 806; x_wconf 78' lang='lat' dir='ltr'><strong>Gigantes</strong></span> <span class='ocrx_word' id='word_1_26' title='bbox 877 741 1066 795; x_wconf 79' lang='lat' dir='ltr'><strong>autem,</strong></span> <span class='ocrx_word' id='word_1_27' title='bbox 1096 731 1286 801; x_wconf 85' lang='lat' dir='ltr'><strong>inquit,</strong></span> <span class='ocrx_word' id='word_1_28' title='bbox 1309 738 1451 785; x_wconf 75' lang='lat' dir='ltr'><strong>eram</strong></span> <span class='ocrx_word' id='word_1_29' title='bbox 1473 746 1627 802; x_wconf 79' lang='lat' dir='ltr'><strong>super</strong></span> <span class='ocrx_word' id='word_1_30' title='bbox 1650 740 1834 789; x_wconf 80' lang='lat' dir='ltr'><strong>terram</strong></span> <span class='ocrx_word' id='word_1_31' title='bbox 1859 729 1912 785; x_wconf 86' lang='lat' dir='ltr'><strong>in</strong></span> <span class='ocrx_word' id='word_1_32' title='bbox 1931 729 2106 784; x_wconf 77' lang='lat' dir='ltr'><strong>diebus</strong></span> 
     </span>
    </p>
   </div>
   <div class='ocr_carea' id='block_1_6' title="bbox 515 820 2104 895">
    <p class='ocr_par' dir='ltr' id='par_1_6' title="bbox 515 820 2104 895">
     <span class='ocr_line' id='line_1_6' title="bbox 515 820 2104 895; baseline -0.005 -12"><span class='ocrx_word' id='word_1_33' title='bbox 515 829 642 884; x_wconf 87' lang='lat' dir='ltr'><strong>illis.</strong></span> <span class='ocrx_word' id='word_1_34' title='bbox 683 824 748 881; x_wconf 74' lang='lat' dir='ltr'><strong>Et</strong></span> <span class='ocrx_word' id='word_1_35' title='bbox 776 834 1097 895; x_wconf 78' lang='lat' dir='ltr'><strong>posteaquam</strong></span> <span class='ocrx_word' id='word_1_36' title='bbox 1125 822 1338 894; x_wconf 81' lang='lat' dir='ltr'><strong>ingressi</strong></span> <span class='ocrx_word' id='word_1_37' title='bbox 1357 832 1473 876; x_wconf 85' lang='lat' dir='ltr'><strong>sunt</strong></span> <span class='ocrx_word' id='word_1_38' title='bbox 1503 823 1600 892; x_wconf 74' lang='lat' dir='ltr'><strong>filii</strong></span> <span class='ocrx_word' id='word_1_39' title='bbox 1629 821 1728 876; x_wconf 88' lang='lat' dir='ltr'><strong>Dei</strong></span> <span class='ocrx_word' id='word_1_40' title='bbox 1751 821 1821 875; x_wconf 85' lang='lat' dir='ltr'><strong>ad</strong></span> <span class='ocrx_word' id='word_1_41' title='bbox 1844 820 1981 891; x_wconf 70' lang='lat' dir='ltr'><strong>ﬁlias</strong></span> <span class='ocrx_word' id='word_1_42' title='bbox 2008 821 2104 875; x_wconf 84' lang='lat' dir='ltr'><strong>lto-</strong></span> 
     </span>
    </p>
   </div>
   <div class='ocr_carea' id='block_1_7' title="bbox 517 911 2105 986">
    <p class='ocr_par' dir='ltr' id='par_1_7' title="bbox 517 911 2105 986">
     <span class='ocr_line' id='line_1_7' title="bbox 517 911 2105 986; baseline -0.004 -13"><span class='ocrx_word' id='word_1_43' title='bbox 517 920 733 982; x_wconf 81' lang='lat' dir='ltr'><strong>ntinuut,</strong></span> <span class='ocrx_word' id='word_1_44' title='bbox 761 916 962 984; x_wconf 65' lang='lat' dir='ltr'><strong>illisque</strong></span> <span class='ocrx_word' id='word_1_45' title='bbox 981 914 1075 969; x_wconf 77' lang='lat' dir='ltr'><strong>sibi</strong></span> <span class='ocrx_word' id='word_1_46' title='bbox 1100 919 1379 986; x_wconf 80' lang='lat' dir='ltr'><strong>genuerunt</strong></span> <span class='ocrx_word' id='word_1_47' title='bbox 1402 953 1418 979; x_wconf 95' lang='lat'><strong>,</strong></span> <span class='ocrx_word' id='word_1_48' title='bbox 1457 913 1537 967; x_wconf 83' lang='lat' dir='ltr'><strong>illi</strong></span> <span class='ocrx_word' id='word_1_49' title='bbox 1560 921 1704 968; x_wconf 74' lang='lat' dir='ltr'><strong>eram</strong></span> <span class='ocrx_word' id='word_1_50' title='bbox 1727 915 1985 983; x_wconf 82' lang='lat' dir='ltr'><strong>gigantes,</strong></span> <span class='ocrx_word' id='word_1_51' title='bbox 2017 911 2105 980; x_wconf 81' lang='lat' dir='ltr'><strong>qui</strong></span> 
     </span>
    </p>
   </div>
   <div class='ocr_carea' id='block_1_8' title="bbox 515 1003 2144 1077">
    <p class='ocr_par' dir='ltr' id='par_1_8' title="bbox 515 1003 2144 1077">
     <span class='ocr_line' id='line_1_8' title="bbox 515 1003 2144 1077; baseline -0.006 -13"><span class='ocrx_word' id='word_1_52' title='bbox 515 1027 549 1064; x_wconf 75' lang='grc' dir='ltr'><strong>α</strong></span> <span class='ocrx_word' id='word_1_53' title='bbox 571 1009 756 1064; x_wconf 72' lang='lat' dir='ltr'><strong>stet-alo</strong></span> <span class='ocrx_word' id='word_1_54' title='bbox 777 1007 871 1061; x_wconf 82' lang='lat' dir='ltr'><strong>viri</strong></span> <span class='ocrx_word' id='word_1_55' title='bbox 897 1005 1104 1077; x_wconf 76' lang='lat' dir='ltr'><strong>famosi.</strong></span> <span class='ocrx_word' id='word_1_56' title='bbox 1143 1003 1394 1074; x_wconf 76' lang='lat' dir='ltr'><strong>Gigantes</strong></span> <span class='ocrx_word' id='word_1_57' title='bbox 1415 1004 1504 1058; x_wconf 89' lang='lat' dir='ltr'><strong>hic</strong></span> <span class='ocrx_word' id='word_1_58' title='bbox 1538 1019 1568 1059; x_wconf 87' lang='lat' dir='ltr'><strong>a</strong></span> <span class='ocrx_word' id='word_1_59' title='bbox 1606 1004 1783 1060; x_wconf 78' lang='lat' dir='ltr'><strong>divina</strong></span> <span class='ocrx_word' id='word_1_60' title='bbox 1828 1003 2102 1073; x_wconf 82' lang='lat' dir='ltr'><strong>Scriptura</strong></span> <span class='ocrx_word' id='word_1_61' title='bbox 2139 1036 2144 1040; x_wconf 54' lang='grc' dir='ltr'>ν</span> 
     </span>
    </p>
   </div>
   <div class='ocr_carea' id='block_1_9' title="bbox 513 1093 2103 1170">
    <p class='ocr_par' dir='ltr' id='par_1_9' title="bbox 513 1093 2103 1170">
     <span class='ocr_line' id='line_1_9' title="bbox 513 1093 2103 1170; baseline -0.003 -16"><span class='ocrx_word' id='word_1_62' title='bbox 513 1099 618 1154; x_wconf 80' lang='lat' dir='ltr'><strong>dici</strong></span> <span class='ocrx_word' id='word_1_63' title='bbox 647 1099 840 1170; x_wconf 81' lang='lat' dir='ltr'><strong>opinor</strong></span> <span class='ocrx_word' id='word_1_64' title='bbox 861 1096 1108 1153; x_wconf 86' lang='lat' dir='ltr'><strong>robustos</strong></span> <span class='ocrx_word' id='word_1_65' title='bbox 1133 1110 1378 1165; x_wconf 87' lang='lat' dir='ltr'><strong>corpore.</strong></span> <span class='ocrx_word' id='word_1_66' title='bbox 1420 1093 1498 1149; x_wconf 85' lang='lat' dir='ltr'><strong>Ex</strong></span> <span class='ocrx_word' id='word_1_67' title='bbox 1526 1096 1650 1162; x_wconf 89' lang='lat' dir='ltr'><strong>illis,</strong></span> <span class='ocrx_word' id='word_1_68' title='bbox 1682 1095 1852 1167; x_wconf 86' lang='lat' dir='ltr'><strong>inquit</strong></span> <span class='ocrx_word' id='word_1_69' title='bbox 1876 1135 1892 1160; x_wconf 92' lang='lat'><strong>,</strong></span> <span class='ocrx_word' id='word_1_70' title='bbox 1935 1109 2103 1164; x_wconf 82' lang='lat' dir='ltr'><strong>gene-</strong></span> 
     </span>
    </p>
   </div>
   <div class='ocr_carea' id='block_1_10' title="bbox 513 1185 2104 1258">
    <p class='ocr_par' dir='ltr' id='par_1_10' title="bbox 513 1185 2104 1258">
     <span class='ocr_line' id='line_1_10' title="bbox 513 1185 2104 1258; baseline -0.004 -10"><span class='ocrx_word' id='word_1_71' title='bbox 513 1193 655 1248; x_wconf 89' lang='lat' dir='ltr'><strong>ratio</strong></span> <span class='ocrx_word' id='word_1_72' title='bbox 698 1189 925 1247; x_wconf 27' lang='lat' dir='ltr'><strong>illorum.</strong></span> <span class='ocrx_word' id='word_1_73' title='bbox 950 1197 1106 1244; x_wconf 78' lang='lat' dir='ltr'><strong>aucta</strong></span> <span class='ocrx_word' id='word_1_74' title='bbox 1142 1196 1244 1243; x_wconf 89' lang='lat' dir='ltr'><strong>est.</strong></span> <span class='ocrx_word' id='word_1_75' title='bbox 1289 1185 1344 1242; x_wconf 87' lang='lat' dir='ltr'><strong>Id</strong></span> <span class='ocrx_word' id='word_1_76' title='bbox 1371 1186 1512 1258; x_wconf 88' lang='lat' dir='ltr'><strong>quod</strong></span> <span class='ocrx_word' id='word_1_77' title='bbox 1545 1195 1602 1243; x_wconf 90' lang='lat' dir='ltr'><strong>et</strong></span> <span class='ocrx_word' id='word_1_78' title='bbox 1629 1187 1736 1242; x_wconf 82' lang='lat' dir='ltr'><strong>alio</strong></span> <span class='ocrx_word' id='word_1_79' title='bbox 1780 1188 1898 1242; x_wconf 84' lang='lat' dir='ltr'><strong>loco</strong></span> <span class='ocrx_word' id='word_1_80' title='bbox 1922 1187 2104 1242; x_wconf 86' lang='lat' dir='ltr'><strong>videre</strong></span> 
     </span>
    </p>
   </div>
   <div class='ocr_carea' id='block_1_11' title="bbox 516 1277 2105 1350">
    <p class='ocr_par' dir='ltr' id='par_1_11' title="bbox 516 1277 2105 1350">
     <span class='ocr_line' id='line_1_11' title="bbox 516 1277 2105 1350; baseline -0.004 -12"><span class='ocrx_word' id='word_1_81' title='bbox 516 1282 642 1338; x_wconf 90' lang='lat' dir='ltr'><strong>licet</strong></span> <span class='ocrx_word' id='word_1_82' title='bbox 675 1281 914 1336; x_wconf 86' lang='lat' dir='ltr'><strong>dictum:</strong></span> <span class='ocrx_word' id='word_1_83' title='bbox 948 1277 1188 1349; x_wconf 75' lang='lat' dir='ltr'><strong>Gigantes</strong></span> <span class='ocrx_word' id='word_1_84' title='bbox 1213 1319 1230 1344; x_wconf 95' lang='lat'><strong>,</strong></span> <span class='ocrx_word' id='word_1_85' title='bbox 1282 1277 1488 1348; x_wconf 86' lang='lat' dir='ltr'><strong>inquit,</strong></span> <span class='ocrx_word' id='word_1_86' title='bbox 1535 1278 1739 1332; x_wconf 78' lang='lat' dir='ltr'><strong>veniunt</strong></span> <span class='ocrx_word' id='word_1_87' title='bbox 1779 1287 1832 1332; x_wconf 87' lang='lat' dir='ltr'><strong>ut</strong></span> <span class='ocrx_word' id='word_1_88' title='bbox 1881 1280 2105 1350; x_wconf 75' lang='lat' dir='ltr'><strong>furorem</strong></span> 
     </span>
    </p>
   </div>
   <div class='ocr_carea' id='block_1_12' title="bbox 516 1368 2103 1445">
    <p class='ocr_par' dir='ltr' id='par_1_12' title="bbox 516 1368 2103 1445">
     <span class='ocr_line' id='line_1_12' title="bbox 516 1368 2103 1445; baseline -0.001 -18"><span class='ocrx_word' id='word_1_89' title='bbox 516 1390 682 1429; x_wconf 75' lang='lat' dir='ltr'><strong>meum</strong></span> <span class='ocrx_word' id='word_1_90' title='bbox 709 1373 908 1445; x_wconf 84' lang='lat' dir='ltr'><strong>placent</strong></span> <span class='ocrx_word' id='word_1_91' title='bbox 937 1368 1093 1444; x_wconf 85' lang='lat' dir='ltr'><strong>(lsai.</strong></span> <span class='ocrx_word' id='word_1_92' title='bbox 1119 1371 1206 1426; x_wconf 77' lang='grc'><strong>15.</strong></span> <span class='ocrx_word' id='word_1_93' title='bbox 1230 1371 1308 1442; x_wconf 77' lang='lat'><strong>3).</strong></span> <span class='ocrx_word' id='word_1_94' title='bbox 1334 1370 1484 1425; x_wconf 86' lang='lat' dir='ltr'><strong>liunc</strong></span> <span class='ocrx_word' id='word_1_95' title='bbox 1512 1385 1672 1439; x_wconf 89' lang='lat' dir='ltr'><strong>porro</strong></span> <span class='ocrx_word' id='word_1_96' title='bbox 1687 1379 1899 1426; x_wconf 87' lang='lat' dir='ltr'><strong>centum</strong></span> <span class='ocrx_word' id='word_1_97' title='bbox 1920 1369 2103 1441; x_wconf 87' lang='lat' dir='ltr'><strong>viginti</strong></span> 
     </span>
    </p>
   </div>
   <div class='ocr_carea' id='block_1_13' title="bbox 515 1461 2097 1532">
    <p class='ocr_par' dir='ltr' id='par_1_13' title="bbox 515 1461 2097 1532">
     <span class='ocr_line' id='line_1_13' title="bbox 515 1461 2097 1532; baseline -0.002 -14"><span class='ocrx_word' id='word_1_98' title='bbox 515 1479 777 1520; x_wconf 85' lang='lat' dir='ltr'><strong>annorum</strong></span> <span class='ocrx_word' id='word_1_99' title='bbox 795 1477 1099 1526; x_wconf 86' lang='lat' dir='ltr'><strong>numerum,</strong></span> <span class='ocrx_word' id='word_1_100' title='bbox 1129 1461 1289 1532; x_wconf 79' lang='lat' dir='ltr'><strong>aliqui</strong></span> <span class='ocrx_word' id='word_1_101' title='bbox 1313 1469 1496 1530; x_wconf 89' lang='lat' dir='ltr'><strong>putant</strong></span> <span class='ocrx_word' id='word_1_102' title='bbox 1511 1461 1795 1517; x_wconf 85' lang='lat' dir='ltr'><strong>terminum</strong></span> <span class='ocrx_word' id='word_1_103' title='bbox 1818 1462 1937 1516; x_wconf 71' lang='lat' dir='ltr'><strong>vitae</strong></span> <span class='ocrx_word' id='word_1_104' title='bbox 1949 1476 2097 1518; x_wconf 86' lang='lat' dir='ltr'><strong>esse:</strong></span> 
     </span>
    </p>
   </div>
   <div class='ocr_carea' id='block_1_14' title="bbox 518 1551 2105 1623">
    <p class='ocr_par' dir='ltr' id='par_1_14' title="bbox 518 1551 2105 1623">
     <span class='ocr_line' id='line_1_14' title="bbox 518 1551 2105 1623; baseline -0.003 -13"><span class='ocrx_word' id='word_1_105' title='bbox 518 1570 626 1610; x_wconf 90' lang='lat' dir='ltr'><strong>non</strong></span> <span class='ocrx_word' id='word_1_106' title='bbox 656 1555 756 1611; x_wconf 92' lang='lat' dir='ltr'><strong>hoc</strong></span> <span class='ocrx_word' id='word_1_107' title='bbox 780 1564 958 1609; x_wconf 86' lang='lat' dir='ltr'><strong>autem</strong></span> <span class='ocrx_word' id='word_1_108' title='bbox 982 1551 1267 1623; x_wconf 77' lang='lat' dir='ltr'><strong>signiﬁcat,</strong></span> <span class='ocrx_word' id='word_1_109' title='bbox 1296 1551 1390 1607; x_wconf 87' lang='lat' dir='ltr'><strong>sed</strong></span> <span class='ocrx_word' id='word_1_110' title='bbox 1422 1566 1564 1607; x_wconf 91' lang='lat' dir='ltr'><strong>nunc</strong></span> <span class='ocrx_word' id='word_1_111' title='bbox 1590 1552 1896 1618; x_wconf 85' lang='lat' dir='ltr'><strong>patientiam</strong></span> <span class='ocrx_word' id='word_1_112' title='bbox 1924 1552 2105 1607; x_wconf 86' lang='lat' dir='ltr'><strong>decla-</strong></span> 
     </span>
    </p>
   </div>
   <div class='ocr_carea' id='block_1_15' title="bbox 519 1643 2102 1717">
    <p class='ocr_par' dir='ltr' id='par_1_15' title="bbox 519 1643 2102 1717">
     <span class='ocr_line' id='line_1_15' title="bbox 519 1643 2102 1717; baseline -0.002 -14"><span class='ocrx_word' id='word_1_113' title='bbox 519 1661 643 1703; x_wconf 85' lang='lat' dir='ltr'><strong>rare</strong></span> <span class='ocrx_word' id='word_1_114' title='bbox 666 1646 800 1714; x_wconf 89' lang='lat' dir='ltr'><strong>vult,</strong></span> <span class='ocrx_word' id='word_1_115' title='bbox 831 1660 988 1717; x_wconf 86' lang='lat' dir='ltr'><strong>quam</strong></span> <span class='ocrx_word' id='word_1_116' title='bbox 1017 1653 1212 1714; x_wconf 88' lang='lat' dir='ltr'><strong>etpost</strong></span> <span class='ocrx_word' id='word_1_117' title='bbox 1251 1643 1365 1698; x_wconf 63' lang='lat' dir='ltr'><strong>haec</strong></span> <span class='ocrx_word' id='word_1_118' title='bbox 1396 1653 1610 1713; x_wconf 86' lang='lat' dir='ltr'><strong>peccata</strong></span> <span class='ocrx_word' id='word_1_119' title='bbox 1651 1646 1703 1698; x_wconf 93' lang='lat' dir='ltr'><strong>in</strong></span> <span class='ocrx_word' id='word_1_120' title='bbox 1734 1645 1879 1714; x_wconf 87' lang='lat' dir='ltr'><strong>ipsos</strong></span> <span class='ocrx_word' id='word_1_121' title='bbox 1917 1655 2102 1700; x_wconf 82' lang='lat' dir='ltr'><strong>osten-</strong></span> 
     </span>
    </p>
   </div>
   <div class='ocr_carea' id='block_1_16' title="bbox 521 1736 2104 1810">
    <p class='ocr_par' dir='ltr' id='par_1_16' title="bbox 521 1736 2104 1810">
     <span class='ocr_line' id='line_1_16' title="bbox 521 1736 2104 1810; baseline 0 -16"><span class='ocrx_word' id='word_1_122' title='bbox 521 1739 621 1795; x_wconf 91' lang='lat' dir='ltr'><strong>dit.</strong></span> <span class='ocrx_word' id='word_1_123' title='bbox 663 1737 824 1810; x_wconf 91' lang='lat' dir='ltr'><strong>Igitur</strong></span> <span class='ocrx_word' id='word_1_124' title='bbox 861 1748 916 1793; x_wconf 88' lang='lat' dir='ltr'><strong>ut</strong></span> <span class='ocrx_word' id='word_1_125' title='bbox 945 1738 1211 1792; x_wconf 78' lang='lat' dir='ltr'><strong>discamus</strong></span> <span class='ocrx_word' id='word_1_126' title='bbox 1257 1737 1376 1792; x_wconf 87' lang='lat' dir='ltr'><strong>illos</strong></span> <span class='ocrx_word' id='word_1_127' title='bbox 1427 1747 1547 1806; x_wconf 85' lang='lat' dir='ltr'><strong>post</strong></span> <span class='ocrx_word' id='word_1_128' title='bbox 1592 1736 2008 1809; x_wconf 85' lang='lat' dir='ltr'><strong>indignationem</strong></span> <span class='ocrx_word' id='word_1_129' title='bbox 2049 1748 2104 1794; x_wconf 87' lang='lat' dir='ltr'><strong>et</strong></span> 
     </span>
    </p>
   </div>
   <div class='ocr_carea' id='block_1_17' title="bbox 519 1827 2104 1899">
    <p class='ocr_par' dir='ltr' id='par_1_17' title="bbox 519 1827 2104 1899">
     <span class='ocr_line' id='line_1_17' title="bbox 519 1827 2104 1899; baseline 0 -15"><span class='ocrx_word' id='word_1_130' title='bbox 519 1830 692 1885; x_wconf 84' lang='lat' dir='ltr'><strong>minas</strong></span> <span class='ocrx_word' id='word_1_131' title='bbox 713 1870 732 1896; x_wconf 95' lang='lat'><strong>,</strong></span> <span class='ocrx_word' id='word_1_132' title='bbox 780 1839 834 1884; x_wconf 85' lang='lat' dir='ltr'><strong>et</strong></span> <span class='ocrx_word' id='word_1_133' title='bbox 878 1828 1011 1884; x_wconf 87' lang='lat' dir='ltr'><strong>tanti</strong></span> <span class='ocrx_word' id='word_1_134' title='bbox 1050 1829 1305 1898; x_wconf 86' lang='lat' dir='ltr'><strong>temporis</strong></span> <span class='ocrx_word' id='word_1_135' title='bbox 1331 1827 1762 1894; x_wconf 76' lang='lat' dir='ltr'><strong>diuturnitatem,</strong></span> <span class='ocrx_word' id='word_1_136' title='bbox 1787 1844 1947 1898; x_wconf 83' lang='lat' dir='ltr'><strong>quam</strong></span> <span class='ocrx_word' id='word_1_137' title='bbox 1971 1829 2104 1899; x_wconf 87' lang='lat' dir='ltr'><strong>ipsis</strong></span> 
     </span>
    </p>
   </div>
   <div class='ocr_carea' id='block_1_18' title="bbox 516 1922 2096 1995">
    <p class='ocr_par' dir='ltr' id='par_1_18' title="bbox 516 1922 2096 1995">
     <span class='ocr_line' id='line_1_18' title="bbox 516 1922 2096 1995; baseline 0.001 -17"><span class='ocrx_word' id='word_1_138' title='bbox 516 1923 572 1978; x_wconf 92' lang='lat' dir='ltr'><strong>in</strong></span> <span class='ocrx_word' id='word_1_139' title='bbox 611 1923 976 1995; x_wconf 61' lang='lat' dir='ltr'><strong>paenitentiam</strong></span> <span class='ocrx_word' id='word_1_140' title='bbox 1003 1922 1246 1986; x_wconf 88' lang='lat' dir='ltr'><strong>dederat.</strong></span> <span class='ocrx_word' id='word_1_141' title='bbox 1277 1937 1384 1977; x_wconf 91' lang='lat' dir='ltr'><strong>non</strong></span> <span class='ocrx_word' id='word_1_142' title='bbox 1414 1923 1586 1978; x_wconf 90' lang='lat' dir='ltr'><strong>solum</strong></span> <span class='ocrx_word' id='word_1_143' title='bbox 1617 1923 1751 1978; x_wconf 82' lang='lat' dir='ltr'><strong>nihil</strong></span> <span class='ocrx_word' id='word_1_144' title='bbox 1785 1924 2096 1993; x_wconf 75' lang='lat' dir='ltr'><strong>proiecisse,</strong></span> 
     </span>
    </p>
   </div>
   <div class='ocr_carea' id='block_1_19' title="bbox 520 2012 2104 2086">
    <p class='ocr_par' dir='ltr' id='par_1_19' title="bbox 520 2012 2104 2086">
     <span class='ocr_line' id='line_1_19' title="bbox 520 2012 2104 2086; baseline 0.001 -17"><span class='ocrx_word' id='word_1_145' title='bbox 520 2014 616 2069; x_wconf 87' lang='lat' dir='ltr'><strong>sed</strong></span> <span class='ocrx_word' id='word_1_146' title='bbox 664 2014 718 2069; x_wconf 91' lang='lat' dir='ltr'><strong>in</strong></span> <span class='ocrx_word' id='word_1_147' title='bbox 765 2012 962 2069; x_wconf 82' lang='lat' dir='ltr'><strong>iisdem’</strong></span> <span class='ocrx_word' id='word_1_148' title='bbox 1005 2013 1242 2069; x_wconf 88' lang='lat' dir='ltr'><strong>moribus</strong></span> <span class='ocrx_word' id='word_1_149' title='bbox 1286 2014 1714 2083; x_wconf 83' lang='lat' dir='ltr'><strong>perseveravisse</strong></span> <span class='ocrx_word' id='word_1_150' title='bbox 1760 2033 1774 2070; x_wconf 91' lang='lat'><strong>:</strong></span> <span class='ocrx_word' id='word_1_151' title='bbox 1825 2027 2104 2086; x_wconf 88' lang='lat' dir='ltr'><strong>propterea</strong></span> 
     </span>
    </p>
   </div>
   <div class='ocr_carea' id='block_1_20' title="bbox 519 2102 2106 2175">
    <p class='ocr_par' dir='ltr' id='par_1_20' title="bbox 519 2102 2106 2175">
     <span class='ocr_line' id='line_1_20' title="bbox 519 2102 2106 2175; baseline 0.003 -17"><span class='ocrx_word' id='word_1_152' title='bbox 519 2104 669 2170; x_wconf 82' lang='lat' dir='ltr'><strong>dicit,</strong></span> <span class='ocrx_word' id='word_1_153' title='bbox 704 2102 982 2175; x_wconf 72' lang='lat' dir='ltr'><strong>Postquam</strong></span> <span class='ocrx_word' id='word_1_154' title='bbox 1017 2103 1231 2175; x_wconf 82' lang='lat' dir='ltr'><strong>ingressi</strong></span> <span class='ocrx_word' id='word_1_155' title='bbox 1269 2113 1385 2158; x_wconf 85' lang='lat' dir='ltr'><strong>sunt</strong></span> <span class='ocrx_word' id='word_1_156' title='bbox 1425 2103 1525 2174; x_wconf 78' lang='lat' dir='ltr'><strong>ﬁlii</strong></span> <span class='ocrx_word' id='word_1_157' title='bbox 1549 2103 1645 2160; x_wconf 84' lang='lat' dir='ltr'><strong>Dei</strong></span> <span class='ocrx_word' id='word_1_158' title='bbox 1671 2106 1741 2159; x_wconf 77' lang='lat' dir='ltr'><strong>ad</strong></span> <span class='ocrx_word' id='word_1_159' title='bbox 1763 2105 1898 2174; x_wconf 79' lang='lat' dir='ltr'><strong>ﬁlias</strong></span> <span class='ocrx_word' id='word_1_160' title='bbox 1936 2107 2106 2162; x_wconf 76' lang='lat' dir='ltr'><strong>homi-</strong></span> 
     </span>
    </p>
   </div>
   <div class='ocr_carea' id='block_1_21' title="bbox 521 2190 2104 2266">
    <p class='ocr_par' dir='ltr' id='par_1_21' title="bbox 521 2190 2104 2266">
     <span class='ocr_line' id='line_1_21' title="bbox 521 2190 2104 2266; baseline 0.003 -19"><span class='ocrx_word' id='word_1_161' title='bbox 521 2209 672 2256; x_wconf 87' lang='lat' dir='ltr'><strong>num,</strong></span> <span class='ocrx_word' id='word_1_162' title='bbox 715 2193 916 2264; x_wconf 70' lang='lat' dir='ltr'><strong>illeque</strong></span> <span class='ocrx_word' id='word_1_163' title='bbox 960 2193 1056 2247; x_wconf 76' lang='lat' dir='ltr'><strong>sibi</strong></span> <span class='ocrx_word' id='word_1_164' title='bbox 1077 2202 1376 2264; x_wconf 72' lang='lat' dir='ltr'><strong>genuennt,</strong></span> <span class='ocrx_word' id='word_1_165' title='bbox 1405 2190 1484 2247; x_wconf 80' lang='lat' dir='ltr'><strong>illi</strong></span> <span class='ocrx_word' id='word_1_166' title='bbox 1508 2201 1652 2247; x_wconf 70' lang='lat' dir='ltr'><strong>eram</strong></span> <span class='ocrx_word' id='word_1_167' title='bbox 1677 2194 1925 2266; x_wconf 80' lang='lat' dir='ltr'><strong>gigantes,</strong></span> <span class='ocrx_word' id='word_1_168' title='bbox 1955 2196 2046 2266; x_wconf 86' lang='lat' dir='ltr'><strong>qui</strong></span> <span class='ocrx_word' id='word_1_169' title='bbox 2071 2213 2104 2250; x_wconf 89' lang='lat' dir='ltr'><strong>a</strong></span> 
     </span>
    </p>
   </div>
   <div class='ocr_carea' id='block_1_22' title="bbox 519 2270 2104 2358">
    <p class='ocr_par' dir='ltr' id='par_1_22' title="bbox 519 2270 2104 2358">
     <span class='ocr_line' id='line_1_22' title="bbox 519 2270 2104 2358; baseline 0.001 -18"><span class='ocrx_word' id='word_1_170' title='bbox 519 2290 708 2340; x_wconf 67' lang='lat' dir='ltr'><strong>secuto</strong></span> <span class='ocrx_word' id='word_1_171' title='bbox 832 2270 1036 2356; x_wconf 80' lang='lat' dir='ltr'><strong>famosi.</strong></span> <span class='ocrx_word' id='word_1_172' title='bbox 1059 2283 1246 2341; x_wconf 78' lang='lat' dir='ltr'><strong>Vidisti</strong></span> <span class='ocrx_word' id='word_1_173' title='bbox 1274 2284 1628 2354; x_wconf 79' lang='lat' dir='ltr'><strong>improbitatis</strong></span> <span class='ocrx_word' id='word_1_174' title='bbox 1647 2286 2104 2358; x_wconf 75' lang='lat' dir='ltr'><strong>magnitudinem?</strong></span> 
     </span>
    </p>
   </div>
   <div class='ocr_carea' id='block_1_23' title="bbox 517 2374 2104 2446">
    <p class='ocr_par' dir='ltr' id='par_1_23' title="bbox 517 2374 2104 2446">
     <span class='ocr_line' id='line_1_23' title="bbox 517 2374 2104 2446; baseline 0.003 -18"><span class='ocrx_word' id='word_1_175' title='bbox 517 2377 698 2432; x_wconf 75' lang='lat' dir='ltr'><strong>vidisti</strong></span> <span class='ocrx_word' id='word_1_176' title='bbox 738 2377 978 2446; x_wconf 77' lang='lat' dir='ltr'><strong>stupidas</strong></span> <span class='ocrx_word' id='word_1_177' title='bbox 1016 2385 1072 2431; x_wconf 87' lang='lat' dir='ltr'><strong>et</strong></span> <span class='ocrx_word' id='word_1_178' title='bbox 1113 2374 1318 2432; x_wconf 89' lang='lat' dir='ltr'><strong>doloris</strong></span> <span class='ocrx_word' id='word_1_179' title='bbox 1365 2391 1528 2432; x_wconf 89' lang='lat' dir='ltr'><strong>sensu</strong></span> <span class='ocrx_word' id='word_1_180' title='bbox 1571 2387 1817 2432; x_wconf 76' lang='lat' dir='ltr'><strong>carentes</strong></span> <span class='ocrx_word' id='word_1_181' title='bbox 1856 2378 2104 2435; x_wconf 74' lang='lat' dir='ltr'><strong>animus?</strong></span> 
     </span>
    </p>
   </div>
   <div class='ocr_carea' id='block_1_24' title="bbox 519 2467 2109 2540">
    <p class='ocr_par' dir='ltr' id='par_1_24' title="bbox 519 2467 2109 2540">
     <span class='ocr_line' id='line_1_24' title="bbox 519 2467 2109 2540; baseline 0 -17"><span class='ocrx_word' id='word_1_182' title='bbox 519 2468 703 2538; x_wconf 70' lang='lat' dir='ltr'><strong>Neque</strong></span> <span class='ocrx_word' id='word_1_183' title='bbox 731 2484 908 2540; x_wconf 62' lang='lat' dir='ltr'><strong>pana:</strong></span> <span class='ocrx_word' id='word_1_184' title='bbox 944 2469 1137 2536; x_wconf 89' lang='lat' dir='ltr'><strong>timor,</strong></span> <span class='ocrx_word' id='word_1_185' title='bbox 1167 2483 1341 2538; x_wconf 87' lang='lat' dir='ltr'><strong>neque</strong></span> <span class='ocrx_word' id='word_1_186' title='bbox 1367 2467 1665 2524; x_wconf 65' lang='lat' dir='ltr'><strong>tolerantiae</strong></span> <span class='ocrx_word' id='word_1_187' title='bbox 1693 2479 1902 2538; x_wconf 86' lang='lat' dir='ltr'><strong>tempus</strong></span> <span class='ocrx_word' id='word_1_188' title='bbox 1938 2469 2109 2525; x_wconf 81' lang='lat' dir='ltr'><strong>arcuit</strong></span> 
     </span>
    </p>
   </div>
   <div class='ocr_carea' id='block_1_25' title="bbox 523 2558 2105 2630">
    <p class='ocr_par' dir='ltr' id='par_1_25' title="bbox 523 2558 2105 2630">
     <span class='ocr_line' id='line_1_25' title="bbox 523 2558 2105 2630; baseline 0.001 -16"><span class='ocrx_word' id='word_1_189' title='bbox 523 2559 644 2615; x_wconf 90' lang='lat' dir='ltr'><strong>illos</strong></span> <span class='ocrx_word' id='word_1_190' title='bbox 671 2575 703 2615; x_wconf 85' lang='lat' dir='ltr'><strong>a</strong></span> <span class='ocrx_word' id='word_1_191' title='bbox 729 2559 882 2614; x_wconf 86' lang='lat' dir='ltr'><strong>malis</strong></span> <span class='ocrx_word' id='word_1_192' title='bbox 900 2559 1153 2628; x_wconf 78' lang='lat' dir='ltr'><strong>operibus</strong></span> <span class='ocrx_word' id='word_1_193' title='bbox 1183 2577 1196 2612; x_wconf 92' lang='lat'>:</span> <span class='ocrx_word' id='word_1_194' title='bbox 1228 2558 1323 2614; x_wconf 89' lang='lat' dir='ltr'><strong>sed</strong></span> <span class='ocrx_word' id='word_1_195' title='bbox 1346 2558 1512 2614; x_wconf 87' lang='lat' dir='ltr'><strong>semel</strong></span> <span class='ocrx_word' id='word_1_196' title='bbox 1541 2558 1596 2613; x_wconf 90' lang='lat' dir='ltr'><strong>in</strong></span> <span class='ocrx_word' id='word_1_197' title='bbox 1622 2573 1863 2630; x_wconf 59' lang='lat' dir='ltr'><strong>praeceps</strong></span> <span class='ocrx_word' id='word_1_198' title='bbox 1890 2558 2105 2629; x_wconf 88' lang='lat' dir='ltr'><strong>dejecti,</strong></span> 
     </span>
    </p>
   </div>
   <div class='ocr_carea' id='block_1_26' title="bbox 520 2649 2103 2719">
    <p class='ocr_par' dir='ltr' id='par_1_26' title="bbox 520 2649 2103 2719">
     <span class='ocr_line' id='line_1_26' title="bbox 520 2649 2103 2719; baseline -0.001 -13"><span class='ocrx_word' id='word_1_199' title='bbox 520 2659 578 2706; x_wconf 87' lang='lat' dir='ltr'><strong>et</strong></span> <span class='ocrx_word' id='word_1_200' title='bbox 621 2651 818 2705; x_wconf 88' lang='lat' dir='ltr'><strong>mentis</strong></span> <span class='ocrx_word' id='word_1_201' title='bbox 863 2650 1018 2704; x_wconf 88' lang='lat' dir='ltr'><strong>oculo</strong></span> <span class='ocrx_word' id='word_1_202' title='bbox 1069 2650 1320 2705; x_wconf 53' lang='grc' dir='ltr'><strong>θηταιιί</strong></span> <span class='ocrx_word' id='word_1_203' title='bbox 1344 2690 1361 2717; x_wconf 86' lang='grc'><em>,</em></span> <span class='ocrx_word' id='word_1_204' title='bbox 1404 2664 1434 2703; x_wconf 89' lang='lat' dir='ltr'><strong>a</strong></span> <span class='ocrx_word' id='word_1_205' title='bbox 1473 2649 1608 2704; x_wconf 88' lang='lat' dir='ltr'><strong>mala</strong></span> <span class='ocrx_word' id='word_1_206' title='bbox 1655 2650 2103 2719; x_wconf 81' lang='lat' dir='ltr'><strong>concupiscentia,</strong></span> 
     </span>
    </p>
   </div>
   <div class='ocr_carea' id='block_1_27' title="bbox 519 2738 2108 2811">
    <p class='ocr_par' dir='ltr' id='par_1_27' title="bbox 519 2738 2108 2811">
     <span class='ocr_line' id='line_1_27' title="bbox 519 2738 2108 2811; baseline -0.001 -15"><span class='ocrx_word' id='word_1_207' title='bbox 519 2741 670 2811; x_wconf 86' lang='lat' dir='ltr'><strong>quasi</strong></span> <span class='ocrx_word' id='word_1_208' title='bbox 699 2740 767 2796; x_wconf 89' lang='lat' dir='ltr'><strong>ab</strong></span> <span class='ocrx_word' id='word_1_209' title='bbox 792 2740 1048 2796; x_wconf 73' lang='lat' dir='ltr'><strong>ebrietate</strong></span> <span class='ocrx_word' id='word_1_210' title='bbox 1072 2738 1301 2809; x_wconf 88' lang='lat' dir='ltr'><strong>quadam</strong></span> <span class='ocrx_word' id='word_1_211' title='bbox 1320 2738 1578 2805; x_wconf 82' lang='lat' dir='ltr'><strong>demersi,</strong></span> <span class='ocrx_word' id='word_1_212' title='bbox 1597 2739 1665 2794; x_wconf 86' lang='lat' dir='ltr'><strong>ad</strong></span> <span class='ocrx_word' id='word_1_213' title='bbox 1686 2755 1745 2795; x_wconf 88' lang='lat' dir='ltr'><strong>se</strong></span> <span class='ocrx_word' id='word_1_214' title='bbox 1769 2738 1946 2794; x_wconf 88' lang='lat' dir='ltr'><strong>redire</strong></span> <span class='ocrx_word' id='word_1_215' title='bbox 1972 2739 2108 2795; x_wconf 87' lang='lat' dir='ltr'><strong>ultra</strong></span> 
     </span>
    </p>
   </div>
   <div class='ocr_carea' id='block_1_28' title="bbox 521 2829 2105 2900">
    <p class='ocr_par' dir='ltr' id='par_1_28' title="bbox 521 2829 2105 2900">
     <span class='ocr_line' id='line_1_28' title="bbox 521 2829 2105 2900; baseline -0.003 -12"><span class='ocrx_word' id='word_1_216' title='bbox 521 2832 809 2888; x_wconf 90' lang='lat' dir='ltr'><strong>noluerunt</strong></span> <span class='ocrx_word' id='word_1_217' title='bbox 838 2849 849 2883; x_wconf 94' lang='lat'>:</span> <span class='ocrx_word' id='word_1_218' title='bbox 883 2829 1333 2900; x_wconf 89' lang='lat' dir='ltr'><strong>quemadmodum</strong></span> <span class='ocrx_word' id='word_1_219' title='bbox 1360 2839 1415 2885; x_wconf 89' lang='lat' dir='ltr'><strong>et</strong></span> <span class='ocrx_word' id='word_1_220' title='bbox 1441 2831 1656 2900; x_wconf 80' lang='lat' dir='ltr'><strong>sapiens</strong></span> <span class='ocrx_word' id='word_1_221' title='bbox 1695 2830 1911 2900; x_wconf 88' lang='lat' dir='ltr'><strong>quidam</strong></span> <span class='ocrx_word' id='word_1_222' title='bbox 1937 2830 2064 2886; x_wconf 89' lang='lat' dir='ltr'><strong>dicit</strong></span> <span class='ocrx_word' id='word_1_223' title='bbox 2092 2847 2105 2884; x_wconf 94' lang='lat'><strong>:</strong></span> 
     </span>
    </p>
   </div>
   <div class='ocr_carea' id='block_1_29' title="bbox 523 2919 2107 2994">
    <p class='ocr_par' dir='ltr' id='par_1_29' title="bbox 523 2919 2107 2994">
     <span class='ocr_line' id='line_1_29' title="bbox 523 2919 2107 2994; baseline -0.001 -17"><span class='ocrx_word' id='word_1_224' title='bbox 523 2923 719 2992; x_wconf 78' lang='lat' dir='ltr'><strong>Impius</strong></span> <span class='ocrx_word' id='word_1_225' title='bbox 740 2963 754 2986; x_wconf 94' lang='lat'><strong>,</strong></span> <span class='ocrx_word' id='word_1_226' title='bbox 801 2938 916 2974; x_wconf 86' lang='lat' dir='ltr'><strong>cum</strong></span> <span class='ocrx_word' id='word_1_227' title='bbox 942 2922 995 2976; x_wconf 91' lang='lat' dir='ltr'><strong>in</strong></span> <span class='ocrx_word' id='word_1_228' title='bbox 1023 2920 1331 2994; x_wconf 72' lang='lat' dir='ltr'><strong>profundum</strong></span> <span class='ocrx_word' id='word_1_229' title='bbox 1359 2919 1892 2986; x_wconf 80' lang='lat' dir='ltr'><strong>cecideritmalorum,</strong></span> <span class='ocrx_word' id='word_1_230' title='bbox 1937 2930 2107 2975; x_wconf 83' lang='lat' dir='ltr'><strong>conte-</strong></span> 
     </span>
    </p>
   </div>
   <div class='ocr_carea' id='block_1_30' title="bbox 524 3010 2104 3083">
    <p class='ocr_par' dir='ltr' id='par_1_30' title="bbox 524 3010 2104 3083">
     <span class='ocr_line' id='line_1_30' title="bbox 524 3010 2104 3083; baseline -0.001 -15"><span class='ocrx_word' id='word_1_231' title='bbox 524 3017 653 3069; x_wconf 85' lang='lat' dir='ltr'><strong>mnit</strong></span> <span class='ocrx_word' id='word_1_232' title='bbox 683 3012 862 3083; x_wconf 82' lang='lat' dir='ltr'><strong>(Prov.</strong></span> <span class='ocrx_word' id='word_1_233' title='bbox 899 3013 987 3066; x_wconf 84' lang='lat' dir='ltr'><strong>l8.</strong></span> <span class='ocrx_word' id='word_1_234' title='bbox 1020 3011 1098 3080; x_wconf 75' lang='lat'><strong>3).</strong></span> <span class='ocrx_word' id='word_1_235' title='bbox 1125 3010 1299 3066; x_wconf 84' lang='lat' dir='ltr'><strong>Grave</strong></span> <span class='ocrx_word' id='word_1_236' title='bbox 1336 3012 1500 3076; x_wconf 89' lang='lat' dir='ltr'><strong>enim,</strong></span> <span class='ocrx_word' id='word_1_237' title='bbox 1536 3024 1699 3078; x_wconf 77' lang='lat' dir='ltr'><strong>grave</strong></span> <span class='ocrx_word' id='word_1_238' title='bbox 1738 3017 1853 3074; x_wconf 86' lang='lat' dir='ltr'><strong>est,</strong></span> <span class='ocrx_word' id='word_1_239' title='bbox 1882 3011 2104 3075; x_wconf 86' lang='lat' dir='ltr'><strong>dilecte,</strong></span> 
     </span>
    </p>
   </div>
   <div class='ocr_carea' id='block_1_31' title="bbox 525 3100 2109 3178">
    <p class='ocr_par' dir='ltr' id='par_1_31' title="bbox 525 3100 2109 3178">
     <span class='ocr_line' id='line_1_31' title="bbox 525 3100 2109 3178; baseline -0.004 -15"><span class='ocrx_word' id='word_1_240' title='bbox 525 3106 645 3178; x_wconf 87' lang='lat' dir='ltr'><strong>capi</strong></span> <span class='ocrx_word' id='word_1_241' title='bbox 691 3104 894 3175; x_wconf 83' lang='lat' dir='ltr'><strong>laqueis</strong></span> <span class='ocrx_word' id='word_1_242' title='bbox 933 3102 1150 3157; x_wconf 83' lang='lat' dir='ltr'><strong>diaboli.</strong></span> <span class='ocrx_word' id='word_1_243' title='bbox 1207 3102 1397 3156; x_wconf 81' lang='lat' dir='ltr'><strong>Anima</strong></span> <span class='ocrx_word' id='word_1_244' title='bbox 1441 3100 1583 3156; x_wconf 90' lang='lat' dir='ltr'><strong>enim</strong></span> <span class='ocrx_word' id='word_1_245' title='bbox 1627 3110 1812 3170; x_wconf 87' lang='lat' dir='ltr'><strong>postea</strong></span> <span class='ocrx_word' id='word_1_246' title='bbox 1852 3103 2004 3171; x_wconf 87' lang='lat' dir='ltr'><strong>quasi</strong></span> <span class='ocrx_word' id='word_1_247' title='bbox 2056 3103 2109 3156; x_wconf 91' lang='lat' dir='ltr'><strong>in</strong></span> 
     </span>
    </p>
   </div>
   <div class='ocr_carea' id='block_1_32' title="bbox 524 3190 2109 3262">
    <p class='ocr_par' dir='ltr' id='par_1_32' title="bbox 524 3190 2109 3262">
     <span class='ocr_line' id='line_1_32' title="bbox 524 3190 2109 3262; baseline -0.004 -10"><span class='ocrx_word' id='word_1_248' title='bbox 524 3197 726 3252; x_wconf 83' lang='lat' dir='ltr'><strong>retibus</strong></span> <span class='ocrx_word' id='word_1_249' title='bbox 761 3192 1146 3262; x_wconf 87' lang='lat' dir='ltr'><strong>comprehensa</strong></span> <span class='ocrx_word' id='word_1_250' title='bbox 1181 3190 1439 3255; x_wconf 83' lang='lat' dir='ltr'><strong>trahitur,</strong></span> <span class='ocrx_word' id='word_1_251' title='bbox 1487 3199 1542 3245; x_wconf 91' lang='lat' dir='ltr'><strong>et</strong></span> <span class='ocrx_word' id='word_1_252' title='bbox 1584 3190 1723 3244; x_wconf 84' lang='lat' dir='ltr'><strong>sicut</strong></span> <span class='ocrx_word' id='word_1_253' title='bbox 1768 3204 1863 3245; x_wconf 89' lang='lat' dir='ltr'><strong>sus</strong></span> <span class='ocrx_word' id='word_1_254' title='bbox 1908 3191 1960 3244; x_wconf 89' lang='lat' dir='ltr'><strong>in</strong></span> <span class='ocrx_word' id='word_1_255' title='bbox 2016 3190 2109 3245; x_wconf 91' lang='lat' dir='ltr'><strong>luti</strong></span> 
     </span>
    </p>
   </div>
   <div class='ocr_carea' id='block_1_33' title="bbox 435 3269 2113 3348">
    <p class='ocr_par' dir='ltr' id='par_1_33' title="bbox 435 3269 2113 3348">
     <span class='ocr_line' id='line_1_33' title="bbox 435 3269 2113 3348; baseline -0.001 -7"><span class='ocrx_word' id='word_1_256' title='bbox 435 3269 454 3285; x_wconf 49' lang='grc'><strong>”</strong></span> <span class='ocrx_word' id='word_1_257' title='bbox 526 3286 804 3342; x_wconf 84' lang='lat' dir='ltr'><strong>volutabro</strong></span> <span class='ocrx_word' id='word_1_258' title='bbox 832 3285 1151 3348; x_wconf 84' lang='lat' dir='ltr'><strong>oblectatur,</strong></span> <span class='ocrx_word' id='word_1_259' title='bbox 1184 3283 1261 3338; x_wconf 88' lang='lat' dir='ltr'><strong>sic</strong></span> <span class='ocrx_word' id='word_1_260' title='bbox 1286 3291 1342 3337; x_wconf 87' lang='lat' dir='ltr'><strong>et</strong></span> <span class='ocrx_word' id='word_1_261' title='bbox 1369 3283 1468 3336; x_wconf 88' lang='lat' dir='ltr'><strong>ista</strong></span> <span class='ocrx_word' id='word_1_262' title='bbox 1497 3296 1527 3335; x_wconf 89' lang='lat' dir='ltr'><strong>a</strong></span> <span class='ocrx_word' id='word_1_263' title='bbox 1555 3281 1693 3335; x_wconf 86' lang='lat' dir='ltr'><strong>mala</strong></span> <span class='ocrx_word' id='word_1_264' title='bbox 1725 3283 2113 3340; x_wconf 87' lang='lat' dir='ltr'><strong>consuetudine</strong></span> 
     </span>
    </p>
   </div>
   <div class='ocr_carea' id='block_1_34' title="bbox 525 3372 2113 3444">
    <p class='ocr_par' dir='ltr' id='par_1_34' title="bbox 525 3372 2113 3444">
     <span class='ocr_line' id='line_1_34' title="bbox 525 3372 2113 3444; baseline -0.003 -10"><span class='ocrx_word' id='word_1_265' title='bbox 525 3379 736 3444; x_wconf 86' lang='lat' dir='ltr'><strong>obruta,</strong></span> <span class='ocrx_word' id='word_1_266' title='bbox 768 3393 835 3432; x_wconf 89' lang='lat' dir='ltr'><strong>ne</strong></span> <span class='ocrx_word' id='word_1_267' title='bbox 873 3375 1036 3432; x_wconf 85' lang='lat' dir='ltr'><strong>sentit</strong></span> <span class='ocrx_word' id='word_1_268' title='bbox 1060 3372 1274 3444; x_wconf 87' lang='lat' dir='ltr'><strong>quidem</strong></span> <span class='ocrx_word' id='word_1_269' title='bbox 1302 3382 1643 3444; x_wconf 79' lang='lat' dir='ltr'><strong>peccatorum</strong></span> <span class='ocrx_word' id='word_1_270' title='bbox 1673 3372 1942 3429; x_wconf 70' lang='lat' dir='ltr'><strong>fauorem.</strong></span> <span class='ocrx_word' id='word_1_271' title='bbox 1989 3373 2113 3429; x_wconf 88' lang='lat' dir='ltr'><strong>Ideo</strong></span> 
     </span>
    </p>
   </div>
   <div class='ocr_carea' id='block_1_35' title="bbox 524 3462 2113 3541">
    <p class='ocr_par' dir='ltr' id='par_1_35' title="bbox 524 3462 2113 3541">
     <span class='ocr_line' id='line_1_35' title="bbox 524 3462 2113 3541; baseline -0.005 -16"><span class='ocrx_word' id='word_1_272' title='bbox 524 3485 661 3541; x_wconf 88' lang='lat' dir='ltr'><strong>opus</strong></span> <span class='ocrx_word' id='word_1_273' title='bbox 698 3478 782 3524; x_wconf 87' lang='lat' dir='ltr'><strong>est</strong></span> <span class='ocrx_word' id='word_1_274' title='bbox 809 3478 865 3522; x_wconf 93' lang='lat' dir='ltr'><strong>ut</strong></span> <span class='ocrx_word' id='word_1_275' title='bbox 891 3466 1054 3522; x_wconf 85' lang='lat' dir='ltr'><strong>sobrii</strong></span> <span class='ocrx_word' id='word_1_276' title='bbox 1082 3475 1137 3520; x_wconf 88' lang='lat' dir='ltr'><strong>et</strong></span> <span class='ocrx_word' id='word_1_277' title='bbox 1163 3465 1350 3535; x_wconf 75' lang='lat' dir='ltr'><strong>vigiles</strong></span> <span class='ocrx_word' id='word_1_278' title='bbox 1377 3463 1574 3530; x_wconf 83' lang='lat' dir='ltr'><strong>simus,</strong></span> <span class='ocrx_word' id='word_1_279' title='bbox 1616 3478 1686 3518; x_wconf 89' lang='lat' dir='ltr'><strong>ne</strong></span> <span class='ocrx_word' id='word_1_280' title='bbox 1721 3462 1789 3516; x_wconf 90' lang='lat' dir='ltr'><strong>ab</strong></span> <span class='ocrx_word' id='word_1_281' title='bbox 1821 3463 1971 3518; x_wconf 89' lang='lat' dir='ltr'><strong>initio</strong></span> <span class='ocrx_word' id='word_1_282' title='bbox 1999 3463 2113 3518; x_wconf 84' lang='lat' dir='ltr'><strong>dia-</strong></span> 
     </span>
    </p>
   </div>
   <div class='ocr_carea' id='block_1_36' title="bbox 527 3555 2113 3632">
    <p class='ocr_par' dir='ltr' id='par_1_36' title="bbox 527 3555 2113 3632">
     <span class='ocr_line' id='line_1_36' title="bbox 527 3555 2113 3632; baseline -0.006 -13"><span class='ocrx_word' id='word_1_283' title='bbox 527 3562 650 3619; x_wconf 90' lang='lat' dir='ltr'><strong>bolo</strong></span> <span class='ocrx_word' id='word_1_284' title='bbox 694 3563 990 3632; x_wconf 85' lang='lat' dir='ltr'><strong>ingressum</strong></span> <span class='ocrx_word' id='word_1_285' title='bbox 1034 3557 1424 3620; x_wconf 87' lang='lat' dir='ltr'><strong>concedamus,</strong></span> <span class='ocrx_word' id='word_1_286' title='bbox 1464 3565 1522 3610; x_wconf 94' lang='lat' dir='ltr'><strong>ut</strong></span> <span class='ocrx_word' id='word_1_287' title='bbox 1561 3571 1629 3610; x_wconf 89' lang='lat' dir='ltr'><strong>ne</strong></span> <span class='ocrx_word' id='word_1_288' title='bbox 1657 3555 2000 3611; x_wconf 84' lang='lat' dir='ltr'><strong>obteuebrata</strong></span> <span class='ocrx_word' id='word_1_289' title='bbox 2027 3571 2113 3611; x_wconf 85' lang='lat' dir='ltr'><strong>ra-</strong></span> 
     </span>
    </p>
   </div>
   <div class='ocr_carea' id='block_1_37' title="bbox 529 3650 2112 3720">
    <p class='ocr_par' dir='ltr' id='par_1_37' title="bbox 529 3650 2112 3720">
     <span class='ocr_line' id='line_1_37' title="bbox 529 3650 2112 3720; baseline -0.005 -9"><span class='ocrx_word' id='word_1_290' title='bbox 529 3658 672 3712; x_wconf 80' lang='lat' dir='ltr'><strong>tione</strong></span> <span class='ocrx_word' id='word_1_291' title='bbox 711 3666 925 3720; x_wconf 86' lang='lat' dir='ltr'><strong>nostra,</strong></span> <span class='ocrx_word' id='word_1_292' title='bbox 964 3663 1018 3707; x_wconf 92' lang='lat' dir='ltr'><strong>et</strong></span> <span class='ocrx_word' id='word_1_293' title='bbox 1056 3658 1320 3708; x_wconf 61' lang='lat' dir='ltr'><strong>caementa</strong></span> <span class='ocrx_word' id='word_1_294' title='bbox 1357 3650 1550 3705; x_wconf 90' lang='lat' dir='ltr'><strong>mentis</strong></span> <span class='ocrx_word' id='word_1_295' title='bbox 1580 3650 1934 3720; x_wconf 85' lang='lat' dir='ltr'><strong>perspicacia,</strong></span> <span class='ocrx_word' id='word_1_296' title='bbox 1960 3650 2112 3719; x_wconf 87' lang='lat' dir='ltr'><strong>quasi</strong></span> 
     </span>
    </p>
   </div>
   <div class='ocr_carea' id='block_1_38' title="bbox 533 3741 2111 3817">
    <p class='ocr_par' dir='ltr' id='par_1_38' title="bbox 533 3741 2111 3817">
     <span class='ocr_line' id='line_1_38' title="bbox 533 3741 2111 3817; baseline -0.005 -13"><span class='ocrx_word' id='word_1_297' title='bbox 533 3749 767 3817; x_wconf 86' lang='lat' dir='ltr'><strong>privatos</strong></span> <span class='ocrx_word' id='word_1_298' title='bbox 799 3747 955 3814; x_wconf 82' lang='lat' dir='ltr'><strong>hujus</strong></span> <span class='ocrx_word' id='word_1_299' title='bbox 981 3745 1111 3799; x_wconf 89' lang='lat' dir='ltr'><strong>solis</strong></span> <span class='ocrx_word' id='word_1_300' title='bbox 1140 3743 1339 3798; x_wconf 90' lang='lat' dir='ltr'><strong>lumine</strong></span> <span class='ocrx_word' id='word_1_301' title='bbox 1368 3741 1575 3807; x_wconf 84' lang='lat' dir='ltr'><strong>reddat,</strong></span> <span class='ocrx_word' id='word_1_302' title='bbox 1610 3757 1711 3797; x_wconf 91' lang='lat' dir='ltr'><strong>nec</strong></span> <span class='ocrx_word' id='word_1_303' title='bbox 1748 3742 2022 3797; x_wconf 77' lang='lat' dir='ltr'><strong>valeamus</strong></span> <span class='ocrx_word' id='word_1_304' title='bbox 2059 3741 2111 3796; x_wconf 94' lang='lat' dir='ltr'><strong>in</strong></span> 
     </span>
    </p>
   </div>
   <div class='ocr_carea' id='block_1_39' title="bbox 530 3831 2114 3905">
    <p class='ocr_par' dir='ltr' id='par_1_39' title="bbox 530 3831 2114 3905">
     <span class='ocr_line' id='line_1_39' title="bbox 530 3831 2114 3905; baseline -0.005 -11"><span class='ocrx_word' id='word_1_305' title='bbox 530 3840 709 3894; x_wconf 86' lang='lat' dir='ltr'><strong>radios</strong></span> <span class='ocrx_word' id='word_1_306' title='bbox 734 3841 861 3892; x_wconf 86' lang='lat' dir='ltr'><strong>solis</strong></span> <span class='ocrx_word' id='word_1_307' title='bbox 884 3837 1102 3905; x_wconf 77' lang='lat' dir='ltr'><strong>justitia:</strong></span> <span class='ocrx_word' id='word_1_308' title='bbox 1130 3835 1391 3898; x_wconf 85' lang='lat' dir='ltr'><strong>euntueri,</strong></span> <span class='ocrx_word' id='word_1_309' title='bbox 1418 3844 1473 3889; x_wconf 90' lang='lat' dir='ltr'><strong>et</strong></span> <span class='ocrx_word' id='word_1_310' title='bbox 1499 3835 1568 3886; x_wconf 87' lang='lat' dir='ltr'><strong>ita</strong></span> <span class='ocrx_word' id='word_1_311' title='bbox 1597 3834 1648 3886; x_wconf 91' lang='lat' dir='ltr'><strong>in</strong></span> <span class='ocrx_word' id='word_1_312' title='bbox 1689 3848 1926 3903; x_wconf 73' lang='lat' dir='ltr'><strong>prmceps</strong></span> <span class='ocrx_word' id='word_1_313' title='bbox 1970 3831 2114 3888; x_wconf 83' lang='lat' dir='ltr'><strong>fera-</strong></span> 
     </span>
    </p>
   </div>
   <div class='ocr_carea' id='block_1_40' title="bbox 532 3911 2112 3997">
    <p class='ocr_par' dir='ltr' id='par_1_40' title="bbox 532 3911 2112 3997">
     <span class='ocr_line' id='line_1_40' title="bbox 532 3911 2112 3997; baseline -0.004 -11"><span class='ocrx_word' id='word_1_314' title='bbox 532 3947 652 3986; x_wconf 91' lang='lat' dir='ltr'><strong>mur</strong></span> <span class='ocrx_word' id='word_1_315' title='bbox 685 3947 698 3983; x_wconf 92' lang='lat'><strong>:</strong></span> <span class='ocrx_word' id='word_1_316' title='bbox 729 3928 778 3983; x_wconf 89' lang='lat' dir='ltr'><strong>id</strong></span> <span class='ocrx_word' id='word_1_317' title='bbox 809 3927 948 3997; x_wconf 76' lang='lat' dir='ltr'><strong>(ptod</strong></span> <span class='ocrx_word' id='word_1_318' title='bbox 979 3935 1033 3980; x_wconf 85' lang='lat' dir='ltr'><strong>et</strong></span> <span class='ocrx_word' id='word_1_319' title='bbox 1055 3925 1157 3980; x_wconf 87' lang='lat' dir='ltr'><strong>illis</strong></span> <span class='ocrx_word' id='word_1_320' title='bbox 1184 3937 1308 3978; x_wconf 88' lang='lat' dir='ltr'><strong>tunc</strong></span> <span class='ocrx_word' id='word_1_321' title='bbox 1337 3923 1555 3979; x_wconf 88' lang='lat' dir='ltr'><strong>accidit.</strong></span> <span class='ocrx_word' id='word_1_322' title='bbox 1585 3911 1718 3977; x_wconf 82' lang='lat' dir='ltr'><strong>Audi</strong></span> <span class='ocrx_word' id='word_1_323' title='bbox 1749 3924 1892 3978; x_wconf 86' lang='lat' dir='ltr'><strong>enim</strong></span> <span class='ocrx_word' id='word_1_324' title='bbox 1921 3925 2112 3979; x_wconf 86' lang='lat' dir='ltr'><strong>iterum</strong></span> 
     </span>
    </p>
   </div>
   <div class='ocr_carea' id='block_1_41' title="bbox 533 4012 2114 4082">
    <p class='ocr_par' dir='ltr' id='par_1_41' title="bbox 533 4012 2114 4082">
     <span class='ocr_line' id='line_1_41' title="bbox 533 4012 2114 4082; baseline -0.008 -7"><span class='ocrx_word' id='word_1_325' title='bbox 533 4020 788 4075; x_wconf 84' lang='lat' dir='ltr'><strong>bonitatis</strong></span> <span class='ocrx_word' id='word_1_326' title='bbox 811 4019 901 4072; x_wconf 87' lang='lat' dir='ltr'><strong>Dei</strong></span> <span class='ocrx_word' id='word_1_327' title='bbox 930 4015 1286 4070; x_wconf 84' lang='lat' dir='ltr'><strong>tolerantiam.</strong></span> <span class='ocrx_word' id='word_1_328' title='bbox 1319 4013 1372 4068; x_wconf 86' lang='lat'><strong>5.</strong></span> <span class='ocrx_word' id='word_1_329' title='bbox 1424 4012 1489 4066; x_wconf 82' lang='lat' dir='ltr'><strong>Ut</strong></span> <span class='ocrx_word' id='word_1_330' title='bbox 1529 4013 1651 4066; x_wconf 86' lang='lat' dir='ltr'><strong>vidit</strong></span> <span class='ocrx_word' id='word_1_331' title='bbox 1691 4020 1876 4076; x_wconf 85' lang='lat' dir='ltr'><strong>autem,</strong></span> <span class='ocrx_word' id='word_1_332' title='bbox 1924 4012 2114 4082; x_wconf 83' lang='lat' dir='ltr'><strong>inquit,</strong></span> 
     </span>
    </p>
   </div>
   <div class='ocr_carea' id='block_1_42' title="bbox 534 4103 2119 4179">
    <p class='ocr_par' dir='ltr' id='par_1_42' title="bbox 534 4103 2119 4179">
     <span class='ocr_line' id='line_1_42' title="bbox 534 4103 2119 4179; baseline -0.008 -10"><span class='ocrx_word' id='word_1_333' title='bbox 534 4113 787 4168; x_wconf 81' lang='lat' dir='ltr'><strong>Dominus</strong></span> <span class='ocrx_word' id='word_1_334' title='bbox 820 4109 976 4175; x_wconf 88' lang='lat' dir='ltr'><strong>Deus,</strong></span> <span class='ocrx_word' id='word_1_335' title='bbox 1007 4107 1143 4179; x_wconf 83' lang='lat' dir='ltr'><strong>quod</strong></span> <span class='ocrx_word' id='word_1_336' title='bbox 1187 4105 1538 4174; x_wconf 62' lang='lat' dir='ltr'><strong>multiplicata</strong></span> <span class='ocrx_word' id='word_1_337' title='bbox 1577 4113 1695 4158; x_wconf 83' lang='lat' dir='ltr'><strong>sunt</strong></span> <span class='ocrx_word' id='word_1_338' title='bbox 1726 4104 1932 4158; x_wconf 73' lang='lat' dir='ltr'><strong>malitia</strong></span> <span class='ocrx_word' id='word_1_339' title='bbox 1958 4103 2119 4156; x_wconf 76' lang='lat' dir='ltr'><strong>homi-</strong></span> 
     </span>
    </p>
   </div>
   <div class='ocr_carea' id='block_1_43' title="bbox 537 4191 2119 4271">
    <p class='ocr_par' dir='ltr' id='par_1_43' title="bbox 537 4191 2119 4271">
     <span class='ocr_line' id='line_1_43' title="bbox 537 4191 2119 4271; baseline -0.008 -13"><span class='ocrx_word' id='word_1_340' title='bbox 537 4219 660 4258; x_wconf 85' lang='lat' dir='ltr'><strong>num</strong></span> <span class='ocrx_word' id='word_1_341' title='bbox 689 4216 838 4271; x_wconf 82' lang='lat' dir='ltr'><strong>super</strong></span> <span class='ocrx_word' id='word_1_342' title='bbox 861 4209 1067 4252; x_wconf 77' lang='lat' dir='ltr'><strong>terrain.</strong></span> <span class='ocrx_word' id='word_1_343' title='bbox 1095 4195 1230 4263; x_wconf 88' lang='lat' dir='ltr'><strong>Quid</strong></span> <span class='ocrx_word' id='word_1_344' title='bbox 1258 4196 1356 4250; x_wconf 85' lang='lat' dir='ltr'><strong>sibi</strong></span> <span class='ocrx_word' id='word_1_345' title='bbox 1386 4195 1498 4248; x_wconf 91' lang='lat' dir='ltr'><strong>vult</strong></span> <span class='ocrx_word' id='word_1_346' title='bbox 1527 4193 1628 4248; x_wconf 89' lang='lat' dir='ltr'><strong>hoc</strong></span> <span class='ocrx_word' id='word_1_347' title='bbox 1653 4193 1874 4260; x_wconf 90' lang='lat' dir='ltr'><strong>dictum,</strong></span> <span class='ocrx_word' id='word_1_348' title='bbox 1900 4191 1968 4247; x_wconf 85' lang='lat' dir='ltr'><strong>Ut</strong></span> <span class='ocrx_word' id='word_1_349' title='bbox 1996 4194 2119 4247; x_wconf 85' lang='lat' dir='ltr'><strong>vidit</strong></span> 
     </span>
    </p>
   </div>
   <div class='ocr_carea' id='block_1_44' title="bbox 531 4285 2119 4361">
    <p class='ocr_par' dir='ltr' id='par_1_44' title="bbox 531 4285 2119 4361">
     <span class='ocr_line' id='line_1_44' title="bbox 531 4285 2119 4361; baseline -0.008 -8"><span class='ocrx_word' id='word_1_350' title='bbox 531 4295 742 4353; x_wconf 77' lang='lat' dir='ltr'><strong>autem!</strong></span> <span class='ocrx_word' id='word_1_351' title='bbox 789 4294 922 4350; x_wconf 79' lang='lat' dir='ltr'><strong>Num</strong></span> <span class='ocrx_word' id='word_1_352' title='bbox 967 4289 1245 4361; x_wconf 88' lang='lat' dir='ltr'><strong>ignorabat</strong></span> <span class='ocrx_word' id='word_1_353' title='bbox 1287 4286 1579 4342; x_wconf 83' lang='lat' dir='ltr'><strong>Dominus?</strong></span> <span class='ocrx_word' id='word_1_354' title='bbox 1621 4287 1776 4342; x_wconf 83' lang='lat' dir='ltr'><strong>Absit</strong></span> <span class='ocrx_word' id='word_1_355' title='bbox 1819 4303 1832 4340; x_wconf 92' lang='lat'><strong>:</strong></span> <span class='ocrx_word' id='word_1_356' title='bbox 1884 4285 1978 4341; x_wconf 89' lang='lat' dir='ltr'><strong>sed</strong></span> <span class='ocrx_word' id='word_1_357' title='bbox 2022 4301 2119 4356; x_wconf 91' lang='lat' dir='ltr'><strong>pro</strong></span> 
     </span>
    </p>
   </div>
   <div class='ocr_carea' id='block_1_45' title="bbox 536 4377 2120 4446">
    <p class='ocr_par' dir='ltr' id='par_1_45' title="bbox 536 4377 2120 4446">
     <span class='ocr_line' id='line_1_45' title="bbox 536 4377 2120 4446; baseline -0.009 -1"><span class='ocrx_word' id='word_1_358' title='bbox 536 4398 720 4445; x_wconf 86' lang='lat' dir='ltr'><strong>nostra</strong></span> <span class='ocrx_word' id='word_1_359' title='bbox 752 4384 1060 4440; x_wconf 74' lang='lat' dir='ltr'><strong>inﬁrmitate</strong></span> <span class='ocrx_word' id='word_1_360' title='bbox 1086 4381 1263 4435; x_wconf 82' lang='lat' dir='ltr'><strong>omnia</strong></span> <span class='ocrx_word' id='word_1_361' title='bbox 1286 4388 1468 4434; x_wconf 80' lang='lat' dir='ltr'><strong>narrat</strong></span> <span class='ocrx_word' id='word_1_362' title='bbox 1495 4378 1670 4432; x_wconf 87' lang='lat' dir='ltr'><strong>divina</strong></span> <span class='ocrx_word' id='word_1_363' title='bbox 1701 4377 1975 4446; x_wconf 68' lang='lat' dir='ltr'><strong>Scriptura</strong></span> <span class='ocrx_word' id='word_1_364' title='bbox 2001 4393 2014 4429; x_wconf 91' lang='lat'>:</span> <span class='ocrx_word' id='word_1_365' title='bbox 2063 4384 2120 4430; x_wconf 90' lang='lat' dir='ltr'><strong>ut</strong></span> 
     </span>
    </p>
   </div>
   <div class='ocr_carea' id='block_1_46' title="bbox 536 4466 2117 4542">
    <p class='ocr_par' dir='ltr' id='par_1_46' title="bbox 536 4466 2117 4542">
     <span class='ocr_line' id='line_1_46' title="bbox 536 4466 2117 4542; baseline -0.009 -8"><span class='ocrx_word' id='word_1_366' title='bbox 536 4493 636 4534; x_wconf 88' lang='lat' dir='ltr'><strong>nos</strong></span> <span class='ocrx_word' id='word_1_367' title='bbox 664 4479 888 4542; x_wconf 86' lang='lat' dir='ltr'><strong>doceat,</strong></span> <span class='ocrx_word' id='word_1_368' title='bbox 920 4489 1014 4530; x_wconf 88' lang='lat' dir='ltr'><strong>eos</strong></span> <span class='ocrx_word' id='word_1_369' title='bbox 1038 4473 1196 4526; x_wconf 83' lang='lat' dir='ltr'><strong>etiam</strong></span> <span class='ocrx_word' id='word_1_370' title='bbox 1236 4480 1356 4540; x_wconf 92' lang='lat' dir='ltr'><strong>post</strong></span> <span class='ocrx_word' id='word_1_371' title='bbox 1399 4477 1596 4522; x_wconf 83' lang='lat' dir='ltr'><strong>tantam</strong></span> <span class='ocrx_word' id='word_1_372' title='bbox 1641 4467 1735 4522; x_wconf 86' lang='lat' dir='ltr'><strong>Dei</strong></span> <span class='ocrx_word' id='word_1_373' title='bbox 1780 4466 2117 4521; x_wconf 80' lang='lat' dir='ltr'><strong>tolerantiam</strong></span> 
     </span>
    </p>
   </div>
   <div class='ocr_carea' id='block_1_47' title="bbox 535 4557 2118 4628">
    <p class='ocr_par' dir='ltr' id='par_1_47' title="bbox 535 4557 2118 4628">
     <span class='ocr_line' id='line_1_47' title="bbox 535 4557 2118 4628; baseline -0.009 -2"><span class='ocrx_word' id='word_1_374' title='bbox 535 4572 591 4626; x_wconf 92' lang='lat' dir='ltr'><strong>in</strong></span> <span class='ocrx_word' id='word_1_375' title='bbox 641 4567 832 4623; x_wconf 90' lang='lat' dir='ltr'><strong>iisdem</strong></span> <span class='ocrx_word' id='word_1_376' title='bbox 881 4563 1143 4619; x_wconf 86' lang='lat' dir='ltr'><strong>mansisse</strong></span> <span class='ocrx_word' id='word_1_377' title='bbox 1187 4561 1382 4622; x_wconf 87' lang='lat' dir='ltr'><strong>malis,</strong></span> <span class='ocrx_word' id='word_1_378' title='bbox 1409 4567 1502 4614; x_wconf 87' lang='lat' dir='ltr'><strong>aut</strong></span> <span class='ocrx_word' id='word_1_379' title='bbox 1526 4560 1690 4613; x_wconf 88' lang='lat' dir='ltr'><strong>etiam</strong></span> <span class='ocrx_word' id='word_1_380' title='bbox 1736 4558 1791 4612; x_wconf 90' lang='lat' dir='ltr'><strong>in</strong></span> <span class='ocrx_word' id='word_1_381' title='bbox 1834 4557 2012 4628; x_wconf 88' lang='lat' dir='ltr'><strong>pejora</strong></span> <span class='ocrx_word' id='word_1_382' title='bbox 2059 4572 2118 4611; x_wconf 87' lang='lat' dir='ltr'><strong>se</strong></span> 
     </span>
    </p>
   </div>
   <div class='ocr_carea' id='block_1_48' title="bbox 531 4650 2121 4733">
    <p class='ocr_par' dir='ltr' id='par_1_48' title="bbox 531 4650 2121 4733">
     <span class='ocr_line' id='line_1_48' title="bbox 531 4650 2121 4733; baseline -0.013 -13"><span class='ocrx_word' id='word_1_383' title='bbox 531 4661 860 4733; x_wconf 86' lang='lat' dir='ltr'><strong>conjecisse.</strong></span> <span class='ocrx_word' id='word_1_384' title='bbox 906 4658 1023 4712; x_wconf 83' lang='lat' dir='ltr'><strong>uit:</strong></span> <span class='ocrx_word' id='word_1_385' title='bbox 1060 4654 1129 4710; x_wconf 87' lang='lat' dir='ltr'><strong>Ut</strong></span> <span class='ocrx_word' id='word_1_386' title='bbox 1166 4652 1291 4708; x_wconf 75' lang='lat' dir='ltr'><strong>vidit</strong></span> <span class='ocrx_word' id='word_1_387' title='bbox 1339 4662 1542 4716; x_wconf 87' lang='lat' dir='ltr'><strong>autem,</strong></span> <span class='ocrx_word' id='word_1_388' title='bbox 1581 4650 1719 4722; x_wconf 85' lang='lat' dir='ltr'><strong>quod</strong></span> <span class='ocrx_word' id='word_1_389' title='bbox 1771 4650 2121 4718; x_wconf 68' lang='lat' dir='ltr'><strong>multiplicant</strong></span> 
     </span>
    </p>
   </div>
   <div class='ocr_carea' id='block_1_49' title="bbox 534 4740 2122 4813">
    <p class='ocr_par' dir='ltr' id='par_1_49' title="bbox 534 4740 2122 4813">
     <span class='ocr_line' id='line_1_49' title="bbox 534 4740 2122 4813; baseline -0.009 -5"><span class='ocrx_word' id='word_1_390' title='bbox 534 4764 652 4809; x_wconf 87' lang='lat' dir='ltr'><strong>sunt</strong></span> <span class='ocrx_word' id='word_1_391' title='bbox 677 4749 885 4804; x_wconf 66' lang='lat' dir='ltr'><strong>malitia</strong></span> <span class='ocrx_word' id='word_1_392' title='bbox 913 4748 1170 4802; x_wconf 74' lang='lat' dir='ltr'><strong>hominum</strong></span> <span class='ocrx_word' id='word_1_393' title='bbox 1195 4759 1346 4813; x_wconf 85' lang='lat' dir='ltr'><strong>super</strong></span> <span class='ocrx_word' id='word_1_394' title='bbox 1362 4752 1566 4796; x_wconf 88' lang='lat' dir='ltr'><strong>terram.</strong></span> <span class='ocrx_word' id='word_1_395' title='bbox 1603 4742 1676 4795; x_wconf 88' lang='lat' dir='ltr'><strong>Ex</strong></span> <span class='ocrx_word' id='word_1_396' title='bbox 1698 4740 1799 4794; x_wconf 82' lang='lat' dir='ltr'><strong>hoc</strong></span> <span class='ocrx_word' id='word_1_397' title='bbox 1817 4741 1958 4795; x_wconf 86' lang='lat' dir='ltr'><strong>enim</strong></span> <span class='ocrx_word' id='word_1_398' title='bbox 1981 4740 2122 4794; x_wconf 85' lang='lat' dir='ltr'><strong>malo</strong></span> 
     </span>
    </p>
   </div>
   <div class='ocr_carea' id='block_1_50' title="bbox 535 4831 2118 4914">
    <p class='ocr_par' dir='ltr' id='par_1_50' title="bbox 535 4831 2118 4914">
     <span class='ocr_line' id='line_1_50' title="bbox 535 4831 2118 4914; baseline -0.011 -12"><span class='ocrx_word' id='word_1_399' title='bbox 535 4859 720 4914; x_wconf 88' lang='lat' dir='ltr'><strong>opere,</strong></span> <span class='ocrx_word' id='word_1_400' title='bbox 746 4841 896 4912; x_wconf 83' lang='lat' dir='ltr'><strong>quasi</strong></span> <span class='ocrx_word' id='word_1_401' title='bbox 924 4854 955 4893; x_wconf 88' lang='lat' dir='ltr'><strong>o</strong></span> <span class='ocrx_word' id='word_1_402' title='bbox 975 4837 1121 4893; x_wconf 86' lang='lat' dir='ltr'><strong>l‘ontc</strong></span> <span class='ocrx_word' id='word_1_403' title='bbox 1149 4835 1377 4906; x_wconf 85' lang='lat' dir='ltr'><strong>quodam</strong></span> <span class='ocrx_word' id='word_1_404' title='bbox 1405 4875 1419 4898; x_wconf 94' lang='lat'><strong>,</strong></span> <span class='ocrx_word' id='word_1_405' title='bbox 1452 4833 1615 4886; x_wconf 88' lang='lat' dir='ltr'><strong>multa</strong></span> <span class='ocrx_word' id='word_1_406' title='bbox 1661 4832 1822 4886; x_wconf 89' lang='lat' dir='ltr'><strong>etiam</strong></span> <span class='ocrx_word' id='word_1_407' title='bbox 1851 4832 1955 4886; x_wconf 85' lang='lat' dir='ltr'><strong>alia</strong></span> <span class='ocrx_word' id='word_1_408' title='bbox 1987 4831 2118 4887; x_wconf 88' lang='lat' dir='ltr'><strong>sub-</strong></span> 
     </span>
    </p>
   </div>
   <div class='ocr_carea' id='block_1_51' title="bbox 537 4922 2118 5004">
    <p class='ocr_par' dir='ltr' id='par_1_51' title="bbox 537 4922 2118 5004">
     <span class='ocr_line' id='line_1_51' title="bbox 537 4922 2118 5004; baseline -0.01 -12"><span class='ocrx_word' id='word_1_409' title='bbox 537 4939 844 4995; x_wconf 81' lang='lat' dir='ltr'><strong>oriebantur</strong></span> <span class='ocrx_word' id='word_1_410' title='bbox 859 4939 1074 5004; x_wconf 85' lang='lat' dir='ltr'><strong>peccata</strong></span> <span class='ocrx_word' id='word_1_411' title='bbox 1103 4947 1116 4982; x_wconf 75' lang='grc' dir='ltr'>ε</span> <span class='ocrx_word' id='word_1_412' title='bbox 1138 4928 1257 4983; x_wconf 89' lang='lat' dir='ltr'><strong>ideo</strong></span> <span class='ocrx_word' id='word_1_413' title='bbox 1277 4927 1426 4991; x_wconf 87' lang='lat' dir='ltr'><strong>dicit,</strong></span> <span class='ocrx_word' id='word_1_414' title='bbox 1453 4924 1667 4980; x_wconf 68' lang='lat' dir='ltr'><strong>Malitia</strong></span> <span class='ocrx_word' id='word_1_415' title='bbox 1683 4925 1961 4978; x_wconf 79' lang='lat' dir='ltr'><strong>hominum.</strong></span> <span class='ocrx_word' id='word_1_416' title='bbox 1985 4922 2118 4977; x_wconf 87' lang='lat' dir='ltr'><strong>Nam</strong></span> 
     </span>
    </p>
   </div>
   <div class='ocr_carea' id='block_1_52' title="bbox 539 5017 2117 5092">
    <p class='ocr_par' dir='ltr' id='par_1_52' title="bbox 539 5017 2117 5092">
     <span class='ocr_line' id='line_1_52' title="bbox 539 5017 2117 5092; baseline -0.012 -4"><span class='ocrx_word' id='word_1_417' title='bbox 539 5034 626 5088; x_wconf 90' lang='lat' dir='ltr'><strong>ubi</strong></span> <span class='ocrx_word' id='word_1_418' title='bbox 677 5028 969 5092; x_wconf 77' lang='lat' dir='ltr'><strong>soortatio,</strong></span> <span class='ocrx_word' id='word_1_419' title='bbox 1019 5033 1076 5080; x_wconf 92' lang='lat' dir='ltr'><strong>et</strong></span> <span class='ocrx_word' id='word_1_420' title='bbox 1103 5024 1307 5078; x_wconf 87' lang='lat' dir='ltr'><strong>luxuria</strong></span> <span class='ocrx_word' id='word_1_421' title='bbox 1338 5063 1355 5087; x_wconf 93' lang='lat'><strong>,</strong></span> <span class='ocrx_word' id='word_1_422' title='bbox 1408 5029 1462 5076; x_wconf 88' lang='lat' dir='ltr'><strong>et</strong></span> <span class='ocrx_word' id='word_1_423' title='bbox 1505 5029 1648 5074; x_wconf 87' lang='lat' dir='ltr'><strong>tanta</strong></span> <span class='ocrx_word' id='word_1_424' title='bbox 1681 5017 2117 5088; x_wconf 86' lang='lat' dir='ltr'><strong>intemperantia,</strong></span> 
     </span>
    </p>
   </div>
   <div class='ocr_carea' id='block_1_53' title="bbox 535 5110 2119 5179">
    <p class='ocr_par' dir='ltr' id='par_1_53' title="bbox 535 5110 2119 5179">
     <span class='ocr_line' id='line_1_53' title="bbox 535 5110 2119 5179; baseline -0.009 -4"><span class='ocrx_word' id='word_1_425' title='bbox 535 5118 828 5177; x_wconf 83' lang='lat' dir='ltr'><strong>verisimile</strong></span> <span class='ocrx_word' id='word_1_426' title='bbox 855 5126 937 5172; x_wconf 91' lang='lat' dir='ltr'><strong>est</strong></span> <span class='ocrx_word' id='word_1_427' title='bbox 967 5117 1039 5171; x_wconf 88' lang='lat' dir='ltr'><strong>ibi</strong></span> <span class='ocrx_word' id='word_1_428' title='bbox 1070 5122 1126 5170; x_wconf 87' lang='lat' dir='ltr'><strong>et</strong></span> <span class='ocrx_word' id='word_1_429' title='bbox 1162 5113 1497 5176; x_wconf 85' lang='lat' dir='ltr'><strong>ebrietatem,</strong></span> <span class='ocrx_word' id='word_1_430' title='bbox 1526 5120 1580 5165; x_wconf 91' lang='lat' dir='ltr'><strong>et</strong></span> <span class='ocrx_word' id='word_1_431' title='bbox 1606 5110 1971 5179; x_wconf 70' lang='lat' dir='ltr'><strong>crapulam,et</strong></span> <span class='ocrx_word' id='word_1_432' title='bbox 2005 5123 2119 5162; x_wconf 85' lang='lat' dir='ltr'><strong>ma-</strong></span> 
     </span>
    </p>
   </div>
   <div class='ocr_carea' id='block_1_54' title="bbox 537 5201 2119 5284">
    <p class='ocr_par' dir='ltr' id='par_1_54' title="bbox 537 5201 2119 5284">
     <span class='ocr_line' id='line_1_54' title="bbox 537 5201 2119 5284; baseline -0.008 -18"><span class='ocrx_word' id='word_1_433' title='bbox 537 5228 695 5284; x_wconf 86' lang='lat' dir='ltr'><strong>gnam</strong></span> <span class='ocrx_word' id='word_1_434' title='bbox 751 5209 1083 5279; x_wconf 74' lang='lat' dir='ltr'><strong>iniustitiam,</strong></span> <span class='ocrx_word' id='word_1_435' title='bbox 1127 5214 1182 5262; x_wconf 88' lang='lat' dir='ltr'><strong>et</strong></span> <span class='ocrx_word' id='word_1_436' title='bbox 1235 5205 1550 5267; x_wconf 85' lang='lat' dir='ltr'><strong>avaritiam,</strong></span> <span class='ocrx_word' id='word_1_437' title='bbox 1607 5205 1991 5272; x_wconf 88' lang='lat' dir='ltr'><strong>innumeraque</strong></span> <span class='ocrx_word' id='word_1_438' title='bbox 2019 5201 2119 5254; x_wconf 88' lang='lat' dir='ltr'><strong>alia</strong></span> 
     </span>
    </p>
   </div>
   <div class='ocr_carea' id='block_1_55' title="bbox 540 5291 2121 5366">
    <p class='ocr_par' dir='ltr' id='par_1_55' title="bbox 540 5291 2121 5366">
     <span class='ocr_line' id='line_1_55' title="bbox 540 5291 2121 5366; baseline -0.008 -6"><span class='ocrx_word' id='word_1_439' title='bbox 540 5304 686 5360; x_wconf 87' lang='lat' dir='ltr'><strong>nasci</strong></span> <span class='ocrx_word' id='word_1_440' title='bbox 738 5303 894 5356; x_wconf 85' lang='lat' dir='ltr'><strong>mala.</strong></span> <span class='ocrx_word' id='word_1_441' title='bbox 930 5300 996 5355; x_wconf 85' lang='lat' dir='ltr'><strong>Ut</strong></span> <span class='ocrx_word' id='word_1_442' title='bbox 1025 5300 1146 5354; x_wconf 80' lang='lat' dir='ltr'><strong>vidit</strong></span> <span class='ocrx_word' id='word_1_443' title='bbox 1188 5309 1356 5351; x_wconf 85' lang='lat' dir='ltr'><strong>autem</strong></span> <span class='ocrx_word' id='word_1_444' title='bbox 1380 5338 1396 5360; x_wconf 90' lang='lat'><strong>,</strong></span> <span class='ocrx_word' id='word_1_445' title='bbox 1428 5295 1637 5366; x_wconf 91' lang='lat' dir='ltr'><strong>inquit,</strong></span> <span class='ocrx_word' id='word_1_446' title='bbox 1686 5294 1934 5348; x_wconf 82' lang='lat' dir='ltr'><strong>Dominus</strong></span> <span class='ocrx_word' id='word_1_447' title='bbox 1982 5291 2121 5347; x_wconf 85' lang='lat' dir='ltr'><strong>Deus</strong></span> 
     </span>
    </p>
   </div>
   <div class='ocr_carea' id='block_1_56' title="bbox 537 5387 2118 5460">
    <p class='ocr_par' dir='ltr' id='par_1_56' title="bbox 537 5387 2118 5460">
     <span class='ocr_line' id='line_1_56' title="bbox 537 5387 2118 5460; baseline -0.009 -10"><span class='ocrx_word' id='word_1_448' title='bbox 537 5396 671 5460; x_wconf 82' lang='lat' dir='ltr'><strong>quod</strong></span> <span class='ocrx_word' id='word_1_449' title='bbox 698 5393 1044 5460; x_wconf 65' lang='lat' dir='ltr'><strong>multiplicatu-</strong></span> <span class='ocrx_word' id='word_1_450' title='bbox 1069 5398 1183 5443; x_wconf 81' lang='lat' dir='ltr'><strong>sunt</strong></span> <span class='ocrx_word' id='word_1_451' title='bbox 1218 5389 1424 5442; x_wconf 81' lang='lat' dir='ltr'><strong>malitia:</strong></span> <span class='ocrx_word' id='word_1_452' title='bbox 1452 5387 1707 5440; x_wconf 82' lang='lat' dir='ltr'><strong>hominum</strong></span> <span class='ocrx_word' id='word_1_453' title='bbox 1731 5402 1881 5455; x_wconf 83' lang='lat' dir='ltr'><strong>super</strong></span> <span class='ocrx_word' id='word_1_454' title='bbox 1913 5394 2118 5449; x_wconf 89' lang='lat' dir='ltr'><strong>terram,</strong></span> 
     </span>
    </p>
   </div>
   <div class='ocr_carea' id='block_1_57' title="bbox 540 5560 2122 5628">
    <p class='ocr_par' dir='ltr' id='par_1_57' title="bbox 540 5560 2122 5628">
     <span class='ocr_line' id='line_1_57' title="bbox 540 5560 2122 5628; baseline -0.009 -6"><span class='ocrx_word' id='word_1_455' title='bbox 540 5571 807 5621; x_wconf 82' lang='lat' dir='ltr'><strong>diluvium:</strong></span> <span class='ocrx_word' id='word_1_456' title='bbox 836 5567 983 5627; x_wconf 88' lang='lat' dir='ltr'><strong>illud,</strong></span> <span class='ocrx_word' id='word_1_457' title='bbox 1021 5568 1244 5628; x_wconf 86' lang='lat' dir='ltr'><strong>inquam,</strong></span> <span class='ocrx_word' id='word_1_458' title='bbox 1285 5575 1448 5628; x_wconf 84' lang='lat' dir='ltr'><strong>contra</strong></span> <span class='ocrx_word' id='word_1_459' title='bbox 1485 5573 1789 5628; x_wconf 77' lang='lat' dir='ltr'><strong>communem</strong></span> <span class='ocrx_word' id='word_1_460' title='bbox 1828 5560 2122 5628; x_wconf 78' lang='lat' dir='ltr'><strong>sententiam</strong></span> 
     </span>
    </p>
   </div>
   <div class='ocr_carea' id='block_1_58' title="bbox 542 5622 2121 5697">
    <p class='ocr_par' dir='ltr' id='par_1_58' title="bbox 542 5622 2121 5697">
     <span class='ocr_line' id='line_1_58' title="bbox 542 5622 2121 5697; baseline -0.009 -15"><span class='ocrx_word' id='word_1_461' title='bbox 542 5640 636 5682; x_wconf 71' lang='lat' dir='ltr'><strong>est.</strong></span> <span class='ocrx_word' id='word_1_462' title='bbox 656 5639 766 5697; x_wconf 68' lang='lat' dir='ltr'><strong>Nam</strong></span> <span class='ocrx_word' id='word_1_463' title='bbox 791 5622 982 5697; x_wconf 79' lang='lat' dir='ltr'><strong>putatur</strong></span> <span class='ocrx_word' id='word_1_464' title='bbox 1001 5622 1294 5697; x_wconf 61' lang='lat' dir='ltr'><strong>his&#39;iudicari</strong></span> <span class='ocrx_word' id='word_1_465' title='bbox 1328 5627 1533 5697; x_wconf 72' lang='lat' dir='ltr'><strong>spatium</strong></span> <span class='ocrx_word' id='word_1_466' title='bbox 1572 5625 1683 5697; x_wconf 68' lang='lat' dir='ltr'><strong>vitae</strong></span> <span class='ocrx_word' id='word_1_467' title='bbox 1715 5622 2121 5697; x_wconf 37' lang='lat' dir='ltr'><strong>hotuinisupostea</strong></span> 
     </span>
    </p>
   </div>
   <div class='ocr_carea' id='block_1_59' title="bbox 539 5681 2118 5750">
    <p class='ocr_par' dir='ltr' id='par_1_59' title="bbox 539 5681 2118 5750">
     <span class='ocr_line' id='line_1_59' title="bbox 539 5681 2118 5750; baseline -0.009 -7"><span class='ocrx_word' id='word_1_468' title='bbox 539 5681 921 5744; x_wconf 72' lang='lat' dir='ltr'><strong>contrahendum</strong></span> <span class='ocrx_word' id='word_1_469' title='bbox 944 5698 994 5739; x_wconf 90' lang='lat' dir='ltr'><strong>et</strong></span> <span class='ocrx_word' id='word_1_470' title='bbox 1017 5690 1076 5738; x_wconf 85' lang='lat' dir='ltr'><strong>ad</strong></span> <span class='ocrx_word' id='word_1_471' title='bbox 1100 5696 1298 5739; x_wconf 86' lang='lat' dir='ltr'><strong>centum</strong></span> <span class='ocrx_word' id='word_1_472' title='bbox 1322 5681 1488 5750; x_wconf 83' lang='lat' dir='ltr'><strong>viginti</strong></span> <span class='ocrx_word' id='word_1_473' title='bbox 1513 5696 1664 5750; x_wconf 68' lang='lat' dir='ltr'><strong>annos</strong></span> <span class='ocrx_word' id='word_1_474' title='bbox 1685 5681 2042 5750; x_wconf 80' lang='lat' dir='ltr'><strong>redigendum;</strong></span> <span class='ocrx_word' id='word_1_475' title='bbox 2064 5685 2118 5729; x_wconf 88' lang='lat' dir='ltr'><strong>et</strong></span> 
     </span>
    </p>
   </div>
   <div class='ocr_carea' id='block_1_60' title="bbox 539 5743 1962 5816">
    <p class='ocr_par' dir='ltr' id='par_1_60' title="bbox 539 5743 1962 5816">
     <span class='ocr_line' id='line_1_60' title="bbox 539 5743 1962 5816; baseline -0.011 -9"><span class='ocrx_word' id='word_1_476' title='bbox 539 5743 592 5807; x_wconf 77' lang='lat' dir='ltr'><strong>ut</strong></span> <span class='ocrx_word' id='word_1_477' title='bbox 615 5755 727 5806; x_wconf 84' lang='lat' dir='ltr'><strong>anni</strong></span> <span class='ocrx_word' id='word_1_478' title='bbox 749 5751 1068 5816; x_wconf 80' lang='lat' dir='ltr'><strong>chronologici</strong></span> <span class='ocrx_word' id='word_1_479' title='bbox 1091 5751 1330 5815; x_wconf 82' lang='lat' dir='ltr'><strong>quadrent</strong></span> <span class='ocrx_word' id='word_1_480' title='bbox 1349 5743 1453 5810; x_wconf 49' lang='lat' dir='ltr'><strong>{sic</strong></span> <span class='ocrx_word' id='word_1_481' title='bbox 1474 5743 1848 5808; x_wconf 73' lang='lat' dir='ltr'><strong>intelligendum</strong></span> <span class='ocrx_word' id='word_1_482' title='bbox 1869 5752 1962 5794; x_wconf 82' lang='lat' dir='ltr'><strong>est.</strong></span> 
     </span>
    </p>
   </div>
   <div class='ocr_carea' id='block_1_61' title="bbox 1254 333 3083 404">
    <p class='ocr_par' dir='ltr' id='par_1_61' title="bbox 1254 333 3083 404">
     <span class='ocr_line' id='line_1_61' title="bbox 1254 333 3083 404; baseline 0.001 -6"><span class='ocrx_word' id='word_1_483' title='bbox 1254 341 1310 398; x_wconf 84' lang='lat' dir='ltr'><strong>S.</strong></span> <span class='ocrx_word' id='word_1_484' title='bbox 1349 338 1630 399; x_wconf 67' lang='lat' dir='ltr'><strong>JOANNIS</strong></span> <span class='ocrx_word' id='word_1_485' title='bbox 1666 335 2142 398; x_wconf 69' lang='grc' dir='ltr'><strong>εηηγδοθτωίι</strong></span> <span class='ocrx_word' id='word_1_486' title='bbox 2182 333 2495 396; x_wconf 69' lang='grc' dir='ltr'><strong>ΔΒΟΙΙΙΕΡ.</strong></span> <span class='ocrx_word' id='word_1_487' title='bbox 2543 340 3083 404; x_wconf 71' lang='grc' dir='ltr'><strong>οΟΝΒΤΑΝΤΙΝΟΡ.</strong></span> 
     </span>
    </p>
   </div>
   <div class='ocr_carea' id='block_1_62' title="bbox 3692 357 3806 416">
    <p class='ocr_par' dir='ltr' id='par_1_62' title="bbox 3692 357 3806 416">
     <span class='ocr_line' id='line_1_62' title="bbox 3692 357 3806 416; baseline 0 0"><span class='ocrx_word' id='word_1_488' title='bbox 3692 357 3806 416; x_wconf 67' lang='grc'><strong>199</strong></span> 
     </span>
    </p>
   </div>
   <div class='ocr_carea' id='block_1_63' title="bbox 2217 461 3817 550">
    <p class='ocr_par' dir='ltr' id='par_1_63' title="bbox 2217 461 3817 550">
     <span class='ocr_line' id='line_1_63' title="bbox 2217 461 3817 550; baseline 0.017 -41"><span class='ocrx_word' id='word_1_489' title='bbox 2217 465 2265 509; x_wconf 86' lang='lat' dir='ltr'><strong>et</strong></span> <span class='ocrx_word' id='word_1_490' title='bbox 2283 461 2421 550; x_wconf 80' lang='lat' dir='ltr'><strong>quod</strong></span> <span class='ocrx_word' id='word_1_491' title='bbox 2445 461 2785 534; x_wconf 76' lang='lat' dir='ltr'><strong>unusquisque</strong></span> <span class='ocrx_word' id='word_1_492' title='bbox 2807 468 2994 536; x_wconf 79' lang='lat' dir='ltr'><strong>rogitat</strong></span> <span class='ocrx_word' id='word_1_493' title='bbox 3036 468 3086 522; x_wconf 82' lang='lat' dir='ltr'><strong>in</strong></span> <span class='ocrx_word' id='word_1_494' title='bbox 3122 469 3273 524; x_wconf 75' lang='lat' dir='ltr'><strong>corde</strong></span> <span class='ocrx_word' id='word_1_495' title='bbox 3313 487 3406 528; x_wconf 78' lang='lat' dir='ltr'><strong>suo</strong></span> <span class='ocrx_word' id='word_1_496' title='bbox 3450 472 3713 550; x_wconf 64' lang='lat' dir='ltr'><strong>diligenter</strong></span> <span class='ocrx_word' id='word_1_497' title='bbox 3741 485 3817 537; x_wconf 75' lang='lat' dir='ltr'><strong>ad</strong></span> 
     </span>
    </p>
   </div>
   <div class='ocr_carea' id='block_1_64' title="bbox 2215 549 2828 612">
    <p class='ocr_par' dir='ltr' id='par_1_64' title="bbox 2215 549 2828 612">
     <span class='ocr_line' id='line_1_64' title="bbox 2215 549 2828 612; baseline 0.016 -10"><span class='ocrx_word' id='word_1_498' title='bbox 2215 549 2352 603; x_wconf 83' lang='lat' dir='ltr'><strong>mala</strong></span> <span class='ocrx_word' id='word_1_499' title='bbox 2388 553 2619 608; x_wconf 74' lang='lat' dir='ltr'><strong>omnibus</strong></span> <span class='ocrx_word' id='word_1_500' title='bbox 2637 555 2828 612; x_wconf 79' lang='lat' dir='ltr'><strong>diebus.</strong></span> 
     </span>
    </p>
   </div>
   <div class='ocr_carea' id='block_1_65' title="bbox 2285 640 3808 734">
    <p class='ocr_par' dir='ltr' id='par_1_65' title="bbox 2285 640 3808 734">
     <span class='ocr_line' id='line_1_65' title="bbox 2285 640 3808 734; baseline 0.02 -39"><span class='ocrx_word' id='word_1_501' title='bbox 2285 641 2340 696; x_wconf 84' lang='lat'><strong>5.</strong></span> <span class='ocrx_word' id='word_1_502' title='bbox 2376 640 2515 700; x_wconf 85' lang='lat' dir='ltr'><strong>Vide</strong></span> <span class='ocrx_word' id='word_1_503' title='bbox 2557 647 2828 716; x_wconf 91' lang='lat' dir='ltr'><strong>quomodo</strong></span> <span class='ocrx_word' id='word_1_504' title='bbox 2873 650 3077 723; x_wconf 85' lang='lat' dir='ltr'><strong>singula</strong></span> <span class='ocrx_word' id='word_1_505' title='bbox 3123 670 3243 726; x_wconf 69' lang='lat' dir='ltr'><strong>qua</strong></span> <span class='ocrx_word' id='word_1_506' title='bbox 3273 657 3524 718; x_wconf 80' lang='lat' dir='ltr'><strong>dicuntur</strong></span> <span class='ocrx_word' id='word_1_507' title='bbox 3557 676 3808 734; x_wconf 67' lang='lat' dir='ltr'><strong>pecul.-</strong></span> 
     </span>
    </p>
   </div>
   <div class='ocr_carea' id='block_1_66' title="bbox 2213 734 3812 826">
    <p class='ocr_par' dir='ltr' id='par_1_66' title="bbox 2213 734 3812 826">
     <span class='ocr_line' id='line_1_66' title="bbox 2213 734 3812 826; baseline 0.021 -43"><span class='ocrx_word' id='word_1_508' title='bbox 2213 745 2330 826; x_wconf 75' lang='lat' dir='ltr'><strong>rum</strong></span> <span class='ocrx_word' id='word_1_509' title='bbox 2377 734 2665 826; x_wconf 76' lang='lat' dir='ltr'><strong>ostendunt</strong></span> <span class='ocrx_word' id='word_1_510' title='bbox 2703 741 3146 809; x_wconf 84' lang='lat' dir='ltr'><strong>magnitudinem.</strong></span> <span class='ocrx_word' id='word_1_511' title='bbox 3198 746 3333 817; x_wconf 82' lang='lat' dir='ltr'><strong>Quia</strong></span> <span class='ocrx_word' id='word_1_512' title='bbox 3356 751 3501 807; x_wconf 83' lang='lat' dir='ltr'><strong>enim</strong></span> <span class='ocrx_word' id='word_1_513' title='bbox 3526 753 3580 809; x_wconf 91' lang='lat' dir='ltr'><strong>in</strong></span> <span class='ocrx_word' id='word_1_514' title='bbox 3605 769 3812 826; x_wconf 72' lang='lat' dir='ltr'><strong>gnum</strong></span> 
     </span>
    </p>
   </div>
   <div class='ocr_carea' id='block_1_67' title="bbox 2213 819 3808 917">
    <p class='ocr_par' dir='ltr' id='par_1_67' title="bbox 2213 819 3808 917">
     <span class='ocr_line' id='line_1_67' title="bbox 2213 819 3808 917; baseline 0.019 -43"><span class='ocrx_word' id='word_1_515' title='bbox 2213 819 2366 917; x_wconf 80' lang='lat' dir='ltr'><strong>dixit,</strong></span> <span class='ocrx_word' id='word_1_516' title='bbox 2389 821 2745 897; x_wconf 68' lang='lat' dir='ltr'><strong>Multiplicatc</strong></span> <span class='ocrx_word' id='word_1_517' title='bbox 2760 840 2879 885; x_wconf 86' lang='lat' dir='ltr'><strong>sunt</strong></span> <span class='ocrx_word' id='word_1_518' title='bbox 2907 834 3116 890; x_wconf 69' lang='lat' dir='ltr'><strong>tristitia</strong></span> <span class='ocrx_word' id='word_1_519' title='bbox 3133 836 3392 896; x_wconf 71' lang='lat' dir='ltr'><strong>hominum</strong></span> <span class='ocrx_word' id='word_1_520' title='bbox 3419 859 3576 912; x_wconf 78' lang='lat' dir='ltr'><strong>super</strong></span> <span class='ocrx_word' id='word_1_521' title='bbox 3596 819 3808 917; x_wconf 62' lang='lat' dir='ltr'><strong>terram,</strong></span> 
     </span>
    </p>
   </div>
   <div class='ocr_carea' id='block_1_68' title="bbox 2214 915 3812 1010">
    <p class='ocr_par' dir='ltr' id='par_1_68' title="bbox 2214 915 3812 1010">
     <span class='ocr_line' id='line_1_68' title="bbox 2214 915 3812 1010; baseline 0.018 -41"><span class='ocrx_word' id='word_1_522' title='bbox 2214 915 2472 985; x_wconf 86' lang='lat' dir='ltr'><strong>subdidit,</strong></span> <span class='ocrx_word' id='word_1_523' title='bbox 2491 918 2561 974; x_wconf 79' lang='lat' dir='ltr'><strong>Et</strong></span> <span class='ocrx_word' id='word_1_524' title='bbox 2587 925 2948 995; x_wconf 80' lang='lat' dir='ltr'><strong>unusquisque.</strong></span> <span class='ocrx_word' id='word_1_525' title='bbox 2960 926 3147 999; x_wconf 78' lang='lat' dir='ltr'><strong>Iagna</strong></span> <span class='ocrx_word' id='word_1_526' title='bbox 3174 929 3334 1002; x_wconf 83' lang='lat' dir='ltr'><strong>hujus</strong></span> <span class='ocrx_word' id='word_1_527' title='bbox 3359 936 3508 992; x_wconf 88' lang='lat' dir='ltr'><strong>verbi</strong></span> <span class='ocrx_word' id='word_1_528' title='bbox 3533 915 3812 1010; x_wconf 80' lang='lat' dir='ltr'><strong>emphasis</strong></span> 
     </span>
    </p>
   </div>
   <div class='ocr_carea' id='block_1_69' title="bbox 2211 1009 3810 1094">
    <p class='ocr_par' dir='ltr' id='par_1_69' title="bbox 2211 1009 3810 1094">
     <span class='ocr_line' id='line_1_69' title="bbox 2211 1009 3810 1094; baseline 0.018 -34"><span class='ocrx_word' id='word_1_529' title='bbox 2211 1021 2263 1062; x_wconf 87' lang='lat' dir='ltr'><strong>et</strong></span> <span class='ocrx_word' id='word_1_530' title='bbox 2295 1009 2373 1064; x_wconf 88' lang='lat' dir='ltr'><strong>vis</strong></span> <span class='ocrx_word' id='word_1_531' title='bbox 2398 1021 2503 1067; x_wconf 86' lang='lat' dir='ltr'><strong>est.</strong></span> <span class='ocrx_word' id='word_1_532' title='bbox 2544 1013 2662 1072; x_wconf 86' lang='lat' dir='ltr'><strong>Non</strong></span> <span class='ocrx_word' id='word_1_533' title='bbox 2710 1017 2898 1089; x_wconf 89' lang='lat' dir='ltr'><strong>inquit,</strong></span> <span class='ocrx_word' id='word_1_534' title='bbox 2947 1021 3262 1079; x_wconf 80' lang='lat' dir='ltr'><strong>adolescens</strong></span> <span class='ocrx_word' id='word_1_535' title='bbox 3287 1027 3483 1094; x_wconf 89' lang='lat' dir='ltr'><strong>solum,</strong></span> <span class='ocrx_word' id='word_1_536' title='bbox 3515 1032 3609 1087; x_wconf 80' lang='lat' dir='ltr'><strong>sed</strong></span> <span class='ocrx_word' id='word_1_537' title='bbox 3635 1041 3693 1088; x_wconf 87' lang='lat' dir='ltr'><strong>et</strong></span> <span class='ocrx_word' id='word_1_538' title='bbox 3722 1047 3810 1088; x_wconf 87' lang='lat' dir='ltr'><strong>se-</strong></span> 
     </span>
    </p>
   </div>
   <div class='ocr_carea' id='block_1_70' title="bbox 2213 1103 3807 1191">
    <p class='ocr_par' dir='ltr' id='par_1_70' title="bbox 2213 1103 3807 1191">
     <span class='ocr_line' id='line_1_70' title="bbox 2213 1103 3807 1191; baseline 0.018 -37"><span class='ocrx_word' id='word_1_539' title='bbox 2213 1115 2312 1156; x_wconf 90' lang='lat' dir='ltr'><strong>nex</strong></span> <span class='ocrx_word' id='word_1_540' title='bbox 2365 1103 2554 1160; x_wconf 88' lang='lat' dir='ltr'><strong>eadem</strong></span> <span class='ocrx_word' id='word_1_541' title='bbox 2596 1109 2706 1179; x_wconf 88' lang='lat' dir='ltr'><strong>agit</strong></span> <span class='ocrx_word' id='word_1_542' title='bbox 2751 1126 2871 1181; x_wconf 73' lang='lat' dir='ltr'><strong>quae</strong></span> <span class='ocrx_word' id='word_1_543' title='bbox 2917 1112 3230 1171; x_wconf 83' lang='lat' dir='ltr'><strong>adolescens</strong></span> <span class='ocrx_word' id='word_1_544' title='bbox 3257 1135 3272 1172; x_wconf 91' lang='lat'><strong>:</strong></span> <span class='ocrx_word' id='word_1_545' title='bbox 3303 1135 3478 1191; x_wconf 85' lang='lat' dir='ltr'><strong>neque</strong></span> <span class='ocrx_word' id='word_1_546' title='bbox 3505 1126 3586 1178; x_wconf 82' lang='lat' dir='ltr'><strong>vir</strong></span> <span class='ocrx_word' id='word_1_547' title='bbox 3604 1124 3807 1183; x_wconf 81' lang='lat' dir='ltr'><strong>solum.</strong></span> 
     </span>
    </p>
   </div>
   <div class='ocr_carea' id='block_1_71' title="bbox 2211 1196 3810 1276">
    <p class='ocr_par' dir='ltr' id='par_1_71' title="bbox 2211 1196 3810 1276">
     <span class='ocr_line' id='line_1_71' title="bbox 2211 1196 3810 1276; baseline 0.016 -27"><span class='ocrx_word' id='word_1_548' title='bbox 2211 1196 2305 1250; x_wconf 89' lang='lat' dir='ltr'><strong>sed</strong></span> <span class='ocrx_word' id='word_1_549' title='bbox 2329 1206 2383 1251; x_wconf 89' lang='lat' dir='ltr'><strong>et</strong></span> <span class='ocrx_word' id='word_1_550' title='bbox 2403 1198 2635 1257; x_wconf 85' lang='lat' dir='ltr'><strong>mulier:</strong></span> <span class='ocrx_word' id='word_1_551' title='bbox 2662 1217 2838 1274; x_wconf 83' lang='lat' dir='ltr'><strong>neque</strong></span> <span class='ocrx_word' id='word_1_552' title='bbox 2863 1221 3052 1263; x_wconf 77' lang='lat' dir='ltr'><strong>servus</strong></span> <span class='ocrx_word' id='word_1_553' title='bbox 3078 1210 3271 1276; x_wconf 88' lang='lat' dir='ltr'><strong>solum,</strong></span> <span class='ocrx_word' id='word_1_554' title='bbox 3298 1213 3392 1268; x_wconf 86' lang='lat' dir='ltr'><strong>sed</strong></span> <span class='ocrx_word' id='word_1_555' title='bbox 3417 1223 3472 1268; x_wconf 92' lang='lat' dir='ltr'><strong>et</strong></span> <span class='ocrx_word' id='word_1_556' title='bbox 3492 1215 3664 1272; x_wconf 88' lang='lat' dir='ltr'><strong>liber:</strong></span> <span class='ocrx_word' id='word_1_557' title='bbox 3697 1235 3810 1274; x_wconf 86' lang='lat' dir='ltr'><strong>ntm</strong></span> 
     </span>
    </p>
   </div>
   <div class='ocr_carea' id='block_1_72' title="bbox 2210 1287 3812 1379">
    <p class='ocr_par' dir='ltr' id='par_1_72' title="bbox 2210 1287 3812 1379">
     <span class='ocr_line' id='line_1_72' title="bbox 2210 1287 3812 1379; baseline 0.016 -38"><span class='ocrx_word' id='word_1_558' title='bbox 2210 1287 2363 1344; x_wconf 86' lang='lat' dir='ltr'><strong>dives</strong></span> <span class='ocrx_word' id='word_1_559' title='bbox 2389 1291 2588 1359; x_wconf 87' lang='lat' dir='ltr'><strong>solum,</strong></span> <span class='ocrx_word' id='word_1_560' title='bbox 2617 1294 2712 1350; x_wconf 87' lang='lat' dir='ltr'><strong>sed</strong></span> <span class='ocrx_word' id='word_1_561' title='bbox 2738 1305 2792 1350; x_wconf 90' lang='lat' dir='ltr'><strong>et</strong></span> <span class='ocrx_word' id='word_1_562' title='bbox 2813 1311 3036 1368; x_wconf 82' lang='lat' dir='ltr'><strong>pauper.</strong></span> <span class='ocrx_word' id='word_1_563' title='bbox 3063 1300 3129 1356; x_wconf 82' lang='lat' dir='ltr'><strong>Et</strong></span> <span class='ocrx_word' id='word_1_564' title='bbox 3154 1303 3397 1367; x_wconf 88' lang='lat' dir='ltr'><strong>verbum.</strong></span> <span class='ocrx_word' id='word_1_565' title='bbox 3426 1303 3644 1379; x_wconf 76' lang='lat' dir='ltr'><strong>Cogitet,</strong></span> <span class='ocrx_word' id='word_1_566' title='bbox 3669 1311 3812 1365; x_wconf 76' lang='lat' dir='ltr'><strong>mul-</strong></span> 
     </span>
    </p>
   </div>
   <div class='ocr_carea' id='block_1_73' title="bbox 2213 1380 3809 1470">
    <p class='ocr_par' dir='ltr' id='par_1_73' title="bbox 2213 1380 3809 1470">
     <span class='ocr_line' id='line_1_73' title="bbox 2213 1380 3809 1470; baseline 0.017 -38"><span class='ocrx_word' id='word_1_567' title='bbox 2213 1389 2322 1434; x_wconf 90' lang='lat' dir='ltr'><strong>ttun</strong></span> <span class='ocrx_word' id='word_1_568' title='bbox 2365 1380 2525 1438; x_wconf 85' lang='lat' dir='ltr'><strong>habet</strong></span> <span class='ocrx_word' id='word_1_569' title='bbox 2577 1387 2853 1443; x_wconf 87' lang='lat' dir='ltr'><strong>momenti.</strong></span> <span class='ocrx_word' id='word_1_570' title='bbox 2903 1388 3018 1444; x_wconf 80' lang='lat' dir='ltr'><strong>Non</strong></span> <span class='ocrx_word' id='word_1_571' title='bbox 3065 1392 3207 1447; x_wconf 80' lang='lat' dir='ltr'><strong>enim</strong></span> <span class='ocrx_word' id='word_1_572' title='bbox 3236 1409 3302 1449; x_wconf 82' lang='lat' dir='ltr'><strong>ex</strong></span> <span class='ocrx_word' id='word_1_573' title='bbox 3331 1397 3677 1470; x_wconf 79' lang='lat' dir='ltr'><strong>subreptiOne</strong></span> <span class='ocrx_word' id='word_1_574' title='bbox 3703 1403 3809 1458; x_wconf 77' lang='lat' dir='ltr'><strong>hoc</strong></span> 
     </span>
    </p>
   </div>
   <div class='ocr_carea' id='block_1_74' title="bbox 2210 1469 3810 1560">
    <p class='ocr_par' dir='ltr' id='par_1_74' title="bbox 2210 1469 3810 1560">
     <span class='ocr_line' id='line_1_74' title="bbox 2210 1469 3810 1560; baseline 0.015 -36"><span class='ocrx_word' id='word_1_575' title='bbox 2210 1469 2316 1526; x_wconf 86' lang='lat' dir='ltr'><strong>illis</strong></span> <span class='ocrx_word' id='word_1_576' title='bbox 2359 1474 2576 1540; x_wconf 84' lang='lat' dir='ltr'><strong>accidit,</strong></span> <span class='ocrx_word' id='word_1_577' title='bbox 2624 1477 2719 1532; x_wconf 89' lang='lat' dir='ltr'><strong>sed</strong></span> <span class='ocrx_word' id='word_1_578' title='bbox 2766 1477 2818 1533; x_wconf 89' lang='lat' dir='ltr'><strong>in</strong></span> <span class='ocrx_word' id='word_1_579' title='bbox 2864 1480 3028 1535; x_wconf 87' lang='lat' dir='ltr'><strong>corde</strong></span> <span class='ocrx_word' id='word_1_580' title='bbox 3051 1482 3306 1553; x_wconf 84' lang='lat' dir='ltr'><strong>cogitant,</strong></span> <span class='ocrx_word' id='word_1_581' title='bbox 3337 1495 3392 1541; x_wconf 89' lang='lat' dir='ltr'><strong>et</strong></span> <span class='ocrx_word' id='word_1_582' title='bbox 3431 1469 3546 1544; x_wconf 69' lang='lat' dir='ltr'><strong>haec</strong></span> <span class='ocrx_word' id='word_1_583' title='bbox 3569 1491 3810 1560; x_wconf 75' lang='lat' dir='ltr'><strong>persiu-</strong></span> 
     </span>
    </p>
   </div>
   <div class='ocr_carea' id='block_1_75' title="bbox 2209 1561 3804 1647">
    <p class='ocr_par' dir='ltr' id='par_1_75' title="bbox 2209 1561 3804 1647">
     <span class='ocr_line' id='line_1_75' title="bbox 2209 1561 3804 1647; baseline 0.014 -32"><span class='ocrx_word' id='word_1_584' title='bbox 2209 1563 2358 1631; x_wconf 82' lang='lat' dir='ltr'><strong>gulas</strong></span> <span class='ocrx_word' id='word_1_585' title='bbox 2386 1561 2549 1619; x_wconf 87' lang='lat' dir='ltr'><strong>horas</strong></span> <span class='ocrx_word' id='word_1_586' title='bbox 2591 1567 2831 1634; x_wconf 89' lang='lat' dir='ltr'><strong>volvunt,</strong></span> <span class='ocrx_word' id='word_1_587' title='bbox 2878 1570 2927 1624; x_wconf 93' lang='lat' dir='ltr'><strong>in</strong></span> <span class='ocrx_word' id='word_1_588' title='bbox 2959 1571 3040 1626; x_wconf 87' lang='lat' dir='ltr'><strong>his</strong></span> <span class='ocrx_word' id='word_1_589' title='bbox 3072 1574 3306 1630; x_wconf 89' lang='lat' dir='ltr'><strong>studium</strong></span> <span class='ocrx_word' id='word_1_590' title='bbox 3331 1591 3486 1632; x_wconf 88' lang='lat' dir='ltr'><strong>suum</strong></span> <span class='ocrx_word' id='word_1_591' title='bbox 3510 1579 3804 1647; x_wconf 68' lang='lat' dir='ltr'><strong>colloant,</strong></span> 
     </span>
    </p>
   </div>
   <div class='ocr_carea' id='block_1_76' title="bbox 2210 1657 3805 1745">
    <p class='ocr_par' dir='ltr' id='par_1_76' title="bbox 2210 1657 3805 1745">
     <span class='ocr_line' id='line_1_76' title="bbox 2210 1657 3805 1745; baseline 0.012 -35"><span class='ocrx_word' id='word_1_592' title='bbox 2210 1665 2264 1711; x_wconf 88' lang='lat' dir='ltr'><strong>et</strong></span> <span class='ocrx_word' id='word_1_593' title='bbox 2307 1671 2480 1727; x_wconf 87' lang='lat' dir='ltr'><strong>neque</strong></span> <span class='ocrx_word' id='word_1_594' title='bbox 2527 1657 2745 1714; x_wconf 82' lang='lat' dir='ltr'><strong>fortuito</strong></span> <span class='ocrx_word' id='word_1_595' title='bbox 2768 1663 2935 1718; x_wconf 87' lang='lat' dir='ltr'><strong>semel</strong></span> <span class='ocrx_word' id='word_1_596' title='bbox 2965 1675 3020 1718; x_wconf 88' lang='lat' dir='ltr'><strong>et</strong></span> <span class='ocrx_word' id='word_1_597' title='bbox 3047 1666 3236 1721; x_wconf 90' lang='lat' dir='ltr'><strong>iterum</strong></span> <span class='ocrx_word' id='word_1_598' title='bbox 3267 1666 3591 1740; x_wconf 81' lang='lat' dir='ltr'><strong>supplantati</strong></span> <span class='ocrx_word' id='word_1_599' title='bbox 3619 1689 3648 1727; x_wconf 87' lang='lat' dir='ltr'><strong>s</strong></span> <span class='ocrx_word' id='word_1_600' title='bbox 3678 1691 3805 1745; x_wconf 84' lang='lat' dir='ltr'><strong>pec-</strong></span> 
     </span>
    </p>
   </div>
   <div class='ocr_carea' id='block_1_77' title="bbox 2208 1752 3803 1834">
    <p class='ocr_par' dir='ltr' id='par_1_77' title="bbox 2208 1752 3803 1834">
     <span class='ocr_line' id='line_1_77' title="bbox 2208 1752 3803 1834; baseline 0.011 -30"><span class='ocrx_word' id='word_1_601' title='bbox 2208 1757 2350 1818; x_wconf 89' lang='lat' dir='ltr'><strong>cato,</strong></span> <span class='ocrx_word' id='word_1_602' title='bbox 2397 1765 2428 1805; x_wconf 74' lang='grc' dir='ltr'><strong>α</strong></span> <span class='ocrx_word' id='word_1_603' title='bbox 2470 1752 2672 1808; x_wconf 87' lang='lat' dir='ltr'><strong>malitia</strong></span> <span class='ocrx_word' id='word_1_604' title='bbox 2713 1753 2816 1810; x_wconf 87' lang='lat' dir='ltr'><strong>sibi</strong></span> <span class='ocrx_word' id='word_1_605' title='bbox 2859 1764 3174 1826; x_wconf 83' lang='lat' dir='ltr'><strong>temperant,</strong></span> <span class='ocrx_word' id='word_1_606' title='bbox 3219 1761 3316 1815; x_wconf 83' lang='lat' dir='ltr'><strong>sed</strong></span> <span class='ocrx_word' id='word_1_607' title='bbox 3370 1761 3654 1834; x_wconf 90' lang='lat' dir='ltr'><strong>diligenter</strong></span> <span class='ocrx_word' id='word_1_608' title='bbox 3679 1781 3803 1822; x_wconf 86' lang='lat' dir='ltr'><strong>eam</strong></span> 
     </span>
    </p>
   </div>
   <div class='ocr_carea' id='block_1_78' title="bbox 2207 1843 3807 1924">
    <p class='ocr_par' dir='ltr' id='par_1_78' title="bbox 2207 1843 3807 1924">
     <span class='ocr_line' id='line_1_78' title="bbox 2207 1843 3807 1924; baseline 0.011 -29"><span class='ocrx_word' id='word_1_609' title='bbox 2207 1852 2484 1908; x_wconf 79' lang='lat' dir='ltr'><strong>exercent,</strong></span> <span class='ocrx_word' id='word_1_610' title='bbox 2507 1854 2563 1898; x_wconf 92' lang='lat' dir='ltr'><strong>et</strong></span> <span class='ocrx_word' id='word_1_611' title='bbox 2587 1843 2725 1899; x_wconf 85' lang='lat' dir='ltr'><strong>mala</strong></span> <span class='ocrx_word' id='word_1_612' title='bbox 2752 1856 3079 1914; x_wconf 86' lang='lat' dir='ltr'><strong>operantur:</strong></span> <span class='ocrx_word' id='word_1_613' title='bbox 3111 1848 3212 1904; x_wconf 88' lang='lat' dir='ltr'><strong>hoc</strong></span> <span class='ocrx_word' id='word_1_614' title='bbox 3238 1859 3341 1916; x_wconf 90' lang='lat' dir='ltr'><strong>est,</strong></span> <span class='ocrx_word' id='word_1_615' title='bbox 3369 1867 3562 1924; x_wconf 87' lang='lat' dir='ltr'><strong>magno</strong></span> <span class='ocrx_word' id='word_1_616' title='bbox 3600 1856 3807 1924; x_wconf 87' lang='lat' dir='ltr'><strong>studio,</strong></span> 
     </span>
    </p>
   </div>
   <div class='ocr_carea' id='block_1_79' title="bbox 2211 1933 3809 2014">
    <p class='ocr_par' dir='ltr' id='par_1_79' title="bbox 2211 1933 3809 2014">
     <span class='ocr_line' id='line_1_79' title="bbox 2211 1933 3809 2014; baseline 0.009 -27"><span class='ocrx_word' id='word_1_617' title='bbox 2211 1933 2340 1988; x_wconf 86' lang='lat' dir='ltr'><strong>nihil</strong></span> <span class='ocrx_word' id='word_1_618' title='bbox 2370 1935 2564 2003; x_wconf 88' lang='lat' dir='ltr'><strong>obiter,</strong></span> <span class='ocrx_word' id='word_1_619' title='bbox 2611 1935 2746 1991; x_wconf 87' lang='lat' dir='ltr'><strong>nihil</strong></span> <span class='ocrx_word' id='word_1_620' title='bbox 2791 1936 3121 2007; x_wconf 86' lang='lat' dir='ltr'><strong>negligenter</strong></span> <span class='ocrx_word' id='word_1_621' title='bbox 3143 1940 3210 1996; x_wconf 88' lang='lat' dir='ltr'><strong>ab</strong></span> <span class='ocrx_word' id='word_1_622' title='bbox 3235 1941 3316 1996; x_wconf 88' lang='lat' dir='ltr'><strong>eis</strong></span> <span class='ocrx_word' id='word_1_623' title='bbox 3344 1943 3421 2010; x_wconf 88' lang='lat' dir='ltr'><strong>tit,</strong></span> <span class='ocrx_word' id='word_1_624' title='bbox 3454 1959 3629 2014; x_wconf 87' lang='lat' dir='ltr'><strong>neque</strong></span> <span class='ocrx_word' id='word_1_625' title='bbox 3653 1946 3809 2002; x_wconf 77' lang='lat' dir='ltr'><strong>brevi</strong></span> 
     </span>
    </p>
   </div>
   <div class='ocr_carea' id='block_1_80' title="bbox 2213 2025 3807 2095">
    <p class='ocr_par' dir='ltr' id='par_1_80' title="bbox 2213 2025 3807 2095">
     <span class='ocr_line' id='line_1_80' title="bbox 2213 2025 3807 2095; baseline 0.008 -17"><span class='ocrx_word' id='word_1_626' title='bbox 2213 2032 2473 2095; x_wconf 87' lang='lat' dir='ltr'><strong>tempore,</strong></span> <span class='ocrx_word' id='word_1_627' title='bbox 2500 2025 2594 2080; x_wconf 89' lang='lat' dir='ltr'><strong>sed</strong></span> <span class='ocrx_word' id='word_1_628' title='bbox 2619 2025 2867 2080; x_wconf 89' lang='lat' dir='ltr'><strong>omnibus</strong></span> <span class='ocrx_word' id='word_1_629' title='bbox 2895 2027 3103 2093; x_wconf 88' lang='lat' dir='ltr'><strong>diebus,</strong></span> <span class='ocrx_word' id='word_1_630' title='bbox 3135 2044 3349 2086; x_wconf 71' lang='lat' dir='ltr'><strong>omnem</strong></span> <span class='ocrx_word' id='word_1_631' title='bbox 3378 2047 3529 2088; x_wconf 82' lang='lat' dir='ltr'><strong>suam</strong></span> <span class='ocrx_word' id='word_1_632' title='bbox 3556 2034 3716 2088; x_wconf 87' lang='lat' dir='ltr'><strong>vitam</strong></span> <span class='ocrx_word' id='word_1_633' title='bbox 3746 2036 3807 2090; x_wconf 84' lang='lat' dir='ltr'><strong>in</strong></span> 
     </span>
    </p>
   </div>
   <div class='ocr_carea' id='block_1_81' title="bbox 2210 2114 3807 2186">
    <p class='ocr_par' dir='ltr' id='par_1_81' title="bbox 2210 2114 3807 2186">
     <span class='ocr_line' id='line_1_81' title="bbox 2210 2114 3807 2186; baseline 0.008 -18"><span class='ocrx_word' id='word_1_634' title='bbox 2210 2114 2312 2170; x_wconf 88' lang='lat' dir='ltr'><strong>hoc</strong></span> <span class='ocrx_word' id='word_1_635' title='bbox 2335 2116 2668 2186; x_wconf 88' lang='lat' dir='ltr'><strong>impendunt.</strong></span> <span class='ocrx_word' id='word_1_636' title='bbox 2703 2116 2889 2173; x_wconf 82' lang='lat' dir='ltr'><strong>Vidisti</strong></span> <span class='ocrx_word' id='word_1_637' title='bbox 2915 2119 3132 2174; x_wconf 73' lang='lat' dir='ltr'><strong>malitiae</strong></span> <span class='ocrx_word' id='word_1_638' title='bbox 3153 2121 3578 2179; x_wconf 73' lang='lat' dir='ltr'><strong>immanitatem?</strong></span> <span class='ocrx_word' id='word_1_639' title='bbox 3624 2125 3807 2181; x_wconf 89' lang='lat' dir='ltr'><strong>vidisti</strong></span> 
     </span>
    </p>
   </div>
   <div class='ocr_carea' id='block_1_82' title="bbox 2209 2206 3808 2284">
    <p class='ocr_par' dir='ltr' id='par_1_82' title="bbox 2209 2206 3808 2284">
     <span class='ocr_line' id='line_1_82' title="bbox 2209 2206 3808 2284; baseline 0.008 -25"><span class='ocrx_word' id='word_1_640' title='bbox 2209 2207 2478 2274; x_wconf 88' lang='lat' dir='ltr'><strong>quomodo</strong></span> <span class='ocrx_word' id='word_1_641' title='bbox 2501 2206 2678 2262; x_wconf 87' lang='lat' dir='ltr'><strong>dedita</strong></span> <span class='ocrx_word' id='word_1_642' title='bbox 2709 2221 2872 2279; x_wconf 86' lang='lat' dir='ltr'><strong>opera</strong></span> <span class='ocrx_word' id='word_1_643' title='bbox 2895 2223 3008 2264; x_wconf 86' lang='lat' dir='ltr'><strong>rem</strong></span> <span class='ocrx_word' id='word_1_644' title='bbox 3038 2210 3283 2276; x_wconf 78' lang='lat' dir='ltr'><strong>fecerint,</strong></span> <span class='ocrx_word' id='word_1_645' title='bbox 3313 2212 3599 2284; x_wconf 78' lang='lat' dir='ltr'><strong>diligenter</strong></span> <span class='ocrx_word' id='word_1_646' title='bbox 3623 2220 3808 2271; x_wconf 78' lang='lat' dir='ltr'><strong>munia</strong></span> 
     </span>
    </p>
   </div>
   <div class='ocr_carea' id='block_1_83' title="bbox 2209 2299 3809 2374">
    <p class='ocr_par' dir='ltr' id='par_1_83' title="bbox 2209 2299 3809 2374">
     <span class='ocr_line' id='line_1_83' title="bbox 2209 2299 3809 2374; baseline 0.004 -20"><span class='ocrx_word' id='word_1_647' title='bbox 2209 2299 2346 2354; x_wconf 85' lang='lat' dir='ltr'><strong>mala</strong></span> <span class='ocrx_word' id='word_1_648' title='bbox 2390 2309 2708 2370; x_wconf 87' lang='lat' dir='ltr'><strong>operantes;</strong></span> <span class='ocrx_word' id='word_1_649' title='bbox 2744 2309 2800 2354; x_wconf 89' lang='lat' dir='ltr'><strong>et</strong></span> <span class='ocrx_word' id='word_1_650' title='bbox 2842 2301 3020 2357; x_wconf 89' lang='lat' dir='ltr'><strong>omnis</strong></span> <span class='ocrx_word' id='word_1_651' title='bbox 3043 2311 3176 2357; x_wconf 66' lang='lat' dir='ltr'><strong>aetas</strong></span> <span class='ocrx_word' id='word_1_652' title='bbox 3201 2302 3268 2357; x_wconf 90' lang='lat' dir='ltr'><strong>ad</strong></span> <span class='ocrx_word' id='word_1_653' title='bbox 3306 2304 3572 2374; x_wconf 84' lang='lat' dir='ltr'><strong>agendum</strong></span> <span class='ocrx_word' id='word_1_654' title='bbox 3603 2307 3809 2362; x_wconf 82' lang='lat' dir='ltr'><strong>malmn</strong></span> 
     </span>
    </p>
   </div>
   <div class='ocr_carea' id='block_1_84' title="bbox 2208 2392 3813 2467">
    <p class='ocr_par' dir='ltr' id='par_1_84' title="bbox 2208 2392 3813 2467">
     <span class='ocr_line' id='line_1_84' title="bbox 2208 2392 3813 2467; baseline 0.004 -19"><span class='ocrx_word' id='word_1_655' title='bbox 2208 2406 2305 2448; x_wconf 87' lang='lat' dir='ltr'><strong>sua</strong></span> <span class='ocrx_word' id='word_1_656' title='bbox 2324 2401 2518 2463; x_wconf 87' lang='lat' dir='ltr'><strong>sponte</strong></span> <span class='ocrx_word' id='word_1_657' title='bbox 2531 2393 2856 2450; x_wconf 71' lang='lat' dir='ltr'><strong>accesserit?</strong></span> <span class='ocrx_word' id='word_1_658' title='bbox 2879 2392 3244 2466; x_wconf 75' lang='lat' dir='ltr'><strong>Unusquisque,</strong></span> <span class='ocrx_word' id='word_1_659' title='bbox 3270 2395 3460 2466; x_wconf 90' lang='lat' dir='ltr'><strong>inquit,</strong></span> <span class='ocrx_word' id='word_1_660' title='bbox 3483 2411 3660 2467; x_wconf 86' lang='lat' dir='ltr'><strong>neque</strong></span> <span class='ocrx_word' id='word_1_661' title='bbox 3673 2408 3813 2456; x_wconf 71' lang='lat' dir='ltr'><strong>uetas</strong></span> 
     </span>
    </p>
   </div>
   <div class='ocr_carea' id='block_1_85' title="bbox 2210 2484 3809 2556">
    <p class='ocr_par' dir='ltr' id='par_1_85' title="bbox 2210 2484 3809 2556">
     <span class='ocr_line' id='line_1_85' title="bbox 2210 2484 3809 2556; baseline 0.003 -16"><span class='ocrx_word' id='word_1_662' title='bbox 2210 2485 2516 2551; x_wconf 87' lang='lat' dir='ltr'><strong>immatura,</strong></span> <span class='ocrx_word' id='word_1_663' title='bbox 2543 2497 2598 2541; x_wconf 87' lang='lat' dir='ltr'><strong>et</strong></span> <span class='ocrx_word' id='word_1_664' title='bbox 2620 2484 2858 2556; x_wconf 81' lang='lat' dir='ltr'><strong>alioquin</strong></span> <span class='ocrx_word' id='word_1_665' title='bbox 2879 2485 3155 2555; x_wconf 84' lang='lat' dir='ltr'><strong>inexperta</strong></span> <span class='ocrx_word' id='word_1_666' title='bbox 3182 2487 3442 2542; x_wconf 85' lang='lat' dir='ltr'><strong>malorum</strong></span> <span class='ocrx_word' id='word_1_667' title='bbox 3466 2501 3633 2544; x_wconf 83' lang='lat' dir='ltr'><strong>vacua</strong></span> <span class='ocrx_word' id='word_1_668' title='bbox 3650 2497 3770 2544; x_wconf 88' lang='lat' dir='ltr'><strong>erat</strong></span> <span class='ocrx_word' id='word_1_669' title='bbox 3789 2505 3809 2544; x_wconf 88' lang='lat'><strong>:</strong></span> 
     </span>
    </p>
   </div>
   <div class='ocr_carea' id='block_1_86' title="bbox 2212 2575 3811 2649">
    <p class='ocr_par' dir='ltr' id='par_1_86' title="bbox 2212 2575 3811 2649">
     <span class='ocr_line' id='line_1_86' title="bbox 2212 2575 3811 2649; baseline 0.001 -17"><span class='ocrx_word' id='word_1_670' title='bbox 2212 2575 2307 2632; x_wconf 88' lang='lat' dir='ltr'><strong>sed</strong></span> <span class='ocrx_word' id='word_1_671' title='bbox 2330 2577 2509 2632; x_wconf 88' lang='lat' dir='ltr'><strong>statim</strong></span> <span class='ocrx_word' id='word_1_672' title='bbox 2536 2585 2593 2632; x_wconf 86' lang='lat' dir='ltr'><strong>et</strong></span> <span class='ocrx_word' id='word_1_673' title='bbox 2610 2576 2679 2632; x_wconf 87' lang='lat' dir='ltr'><strong>ab</strong></span> <span class='ocrx_word' id='word_1_674' title='bbox 2719 2575 3058 2633; x_wconf 83' lang='lat' dir='ltr'><strong>incunabulis</strong></span> <span class='ocrx_word' id='word_1_675' title='bbox 3082 2590 3272 2632; x_wconf 86' lang='lat' dir='ltr'><strong>omnes</strong></span> <span class='ocrx_word' id='word_1_676' title='bbox 3302 2576 3502 2632; x_wconf 85' lang='lat' dir='ltr'><strong>malum</strong></span> <span class='ocrx_word' id='word_1_677' title='bbox 3531 2576 3638 2633; x_wconf 86' lang='lat' dir='ltr'><strong>hoc</strong></span> <span class='ocrx_word' id='word_1_678' title='bbox 3666 2594 3811 2649; x_wconf 69' lang='lat' dir='ltr'><strong>prte-</strong></span> 
     </span>
    </p>
   </div>
   <div class='ocr_carea' id='block_1_87' title="bbox 2213 2666 3815 2738">
    <p class='ocr_par' dir='ltr' id='par_1_87' title="bbox 2213 2666 3815 2738">
     <span class='ocr_line' id='line_1_87' title="bbox 2213 2666 3815 2738; baseline 0.002 -17"><span class='ocrx_word' id='word_1_679' title='bbox 2213 2666 2343 2722; x_wconf 88' lang='lat' dir='ltr'><strong>lium</strong></span> <span class='ocrx_word' id='word_1_680' title='bbox 2369 2667 2669 2735; x_wconf 87' lang='lat' dir='ltr'><strong>certabant,</strong></span> <span class='ocrx_word' id='word_1_681' title='bbox 2709 2669 3095 2723; x_wconf 86' lang='lat' dir='ltr'><strong>contendentes</strong></span> <span class='ocrx_word' id='word_1_682' title='bbox 3125 2674 3183 2722; x_wconf 89' lang='lat' dir='ltr'><strong>ut</strong></span> <span class='ocrx_word' id='word_1_683' title='bbox 3210 2667 3370 2723; x_wconf 88' lang='lat' dir='ltr'><strong>malis</strong></span> <span class='ocrx_word' id='word_1_684' title='bbox 3392 2667 3646 2738; x_wconf 86' lang='lat' dir='ltr'><strong>operibus</strong></span> <span class='ocrx_word' id='word_1_685' title='bbox 3669 2668 3815 2724; x_wconf 86' lang='lat' dir='ltr'><strong>alter</strong></span> 
     </span>
    </p>
   </div>
   <div class='ocr_carea' id='block_1_88' title="bbox 2212 2755 3813 2827">
    <p class='ocr_par' dir='ltr' id='par_1_88' title="bbox 2212 2755 3813 2827">
     <span class='ocr_line' id='line_1_88' title="bbox 2212 2755 3813 2827; baseline 0 -15"><span class='ocrx_word' id='word_1_686' title='bbox 2212 2758 2438 2812; x_wconf 86' lang='lat' dir='ltr'><strong>alterum</strong></span> <span class='ocrx_word' id='word_1_687' title='bbox 2477 2765 2772 2826; x_wconf 84' lang='lat' dir='ltr'><strong>superaret.</strong></span> <span class='ocrx_word' id='word_1_688' title='bbox 2817 2755 2931 2821; x_wconf 83' lang='lat' dir='ltr'><strong>llic,</strong></span> <span class='ocrx_word' id='word_1_689' title='bbox 2988 2771 3106 2823; x_wconf 90' lang='lat' dir='ltr'><strong>oro,</strong></span> <span class='ocrx_word' id='word_1_690' title='bbox 3133 2756 3316 2811; x_wconf 88' lang='lat' dir='ltr'><strong>animo</strong></span> <span class='ocrx_word' id='word_1_691' title='bbox 3336 2756 3583 2827; x_wconf 82' lang='lat' dir='ltr'><strong>expende</strong></span> <span class='ocrx_word' id='word_1_692' title='bbox 3611 2757 3813 2812; x_wconf 80' lang='lat' dir='ltr'><strong>mirans</strong></span> 
     </span>
    </p>
   </div>
   <div class='ocr_carea' id='block_1_89' title="bbox 2215 2845 3812 2918">
    <p class='ocr_par' dir='ltr' id='par_1_89' title="bbox 2215 2845 3812 2918">
     <span class='ocr_line' id='line_1_89' title="bbox 2215 2845 3812 2918; baseline -0.001 -16"><span class='ocrx_word' id='word_1_693' title='bbox 2215 2848 2373 2916; x_wconf 86' lang='lat' dir='ltr'><strong>hujus</strong></span> <span class='ocrx_word' id='word_1_694' title='bbox 2393 2847 2523 2918; x_wconf 86' lang='lat' dir='ltr'><strong>justi</strong></span> <span class='ocrx_word' id='word_1_695' title='bbox 2550 2847 2889 2917; x_wconf 84' lang='lat' dir='ltr'><strong>sapientiam,</strong></span> <span class='ocrx_word' id='word_1_696' title='bbox 2917 2847 3008 2915; x_wconf 88' lang='lat' dir='ltr'><strong>qui</strong></span> <span class='ocrx_word' id='word_1_697' title='bbox 3032 2847 3085 2900; x_wconf 87' lang='lat' dir='ltr'><strong>in</strong></span> <span class='ocrx_word' id='word_1_698' title='bbox 3116 2856 3262 2900; x_wconf 81' lang='lat' dir='ltr'><strong>tanta</strong></span> <span class='ocrx_word' id='word_1_699' title='bbox 3292 2845 3551 2900; x_wconf 86' lang='lat' dir='ltr'><strong>malorum</strong></span> <span class='ocrx_word' id='word_1_700' title='bbox 3589 2849 3812 2917; x_wconf 83' lang='lat' dir='ltr'><strong>conspi-</strong></span> 
     </span>
    </p>
   </div>
   <div class='ocr_carea' id='block_1_90' title="bbox 2213 2935 3817 3006">
    <p class='ocr_par' dir='ltr' id='par_1_90' title="bbox 2213 2935 3817 3006">
     <span class='ocr_line' id='line_1_90' title="bbox 2213 2935 3817 3006; baseline -0.001 -12"><span class='ocrx_word' id='word_1_701' title='bbox 2213 2941 2421 2994; x_wconf 79' lang='lat' dir='ltr'><strong>ratione</strong></span> <span class='ocrx_word' id='word_1_702' title='bbox 2451 2937 2708 2992; x_wconf 85' lang='lat' dir='ltr'><strong>malitiam</strong></span> <span class='ocrx_word' id='word_1_703' title='bbox 2737 2935 2974 3006; x_wconf 71' lang='lat' dir='ltr'><strong>effugere</strong></span> <span class='ocrx_word' id='word_1_704' title='bbox 3005 2935 3191 3003; x_wconf 87' lang='lat' dir='ltr'><strong>valuit,</strong></span> <span class='ocrx_word' id='word_1_705' title='bbox 3220 2945 3274 2990; x_wconf 88' lang='lat' dir='ltr'><strong>et</strong></span> <span class='ocrx_word' id='word_1_706' title='bbox 3300 2936 3428 2990; x_wconf 85' lang='lat' dir='ltr'><strong>nihil</strong></span> <span class='ocrx_word' id='word_1_707' title='bbox 3477 2937 3600 2992; x_wconf 88' lang='lat' dir='ltr'><strong>inde</strong></span> <span class='ocrx_word' id='word_1_708' title='bbox 3626 2937 3817 2993; x_wconf 82' lang='lat' dir='ltr'><strong>datuui</strong></span> 
     </span>
    </p>
   </div>
   <div class='ocr_carea' id='block_1_91' title="bbox 2213 3027 3819 3099">
    <p class='ocr_par' dir='ltr' id='par_1_91' title="bbox 2213 3027 3819 3099">
     <span class='ocr_line' id='line_1_91' title="bbox 2213 3027 3819 3099; baseline 0.001 -16"><span class='ocrx_word' id='word_1_709' title='bbox 2213 3030 2388 3084; x_wconf 87' lang='lat' dir='ltr'><strong>sensit</strong></span> <span class='ocrx_word' id='word_1_710' title='bbox 2411 3046 2425 3083; x_wconf 91' lang='lat'><strong>:</strong></span> <span class='ocrx_word' id='word_1_711' title='bbox 2447 3030 2542 3084; x_wconf 87' lang='lat' dir='ltr'><strong>sed</strong></span> <span class='ocrx_word' id='word_1_712' title='bbox 2567 3029 2721 3099; x_wconf 88' lang='lat' dir='ltr'><strong>quasi</strong></span> <span class='ocrx_word' id='word_1_713' title='bbox 2749 3043 2815 3083; x_wconf 78' lang='lat' dir='ltr'><strong>es</strong></span> <span class='ocrx_word' id='word_1_714' title='bbox 2845 3027 2946 3082; x_wconf 89' lang='lat' dir='ltr'><strong>alia</strong></span> <span class='ocrx_word' id='word_1_715' title='bbox 2971 3036 3160 3082; x_wconf 83' lang='lat' dir='ltr'><strong>natura</strong></span> <span class='ocrx_word' id='word_1_716' title='bbox 3189 3029 3532 3093; x_wconf 87' lang='lat' dir='ltr'><strong>constitutus,</strong></span> <span class='ocrx_word' id='word_1_717' title='bbox 3573 3029 3654 3085; x_wconf 89' lang='lat' dir='ltr'><strong>sic</strong></span> <span class='ocrx_word' id='word_1_718' title='bbox 3683 3028 3819 3085; x_wconf 75' lang='lat' dir='ltr'><strong>forti</strong></span> 
     </span>
    </p>
   </div>
   <div class='ocr_carea' id='block_1_92' title="bbox 2214 3118 3818 3190">
    <p class='ocr_par' dir='ltr' id='par_1_92' title="bbox 2214 3118 3818 3190">
     <span class='ocr_line' id='line_1_92' title="bbox 2214 3118 3818 3190; baseline 0.002 -17"><span class='ocrx_word' id='word_1_719' title='bbox 2214 3121 2393 3174; x_wconf 87' lang='lat' dir='ltr'><strong>animo</strong></span> <span class='ocrx_word' id='word_1_720' title='bbox 2434 3119 2709 3190; x_wconf 67' lang='lat' dir='ltr'><strong>pra-ditus,</strong></span> <span class='ocrx_word' id='word_1_721' title='bbox 2757 3130 2814 3174; x_wconf 90' lang='lat' dir='ltr'><strong>et</strong></span> <span class='ocrx_word' id='word_1_722' title='bbox 2852 3133 2949 3189; x_wconf 89' lang='lat' dir='ltr'><strong>per</strong></span> <span class='ocrx_word' id='word_1_723' title='bbox 2989 3119 3226 3188; x_wconf 78' lang='lat' dir='ltr'><strong>seipsum</strong></span> <span class='ocrx_word' id='word_1_724' title='bbox 3273 3118 3484 3175; x_wconf 87' lang='lat' dir='ltr'><strong>virtutis</strong></span> <span class='ocrx_word' id='word_1_725' title='bbox 3509 3119 3818 3189; x_wconf 75' lang='lat' dir='ltr'><strong>operationi</strong></span> 
     </span>
    </p>
   </div>
   <div class='ocr_carea' id='block_1_93' title="bbox 2215 3208 3817 3280">
    <p class='ocr_par' dir='ltr' id='par_1_93' title="bbox 2215 3208 3817 3280">
     <span class='ocr_line' id='line_1_93' title="bbox 2215 3208 3817 3280; baseline 0 -14"><span class='ocrx_word' id='word_1_726' title='bbox 2215 3211 2446 3277; x_wconf 89' lang='lat' dir='ltr'><strong>deditus,</strong></span> <span class='ocrx_word' id='word_1_727' title='bbox 2471 3221 2525 3266; x_wconf 89' lang='lat' dir='ltr'><strong>et</strong></span> <span class='ocrx_word' id='word_1_728' title='bbox 2549 3211 2744 3264; x_wconf 89' lang='lat' dir='ltr'><strong>malam</strong></span> <span class='ocrx_word' id='word_1_729' title='bbox 2771 3224 2958 3265; x_wconf 89' lang='lat' dir='ltr'><strong>eorum</strong></span> <span class='ocrx_word' id='word_1_730' title='bbox 2985 3208 3436 3279; x_wconf 85' lang='lat' dir='ltr'><strong>conspirationem</strong></span> <span class='ocrx_word' id='word_1_731' title='bbox 3467 3208 3672 3280; x_wconf 77' lang='lat' dir='ltr'><strong>en&#39;ugit,</strong></span> <span class='ocrx_word' id='word_1_732' title='bbox 3703 3221 3760 3266; x_wconf 82' lang='lat' dir='ltr'><strong>et</strong></span> <span class='ocrx_word' id='word_1_733' title='bbox 3781 3225 3817 3266; x_wconf 86' lang='lat' dir='ltr'><strong>a</strong></span> 
     </span>
    </p>
   </div>
   <div class='ocr_carea' id='block_1_94' title="bbox 2215 3298 3820 3370">
    <p class='ocr_par' dir='ltr' id='par_1_94' title="bbox 2215 3298 3820 3370">
     <span class='ocr_line' id='line_1_94' title="bbox 2215 3298 3820 3370; baseline -0.001 -14"><span class='ocrx_word' id='word_1_734' title='bbox 2215 3302 2485 3357; x_wconf 88' lang='lat' dir='ltr'><strong>communi</strong></span> <span class='ocrx_word' id='word_1_735' title='bbox 2509 3300 2746 3355; x_wconf 88' lang='lat' dir='ltr'><strong>omnium</strong></span> <span class='ocrx_word' id='word_1_736' title='bbox 2780 3300 3074 3370; x_wconf 85' lang='lat' dir='ltr'><strong>perditione</strong></span> <span class='ocrx_word' id='word_1_737' title='bbox 3096 3307 3181 3356; x_wconf 85' lang='lat' dir='ltr'><strong>est</strong></span> <span class='ocrx_word' id='word_1_738' title='bbox 3205 3309 3504 3369; x_wconf 78' lang='lat' dir='ltr'><strong>exemptus.</strong></span> <span class='ocrx_word' id='word_1_739' title='bbox 3543 3301 3598 3355; x_wconf 87' lang='lat'><strong>6.</strong></span> <span class='ocrx_word' id='word_1_740' title='bbox 3629 3298 3699 3353; x_wconf 74' lang='lat' dir='ltr'><strong>Et</strong></span> <span class='ocrx_word' id='word_1_741' title='bbox 3725 3315 3820 3355; x_wconf 79' lang='lat' dir='ltr'><strong>se-</strong></span> 
     </span>
    </p>
   </div>
   <div class='ocr_carea' id='block_1_95' title="bbox 2216 3384 3820 3464">
    <p class='ocr_par' dir='ltr' id='par_1_95' title="bbox 2216 3384 3820 3464">
     <span class='ocr_line' id='line_1_95' title="bbox 2216 3384 3820 3464; baseline 0 -16"><span class='ocrx_word' id='word_1_742' title='bbox 2216 3411 2332 3448; x_wconf 83' lang='lat' dir='ltr'><strong>cum</strong></span> <span class='ocrx_word' id='word_1_743' title='bbox 2359 3395 2630 3464; x_wconf 81' lang='lat' dir='ltr'><strong>reputavit,</strong></span> <span class='ocrx_word' id='word_1_744' title='bbox 2662 3395 2853 3464; x_wconf 82' lang='lat' dir='ltr'><strong>inquit,</strong></span> <span class='ocrx_word' id='word_1_745' title='bbox 2890 3384 3136 3449; x_wconf 78' lang='lat' dir='ltr'><strong>Dominus</strong></span> <span class='ocrx_word' id='word_1_746' title='bbox 3165 3392 3302 3448; x_wconf 82' lang='lat' dir='ltr'><strong>Deus</strong></span> <span class='ocrx_word' id='word_1_747' title='bbox 3325 3394 3461 3464; x_wconf 80' lang='lat' dir='ltr'><strong>quod</strong></span> <span class='ocrx_word' id='word_1_748' title='bbox 3488 3394 3688 3464; x_wconf 78' lang='lat' dir='ltr'><strong>fecisset</strong></span> <span class='ocrx_word' id='word_1_749' title='bbox 3716 3394 3820 3448; x_wconf 66' lang='grc' dir='ltr'><strong>Δο-</strong></span> 
     </span>
    </p>
   </div>
   <div class='ocr_carea' id='block_1_96' title="bbox 2218 3485 3818 3557">
    <p class='ocr_par' dir='ltr' id='par_1_96' title="bbox 2218 3485 3818 3557">
     <span class='ocr_line' id='line_1_96' title="bbox 2218 3485 3818 3557; baseline 0 -17"><span class='ocrx_word' id='word_1_750' title='bbox 2218 3486 2401 3540; x_wconf 80' lang='lat' dir='ltr'><strong>minem</strong></span> <span class='ocrx_word' id='word_1_751' title='bbox 2452 3502 2603 3557; x_wconf 84' lang='lat' dir='ltr'><strong>super</strong></span> <span class='ocrx_word' id='word_1_752' title='bbox 2647 3497 2853 3540; x_wconf 79' lang='lat' dir='ltr'><strong>terram.</strong></span> <span class='ocrx_word' id='word_1_753' title='bbox 2907 3485 3035 3540; x_wconf 89' lang='lat' dir='ltr'><strong>Vide</strong></span> <span class='ocrx_word' id='word_1_754' title='bbox 3073 3487 3265 3539; x_wconf 89' lang='lat' dir='ltr'><strong>iterum</strong></span> <span class='ocrx_word' id='word_1_755' title='bbox 3293 3488 3512 3540; x_wconf 79' lang='lat' dir='ltr'><strong>verbum</strong></span> <span class='ocrx_word' id='word_1_756' title='bbox 3541 3499 3818 3554; x_wconf 83' lang='lat' dir='ltr'><strong>crassum,</strong></span> 
     </span>
    </p>
   </div>
   <div class='ocr_carea' id='block_1_97' title="bbox 2216 3575 3820 3647">
    <p class='ocr_par' dir='ltr' id='par_1_97' title="bbox 2216 3575 3820 3647">
     <span class='ocr_line' id='line_1_97' title="bbox 2216 3575 3820 3647; baseline 0.001 -18"><span class='ocrx_word' id='word_1_757' title='bbox 2216 3586 2270 3631; x_wconf 88' lang='lat' dir='ltr'><strong>et</strong></span> <span class='ocrx_word' id='word_1_758' title='bbox 2299 3586 2496 3632; x_wconf 64' lang='lat' dir='ltr'><strong>nostrae</strong></span> <span class='ocrx_word' id='word_1_759' title='bbox 2523 3577 2768 3645; x_wconf 87' lang='lat' dir='ltr'><strong>parvitati</strong></span> <span class='ocrx_word' id='word_1_760' title='bbox 2794 3576 3065 3631; x_wconf 88' lang='lat' dir='ltr'><strong>idoneum.</strong></span> <span class='ocrx_word' id='word_1_761' title='bbox 3095 3575 3281 3631; x_wconf 80' lang='lat' dir='ltr'><strong>Secum</strong></span> <span class='ocrx_word' id='word_1_762' title='bbox 3315 3578 3585 3646; x_wconf 82' lang='lat' dir='ltr'><strong>reputavit.</strong></span> <span class='ocrx_word' id='word_1_763' title='bbox 3617 3577 3820 3647; x_wconf 82' lang='lat' dir='ltr'><strong>inquit,</strong></span> 
     </span>
    </p>
   </div>
   <div class='ocr_carea' id='block_1_98' title="bbox 2219 3667 3821 3740">
    <p class='ocr_par' dir='ltr' id='par_1_98' title="bbox 2219 3667 3821 3740">
     <span class='ocr_line' id='line_1_98' title="bbox 2219 3667 3821 3740; baseline 0 -17"><span class='ocrx_word' id='word_1_764' title='bbox 2219 3668 2624 3740; x_wconf 74' lang='lat' dir='ltr'><strong>pro,pmnituit:</strong></span> <span class='ocrx_word' id='word_1_765' title='bbox 2655 3683 2761 3723; x_wconf 92' lang='lat' dir='ltr'><strong>non</strong></span> <span class='ocrx_word' id='word_1_766' title='bbox 2783 3667 2926 3737; x_wconf 89' lang='lat' dir='ltr'><strong>quod</strong></span> <span class='ocrx_word' id='word_1_767' title='bbox 2957 3669 3264 3736; x_wconf 71' lang='lat' dir='ltr'><strong>pmnituerit</strong></span> <span class='ocrx_word' id='word_1_768' title='bbox 3299 3667 3484 3732; x_wconf 80' lang='lat' dir='ltr'><strong>Deum,</strong></span> <span class='ocrx_word' id='word_1_769' title='bbox 3512 3667 3688 3732; x_wconf 79' lang='lat' dir='ltr'><strong>absit;</strong></span> <span class='ocrx_word' id='word_1_770' title='bbox 3717 3669 3821 3723; x_wconf 87' lang='lat' dir='ltr'><strong>sed</strong></span> 
     </span>
    </p>
   </div>
   <div class='ocr_carea' id='block_1_99' title="bbox 2217 3756 3825 3826">
    <p class='ocr_par' dir='ltr' id='par_1_99' title="bbox 2217 3756 3825 3826">
     <span class='ocr_line' id='line_1_99' title="bbox 2217 3756 3825 3826; baseline -0.001 -13"><span class='ocrx_word' id='word_1_771' title='bbox 2217 3759 2508 3814; x_wconf 89' lang='lat' dir='ltr'><strong>secundum</strong></span> <span class='ocrx_word' id='word_1_772' title='bbox 2556 3757 2842 3813; x_wconf 85' lang='lat' dir='ltr'><strong>humanam</strong></span> <span class='ocrx_word' id='word_1_773' title='bbox 2891 3757 3335 3814; x_wconf 89' lang='lat' dir='ltr'><strong>consuetudinem</strong></span> <span class='ocrx_word' id='word_1_774' title='bbox 3381 3756 3617 3826; x_wconf 86' lang='lat' dir='ltr'><strong>loquitur</strong></span> <span class='ocrx_word' id='word_1_775' title='bbox 3659 3759 3825 3814; x_wconf 89' lang='lat' dir='ltr'><strong>nobis</strong></span> 
     </span>
    </p>
   </div>
   <div class='ocr_carea' id='block_1_100' title="bbox 2217 3847 3819 3920">
    <p class='ocr_par' dir='ltr' id='par_1_100' title="bbox 2217 3847 3819 3920">
     <span class='ocr_line' id='line_1_100' title="bbox 2217 3847 3819 3920; baseline -0.001 -15"><span class='ocrx_word' id='word_1_776' title='bbox 2217 3850 2393 3905; x_wconf 88' lang='lat' dir='ltr'><strong>divina</strong></span> <span class='ocrx_word' id='word_1_777' title='bbox 2443 3849 2738 3920; x_wconf 87' lang='lat' dir='ltr'><strong>Scriptura,</strong></span> <span class='ocrx_word' id='word_1_778' title='bbox 2792 3859 2851 3905; x_wconf 93' lang='lat' dir='ltr'><strong>ut</strong></span> <span class='ocrx_word' id='word_1_779' title='bbox 2904 3863 3003 3904; x_wconf 90' lang='lat' dir='ltr'><strong>nos</strong></span> <span class='ocrx_word' id='word_1_780' title='bbox 3053 3848 3246 3903; x_wconf 90' lang='lat' dir='ltr'><strong>doceat</strong></span> <span class='ocrx_word' id='word_1_781' title='bbox 3293 3849 3534 3902; x_wconf 88' lang='lat' dir='ltr'><strong>enormia</strong></span> <span class='ocrx_word' id='word_1_782' title='bbox 3599 3847 3819 3903; x_wconf 91' lang='lat' dir='ltr'><strong>illorum</strong></span> 
     </span>
    </p>
   </div>
   <div class='ocr_carea' id='block_1_101' title="bbox 2219 3939 3822 4014">
    <p class='ocr_par' dir='ltr' id='par_1_101' title="bbox 2219 3939 3822 4014">
     <span class='ocr_line' id='line_1_101' title="bbox 2219 3939 3822 4014; baseline -0.003 -15"><span class='ocrx_word' id='word_1_783' title='bbox 2219 3954 2433 4014; x_wconf 85' lang='lat' dir='ltr'><strong>peccata</strong></span> <span class='ocrx_word' id='word_1_784' title='bbox 2450 3943 2769 3999; x_wconf 87' lang='lat' dir='ltr'><strong>clementem</strong></span> <span class='ocrx_word' id='word_1_785' title='bbox 2793 3942 2961 3996; x_wconf 88' lang='lat' dir='ltr'><strong>Deum</strong></span> <span class='ocrx_word' id='word_1_786' title='bbox 2983 3940 3036 3995; x_wconf 91' lang='lat' dir='ltr'><strong>in</strong></span> <span class='ocrx_word' id='word_1_787' title='bbox 3059 3939 3475 4011; x_wconf 86' lang='lat' dir='ltr'><strong>indignationem</strong></span> <span class='ocrx_word' id='word_1_788' title='bbox 3493 3941 3822 3996; x_wconf 84' lang='lat' dir='ltr'><strong>concitasse.</strong></span> 
     </span>
    </p>
   </div>
   <div class='ocr_carea' id='block_1_102' title="bbox 2219 4030 3824 4104">
    <p class='ocr_par' dir='ltr' id='par_1_102' title="bbox 2219 4030 3824 4104">
     <span class='ocr_line' id='line_1_102' title="bbox 2219 4030 3824 4104; baseline -0.001 -16"><span class='ocrx_word' id='word_1_789' title='bbox 2219 4033 2288 4088; x_wconf 83' lang='lat' dir='ltr'><strong>Et</strong></span> <span class='ocrx_word' id='word_1_790' title='bbox 2318 4050 2483 4090; x_wconf 87' lang='lat' dir='ltr'><strong>secum</strong></span> <span class='ocrx_word' id='word_1_791' title='bbox 2507 4034 2780 4104; x_wconf 86' lang='lat' dir='ltr'><strong>reputavit,</strong></span> <span class='ocrx_word' id='word_1_792' title='bbox 2808 4032 3000 4103; x_wconf 88' lang='lat' dir='ltr'><strong>inquit,</strong></span> <span class='ocrx_word' id='word_1_793' title='bbox 3053 4031 3298 4086; x_wconf 85' lang='lat' dir='ltr'><strong>Dominus</strong></span> <span class='ocrx_word' id='word_1_794' title='bbox 3328 4030 3467 4085; x_wconf 82' lang='lat' dir='ltr'><strong>Deus</strong></span> <span class='ocrx_word' id='word_1_795' title='bbox 3496 4034 3629 4101; x_wconf 81' lang='lat' dir='ltr'><strong>quod</strong></span> <span class='ocrx_word' id='word_1_796' title='bbox 3657 4031 3824 4100; x_wconf 74' lang='lat' dir='ltr'><strong>fecis-</strong></span> 
     </span>
    </p>
   </div>
   <div class='ocr_carea' id='block_1_103' title="bbox 2222 4123 3827 4198">
    <p class='ocr_par' dir='ltr' id='par_1_103' title="bbox 2222 4123 3827 4198">
     <span class='ocr_line' id='line_1_103' title="bbox 2222 4123 3827 4198; baseline -0.001 -17"><span class='ocrx_word' id='word_1_797' title='bbox 2222 4138 2293 4181; x_wconf 82' lang='lat' dir='ltr'><strong>set</strong></span> <span class='ocrx_word' id='word_1_798' title='bbox 2337 4129 2589 4182; x_wconf 80' lang='lat' dir='ltr'><strong>hominem</strong></span> <span class='ocrx_word' id='word_1_799' title='bbox 2633 4143 2787 4198; x_wconf 84' lang='lat' dir='ltr'><strong>super</strong></span> <span class='ocrx_word' id='word_1_800' title='bbox 2831 4135 3033 4180; x_wconf 84' lang='lat' dir='ltr'><strong>terram.</strong></span> <span class='ocrx_word' id='word_1_801' title='bbox 3087 4124 3222 4180; x_wconf 86' lang='lat' dir='ltr'><strong>Num</strong></span> <span class='ocrx_word' id='word_1_802' title='bbox 3272 4124 3416 4180; x_wconf 87' lang='lat' dir='ltr'><strong>enim</strong></span> <span class='ocrx_word' id='word_1_803' title='bbox 3449 4131 3669 4193; x_wconf 82' lang='lat' dir='ltr'><strong>prOpter</strong></span> <span class='ocrx_word' id='word_1_804' title='bbox 3716 4123 3827 4180; x_wconf 82' lang='lat' dir='ltr'><strong>hoc</strong></span> 
     </span>
    </p>
   </div>
   <div class='ocr_carea' id='block_1_104' title="bbox 2224 4218 3824 4293">
    <p class='ocr_par' dir='ltr' id='par_1_104' title="bbox 2224 4218 3824 4293">
     <span class='ocr_line' id='line_1_104' title="bbox 2224 4218 3824 4293; baseline -0.004 -15"><span class='ocrx_word' id='word_1_805' title='bbox 2224 4225 2396 4293; x_wconf 90' lang='lat' dir='ltr'><strong>ipsum</strong></span> <span class='ocrx_word' id='word_1_806' title='bbox 2422 4219 2666 4292; x_wconf 77' lang='lat' dir='ltr'><strong>produxi,</strong></span> <span class='ocrx_word' id='word_1_807' title='bbox 2700 4221 2888 4290; x_wconf 89' lang='lat' dir='ltr'><strong>inquit,</strong></span> <span class='ocrx_word' id='word_1_808' title='bbox 2915 4220 3042 4274; x_wconf 89' lang='lat' dir='ltr'><strong>utin</strong></span> <span class='ocrx_word' id='word_1_809' title='bbox 3061 4227 3260 4273; x_wconf 80' lang='lat' dir='ltr'><strong>tantam</strong></span> <span class='ocrx_word' id='word_1_810' title='bbox 3293 4218 3582 4286; x_wconf 88' lang='lat' dir='ltr'><strong>perniciem</strong></span> <span class='ocrx_word' id='word_1_811' title='bbox 3613 4219 3824 4286; x_wconf 82' lang='lat' dir='ltr'><strong>lapsus,</strong></span> 
     </span>
    </p>
   </div>
   <div class='ocr_carea' id='block_1_105' title="bbox 2223 4307 3826 4383">
    <p class='ocr_par' dir='ltr' id='par_1_105' title="bbox 2223 4307 3826 4383">
     <span class='ocr_line' id='line_1_105' title="bbox 2223 4307 3826 4383; baseline -0.003 -15"><span class='ocrx_word' id='word_1_812' title='bbox 2223 4315 2429 4383; x_wconf 88' lang='lat' dir='ltr'><strong>sibiipsi</strong></span> <span class='ocrx_word' id='word_1_813' title='bbox 2480 4312 2792 4382; x_wconf 88' lang='lat' dir='ltr'><strong>perditionis</strong></span> <span class='ocrx_word' id='word_1_814' title='bbox 2839 4312 2991 4365; x_wconf 84' lang='lat' dir='ltr'><strong>tieret</strong></span> <span class='ocrx_word' id='word_1_815' title='bbox 3027 4309 3254 4364; x_wconf 78' lang='lat' dir='ltr'><strong>auctor?</strong></span> <span class='ocrx_word' id='word_1_816' title='bbox 3281 4308 3418 4363; x_wconf 84' lang='lat' dir='ltr'><strong>Num</strong></span> <span class='ocrx_word' id='word_1_817' title='bbox 3442 4308 3540 4362; x_wconf 87' lang='lat' dir='ltr'><strong>hac</strong></span> <span class='ocrx_word' id='word_1_818' title='bbox 3559 4307 3628 4363; x_wconf 91' lang='lat' dir='ltr'><strong>do</strong></span> <span class='ocrx_word' id='word_1_819' title='bbox 3652 4322 3826 4364; x_wconf 82' lang='lat' dir='ltr'><strong>causa</strong></span> 
     </span>
    </p>
   </div>
   <div class='ocr_carea' id='block_1_106' title="bbox 2225 4398 3824 4477">
    <p class='ocr_par' dir='ltr' id='par_1_106' title="bbox 2225 4398 3824 4477">
     <span class='ocr_line' id='line_1_106' title="bbox 2225 4398 3824 4477; baseline -0.004 -17"><span class='ocrx_word' id='word_1_820' title='bbox 2225 4424 2254 4460; x_wconf 91' lang='lat' dir='ltr'><strong>a</strong></span> <span class='ocrx_word' id='word_1_821' title='bbox 2301 4404 2560 4477; x_wconf 86' lang='lat' dir='ltr'><strong>principio</strong></span> <span class='ocrx_word' id='word_1_822' title='bbox 2602 4411 2749 4457; x_wconf 89' lang='lat' dir='ltr'><strong>tanto</strong></span> <span class='ocrx_word' id='word_1_823' title='bbox 2801 4401 3004 4457; x_wconf 89' lang='lat' dir='ltr'><strong>honore</strong></span> <span class='ocrx_word' id='word_1_824' title='bbox 3044 4415 3166 4456; x_wconf 89' lang='lat' dir='ltr'><strong>eum</strong></span> <span class='ocrx_word' id='word_1_825' title='bbox 3217 4398 3486 4468; x_wconf 81' lang='lat' dir='ltr'><strong>insignivi,</strong></span> <span class='ocrx_word' id='word_1_826' title='bbox 3517 4407 3575 4454; x_wconf 86' lang='lat' dir='ltr'><strong>et</strong></span> <span class='ocrx_word' id='word_1_827' title='bbox 3615 4408 3824 4454; x_wconf 85' lang='lat' dir='ltr'><strong>tantam</strong></span> 
     </span>
    </p>
   </div>
   <div class='ocr_carea' id='block_1_107' title="bbox 2224 4491 3823 4574">
    <p class='ocr_par' dir='ltr' id='par_1_107' title="bbox 2224 4491 3823 4574">
     <span class='ocr_line' id='line_1_107' title="bbox 2224 4491 3823 4574; baseline -0.008 -18"><span class='ocrx_word' id='word_1_828' title='bbox 2224 4503 2341 4574; x_wconf 87' lang='lat' dir='ltr'><strong>ejus</strong></span> <span class='ocrx_word' id='word_1_829' title='bbox 2384 4513 2564 4554; x_wconf 89' lang='lat' dir='ltr'><strong>curam</strong></span> <span class='ocrx_word' id='word_1_830' title='bbox 2614 4509 2699 4550; x_wconf 90' lang='lat' dir='ltr'><strong>me</strong></span> <span class='ocrx_word' id='word_1_831' title='bbox 2750 4495 2947 4550; x_wconf 86' lang='lat' dir='ltr'><strong>habere</strong></span> <span class='ocrx_word' id='word_1_832' title='bbox 2975 4494 3266 4558; x_wconf 89' lang='lat' dir='ltr'><strong>declaravi,</strong></span> <span class='ocrx_word' id='word_1_833' title='bbox 3297 4500 3356 4545; x_wconf 92' lang='lat' dir='ltr'><strong>ut</strong></span> <span class='ocrx_word' id='word_1_834' title='bbox 3375 4491 3558 4546; x_wconf 86' lang='lat' dir='ltr'><strong>virtuti</strong></span> <span class='ocrx_word' id='word_1_835' title='bbox 3595 4505 3823 4558; x_wconf 88' lang='lat' dir='ltr'><strong>vacans,</strong></span> 
     </span>
    </p>
   </div>
   <div class='ocr_carea' id='block_1_108' title="bbox 2226 4582 3825 4661">
    <p class='ocr_par' dir='ltr' id='par_1_108' title="bbox 2226 4582 3825 4661">
     <span class='ocr_line' id='line_1_108' title="bbox 2226 4582 3825 4661; baseline -0.009 -12"><span class='ocrx_word' id='word_1_836' title='bbox 2226 4597 2430 4650; x_wconf 86' lang='lat' dir='ltr'><strong>alienus</strong></span> <span class='ocrx_word' id='word_1_837' title='bbox 2453 4609 2481 4646; x_wconf 86' lang='lat' dir='ltr'><strong>a</strong></span> <span class='ocrx_word' id='word_1_838' title='bbox 2509 4589 2802 4661; x_wconf 87' lang='lat' dir='ltr'><strong>perditione</strong></span> <span class='ocrx_word' id='word_1_839' title='bbox 2827 4587 3009 4642; x_wconf 84' lang='lat' dir='ltr'><strong>ﬁeret?</strong></span> <span class='ocrx_word' id='word_1_840' title='bbox 3042 4585 3304 4650; x_wconf 82' lang='lat' dir='ltr'><strong>Quoniam</strong></span> <span class='ocrx_word' id='word_1_841' title='bbox 3331 4593 3508 4638; x_wconf 89' lang='lat' dir='ltr'><strong>autem</strong></span> <span class='ocrx_word' id='word_1_842' title='bbox 3535 4582 3825 4638; x_wconf 72' lang='lat' dir='ltr'><strong>clementia</strong></span> 
     </span>
    </p>
   </div>
   <div class='ocr_carea' id='block_1_109' title="bbox 2229 4673 3827 4747">
    <p class='ocr_par' dir='ltr' id='par_1_109' title="bbox 2229 4673 3827 4747">
     <span class='ocr_line' id='line_1_109' title="bbox 2229 4673 3827 4747; baseline -0.01 -5"><span class='ocrx_word' id='word_1_843' title='bbox 2229 4703 2345 4742; x_wconf 84' lang='lat' dir='ltr'><strong>mea</strong></span> <span class='ocrx_word' id='word_1_844' title='bbox 2396 4687 2591 4741; x_wconf 86' lang='lat' dir='ltr'><strong>abusus</strong></span> <span class='ocrx_word' id='word_1_845' title='bbox 2639 4691 2743 4746; x_wconf 85' lang='lat' dir='ltr'><strong>est,</strong></span> <span class='ocrx_word' id='word_1_846' title='bbox 2799 4681 2966 4734; x_wconf 88' lang='lat' dir='ltr'><strong>satius</strong></span> <span class='ocrx_word' id='word_1_847' title='bbox 3024 4677 3245 4747; x_wconf 85' lang='lat' dir='ltr'><strong>posthac</strong></span> <span class='ocrx_word' id='word_1_848' title='bbox 3291 4675 3453 4730; x_wconf 81' lang='lat' dir='ltr'><strong>fuerit</strong></span> <span class='ocrx_word' id='word_1_849' title='bbox 3505 4673 3674 4728; x_wconf 88' lang='lat' dir='ltr'><strong>malos</strong></span> <span class='ocrx_word' id='word_1_850' title='bbox 3702 4674 3827 4742; x_wconf 85' lang='lat' dir='ltr'><strong>ejus</strong></span> 
     </span>
    </p>
   </div>
   <div class='ocr_carea' id='block_1_110' title="bbox 2225 4765 3830 4847">
    <p class='ocr_par' dir='ltr' id='par_1_110' title="bbox 2225 4765 3830 4847">
     <span class='ocr_line' id='line_1_110' title="bbox 2225 4765 3830 4847; baseline -0.011 -11"><span class='ocrx_word' id='word_1_851' title='bbox 2225 4791 2444 4836; x_wconf 84' lang='lat' dir='ltr'><strong>conatus</strong></span> <span class='ocrx_word' id='word_1_852' title='bbox 2495 4775 2772 4847; x_wconf 87' lang='lat' dir='ltr'><strong>impedire.</strong></span> <span class='ocrx_word' id='word_1_853' title='bbox 2826 4772 2890 4825; x_wconf 74' lang='lat' dir='ltr'><strong>Et</strong></span> <span class='ocrx_word' id='word_1_854' title='bbox 2933 4770 3186 4841; x_wconf 81' lang='lat' dir='ltr'><strong>cogitavit,</strong></span> <span class='ocrx_word' id='word_1_855' title='bbox 3228 4769 3278 4821; x_wconf 85' lang='lat'><strong>7.</strong></span> <span class='ocrx_word' id='word_1_856' title='bbox 3300 4767 3531 4837; x_wconf 71' lang='lat' dir='ltr'><strong>Dixitque</strong></span> <span class='ocrx_word' id='word_1_857' title='bbox 3572 4765 3830 4819; x_wconf 78' lang='lat' dir='ltr'><strong>Dominus</strong></span> 
     </span>
    </p>
   </div>
   <div class='ocr_carea' id='block_1_111' title="bbox 2227 4860 3828 4942">
    <p class='ocr_par' dir='ltr' id='par_1_111' title="bbox 2227 4860 3828 4942">
     <span class='ocr_line' id='line_1_111' title="bbox 2227 4860 3828 4942; baseline -0.012 -14"><span class='ocrx_word' id='word_1_858' title='bbox 2227 4875 2384 4937; x_wconf 83' lang='lat' dir='ltr'><strong>Deus,</strong></span> <span class='ocrx_word' id='word_1_859' title='bbox 2414 4873 2585 4942; x_wconf 83' lang='lat' dir='ltr'><strong>inquit</strong></span> <span class='ocrx_word' id='word_1_860' title='bbox 2607 4887 2621 4924; x_wconf 90' lang='lat'><strong>:</strong></span> <span class='ocrx_word' id='word_1_861' title='bbox 2647 4867 2835 4922; x_wconf 82' lang='lat' dir='ltr'><strong>Delebo</strong></span> <span class='ocrx_word' id='word_1_862' title='bbox 2862 4865 3117 4919; x_wconf 79' lang='lat' dir='ltr'><strong>hominem</strong></span> <span class='ocrx_word' id='word_1_863' title='bbox 3144 4879 3291 4932; x_wconf 84' lang='lat' dir='ltr'><strong>quem</strong></span> <span class='ocrx_word' id='word_1_864' title='bbox 3318 4860 3415 4928; x_wconf 77' lang='lat' dir='ltr'><strong>feci</strong></span> <span class='ocrx_word' id='word_1_865' title='bbox 3435 4875 3466 4911; x_wconf 92' lang='lat' dir='ltr'><strong>a</strong></span> <span class='ocrx_word' id='word_1_866' title='bbox 3495 4860 3626 4928; x_wconf 77' lang='lat' dir='ltr'><strong>facie</strong></span> <span class='ocrx_word' id='word_1_867' title='bbox 3647 4869 3828 4923; x_wconf 70' lang='lat' dir='ltr'><strong>terra&#39;,</strong></span> 
     </span>
    </p>
   </div>
   <div class='ocr_carea' id='block_1_112' title="bbox 2225 4949 3824 5032">
    <p class='ocr_par' dir='ltr' id='par_1_112' title="bbox 2225 4949 3824 5032">
     <span class='ocr_line' id='line_1_112' title="bbox 2225 4949 3824 5032; baseline -0.012 -11"><span class='ocrx_word' id='word_1_868' title='bbox 2225 4972 2287 5021; x_wconf 86' lang='lat' dir='ltr'><strong>ab</strong></span> <span class='ocrx_word' id='word_1_869' title='bbox 2317 4967 2516 5020; x_wconf 81' lang='lat' dir='ltr'><strong>homine</strong></span> <span class='ocrx_word' id='word_1_870' title='bbox 2543 4977 2698 5032; x_wconf 86' lang='lat' dir='ltr'><strong>usque</strong></span> <span class='ocrx_word' id='word_1_871' title='bbox 2725 4959 2794 5012; x_wconf 85' lang='lat' dir='ltr'><strong>ad</strong></span> <span class='ocrx_word' id='word_1_872' title='bbox 2821 4973 2992 5027; x_wconf 87' lang='lat' dir='ltr'><strong>pecus,</strong></span> <span class='ocrx_word' id='word_1_873' title='bbox 3023 4965 3070 5008; x_wconf 87' lang='lat' dir='ltr'><strong>et</strong></span> <span class='ocrx_word' id='word_1_874' title='bbox 3097 4972 3129 5007; x_wconf 91' lang='lat' dir='ltr'><strong>a</strong></span> <span class='ocrx_word' id='word_1_875' title='bbox 3151 4953 3415 5021; x_wconf 79' lang='lat' dir='ltr'><strong>reptilibus</strong></span> <span class='ocrx_word' id='word_1_876' title='bbox 3447 4965 3605 5019; x_wconf 86' lang='lat' dir='ltr'><strong>usque</strong></span> <span class='ocrx_word' id='word_1_877' title='bbox 3629 4949 3699 5001; x_wconf 80' lang='lat' dir='ltr'><strong>ad</strong></span> <span class='ocrx_word' id='word_1_878' title='bbox 3728 4963 3824 5003; x_wconf 75' lang='lat' dir='ltr'><strong>tto-</strong></span> 
     </span>
    </p>
   </div>
   <div class='ocr_carea' id='block_1_113' title="bbox 2226 5041 3826 5123">
    <p class='ocr_par' dir='ltr' id='par_1_113' title="bbox 2226 5041 3826 5123">
     <span class='ocr_line' id='line_1_113' title="bbox 2226 5041 3826 5123; baseline -0.014 -9"><span class='ocrx_word' id='word_1_879' title='bbox 2226 5061 2387 5116; x_wconf 80' lang='lat' dir='ltr'><strong>latitia</strong></span> <span class='ocrx_word' id='word_1_880' title='bbox 2433 5056 2543 5111; x_wconf 65' lang='lat' dir='ltr'><strong>celi</strong></span> <span class='ocrx_word' id='word_1_881' title='bbox 2565 5069 2582 5107; x_wconf 92' lang='lat'><strong><em>:</em></strong></span> <span class='ocrx_word' id='word_1_882' title='bbox 2608 5055 2728 5123; x_wconf 81' lang='lat' dir='ltr'><strong>quia</strong></span> <span class='ocrx_word' id='word_1_883' title='bbox 2776 5065 2970 5104; x_wconf 86' lang='lat' dir='ltr'><strong>mecum</strong></span> <span class='ocrx_word' id='word_1_884' title='bbox 3024 5045 3250 5115; x_wconf 84' lang='lat' dir='ltr'><strong>reputavi</strong></span> <span class='ocrx_word' id='word_1_885' title='bbox 3299 5041 3434 5114; x_wconf 84' lang='lat' dir='ltr'><strong>quod</strong></span> <span class='ocrx_word' id='word_1_886' title='bbox 3478 5042 3680 5109; x_wconf 61' lang='lat' dir='ltr'><strong>fecerim</strong></span> <span class='ocrx_word' id='word_1_887' title='bbox 3708 5055 3826 5094; x_wconf 75' lang='lat' dir='ltr'><strong>eos.</strong></span> 
     </span>
    </p>
   </div>
   <div class='ocr_carea' id='block_1_114' title="bbox 2227 5132 3831 5223">
    <p class='ocr_par' dir='ltr' id='par_1_114' title="bbox 2227 5132 3831 5223">
     <span class='ocr_line' id='line_1_114' title="bbox 2227 5132 3831 5223; baseline -0.019 -16"><span class='ocrx_word' id='word_1_888' title='bbox 2227 5156 2356 5223; x_wconf 68' lang='lat' dir='ltr'><strong>Qum</strong></span> <span class='ocrx_word' id='word_1_889' title='bbox 2383 5151 2487 5206; x_wconf 90' lang='lat' dir='ltr'><strong>mei</strong></span> <span class='ocrx_word' id='word_1_890' title='bbox 2511 5147 2674 5204; x_wconf 80' lang='lat' dir='ltr'><strong>cilicii</strong></span> <span class='ocrx_word' id='word_1_891' title='bbox 2702 5153 2878 5209; x_wconf 87' lang='lat' dir='ltr'><strong>erant,</strong></span> <span class='ocrx_word' id='word_1_892' title='bbox 2906 5142 3098 5211; x_wconf 89' lang='lat' dir='ltr'><strong>inquit,</strong></span> <span class='ocrx_word' id='word_1_893' title='bbox 3139 5137 3318 5193; x_wconf 85' lang='lat' dir='ltr'><strong>omnia</strong></span> <span class='ocrx_word' id='word_1_894' title='bbox 3347 5135 3591 5191; x_wconf 89' lang='lat' dir='ltr'><strong>exhibui.</strong></span> <span class='ocrx_word' id='word_1_895' title='bbox 3628 5134 3712 5192; x_wconf 74' lang='lat' dir='ltr'><strong>Ex</strong></span> <span class='ocrx_word' id='word_1_896' title='bbox 3737 5132 3831 5189; x_wconf 75' lang='grc' dir='ltr'>ιιι-</span> 
     </span>
    </p>
   </div>
   <div class='ocr_carea' id='block_1_115' title="bbox 2229 5225 3830 5311">
    <p class='ocr_par' dir='ltr' id='par_1_115' title="bbox 2229 5225 3830 5311">
     <span class='ocr_line' id='line_1_115' title="bbox 2229 5225 3830 5311; baseline -0.013 -13"><span class='ocrx_word' id='word_1_897' title='bbox 2229 5248 2355 5311; x_wconf 91' lang='lat' dir='ltr'><strong>hilo,</strong></span> <span class='ocrx_word' id='word_1_898' title='bbox 2383 5253 2441 5299; x_wconf 86' lang='lat' dir='ltr'><strong>ut</strong></span> <span class='ocrx_word' id='word_1_899' title='bbox 2465 5250 2630 5306; x_wconf 89' lang='lat' dir='ltr'><strong>esset,</strong></span> <span class='ocrx_word' id='word_1_900' title='bbox 2662 5239 2811 5293; x_wconf 88' lang='lat' dir='ltr'><strong>illum</strong></span> <span class='ocrx_word' id='word_1_901' title='bbox 2841 5234 3089 5304; x_wconf 85' lang='lat' dir='ltr'><strong>produxi,</strong></span> <span class='ocrx_word' id='word_1_902' title='bbox 3137 5240 3339 5286; x_wconf 71' lang='lat' dir='ltr'><strong>natura:</strong></span> <span class='ocrx_word' id='word_1_903' title='bbox 3369 5228 3510 5283; x_wconf 88' lang='lat' dir='ltr'><strong>illius</strong></span> <span class='ocrx_word' id='word_1_904' title='bbox 3534 5225 3830 5286; x_wconf 84' lang='lat' dir='ltr'><strong>scientiam</strong></span> 
     </span>
    </p>
   </div>
   <div class='ocr_carea' id='block_1_116' title="bbox 2227 5318 3832 5394">
    <p class='ocr_par' dir='ltr' id='par_1_116' title="bbox 2227 5318 3832 5394">
     <span class='ocr_line' id='line_1_116' title="bbox 2227 5318 3832 5394; baseline -0.014 -1"><span class='ocrx_word' id='word_1_905' title='bbox 2227 5335 2588 5394; x_wconf 80' lang='lat' dir='ltr'><strong>faciendorum</strong></span> <span class='ocrx_word' id='word_1_906' title='bbox 2618 5339 2672 5387; x_wconf 91' lang='lat' dir='ltr'><strong>et</strong></span> <span class='ocrx_word' id='word_1_907' title='bbox 2702 5344 2807 5382; x_wconf 91' lang='lat' dir='ltr'><strong>non</strong></span> <span class='ocrx_word' id='word_1_908' title='bbox 2837 5324 3195 5381; x_wconf 78' lang='lat' dir='ltr'><strong>faciendorum</strong></span> <span class='ocrx_word' id='word_1_909' title='bbox 3241 5319 3430 5385; x_wconf 88' lang='lat' dir='ltr'><strong>indidi,</strong></span> <span class='ocrx_word' id='word_1_910' title='bbox 3479 5318 3704 5372; x_wconf 88' lang='lat' dir='ltr'><strong>liberum</strong></span> <span class='ocrx_word' id='word_1_911' title='bbox 3739 5332 3832 5370; x_wconf 55' lang='lat' dir='ltr'><strong>arb</strong></span> 
     </span>
    </p>
   </div>
   <div class='ocr_carea' id='block_1_117' title="bbox 2228 5414 3828 5486">
    <p class='ocr_par' dir='ltr' id='par_1_117' title="bbox 2228 5414 3828 5486">
     <span class='ocr_line' id='line_1_117' title="bbox 2228 5414 3828 5486; baseline -0.014 -3"><span class='ocrx_word' id='word_1_912' title='bbox 2228 5428 2441 5483; x_wconf 88' lang='lat' dir='ltr'><strong>hitrium</strong></span> <span class='ocrx_word' id='word_1_913' title='bbox 2466 5423 2681 5486; x_wconf 80' lang='lat' dir='ltr'><strong>donavi,</strong></span> <span class='ocrx_word' id='word_1_914' title='bbox 2718 5417 2967 5473; x_wconf 84' lang='lat' dir='ltr'><strong>ineli&#39;abili</strong></span> <span class='ocrx_word' id='word_1_915' title='bbox 2999 5414 3280 5470; x_wconf 87' lang='lat' dir='ltr'><strong>tolerantia</strong></span> <span class='ocrx_word' id='word_1_916' title='bbox 3304 5426 3433 5465; x_wconf 90' lang='lat' dir='ltr'><strong>usus</strong></span> <span class='ocrx_word' id='word_1_917' title='bbox 3453 5417 3667 5470; x_wconf 84' lang='lat' dir='ltr'><strong>sum,et</strong></span> <span class='ocrx_word' id='word_1_918' title='bbox 3700 5419 3828 5476; x_wconf 80' lang='lat' dir='ltr'><strong>post</strong></span> 
     </span>
    </p>
   </div>
   <div class='ocr_carea' id='block_1_118' title="bbox 2228 5499 3834 5588">
    <p class='ocr_par' dir='ltr' id='par_1_118' title="bbox 2228 5499 3834 5588">
     <span class='ocr_line' id='line_1_118' title="bbox 2228 5499 3834 5588; baseline -0.015 -15"><span class='ocrx_word' id='word_1_919' title='bbox 2228 5522 2442 5588; x_wconf 83' lang='lat' dir='ltr'><strong>longum</strong></span> <span class='ocrx_word' id='word_1_920' title='bbox 2476 5513 2603 5567; x_wconf 93' lang='lat' dir='ltr'><strong>illud</strong></span> <span class='ocrx_word' id='word_1_921' title='bbox 2633 5520 2860 5579; x_wconf 86' lang='lat' dir='ltr'><strong>tempus,</strong></span> <span class='ocrx_word' id='word_1_922' title='bbox 2889 5518 2942 5563; x_wconf 89' lang='lat' dir='ltr'><strong>et</strong></span> <span class='ocrx_word' id='word_1_923' title='bbox 2964 5515 3082 5578; x_wconf 85' lang='lat' dir='ltr'><strong>post</strong></span> <span class='ocrx_word' id='word_1_924' title='bbox 3112 5503 3527 5574; x_wconf 80' lang='lat' dir='ltr'><strong>indignationem</strong></span> <span class='ocrx_word' id='word_1_925' title='bbox 3549 5507 3604 5553; x_wconf 87' lang='lat' dir='ltr'><strong>et</strong></span> <span class='ocrx_word' id='word_1_926' title='bbox 3644 5499 3834 5551; x_wconf 81' lang='lat' dir='ltr'><strong>minas</strong></span> 
     </span>
    </p>
   </div>
   <div class='ocr_carea' id='block_1_119' title="bbox 2227 5589 3833 5684">
    <p class='ocr_par' dir='ltr' id='par_1_119' title="bbox 2227 5589 3833 5684">
     <span class='ocr_line' id='line_1_119' title="bbox 2227 5589 3833 5684; baseline -0.017 -16"><span class='ocrx_word' id='word_1_927' title='bbox 2227 5626 2361 5684; x_wconf 83' lang='lat' dir='ltr'><strong>quas</strong></span> <span class='ocrx_word' id='word_1_928' title='bbox 2401 5607 2531 5671; x_wconf 85' lang='lat' dir='ltr'><strong>dixi,</strong></span> <span class='ocrx_word' id='word_1_929' title='bbox 2560 5614 2614 5661; x_wconf 88' lang='lat' dir='ltr'><strong>et</strong></span> <span class='ocrx_word' id='word_1_930' title='bbox 2660 5602 2803 5658; x_wconf 87' lang='lat' dir='ltr'><strong>aliud</strong></span> <span class='ocrx_word' id='word_1_931' title='bbox 2848 5596 3104 5672; x_wconf 68' lang='lat' dir='ltr'><strong>prmlinivi</strong></span> <span class='ocrx_word' id='word_1_932' title='bbox 3152 5606 3382 5665; x_wconf 90' lang='lat' dir='ltr'><strong>tempus,</strong></span> <span class='ocrx_word' id='word_1_933' title='bbox 3409 5591 3597 5646; x_wconf 86' lang='lat' dir='ltr'><strong>volens</strong></span> <span class='ocrx_word' id='word_1_934' title='bbox 3643 5597 3696 5643; x_wconf 89' lang='lat' dir='ltr'><strong>ut</strong></span> <span class='ocrx_word' id='word_1_935' title='bbox 3733 5589 3833 5684; x_wconf 86' lang='lat' dir='ltr'><strong>illo</strong></span> 
     </span>
    </p>
   </div>
   <div class='ocr_carea' id='block_1_120' title="bbox 2229 5683 3832 5777">
    <p class='ocr_par' dir='ltr' id='par_1_120' title="bbox 2229 5683 3832 5777">
     <span class='ocr_line' id='line_1_120' title="bbox 2229 5683 3832 5777; baseline -0.016 -13"><span class='ocrx_word' id='word_1_936' title='bbox 2229 5683 2323 5764; x_wconf 84' lang='lat' dir='ltr'><strong>sua</strong></span> <span class='ocrx_word' id='word_1_937' title='bbox 2339 5711 2557 5777; x_wconf 84' lang='lat' dir='ltr'><strong>peccata</strong></span> <span class='ocrx_word' id='word_1_938' title='bbox 2579 5698 2862 5763; x_wconf 89' lang='lat' dir='ltr'><strong>sentiente,</strong></span> <span class='ocrx_word' id='word_1_939' title='bbox 2888 5691 3180 5764; x_wconf 87' lang='lat' dir='ltr'><strong>indignatio</strong></span> <span class='ocrx_word' id='word_1_940' title='bbox 3199 5704 3317 5745; x_wconf 88' lang='lat' dir='ltr'><strong>mea</strong></span> <span class='ocrx_word' id='word_1_941' title='bbox 3348 5689 3708 5744; x_wconf 81' lang='lat' dir='ltr'><strong>revocaretur:</strong></span> <span class='ocrx_word' id='word_1_942' title='bbox 3727 5683 3832 5738; x_wconf 84' lang='lat' dir='ltr'><strong>sed</strong></span> 
     </span>
    </p>
   </div>
  </div>
