4054 6312
239 375 340 431 195

234 494 359 562 quia
386 491 549 547 etiam
571 489 653 544 sic
677 485 811 543 nihil
840 482 1132 549 lucrifacio,
1161 496 1261 537 nec
1287 477 1528 551 proficio,
1571 474 1713 545 cogit
1738 486 1834 527 nc-

233 584 461 636 ccssitas
489 590 548 634 ut
575 578 753 632 minas
781 589 945 646 opere
964 573 1285 644 compleant,
1312 579 1367 625 et
1390 568 1642 624 omnibus
1660 563 1834 619 modis

230 671 408 726 deleri
433 670 556 725 illos
576 684 791 733 curem,
820 681 883 723 ac
907 666 1045 721 sicut
1083 665 1282 728 malum
1309 660 1575 733 quoddam
1603 648 1863 712 l'ermenJ

234 781 350 825 tum
392 763 639 818 aboleam
691 769 861 816 totum
909 758 1119 815 illorum
1162 768 1352 827 genus,
1390 761 1450 808 ut
1479 766 1548 807 ne
1577 749 1837 821 posterio-

236 860 388 914 ribus
414 850 855 928 generationibus
882 848 1135 920 peecandi
1160 847 1407 903 doctores
1434 842 1583 904 llant.
1613 840 1681 894 E:
1706 840 1837 894 dixit

238 950 498 1006 Dominus
539 947 687 1005 Deus.
712 960 733 999 :
763 940 953 1003 Delebo
994 940 1249 1008 hominem
1290 953 1439 1008 quem
1488 935 1590 1007 feci
1641 949 1673 986 a
1708 932 1838 999 facie

234 1051 413 1107 terra,
459 1027 525 1093 ὸ
571 1038 774 1092 homine
814 1049 985 1106 usque
1015 1033 1084 1087 ad
1126 1045 1297 1101 pecua.
1330 1026 1448 1084 1am
1475 1025 1615 1081 forte
1640 1020 1837 1079 dixerit

231 1131 436 1204 aliquis
459 1149 473 1185 :
499 1131 678 1200 Quare
695 1140 819 1186 cum
840 1124 1002 1183 homo
1031 1125 1084 1179 in
1112 1123 1309 1181 malum
1338 1122 1643 1189 declinavit,
1674 1121 1836 1182 etiam

230 1220 394 1282 bruta
439 1220 685 1278 eamdem
729 1232 943 1292 poenam
973 1215 1279 1283 sustinent?
1304 1212 1494 1274 Merito
1523 1228 1673 1269 sane.
1697 1211 1837 1269 Num

235 1323 465 1383 propter
508 1327 664 1377 suum
709 1308 944 1382 ipsorum
987 1324 1144 1365 usum
1187 1306 1445 1381 producta
1496 1312 1625 1365 sunt
1652 1301 1838 1359 bruta?

235 1402 471 1474 Propter
496 1404 764 1459 hominem
782 1401 919 1463 facta
946 1383 1203 1471 sunt(a)t
1220 1397 1352 1479 Cum
1377 1395 1463 1453 hic
1488 1394 1648 1462 igitur
1670 1408 1702 1449 e
1726 1408 1841 1448 me—

232 1496 329 1552 dio
379 1495 678 1564 auferatur,
722 1492 845 1566 quia
891 1494 1104 1555 illorum
1143 1505 1275 1550 usus
1314 1489 1493 1546 esset?
1542 1487 1746 1544 Idcirco
1784 1496 1841 1542 et

235 1589 401 1645 istam
454 1601 668 1657 pinnam
720 1599 1060 1642 communem
1110 1584 1308 1646 ferunt,
1358 1594 1411 1638 ut
1462 1581 1841 1651 indignationis

234 1678 557 1749 gravitatem
597 1677 903 1735 addiseatis.
938 1676 1009 1733 Et
1032 1676 1172 1732 sicut
1195 1674 1266 1731 ab
1296 1674 1450 1731 initio
1474 1688 1597 1733 cum
1636 1672 1839 1745 primus

236 1770 408 1828 bona
430 1778 729 1842 peccasset,
760 1779 902 1825 terra
930 1767 1363 1830 maledictionem
1393 1767 1600 1837 accepit
1632 1783 1646 1819 :
1677 1764 1757 1819 sic
1785 1771 1840 1818 ct

235 1876 385 1918 nunc
407 1868 532 1917 etim
576 1860 875 1917 abolendus
900 1868 1045 1916 esset
1074 1859 1255 1919 homo.
1299 1857 1453 1913 bruta
1481 1870 1696 1928 quoque
1722 1853 1836 1908 cla-

232 1954 322 2012 dis
346 1956 495 2014 socia
526 1956 677 2011 tlunt.
707 1951 1166 2022 Quemdmndum
1192 1951 1335 2013 enim
1373 1964 1498 2006 cum
1524 1947 1685 2005 homo
1712 1961 1837 2017 gra-

238 2054 327 2101 tas
354 2044 416 2100 lit
444 2044 579 2112 Deo,
609 2054 853 2105 creatura
899 2057 1113 2113 quoque
1149 2041 1397 2102 humanm
1423 2038 1695 2094 felicitatis
1718 2051 1840 2106 par-

238 2135 415 2205 ticeps
452 2144 555 2200 est,
607 2135 747 2190 sicut
787 2130 975 2191 beatus
1003 2133 1198 2189 Paulus
1244 2130 1454 2203 inquit:
1487 2130 1623 2199 Quia
1654 2141 1700 2183 et
1727 2131 1841 2198 ipsa

234 2237 475 2283 «eam
503 2226 795 2284 liberabitur
834 2241 867 2279 a
896 2225 1133 2287 servitute
1168 2223 1506 2294 correptionis
1544 2222 1599 2279 in
1629 2220 1837 2275 liberta-
1872 2266 1875 2272 .

237 2328 338 2375 tem
383 2317 612 2386 ﬁliorum
655 2315 836 2386 alarii:
874 2315 975 2373 Dei
1019 2315 1194 2388 (Rom.
1222 2314 1276 2371 8.
1306 2314 1543 2385 2i):sic
1590 2322 1647 2370 et
1696 2324 1839 2393 nunc

233 2414 360 2463 eum
391 2405 555 2463 homo
576 2405 649 2461 ob
671 2404 1064 2462 multitudinem
1083 2412 1421 2475 peccatorum
1444 2402 1765 2475 puniendus,
1784 2410 1840 2457 et

236 2497 532 2553 universali
546 2496 830 2567 perditioni
842 2496 1131 2555 tradendus
1156 2505 1317 2564 esset,
1331 2496 1492 2552 etiam
1498 2494 1765 2566 iumenta,
1783 2503 1840 2550 et

235 2586 474 2655 reptilia,
491 2596 547 2642 et
564 2588 794 2651 volatilia
818 2588 934 2645 caeli
949 2588 1104 2649 simul
1124 2597 1350 2659 pereunt
1364 2587 1584 2651 diluvio,
1602 2585 1743 2657 quod
1759 2595 1842 2641 to-

236 2689 351 2733 tum
379 2678 567 2737 orbem
585 2679 896 2737 invasurum
924 2688 1064 2736 erat.
1084 2680 1154 2741 Et
1173 2685 1310 2736 sicut
1334 2679 1392 2741 in
1408 2677 1595 2746 domo,
1622 2675 1840 2749 quando

235 2770 282 2835 is
304 2770 402 2841 qui
428 2779 625 2840 praest
654 2772 707 2833 in
753 2770 1172 2841 indignationem
1198 2772 1399 2829 domini
1422 2770 1632 2835 incidit,
1653 2769 1839 2826 solent

234 2862 596 2918 comministri
641 2876 832 2920 omnes
874 2863 1241 2918 eiscondolere
1266 2881 1279 2915 :
1311 2862 1380 2916 ita
1403 2871 1455 2918 et
1486 2860 1573 2919 hic
1600 2860 1753 2930 quasi
1784 2860 1836 2915 in

235 2953 403 3007 domo
444 2951 755 3011 hominibus
786 2953 1154 3023 pereuntibus,
1201 2950 1380 3008 omnia
1424 2967 1544 3021 qua:
1574 2952 1626 3007 in
1654 2953 1834 3017 domo,

234 3054 291 3101 et
345 3060 473 3115 qua:
516 3034 625 3103 sub
672 3045 816 3100 illius
865 3055 1019 3104 erant
1069 3044 1330 3109 dominio,
1384 3056 1605 3104 necesse
1656 3042 1836 3098 fuitin

235 3134 490 3192 eundem
518 3150 730 3202 paruam
762 3134 1016 3193 incidant.
1048 3134 1116 3189 Et
1144 3150 1339 3191 mecum
1371 3135 1620 3201 reputavi,
1644 3135 1833 3203 inquit,

236 3226 376 3292 quod
408 3224 615 3295 fecerim
656 3225 792 3280 illos.
847 3224 1026 3281 Verbo
1070 3224 1173 3279 huc
1214 3233 1468 3293 quantum
1517 3238 1577 3282 se
1640 3233 1838 3285 nostra:

237 3316 534 3372 humilitati
578 3314 934 3385 attemperat?
973 3314 1111 3370 Nunt
1155 3315 1421 3379 volebam,
1469 3315 1659 3384 inquit,
1691 3322 1837 3369 tanta

235 3406 359 3463 illos
384 3420 545 3477 pana
572 3405 769 3473 plecti?
809 3405 911 3475 ipsi
941 3420 1027 3461 me
1050 3416 1392 3475 peccatorum
1427 3404 1758 3459 immanitate
1786 3405 1837 3457 in

236 3510 446 3556 tantam
494 3499 811 3553 invexerunt
856 3497 1297 3567 indignationem.
1349 3493 1614 3552 Czeterum
1640 3509 1709 3554 ne
1738 3508 1839 3563 pth

238 3572 419 3649 ternas
440 3588 805 3647 oniuimodam
831 3589 1174 3645 abolitionem
1205 3586 1421 3645 humani
1463 3586 1675 3658 generis
1701 3585 1835 3654 ﬁeri,

238 3685 604 3754 radicitusque
631 3693 872 3739 naturam
899 3693 1140 3739 nostram
1169 3681 1546 3740 eradicandam
1576 3698 1590 3736 :
1631 3680 1729 3737 sed
1753 3680 1840 3736 di-

238 3790 457 3832 scamus
500 3784 757 3845 quantum
800 3775 999 3829 malum
1055 3775 1125 3830 sit
1166 3783 1465 3845 peccatum,
1502 3784 1558 3830 et
1583 3783 1839 3845 quantum

240 3868 443 3923 bonum
466 3868 635 3925 virtus
664 3884 678 3920 :
706 3875 764 3924 et
785 3866 928 3937 quod
953 3866 1141 3920 melior
1164 3868 1234 3921 sit
1260 3880 1397 3922 unus
1421 3864 1623 3922 faciens
1647 3864 1840 3922 volun-

239 3969 408 4014 tatem
455 3957 685 4024 Domini,
730 3972 889 4027 qnain
931 3957 1118 4012 decem
1157 3957 1324 4012 millia
1368 3956 1838 4027 praevaricatorum

244 4046 436 4120 (Ereti.
464 4049 554 4104 i6.
576 4049 655 4117 3),
681 4048 809 4103 dicit
846 4066 859 4103 :
891 4048 945 4104 8.
979 4047 1094 4103 Noe
1117 4059 1284 4103 autem
1310 4050 1497 4104 invenit
1516 4048 1731 4118 gratiam
1753 4065 1840 4103 co-

240 4157 354 4194 rant
388 4139 606 4193 Domino
634 4138 763 4197 Deo.
792 4138 1028 4194 Tametsi
1072 4140 1357 4194 multitudo
1400 4141 1605 4203 omnis,
1649 4140 1838 4210 inquit,

243 4235 296 4288 in
328 4242 534 4288 Lautam
564 4232 823 4287 malitiam
852 4232 1119 4299 inciderit,
1164 4233 1337 4302 justm
1368 4243 1546 4287 tamen
1580 4232 1667 4289 hic
1695 4235 1840 4288 scin-

245 4328 415 4399 tillam
440 4326 653 4381 virtutis
681 4327 946 4393 servavit,
983 4327 1109 4382 dum
1140 4326 1222 4381 his
1250 4327 1499 4380 omnibus
1527 4328 1673 4389 omni
1701 4335 1838 4381 tem-

244 4434 377 4487 pore
408 4418 682 4488 .loquitur,
730 4426 787 4473 et
810 4417 938 4472 dum
966 4417 1281 4472 adhortatur
1311 4426 1369 4471 ut
1395 4433 1425 4469 a
1452 4417 1653 4472 malit'a
1696 4415 1842 4471 desi-

243 4519 414 4574 stant,
439 4510 601 4565 simul
627 4525 687 4566 se
710 4510 920 4567 interim
950 4510 1177 4567 liberum
1202 4510 1270 4565 ab
1298 4510 1508 4565 illorum
1541 4496 1842 4566 laeseru-

246 4603 338 4658 vit.
364 4601 588 4671 Insuper
608 4602 751 4657 sicut
770 4601 846 4658 illi
871 4601 1024 4656 malis
1046 4601 1301 4671 operibus
1325 4601 1644 4657 clementem
1672 4602 1842 4656 Deum

244 4693 312 4749 ad
358 4693 780 4765 indignationem
826 4705 1244 4764 prorocaverant
1288 4713 1302 4749 :
1353 4700 1431 4751 sic
1478 4694 1612 4765 ipse,
1648 4695 1843 4751 virtute

247 4786 482 4854 pollens,
517 4785 749 4840 Gratiam
790 4787 977 4841 invenit
1003 4794 1181 4842 coram'
1218 4785 1437 4841 Domina
1465 4785 1592 4845 Deo.
1624 4785 1745 4841 Non
1774 4796 1845 4841 ut

245 4876 391 4932 enim
425 4861 754 4945 personarum
778 4886 1014 4947 acceptor
1040 4877 1173 4932 Deus
1196 4878 1334 4949 (Act.
1368 4877 1455 4934 I0.
1488 4877 1599 4949 34).
1646 4876 1841 4932 Verum

243 4975 298 5021 et
341 4965 389 5031 si
443 4966 497 5019 in
544 4976 687 5021 tanta
731 4968 1071 5023 multitudine
1101 4970 1335 5041 inveniat
1377 4967 1648 5025 hominem
1680 4985 1841 5025 unum

230 5071 367 5126 qua
412 5056 513 5111 sibi
551 5056 742 5127 placita
768 5068 893 5113 sunt
936 5043 1240 5125 facientem,
1292 5074 1396 5114 non
1447 5060 1717 5130 despicit:
1749 5062 1845 5116 sed

246 5162 344 5202 sua
371 5147 525 5202 illum
556 5149 807 5217 dignatur
833 5164 983 5216 cura,
1024 5160 1081 5206 et
1120 5160 1267 5206 tanto
1295 5152 1551 5222 majorem
1584 5153 1727 5208 illius
1760 5171 1843 5208 ra-

248 5238 451 5293 tionem
500 5239 681 5305 habet,
726 5250 947 5309 quanto,
994 5258 1113 5296 cum
1148 5253 1225 5298 tot
1264 5244 1503 5314 tantique
1528 5256 1631 5298 sint
1660 5246 1747 5316 qui
1777 5246 1840 5299 ad

244 5317 446 5383 malum
496 5347 617 5384 enin
659 5332 896 5396 trahunt,
943 5332 1055 5403 ipse
1097 5337 1430 5390 constantius
1463 5339 1674 5392 virtutis
1705 5339 1839 5401 viam

245 5434 479 5479 sectatus
508 5434 611 5481 est.

245 5643 550 5756 ﬁliam:
589 5645 851 5694 lectionem
888 5646 1243 5709 amplectimur,
1281 5650 1397 5699 licet
1434 5651 1483 5699 in
1520 5662 1619 5699 uno
1654 5663 1840 5704 tantum

428 5711 735 5756 compareat.
782 5704 841 5756 In
863 5707 971 5756 aliis
993 5709 1197 5756 deemnt
1218 5710 1298 5756 Ili?
1326 5723 1484 5756 voces-
1512 5712 1683 5756 n-en‘tu
1703 5727 1836 5756 mm-

428 5711 735 5770 compareat.
782 5704 841 5756 In
863 5704 1197 5777 aliis‘deemnt
1218 5710 1298 5757 hac
1326 5723 1486 5767 voces.
1512 5712 1683 5767 u'erito
1703 5727 1838 5777 tunc,

244 5778 518 5841 (Εἰκότως),
543 5784 597 5828 et
621 5787 792 5827 manca
816 5778 1068 5828 sententia
1095 5774 1377 5828 ridebatur.

1146 364 1211 421 IN
1249 360 1404 419 CAP.
1442 359 1509 414 v.
1551 354 1639 413 ET
1683 322 2056 425 “(senss
2102 349 2331 407 noun.
2379 351 2523 405 χχιι

3439 356 3543 412 191

2026 467 2078 523 6.
2120 465 2330 521 Marciis
2373 465 2676 530 exhortatio,
2729 468 2996 519 comitium
3027 469 3077 521 iu
3125 470 3333 521 u'ermszi
3382 472 3543 526 horta-

1945 559 2095 613 tiom‘s
2124 557 2387 629 proﬂigat.
2418 586 2488 596 —-
2518 558 2570 610 ld
2602 559 2852 624 scientes,
2882 559 2947 612 ad
2976 557 3026 614 id
3054 575 3214 613 unum
3242 573 3554 633 spectemus

1943 648 2082 718 «niud
2108 650 2204 717 ipsi
2235 650 2425 719 placet,
2451 657 2503 702 ct
2529 648 2691 702 el‘licit
2724 658 2779 701 ut
2802 648 2967 717 ipsius
2988 651 3212 720 gratiam
3236 651 3390 705 nobis
3410 666 3554 715 con-

1943 739 2183 799 ciliemus
2211 758 2225 791 :
2261 754 2430 810 neque
2454 740 2725 793 hominum
2756 741 3029 817 amicitiae,
3055 758 3229 811 neque
3261 752 3579 804 consuetu--

1942 826 2050 883 dini
2081 829 2149 882 ita
2187 829 2505 894 serviamus,
2541 839 2597 884 ut
2631 831 2839 884 virtutis
2864 831 3117 886 faciamus
3137 833 3425 902 jacturam,
3448 837 3551 894 sed

1948 919 2038 973 Dei
2095 920 2397 986 tolerantia,
2432 932 2588 991 prout
2630 923 2805 987 decet,
2840 933 3091 979 utamur:
3122 934 3176 978 ct
3214 924 3341 991 dum
3369 924 3555 982 adhuc

1944 1019 2153 1082 tempus
2194 1010 2473 1077 habemus,
2506 1028 2719 1068 onmem
2752 1014 3083 1084 deponeules
3112 1016 3399 1087 ignaviam,
3434 1017 3551 1075 vir—
3620 1012 3626 1019 ’

1945 1111 2110 1165 tatem
2156 1118 2418 1168 amemus,
2472 1116 2856 1176 peccatumque
2901 1107 3025 1162 odio
3070 1108 3384 1166 habeamus.
3432 1109 3552 1168 Nisi

1944 1194 2088 1247 enim
2114 1203 2170 1250 et
2187 1193 2252 1248 ad
2284 1196 2437 1249 ismm
2460 1212 2643 1252 amore
2667 1207 2721 1251 et
2740 1199 3008 1254 desiderio
3026 1201 3258 1270 quodam
3281 1204 3548 1260 immenso

1945 1298 2044 1338 nos
2072 1285 2475 1352 contulerimus,
2525 1294 2581 1339 ct
2606 1287 2891 1357 nequitiam
2921 1289 3077 1344 valde
3103 1290 3376 1347 oderimus
3408 1310 3423 1346 :
3450 1307 3548 1349 nea

1945 1389 2051 1445 que
2076 1374 2234 1445 hujus
2264 1376 2513 1435 damnum
2543 1378 2800 1448 etingere,
2855 1396 3028 1449 neque
3077 1383 3220 1436 illam
3252 1384 3546 1454 amplexari

1948 1464 2258 1533 poterimus.
2290 1465 2439 1532 Quod
2469 1467 2610 1519 enim
2638 1467 2808 1521 virtus
2833 1483 2966 1537 opus
2999 1470 3192 1525 habeat
3216 1471 3280 1526 iis
3308 1473 3397 1542 qui
3424 1488 3545 1527 cani

1946 1555 2353 1621 concupiscunt.
2388 1566 2442 1612 et
2469 1557 2583 1625 t'jus
2614 1544 2882 1613 desiderio
2924 1560 3298 1628 cxardcscunt,
3347 1564 3416 1618 de
3444 1562 3549 1620 hoc

1947 1644 2261 1713 prophetam
2313 1646 2436 1700 audi
2503 1648 2768 1703 dicentem
2805 1648 3058 1704 :Judicia
3112 1650 3321 1708 Domini
3386 1669 3546 1723 vera,

1934 1734 2223 1803 justiﬁcata
2262 1735 2322 1791 in
2366 1737 2624 1807 idipsum,
2677 1740 3032 1795 desiderabilia
3078 1758 3229 1812 super
3272 1760 3454 1797 aurum
3500 1756 3549 1799 et

1944 1826 2168 1899 lapidem
2207 1830 2481 1897 pretiosum
2508 1832 2733 1907 multum
2761 1831 2934 1901 (Paul.
2970 1834 3056 1888 18.
3090 1835 3178 1903 10)
3212 1853 3225 1887 :
3269 1852 3373 1890 non
3403 1837 3547 1907 quod

1945 1934 2051 1975 non
2082 1920 2252 1989 magis
2280 1920 2676 1990 desiderabilia,
2710 1925 2804 1979 sed
2835 1926 2958 1994 quia
3002 1927 3141 1999 apud
3183 1944 3282 1982 nos
3325 1944 3431 1984 non
3461 1931 3546 1985 iu-

1944 2014 2230 2076 veniuntur
2256 2005 2548 2085 alia,qua:
2604 2016 2685 2070 his
2744 2019 2980 2073 materiis
3027 2020 3135 2074 sint
3183 2021 3545 2089 pretiosiora:

1935 2112 2228 2175 propterea
2278 2094 2502 2185 subdit:
2534 2104 2603 2159 Et
2631 2107 2861 2162 dulciora
2885 2126 3039 2181 super
3064 2112 3162 2165 mel
3189 2121 3235 2173 et
3265 2117 3453 2186 favunt.
3484 2114 3552 2168 Et

1923 2197 2032 2252 hic
2057 2212 2270 2268 quoque
2296 2199 2444 2269 quia.
2466 2211 2569 2259 non
2624 2200 2828 2261 invenit
2852 2201 2997 2274 quod
3027 2216 3216 2267 natura
3247 2207 3404 2272 melle
3428 2208 3550 2263 dul-

1945 2286 2060 2343 cius
2085 2295 2266 2353 esset,
2298 2287 2395 2353 hac
2423 2288 2775 2352 similitudine
2806 2308 2933 2348 usus
2983 2303 3085 2350 est.
3142 2294 3304 2365 Igitur
3347 2298 3486 2352 sicut
3518 2299 3551 2353 ii

1943 2377 2033 2446 qui
2055 2377 2110 2451 in
2132 2376 2341 2447 ,opibus
2370 2377 2684 2447 colligendis
2710 2378 2984 2439 insaniunt
3027 2383 3296 2441 desiderio
3322 2396 3377 2442 et
3417 2401 3551 2441 cou-

1945 2465 2272 2535 cupiscentia
2302 2467 2553 2536 quadam,
2586 2470 2639 2523 in
2670 2468 2774 2524 hoc
2805 2461 3343 2544 incumbuntmagno
3376 2476 3554 2533 studio

1947 2569 2001 2611 et
2030 2565 2244 2622 conatu,
2273 2568 2326 2612 et
2357 2574 2645 2630 numquam
2671 2560 2957 2631 explentur
3002 2582 3012 2614 :
3045 2566 3264 2621 aiaritia
3292 2567 3434 2621 enim
3467 2569 3552 2623 in-

1947 2646 2206 2701 sanabilis
2251 2656 2335 2701 est
2383 2647 2741 2705 ebrietaszet
2788 2652 2927 2706 sicut
2975 2654 3130 2721 ebrii,
3180 2666 3380 2726 quanto
3433 2658 3555 2730 plus

1947 2736 2073 2790 vino
2097 2750 2158 2792 se
2207 2736 2552 2809 ingurgitata,
2586 2749 2734 2801 tanto
2760 2742 2927 2813 magis
2954 2743 3021 2799 ad
3048 2746 3190 2812 sitim
3220 2746 3557 2813 inﬂamman-

1948 2837 2073 2883 tur:
2104 2830 2183 2884 sic
2235 2840 2292 2884 et
2344 2831 2428 2885 isti
2475 2847 2688 2904 quoque
2740 2834 3001 2893 insaniam
3041 2837 3195 2892 hanc
3242 2823 3551 2897 indomitam

1945 2935 2236 2989 numquam
2261 2922 2453 2983 sistere
2478 2931 2720 2993 possunt,
2745 2924 2842 2980 sed
2864 2936 3069 2995 quanto
3092 2929 3263 2999 magis
3278 2945 3410 2997 suas
3423 2946 3554 3003 apes

1944 3010 2127 3079 augeri
2157 3011 2356 3077 vident,
2383 3021 2533 3075 tanto
2558 3026 2609 3067 ct
2636 3015 3072 3083 concupiscentia
3097 3020 3266 3088 magis
3293 3019 3550 3101 ﬂagrant:

1944 3116 2119 3171 neque
2146 3112 2301 3156 antea
2331 3118 2360 3153 a
2388 3103 2626 3173 pessimo
2652 3107 2893 3175 appetitu
2937 3108 3039 3173 hoc
3067 3108 3353 3179 absistunt,
3385 3113 3556 3171 donec

1948 3194 2000 3244 in
2045 3191 2217 3259 ipsum
2261 3193 2478 3271 malitim
2529 3183 2849 3261 profundum
2880 3197 3280 3257 descenderint.
3308 3201 3476 3274 Igitur
3508 3205 3556 3261 si

1946 3282 2019 3336 illi
2053 3282 2409 3352 perniciosam
2440 3282 2601 3339 hanc'
2622 3287 3111 3355 conicupiscentiam
3139 3293 3399 3355 malorum
3439 3311 3558 3351 om-

1946 3372 2091 3426 nium
2142 3387 2360 3429 causam
2390 3389 2513 3428 cum
2561 3382 2704 3431 tanta
2744 3380 3094 3444 contentione
3122 3394 3311 3451 curant
3343 3402 3357 3438 :
3387 3388 3556 3443 multo

1941 3461 2136 3530 iustius
2152 3472 2234 3516 est
2253 3476 2352 3525 nos
2360 3462 2559 3534 judicia
2582 3464 2814 3534 homini,
2832 3484 2951 3540 qum
2969 3484 3131 3539 super
3141 3464 3330 3535 aurum
3346 3484 3473 3533 sunt
3496 3486 3551 3533 et

1945 3553 2177 3624 lapidem
2207 3554 2513 3626 pretiosum
2544 3558 2797 3627 multum,
2827 3574 3046 3630 semper
3070 3564 3122 3616 in
3166 3576 3346 3620 mente
3372 3576 3555 3625 ucstra

1947 3659 2185 3712 versare,
2218 3646 2458 3717 nihilque
2497 3650 2783 3723 pretiosius
2816 3652 3011 3709 virtute
3060 3655 3175 3727 ipsa
3204 3658 3515 3723 existimare
3537 3702 3555 3727 ,

1948 3736 2043 3791 sed
2092 3738 2408 3794 exscindere
2435 3754 2501 3801 ex
2529 3741 2709 3795 animo
2750 3753 2937 3799 nostro
2976 3744 3291 3803 adeotiones
3316 3746 3436 3815 illas
3463 3766 3558 3822 pe-

1947 3830 2159 3885 stiferas
2184 3845 2397 3897 omnes,
2424 3841 2480 3892 et
2508 3832 2647 3887 scire
2677 3834 3025 3914 temporalem
3052 3836 3197 3893 illam
3228 3840 3553 3912 νοΙυριειιυηι

1949 3930 2263 3996 perpetuum
2294 3938 2485 3995 parcre
2526 3925 2706 3982 solere
2751 3924 3018 3994 dolorem,
3066 3939 3120 3987 et
3167 3932 3273 3987 line
3321 3938 3555 3990 carentia

1949 4005 2232 4080 tormenta,
2254 4018 2658 4089 cavendumque
2677 4035 2797 4076 esse
2818 4036 2885 4075 ne
2911 4021 3242 4092 decipiamus
3268 4041 3367 4081 nos
3386 4028 3555 4098 ipsus,

1951 4123 2123 4179 neque
2149 4119 2397 4179 putemus
2424 4110 2511 4165 hic
2542 4110 2699 4179 tinem
2734 4112 3009 4168 habituras
3039 4129 3160 4170 esse
3203 4131 3288 4171 res
3320 4130 3555 4175 nostras.

1951 4198 2004 4253 Id
2024 4198 2164 4255 ‘rero
2187 4201 2432 4255 sentiunt
2458 4202 2720 4272 plerique,
2751 4203 2873 4257 licet
2892 4204 3070 4283 verbis
3098 4221 3202 4260 non
3232 4208 3518 4277 hauriantur
3542 4228 3555 4263 :

1951 4306 2071 4343 nam
2121 4291 2345 4347 credere
2374 4306 2433 4347 se
2479 4292 2667 4348 dicunt
2713 4296 3187 4363 resurrectionem,
3226 4306 3281 4354 et
3324 4297 3556 4355 futuram

1950 4383 2355 4445 retributionem
2388 4401 2403 4438 :
2432 4384 2527 4439 sed
2548 4399 2647 4454 ego
2671 4400 2779 4441 non
2806 4387 3025 4442 attendo
3045 4389 3230 4456 verba,
3253 4389 3348 4446 sed
3374 4393 3556 4462 quoti-

1948 4478 2107 4533 diana
2151 4486 2322 4548 gesta.
2370 4476 2503 4535 Nam
2532 4478 2579 4533 si
2607 4480 3058 4536 resurrectionem
3086 4492 3367 4553 exspectas
3394 4491 3457 4539 et.
3472 4500 3560 4539 rr-

1953 4570 2322 4635 tributionem,
2348 4584 2516 4639 quare
2561 4569 2631 4624 ita
2662 4572 2943 4638 pressantis
2972 4573 3095 4627 vita:
3122 4574 3307 4642 gloria:
3345 4574 3557 4631 deditus

1951 4676 2011 4716 cs
2035 4661 2058 4715 τ
2084 4662 2284 4728 Quare,
2333 4660 2423 4716 dic
2459 4660 2611 4725 mihi,
2644 4662 2882 4731 quotidie
2926 4664 3133 4719 crucias
3186 4675 3258 4731 te,
3304 4666 3556 4736 pecunias

1956 4753 2137 4822 plures
2166 4767 2324 4822 quam
2356 4767 2518 4807 arena
2548 4752 2618 4815 sit
2639 4752 2920 4827 colligens,
2948 4764 3002 4809 et
3026 4768 3205 4825 agros,
3248 4765 3303 4811 et
3323 4755 3517 4813 domos
3537 4799 3554 4820 .

1949 4849 2006 4897 et
2047 4842 2264 4898 balneas
2292 4856 2502 4908 amens,
2550 4851 2712 4912 atque
2759 4844 2873 4899 hare
2914 4861 3059 4914 saepe
3102 4861 3197 4916 per
3240 4849 3477 4919 rapinam
3503 4860 3558 4907 ct

1951 4934 2227 4998 avaritiam
2273 4934 2625 5002 corradeudo,
2652 4946 2707 4992 et
2738 4936 2864 4992 illud
2908 4938 3183 5009 prophetae
3211 4940 3412 4997 dictum
3456 4941 3556 4999 im-

1953 5028 2191 5112 plendo:
2232 5026 2319 5081 Var
2358 5029 2446 5098 qui
2497 5031 2811 5100 conjungunt
2862 5032 3069 5087 domum
3113 5036 3184 5087 ad
3235 5036 3462 5102 domum,
3510 5047 3557 5091 et

1953 5123 2132 5192 agrum
2161 5136 2286 5191 agro
2314 5122 2575 5188 capulum,
2624 5132 2675 5175 ut
2704 5122 2868 5176 vicino
2913 5125 3152 5195 auferant
3175 5126 3371 5197 aliquid
3400 5126 3553 5196 (Iani.

1953 5214 2005 5270 5.
2040 5213 2137 5285 8)?
2168 5216 2359 5269 Annon
2383 5213 2499 5269 hmo
2522 5215 2759 5286 quotidie
2782 5217 2963 5273 videre
2981 5230 3058 5273 eet
3087 5219 3110 5273 ?
3141 5219 3209 5276 Et
3231 5220 3321 5275 ille
3338 5221 3557 5291 quidem

1952 5303 2081 5359 dicit
2110 5322 2123 5360 :
2156 5304 2315 5375 hujus
2362 5306 2554 5360 domus
2602 5305 2983 5363 obscuritatem
3036 5318 3092 5365 et
3134 5310 3375 5366 umbram
3422 5328 3556 5369 mea:

1957 5396 2093 5465 parit
2118 5413 2133 5461 ;
2162 5404 2218 5451 et
2243 5394 2480 5451 inﬁnitos
2502 5407 2790 5466 prmtextus
2811 5403 3099 5471 excogitat,
3124 5412 3180 5457 ut
3202 5418 3322 5457 eam
3349 5406 3559 5476 rapiat;

1952 5487 2090 5542 alius
2124 5494 2299 5542 autem
2346 5497 2557 5554 raptum
2606 5490 2824 5559 pauperi
2874 5506 3081 5559 agrum,
3127 5507 3225 5548 suo
3254 5494 3556 5566 coniungit.

1956 5579 2065 5634 Iloc
2108 5587 2285 5633 autem
2333 5579 2502 5633 multo
2552 5581 2745 5649 majus,
2775 5592 2827 5635 et
2858 5587 3027 5655 magis
3076 5584 3417 5653 admirabile,
3458 5590 3560 5642 nii-

1954 5687 2158 5743 nosque
2184 5673 2341 5727 venia
2368 5672 2608 5741 dignum,
2640 5673 2780 5735 quod
2812 5690 2949 5728 unus
2979 5694 3080 5728 uno
3106 5678 3405 5748 oodcnnptc
3438 5680 3557 5735 loco

1956 5754 2197 5822 habitans
2225 5776 2276 5821 et
2317 5766 2531 5831 scdcus,
2566 5781 2708 5833 sa-rc
2755 5768 2863 5822 alio
2890 5782 3136 5840 transire,
3172 5788 3344 5839 neque
3369 5778 3415 5832 si
3452 5772 3562 5828 tuli-
