4054 6312
573 367 678 423 ωε

564 754 896 813 immortales
944 757 1162 813 malitia:
1200 773 1310 813 sua
1336 758 1617 815 columnas
1653 768 1887 814 statuere
1911 760 2144 830 satagit:

504 874 510 878 α
560 854 616 898 et
672 856 884 914 peccata
933 845 1170 916 quidem,
1214 862 1282 902 ex
1325 848 1518 918 quibus
1560 849 1674 904 haec
1700 849 1876 903 omnia
1922 849 2145 905 collecta

560 944 709 1000 sunt,
739 951 840 991 suo
868 936 1067 1005 imponi
1091 937 1279 1008 capiti,
1311 938 1591 1007 ferensque
1616 953 1834 1008 gravem
1859 953 1923 992 ae
1947 953 2143 995 onero-

559 1043 675 1082 sam
704 1030 896 1083 molem
921 1044 1026 1084 non
1059 1029 1223 1083 sentit
1253 1047 1268 1083 :
1295 1030 1412 1084 aliis
1439 1039 1616 1084 autem
1642 1044 1818 1094 usum,
1844 1031 1931 1099 qui
1961 1045 2029 1085 ex
2057 1030 2142 1086 his

561 1116 746 1171 haberi
795 1126 994 1185 potest,
1027 1118 1291 1181 concedit,
1324 1133 1430 1172 non
1457 1119 1630 1172 solum
1681 1129 1800 1189 post
1838 1120 2143 1189 emigratio-

558 1220 682 1260 nem
709 1221 777 1260 ex
807 1206 907 1261 bac
936 1208 1064 1269 vita,
1110 1207 1206 1261 sed
1232 1208 1392 1262 etiam
1435 1219 1719 1277 antequam
1751 1208 1871 1262 hinc
1893 1209 2138 1277 egredia-

557 1305 664 1349 tur.
695 1295 825 1349 Nam
856 1296 1064 1350 etiamsi
1094 1313 1198 1349 nun
1232 1297 1429 1352 invitus
1455 1297 1535 1352 eis
1563 1298 1809 1361 nudetur,
1854 1313 1884 1352 a
1911 1298 2136 1352 familia-

555 1387 699 1438 ribus
725 1386 837 1440 haec
865 1388 1042 1440 omnia
1069 1389 1413 1456 dissipantur,
1445 1397 1501 1443 et
1535 1397 1593 1443 ut
1621 1390 1691 1443 ita
1719 1389 1912 1454 dicam,
1933 1390 2137 1444 dilace-

535 1485 771 1531 -rantur:
792 1493 965 1546 neque
988 1477 1102 1547 ipse
1121 1478 1205 1532 vel
1232 1480 1509 1533 millesima
1538 1495 1722 1536 eorum
1745 1491 1892 1548 parte
1917 1479 2130 1536 fruitur.

555 1567 617 1618 Et
635 1565 760 1635 quid
789 1567 910 1622 dico
936 1568 1166 1622 fruitur?
1190 1567 1488 1633 Quomodo,
1512 1583 1632 1622 cum
1660 1571 1868 1622 nonnisi
1894 1580 2130 1624 ventrem

554 1673 716 1712 unum
759 1658 969 1724 habeat,
1017 1659 1186 1729 possit
1233 1667 1308 1714 tot
1357 1675 1516 1730 opum
1555 1662 1945 1716 multitudinem
1975 1665 2126 1718 absu-

551 1762 696 1803 mere
714 1749 739 1801 ἲ

620 1840 671 1892 7.
720 1841 787 1893 At
817 1840 1076 1894 malorum
1117 1841 1353 1895 omnium
1398 1857 1560 1896 causa
1601 1852 1686 1898 est
1731 1857 1866 1896 vana
1907 1842 2072 1914 gloria
2106 1859 2120 1894 :

545 1929 684 1999 quod
711 1945 903 1999 nempe
933 1931 1062 1986 velit
1087 1947 1277 1986 nomen
1300 1947 1452 1986 suum
1475 1934 1673 2003 imponi
1705 1936 1866 2005 agris,
1901 1935 2124 2001 balneis,

545 2031 598 2073 et
626 2020 850 2073 aedibus.
903 2020 1032 2088 Quae
1059 2021 1150 2075 tibi
1202 2022 1328 2077 hinc
1365 2024 1562 2078 utilitas
1581 2065 1597 2090 ,
1647 2026 1805 2080 humo
1824 2065 1840 2089 ,
1869 2040 1988 2079 cum
2017 2041 2123 2081 non

546 2111 712 2164 multo
740 2123 886 2179 post,
921 2111 1052 2164 febri
1087 2115 1334 2180 quapiam
1369 2122 1419 2167 te
1447 2114 1774 2184 corripiente
1795 2154 1811 2178 ,
1841 2115 2125 2185 animaque

542 2200 718 2253 subito
744 2201 987 2254 evolante
1013 2241 1029 2266 ,
1077 2200 1250 2254 nudus
1276 2210 1330 2255 et
1357 2216 1552 2255 vacuus
1594 2203 1970 2273 relinquendus
2000 2203 2076 2258 sis
2102 2219 2119 2259 :

544 2291 648 2342 imo
687 2289 879 2343 virtute
918 2288 1128 2358 quidem
1176 2290 1404 2345 nudatus
1429 2332 1444 2357 ,
1490 2293 1714 2346 vestitus
1755 2303 1934 2348 autem
1984 2293 2120 2363 inju-

541 2379 679 2431 stitia
701 2420 714 2441 ,
747 2379 944 2446 rapinis
963 2419 978 2443 ,
1016 2379 1256 2445 avaritia,
1281 2382 1587 2451 gemitibus,
1616 2382 1921 2452 ejulntibus,
1948 2385 2123 2457 lacry-

543 2468 642 2523 mis
661 2469 1022 2536 orphanorum
1045 2511 1061 2533 ,
1093 2470 1297 2526 insidiis
1317 2512 1333 2535 ,
1366 2471 1546 2528 dolis?
1596 2472 1877 2542 Quomodo
1918 2477 2119 2544 poteris

539 2557 765 2625 grandes
794 2569 1200 2629 prementesque
1231 2561 1346 2615 illas
1376 2564 1611 2617 sarcinas
1657 2574 1997 2632 peccatorum
2038 2566 2118 2620 fe-

537 2661 682 2710 rens,
712 2663 804 2715 per
832 2658 1107 2717 angustam
1135 2650 1275 2703 illaut
1294 2660 1499 2719 portam
1531 2653 1748 2721 intrare,
1777 2671 1894 2724 qua:
1922 2671 2116 2725 capere

537 2736 719 2805 nequit
759 2738 953 2791 molem
982 2747 1141 2792 tanta;
1175 2741 1589 2808 magnitudinis?
1613 2743 1981 2799 Necessarium
2013 2747 2115 2800 ita-

534 2841 638 2893 que
667 2823 798 2879 foris
824 2841 1040 2882 manere
1065 2869 1079 2892 ,
1127 2838 1180 2882 et
1207 2828 1459 2885 oneribus
1485 2831 1589 2885 illis
1616 2844 1891 2902 gravatum
1921 2834 2115 2890 frustra

535 2918 794 2986 paenitere
818 2960 832 2984 ,
875 2935 995 2973 cum
1037 2918 1146 2988 jam
1193 2929 1314 2975 ante
1353 2921 1538 2976 oculos
1566 2933 1742 2992 parata
1770 2924 1976 2980 videbis
2003 2937 2114 2981 tor-

534 3018 710 3065 menta
733 3049 750 3074 ,
792 3019 848 3064 et
895 3011 1069 3079 ignem
1101 3011 1246 3065 illum
1279 3013 1568 3068 terribilem
1610 3029 1672 3070 ac
1701 3031 1990 3086 numquam
2018 3033 2112 3072 es-

531 3100 905 3170 stinguendum
937 3115 1282 3170 vermemque
1313 3118 1598 3172 numquam
1630 3107 1964 3161 moriturum.
1995 3106 2110 3163 Ca-

532 3172 705 3244 tcrum
751 3190 797 3243 si
839 3204 996 3258 quam
1040 3199 1238 3246 nostra:
1294 3193 1481 3246 salutis
1526 3195 1782 3250 habemus
1823 3198 2108 3266 rationem,

529 3281 657 3333 dum
687 3279 859 3333 adhuc
887 3288 1096 3349 tempus
1121 3281 1411 3345 habemus,
1444 3283 1762 3339 desistamus
1789 3301 1820 3339 a
1850 3288 2107 3356 nequitia,

527 3377 793 3424 sectemur
819 3368 1089 3432 virtutem.
1121 3385 1308 3425 vanam
1339 3373 1563 3441 gloriam
1585 3372 1954 3441 despiciamus.
1973 3375 2106 3432 Nam

529 3461 726 3515 idcirco
754 3474 887 3514 vana
917 3460 1136 3527 dicitur,
1175 3462 1296 3530 quia
1329 3463 1498 3517 inanis
1525 3473 1634 3527 est,
1675 3474 1730 3519 et
1770 3467 1904 3520 nihil
1945 3468 2106 3523 habet

529 3549 719 3604 stabile
764 3564 935 3618 neque
982 3549 1195 3604 firmum
1228 3569 1243 3604 :
1270 3550 1364 3604 sed
1394 3552 1566 3606 solum
1593 3563 1675 3608 est
1703 3556 1982 3610 oculorum
2013 3557 2108 3612 de-

525 3638 702 3710 ceptio
721 3678 736 3705 ,
765 3647 821 3692 et
851 3638 1154 3709 priusquam
1187 3649 1460 3710 appareat,
1487 3643 1682 3698 avolat.
1735 3646 1922 3699 Annon
1949 3655 2005 3701 et
2030 3648 2106 3700 vi-

525 3730 714 3783 demus
743 3744 886 3798 saepe
905 3770 919 3793 ,
950 3744 1070 3783 eum
1092 3770 1107 3794 ,
1137 3747 1294 3798 quem
1327 3732 1483 3785 hodie
1512 3735 1817 3802 princedunt
1861 3738 2098 3804 lictores,

523 3832 578 3876 et
602 3822 799 3889 stipant
824 3821 1099 3886 satellites,
1127 3837 1246 3876 cras
1270 3822 1321 3876 in
1351 3838 1618 3878 carcerein
1650 3827 1868 3895 conjici,
1898 3836 1954 3883 et
1981 3843 2101 3884 cum

527 3911 957 3966 malefactoribus
1002 3913 1200 3966 versari
1231 3911 1349 3983 (a)?
1399 3914 1535 3980 Quid
1574 3915 1676 3969 hac
1701 3932 1832 3970 vana
1859 3926 1916 3972 et
1959 3919 2102 3975 inani

523 4005 687 4073 gloria
719 4003 987 4056 fallacius?
1035 4002 1187 4068 Quod
1231 4004 1276 4057 si
1323 4007 1378 4057 in
1421 4003 1520 4059 hac
1548 4007 1654 4060 vita
1687 4008 2101 4064 vicissitudinem

525 4095 660 4147 hanc
677 4095 882 4156 evadat,
903 4094 1120 4147 omnino
1152 4108 1297 4148 mors
1324 4095 1543 4150 veniens
1569 4095 1874 4153 felicitatem
1901 4101 2103 4156 abscin-

523 4184 633 4246 det,
666 4190 721 4236 et
751 4197 908 4250 quem
959 4181 1116 4236 hodie
1144 4182 1196 4236 in
1224 4183 1337 4236 foro
1367 4199 1556 4256 magna
1589 4202 1778 4257 pompa
1804 4191 2101 4245 comitaba—

523 4284 637 4336 tur,
666 4271 752 4337 qui
793 4271 844 4323 in
875 4285 1144 4326 carcerem
1167 4271 1502 4342 conjicicbat,
1532 4285 1586 4329 et
1613 4280 1665 4330 in
1697 4279 1832 4333 solio
1859 4280 2097 4347 sedebat,

520 4366 820 4427 inflabatnr,
844 4372 898 4417 et
926 4365 1166 4419 homines
1194 4365 1327 4418 alios
1346 4367 1496 4435 quasi
1519 4368 1732 4424 umbras
1752 4369 2098 4440 despiciebat,

520 4459 566 4509 is
595 4455 770 4507 subito
798 4462 977 4522 postea
1004 4454 1199 4522 jacebit
1227 4466 1466 4509 mortuus
1493 4459 1696 4529 absque
1734 4462 1927 4529 spiritu
1953 4503 1967 4526 ,
2001 4461 2101 4516 fce-

523 4559 639 4598 tore
681 4545 901 4612 plenus,
953 4543 1148 4612 petitus
1195 4545 1488 4600 innumeris
1521 4549 1774 4603 conviciis
1794 4567 1917 4606 cum
1942 4553 2009 4607 ab
2034 4554 2099 4608 iis

519 4650 656 4707 quos
699 4636 903 4704 pridem
953 4634 1144 4702 injuria
1184 4633 1398 4701 affecit,
1451 4647 1561 4691 tum
1595 4639 1662 4692 ab
1697 4643 1760 4694 iis
1783 4657 1915 4711 quos
1946 4661 2100 4697 num-

515 4742 676 4797 quam
707 4725 845 4779 laesit
867 4764 883 4790 ,
925 4724 1336 4780 condolentibus
1369 4736 1543 4782 tamen
1573 4728 1637 4783 iis
1662 4733 1748 4799 qui
1781 4734 1847 4786 ab
1877 4735 1978 4787 isto
2010 4736 2095 4788 in-

516 4820 653 4888 juria
699 4816 870 4871 allecti
921 4815 1146 4871 fuerant.
1206 4817 1341 4885 Quid
1372 4818 1472 4873 hoc
1499 4820 1852 4877 miserabilius
1904 4827 2098 4881 iuuerit?

516 4909 753 4964 Collecta
787 4917 961 4961 autem
988 4908 1165 4961 omnia
1211 4924 1577 4976 saepenumero
1605 4912 1802 4968 inimici
1833 4924 1886 4970 ct
1913 4917 2096 4973 hostes

521 5003 659 5055 inter
710 5014 768 5052 se
821 4998 1120 5067 partiuntur
1163 5008 1216 5052 et
1261 5000 1585 5056 distribuunt
1614 5019 1626 5056 :
1655 5016 1868 5072 peccata
1916 5020 2095 5063 autem

521 5105 614 5158 per
641 5103 760 5159 qum
792 5088 902 5141 haec
927 5084 1233 5142 coacervata
1263 5101 1420 5156 sunt,
1449 5106 1628 5146 secum
1658 5095 1851 5163 aufert,
1884 5098 1952 5153 de
1975 5101 2096 5169 qui-

517 5183 615 5234 bus
643 5179 868 5246 diligens
896 5187 950 5231 et
974 5191 1215 5232 accurata
1243 5183 1377 5235 ratio
1400 5182 1660 5251 exigetur.
1691 5185 1812 5240 Ideo
1842 5188 2090 5257 obsecro,

519 5279 574 5320 ut
599 5266 861 5336 fugientes
888 5282 1074 5322 vanam
1118 5269 1253 5323 hanc
1278 5270 1514 5340 "gloriam
1541 5314 1555 5337 ,
1596 5289 1772 5329 veram
1818 5278 2094 5336 desidere-

519 5373 660 5425 mus,
687 5366 745 5410 et
768 5372 884 5427 qua:
913 5359 1160 5414 omnibus
1187 5361 1343 5416 duret
1372 5365 1613 5418 szeculis:
1647 5378 1700 5421 et
1735 5384 1905 5438 neque
1931 5387 2091 5440 opum

580 5533 662 5602 (u)_
690 5539 926 5602 Tempore
956 5535 1273 5602 Cbrysastomi
1314 5551 1407 5585 non
1431 5541 1588 5588 semel
1613 5543 1785 5592 accidit
1811 5548 1863 5593 ut
1882 5543 2095 5602 praefecti

519 5591 705 5660 autalti
773 5591 1064 5665 optimates;
1093 5611 1155 5647 ex
1197 5591 2097 5665 imperatorisindignatione,intumis

516 5656 813 5764 amitterent.
840 5664 890 5705 ct
908 5659 955 5706 in
979 5671 1227 5711 ωηιξη-ιιι
1252 5656 1456 5722 Conjecti
1481 5656 1737 5725 aliquando
1771 5656 1914 5716 etiam
1939 5656 2098 5734 capite

516 5727 546 5760 tt
562 5725 776 5765 tttvcat‘ctt
797 5729 872 5767 ur.

1275 369 1333 424 8.
1371 367 1647 426 JOANNIS
1676 367 2147 431 CllltYSOSTOII
2187 373 2500 435 ARCHIEP.
2539 380 3072 444 CONSTAN‘I‘INOP.

568 482 662 548 let,
697 483 792 536 vah
815 499 899 550 ns,
948 484 1032 539 vel
1059 485 1130 540 ob
1174 487 1344 541 varias
1368 491 1768 555 occupationes,
1801 489 1884 544 vel
1911 492 2151 558 corporis

567 571 873 627 valetudine
918 573 1195 645 alligatus;
1242 574 1438 644 ubique
1484 583 1663 631 tamen
1704 587 1758 632 et
1805 579 1856 633 in
1905 578 2151 635 omnibus

566 661 738 720 ferme
763 665 1005 731 urbibus,
1027 667 1353 722 monimenta
1371 669 1611 723 avaritiae
1636 683 1747 723 suae
1774 669 2069 738 possidere,
2093 678 2150 724 et

3737 397 3840 453 D96

2258 509 2408 550 amor
2435 513 2532 552 nos
2553 502 2855 572 supplantet
2876 546 2891 569 ,
2939 522 3111 576 neque
3137 510 3583 580 concupiscentia:
3619 514 3836 573 ﬂamma

2253 594 2462 675 exurat,
2493 604 2663 660 neque
2691 592 2825 647 livor
2850 605 2907 650 et
2935 596 3130 652 invidia
3155 609 3458 670 torqueant,
3487 619 3664 675 neque
3688 607 3835 663 tum

2251 682 2306 766 et
2348 674 2425 730 ira
2455 692 2553 733 nos
2581 679 2865 738 incendant
2891 701 2906 738 :
2935 686 3031 742 sed
3061 686 3160 742 has
3186 703 3375 747 omnes
3404 674 3582 749 malas
3605 705 3662 750 et
3704 711 3829 766 per-

2250 765 2478 824 niciosas
2504 770 2810 831 alectiones
2851 790 2976 832 rore
3013 776 3243 848 Spiritus
3269 783 3670 854 esstinguentes
3692 825 3709 850 .
3735 787 3820 842 de

2248 859 2535 926 spiciamus
2559 867 2858 932 praemia,
2883 867 3247 927 desideremus
3272 871 3466 940 futura,
3494 875 3550 929 in
3572 876 3830 932 memoris

2256 945 2547 1007 habeamus
2575 952 2806 1010 futurum
2829 956 2970 1013 diem
2987 1001 3004 1025 ,
3031 975 3328 1032 magnaque
3359 963 3628 1034 diligentia
3663 969 3824 1022 vitam

2249 1036 2602 1098 instituamus.
2633 1043 2816 1115 Neque
2838 1048 2980 1104 enim
3006 1048 3108 1105 hac
3130 1050 3200 1105 de
3227 1066 3384 1108 causa
3414 1055 3465 1108 in
3493 1055 3630 1111 hanc
3661 1059 3832 1114 vitam

2247 1129 2355 1183 nati
2376 1145 2583 1196 sumus,
2612 1145 2671 1188 ut
2690 1137 2864 1192 solum
2888 1140 3232 1196 comedamus
3260 1152 3316 1198 ct
3342 1143 3605 1201 bibamus.

2314 1220 2720 1294 Temperantiam
2765 1231 3026 1299 pradicet.
3061 1258 3138 1276 —-
3185 1233 3300 1288 Non
3337 1237 3439 1289 vita
3481 1247 3565 1292 est
3609 1250 3820 1308 propter

2241 1311 2419 1366 cibum
2460 1323 2516 1368 et
2555 1326 2733 1384 potum
2755 1357 2773 1386 ,
2816 1318 2910 1374 sed
2953 1331 3173 1393 propter
3197 1323 3358 1378 vitam
3385 1325 3537 1380 cibus
3558 1337 3616 1381 et
3643 1338 3823 1398 potus.

2239 1398 2317 1454 Ne
2337 1416 2463 1472 ergo
2488 1404 2814 1462 invertamus
2837 1409 3099 1477 ordinem,
3127 1428 3298 1482 neque
3322 1415 3400 1469 sic
3425 1417 3594 1470 ventri
3623 1428 3677 1472 et
3695 1433 3818 1474 car-

2238 1490 2322 1543 nis
2367 1494 2724 1563 Voluptatibus
2769 1500 3085 1566 serviamus,
3131 1504 3282 1571 quasi
3322 1520 3440 1560 eam
3487 1507 3559 1563 ob
3602 1523 3821 1564 causam

2239 1581 2358 1635 facti
2391 1585 2558 1638 simus
2587 1604 2602 1640 :
2634 1587 2730 1642 sed
2771 1599 3080 1659 reputantes
3114 1594 3364 1648 damnum
3405 1595 3546 1666 quod
3575 1598 3699 1653 inde
3724 1615 3821 1653 na-

2234 1674 2418 1739 scitur,
2461 1677 2780 1747 castigemus
2821 1692 2994 1738 motus
3033 1686 3248 1750 carnis;
3292 1701 3360 1742 ne
3404 1689 3572 1743 simus
3599 1704 3818 1760 segnes.

2235 1778 2333 1816 nec
2363 1768 2734 1832 permittamus
2760 1771 2905 1825 illam
2949 1773 3205 1829 adversus
3241 1779 3472 1834 animam
3512 1779 3815 1851 insurgere.

2233 1853 2361 1909 Nam
2390 1858 2433 1910 si
2468 1858 2661 1915 Paulus
2705 1862 2794 1918 ille
2841 1865 2959 1920 talis
3004 1877 3058 1920 et
3102 1876 3312 1934 tantus,
3342 1871 3428 1939 qui
3459 1872 3610 1939 quasi
3639 1873 3816 1926 alatus

2233 1961 2327 2015 per
2356 1958 2522 2004 totum
2549 1952 2733 2008 orbem
2773 1958 3197 2024 transcurrcbat,
3225 1961 3592 2029 corporalibus
3618 1977 3815 2016 neces-

2229 2039 2471 2094 sitatibus
2499 2043 2742 2110 superior
2779 2044 2980 2113 factus,
3010 2057 3061 2100 et
3089 2064 3404 2104 arcanorum
3445 2052 3656 2106 illorum
3683 2068 3812 2106 vero

2227 2127 2416 2183 borum
2445 2131 2690 2198 auditor,
2731 2149 2850 2202 quae
2877 2149 3041 2205 usque
3071 2138 3122 2191 in
3156 2138 3294 2193 hunc
3321 2140 3462 2194 diem
3501 2142 3633 2196 alius
3652 2142 3810 2196 audi-

2227 2217 2300 2270 vit
2328 2219 2523 2285 nullus,
2555 2221 2793 2277 scribens
2821 2223 3030 2283 dicebat
3063 2245 3076 2281 :
3105 2226 3306 2299 Castigo
3331 2247 3516 2300 corpus
3539 2248 3723 2296 meum,
3756 2243 3807 2287 et

2225 2308 2276 2359 in
2296 2310 2580 2364 servitutem
2603 2313 2810 2383 redigo,
2858 2331 2922 2369 ne
2958 2317 3086 2382 forte
3125 2317 3242 2372 aliis
3274 2320 3557 2389 praedicans
3584 2324 3693 2393 ipse
3717 2339 3808 2375 re-

2223 2401 2409 2468 probus
2427 2403 2653 2458 inveniar
2671 2405 2750 2476 (t.
2777 2406 2899 2463 Cor.
2921 2408 2974 2464 9.
2996 2410 3088 2481 27)
3117 2429 3131 2464 :
3158 2413 3203 2466 si
3233 2413 3392 2484 igitur
3412 2415 3520 2482 ille,
3546 2417 3636 2485 qui
3660 2425 3808 2469 tanta

2222 2490 2467 2559 dignatus
2491 2501 2575 2548 est
2610 2497 2780 2565 gratia
2805 2538 2820 2562 ,
2869 2510 2988 2568 post
3013 2510 3157 2556 tanta
3183 2512 3239 2557 et
3274 2505 3398 2558 talia
3427 2520 3586 2573 opera
3607 2545 3622 2570 ,
3665 2522 3806 2576 opus

2221 2577 2449 2634 habebat
2500 2591 2556 2637 ut
2601 2586 2921 2654 castigaret,
2971 2588 3024 2644 in
3073 2592 3381 2648 servitutem
3409 2594 3708 2662 redigeret,
3735 2609 3814 2651 ae

2222 2672 2468 2738 potestati
2511 2671 2856 2746 dominioque
2896 2679 3088 2733 anima:
3127 2684 3368 2750 corporis
3409 2683 3649 2739 lascivias
3674 2685 3808 2739 sub.

2214 2757 2402 2828 jiceret
2432 2779 2445 2815 :
2473 2763 2694 2832 castigat
2736 2767 2878 2820 enim
2905 2769 3022 2835 quis
3061 2769 3200 2839 quod
3227 2771 3480 2842 insurgit,
3509 2784 3562 2828 et
3603 2776 3655 2828 in
3685 2791 3806 2832 ser-

2219 2849 2438 2904 vitutem
2468 2852 2660 2922 redigit
2703 2854 2755 2908 id
2795 2858 2935 2925 quod
2974 2857 3120 2913 frena
3161 2861 3332 2929 rejicit
3362 2881 3376 2918 :
3408 2864 3531 2933 quid
3558 2864 3807 2921 dicemus

2217 2953 2316 2992 nos
2341 2979 2356 3005 ,
2390 2941 2482 3009 qui
2520 2943 2767 2998 omnibus
2792 2947 3072 3003 virtutibus
3096 2949 3332 3005 destituti
3359 2993 3374 3017 ,
3407 2953 3653 3010 omnibus
3676 2972 3802 3026 pec—

2211 3031 2345 3084 catis
2374 3034 2578 3087 onerati
2607 3050 2790 3089 sumus
2813 3076 2828 3100 ,
2861 3047 2916 3091 et
2954 3049 3212 3108 praeterea
3255 3057 3496 3113 magnam
3530 3045 3801 3115 ignaviam

2213 3134 2324 3189 prae
2353 3122 2504 3177 nobis
2529 3122 2788 3179 ferimus?
2827 3125 2962 3180 Num
2990 3129 3229 3185 inducias
3250 3130 3410 3187 habet
3435 3135 3534 3188 hoc
3559 3135 3755 3190 bellum
3772 3136 3806 3190 .’

2213 3227 2340 3266 num
2387 3223 2594 3282 tempus
2635 3217 2978 3286 aggrediendi
3025 3222 3394 3289 assignatum?
3442 3221 3666 3294 Semper
3697 3241 3800 3280 nos

2212 3302 2430 3371 vigilare
2458 3313 2512 3358 et
2536 3305 2746 3359 sobrios
2765 3318 2890 3361 esse
2913 3317 3157 3378 oportet,
3205 3320 3260 3365 et
3297 3327 3587 3380 numquam
3616 3315 3670 3368 in
3703 3331 3797 3370 sc-

2209 3393 2437 3446 curitatc
2485 3393 2723 3464 degere:
2763 3396 2887 3467 quia
2934 3413 3039 3452 non
3088 3409 3171 3454 est
3218 3401 3534 3469 prtetinitum
3581 3415 3796 3474 tempus

2208 3480 2422 3549 quando
2469 3498 2567 3538 nos
2613 3499 2959 3554 aggressurus
3000 3496 3085 3543 est
3127 3489 3314 3544 hostis.
3369 3492 3532 3562 Igitur
3577 3510 3789 3565 semper

2211 3571 2362 3625 nobis
2390 3586 2514 3626 cura
2541 3574 2643 3639 sit,
2693 3589 2907 3644 semper
2933 3577 3146 3632 solliciti
3177 3583 3344 3634 simus
3383 3582 3451 3637 de
3487 3584 3661 3639 salute
3693 3603 3792 3640 uo-

2208 3671 2316 3714 stra
2341 3703 2357 3727 ,
2386 3670 2444 3716 ut
2480 3665 2555 3717 sic
2581 3681 2865 3734 numquam
2891 3670 3185 3738 expugnari
3217 3673 3512 3740 possimus,
3545 3685 3600 3729 et
3621 3676 3794 3732 hosﬁ-

2208 3752 2288 3806 les
2313 3753 2623 3823 etl‘ugientes
2653 3757 2890 3824 insidias,
2915 3761 3331 3817 misericordiam
3357 3780 3385 3817 a
3413 3765 3518 3820 Deo
3540 3782 3794 3838 assequa.

2208 3857 2327 3896 mur
2352 3883 2366 3906 ,
2414 3848 2580 3913 gratia
2610 3856 2663 3899 et
2707 3848 3136 3904 miserationibus
3165 3849 3429 3921 Unigeniti
3470 3857 3588 3925 ejus
3611 3899 3626 3923 ,
3669 3874 3788 3914 eum

2207 3948 2312 4002 quo
2338 3933 2480 3988 Patri
2506 3977 2522 4001 ,
2555 3936 2715 3990 simul
2741 3947 2794 3991 et
2823 3938 3040 4008 Spiritui
3075 3951 3260 3996 sancto
3286 3943 3352 3997 sit
3382 3945 3547 4015 gloria
3567 3989 3580 4010 ,
3621 3949 3793 4018 impc-

2205 4025 2365 4090 rium,
2394 4025 2584 4092 honor,
2605 4043 2744 4082 nunc
2760 4039 2811 4083 et
2828 4045 3058 4099 semper,
3086 4044 3138 4086 et
3161 4033 3211 4087 in
3236 4035 3429 4089 saecula
3446 4040 3787 4098 saeculorum.

2207 4117 2395 4171 Amen.

2739 4231 3016 4287 HOMILIA
3059 4234 3244 4290 ΧΧΙΙῙ.

2219 4337 2324 4396 Noe
2358 4349 2524 4392 autent
2561 4340 2744 4394 invenit
2771 4345 2986 4414 gratiam
3028 4363 3199 4399 caram
3241 4349 3456 4406 Domino
3488 4352 3616 4409 Deo.
3665 4357 3792 4413 Istat

2277 4439 2440 4480 autem
2465 4441 2576 4482 sunt
2602 4436 2944 4500 generationes
2975 4434 3106 4490 Noe.
3143 4436 3257 4492 Noe
3279 4440 3428 4493 homo
3447 4445 3639 4513 justus,
3666 4466 3786 4516 per-

2276 4524 2436 4588 fectus
2468 4522 2704 4576 cxsistens
2730 4525 2781 4577 in
2807 4528 3126 4594 generatione
3149 4545 3242 4583 sua
3265 4544 3284 4584 :
3315 4531 3421 4586 Deo
3450 4535 3639 4602 placuit
3673 4538 3788 4596 Nnc

2277 4610 2429 4681 (Gen.
2460 4613 2512 4667 6.
2539 4614 2616 4684 9).

2274 4732 2327 4784 ί.
2377 4729 2584 4787 Virtutis
2612 4734 2974 4804 prwrogatiew.
3003 4766 3074 4777 —
3096 4737 3311 4793 Vidistis
3340 4744 3392 4794 in
3424 4742 3487 4796 iis
3504 4759 3623 4812 qua:
3645 4745 3786 4799 dicta

2203 4830 2346 4885 sunt,
2373 4833 2566 4890 quanta
2592 4823 2784 4876 divina:
2832 4826 3209 4884 misericordia:
3251 4833 3582 4902 magnitudo,
3626 4851 3783 4905 quam

2205 4913 2389 4980 ingens
2411 4913 2727 4967 tolerantia?
2753 4914 2959 4969 vidistis
2995 4915 3292 4989 hominum,
3318 4924 3407 4991 qui
3439 4933 3565 4978 tunc
3607 4937 3780 4987 erant,

2207 5011 2567 5072 portentosam
2623 5005 2920 5060 malitiam?
2961 5007 3222 5065 didicistis
3275 5023 3469 5080 quanta
3516 5016 3674 5069 fuerit
3731 5019 3781 5070 in

2203 5092 2374 5147 media
2405 5102 2548 5148 tanta
2576 5095 2912 5151 multitudine
2932 5097 3060 5166 justi
3086 5099 3273 5167 virtus,
3299 5112 3353 5156 et
3377 5119 3535 5172 quam
3569 5105 3703 5161 nihil
3734 5108 3782 5160 ei

2203 5184 2442 5237 nocuerit
2481 5183 2563 5238 vel
2591 5185 2804 5239 illorum
2835 5187 2888 5240 in
2917 5189 3114 5242 malum
3140 5194 3486 5261 conspiratio,
3523 5196 3606 5249 vel
3637 5201 3779 5268 quod

2200 5274 2347 5327 solus
2389 5275 2443 5328 in
2488 5276 2664 5329 medio
2705 5277 2927 5331 istorum
2971 5279 3320 5352 interceptus,
3363 5286 3519 5356 longe
3567 5289 3778 5345 diversa

2204 5364 2481 5418 incesserit
2511 5367 2627 5418 via?
2648 5365 2779 5420 Nam
2811 5369 2960 5435 quasi
2989 5373 3313 5439 gubernator
3338 5377 3590 5443 optimus,
3626 5395 3776 5434 men-

2203 5455 2269 5508 tis
2295 5454 2499 5508 clavum
2519 5472 2708 5526 magna
2735 5458 3002 5527 vigilantia
3024 5463 3306 5531 arripiens,
3337 5467 3511 5520 navim
3542 5483 3690 5523 suam
3714 5473 3779 5523 ab

2203 5546 2523 5599 irruentibus
2549 5547 2764 5601 malitiae
2791 5550 3035 5617 procellis
3065 5553 3330 5624 submergi
3383 5575 3486 5609 ttutt
3535 5573 3616 5614 est
3654 5577 3774 5629 pas~

2200 5651 2311 5696 sus,
2352 5636 2444 5689 sed
2492 5636 2659 5692 factus
2708 5649 3022 5707 tempestate
3070 5646 3355 5710 potentior,
3401 5647 3524 5702 licet
3572 5650 3621 5702 in
3670 5653 3773 5703 alta

2200 5730 2443 5796 iactatus,
2474 5731 2620 5797 quasi
2651 5730 2700 5784 in
2746 5742 2897 5801 pontu
2947 5734 3174 5800 sederet,
3202 5739 3407 5793 virtutis
3445 5739 3770 5810 gubernacu-
