4054 6312
340 421 444 478 ιοτ

331 539 393 591 ιν
413 533 589 606 λιμένι
603 532 934 603 καθήμενος,
957 528 1217 599 οὖτωτῆς
1229 529 1432 599 ἀρετῆς
1445 529 1505 582 τὸ
1523 527 1783 598 πηδάλιον
1807 522 2000 578 ίθύνων

333 622 490 683 ἐκτὸς
517 619 707 672 ἑαυτὸν
751 616 1049 685 κατέστησε
1075 615 1171 668 τοῦ
1204 615 1488 686 μέλλοντος
1536 613 1825 667 κλυδωνίου
1874 611 2000 673 τοὺς

329 707 471 761 κατΞι
497 705 595 776 τὴν
621 705 944 773 οἰκουμένην
981 700 1227 763 ἀπαντας
1265 700 1692 771 καταλήψεσθαι.
1736 695 2001 751 Τοσοῦτόν

331 794 480 845 ἐστιν
524 790 695 861 ἀρετὴ
746 790 994 861 πρᾶγμα,
1050 786 1336 848 ἀθάνατον,
1386 787 1479 838 καὶ
1530 785 1848 856 ἀχείρωτον,
1898 782 1999 834 οὐκ

329 871 485 931 εἶκον
501 879 622 939 ταῖς
640 874 735 928 τοῦ
768 874 1034 944 παρόντος
1069 872 1184 942 βίου
1213 872 1572 941 ἀνωμαλίαις,
1604 871 1718 925 ἀλλ’
1741 869 1997 940 ὑπεράνω

327 962 437 1016 τῶν
459 961 559 1032 τῆς
588 961 784 1024 κακίας
812 959 1044 1013 δικτύων
1064 959 1439 1028 ἀφιπταμένη,
1463 957 1716 1026 καθάπερ
1735 955 1827 1024 ἀφ’
1858 955 1998 1024 ὑψη-

327 1048 428 1119 λῆς
461 1064 607 1111 τινος
652 1049 905 1112 σκοπιᾶς,
939 1045 1112 1108 οὔτως
1143 1045 1361 1098 ᾶπαντα
1414 1044 1483 1099 τὰ
1509 1043 1823 1116 ἀνθρώπινα
1860 1042 1996 1096 καθ-

325 1134 531 1205 ορῶσα,
567 1133 778 1196 οὐδενὸς
825 1132 1206 1186 ἐπαισθάνεται
1236 1131 1348 1184 τῶν
1379 1134 1492 1193 τοῖς
1521 1119 1702 1192 ἄλλοις
1735 1127 1995 1200 λυπηρῶν

327 1217 686 1290 φαινομένων.
734 1219 873 1271 Ἀλλ’
919 1219 1107 1287 ὥσπερ
1131 1219 1163 1294 ‘6
1207 1217 1302 1269 ἐπὶ
1336 1219 1540 1287 πέτρας
1589 1215 1734 1278 τινὸς
1785 1216 1993 1284 ὑψηλῆς

325 1306 498 1370 ἑστὼς
521 1307 799 1377 καταγελᾷ
829 1305 938 1360 τῶν
960 1305 1244 1375 κυμάτων,
1268 1304 1485 1358 ἐπειδάν
1508 1305 1592 1375 ἴδῃ
1624 1305 1799 1358 ταῦτα
1824 1321 1992 1375 προσ-

325 1391 642 1462 ρηγνύμενα
677 1394 774 1461 μὲν
825 1394 892 1461 τῇ
932 1392 1130 1462 πέτρα.
1182 1395 1258 1454 είς
1312 1391 1478 1461 ἀφρὸν
1508 1391 1564 1443 δὲ
1599 1391 1760 1453 εὐθὺς
1782 1390 1990 1444 διαλυό-

327 1494 466 1546 μενα
487 1493 504 1510 ο
544 1476 686 1530 οὕτω
714 1477 780 1547 δὴ
817 1477 914 1530 καὶ
945 1479 974 1531 ό
1024 1477 1120 1547 τὴν
1175 1478 1376 1548 ἀρετὴν
1409 1476 1626 1547 μετιὼν,
1667 1479 1725 1530 tv
1761 1477 1993 1544 ἀσφαλεῖ

324 1564 510 1634 χωρίῳ
540 1562 819 1626 καθεστὼς
844 1563 994 1616 οὐδὲν
1015 1563 1175 1632 ἀηδὲς
1201 1562 1458 1632 ὑπομένει
1479 1563 1582 1615 ὑπὸ
1598 1563 1698 1630 τῆς
1727 1563 1832 1615 τῶν
1858 1580 1992 1634 πρα-

323 1651 550 1718 γμάτων
576 1650 839 1721 ταραχῆς,
866 1649 981 1702 ἀλλ’
1009 1650 1067 1701 ἐν
1087 1647 1284 1717 ἡσυχία
1302 1648 1534 1718 κάθηται
1553 1651 1619 1719 τῇ
1642 1649 1748 1701 τῶν
1774 1650 1988 1702 οἰκείων

322 1733 596 1805 λογισμῶν
623 1733 908 1806 ἐντρυφῶν
935 1733 1162 1804 γαλήνῃ,
1199 1733 1294 1786 καὶ
1327 1734 1544 1797 ἐννοῶν,
1598 1735 1673 1796 ὼς
1700 1734 1852 1786 οὐδὲν
1878 1737 1989 1787 τῶν

322 1821 604 1890 ποταμίων
658 1821 944 1890 ῥευμάτων
996 1814 1267 1890 διενήνοχε
1317 1820 1388 1873 τά
1424 1820 1516 1872 τοῦ
1574 1820 1839 1890 παρόντος
1872 1820 1986 1888 βίου

321 1906 620 1976 πράγματα
655 1905 795 1974 μετὰ
815 1907 1084 1973 τοσαύτης
1112 1905 1358 1968 εὐκολίας
1379 1907 1473 1958 καὶ
1498 1904 1676 1974 ῥύμης
1709 1905 1984 1975 παρατρέ-

320 2007 503 2062 χοντα.
539 1989 806 2060 Καθάπερ
840 1991 1126 2062 γάρέστιν
1163 1991 1293 2044 ίδεῖν
1321 1993 1391 2046 τά
1425 1992 1524 2061 τῆς
1574 1992 1850 2062 Θαλάσσης
1890 1991 1986 2045 κύ-

323 2093 470 2145 ματα
495 2076 588 2130 νῦν
621 2079 718 2147 μὲν
755 2081 836 2140 είς
865 2078 997 2145 ὕψος
1029 2078 1236 2145 ἀφατον
1265 2080 1548 2148 αἰρόμενα,
1579 2078 1771 2149 ἀθρόον
1793 2078 1848 2130 δὲ
1881 2080 1984 2131 πά-

317 2160 404 2214 λιν
424 2163 819 2232 ταπεινούμενα
837 2182 850 2194 ·
878 2165 969 2217 τὸν
996 2165 1157 2217 αὐτὸν
1183 2164 1246 2234 δὴ
1271 2165 1469 2234 τρόπον
1502 2166 1594 2217 καὶ
1625 2167 1752 2226 τοὺς
1782 2164 1985 2233 ἀρετῆς

321 2245 474 2321 Ιὲοϐ]
504 2249 860 2318 ἀμελοῦντας,
889 2253 979 2305 καὶ
1030 2253 1128 2321 τήν
1182 2252 1380 2306 κακίαν
1415 2253 1696 2321 μετιόντας
1741 2255 1977 2324 ὁρῶμεν,

316 2333 414 2387 νῦν
443 2335 541 2404 μὲν
573 2336 1128 2406 μεγαλοφρονοῦντας.
1156 2339 1245 2391 καὶ
1275 2340 1373 2401 τάς
1398 2339 1568 2409 ὀφρῦς
1599 2338 1974 2401 ἀνασπῶντας,

315 2421 410 2472 καὶ
442 2421 570 2491 περὶ
591 2421 664 2474 τὰ
679 2421 772 2475 τοῦ
804 2422 1068 2493 παρόντος
1100 2423 1214 2492 βίου
1259 2425 1559 2494 πράγματα
1591 2427 1975 2494 ἐπτοημένους,

315 2504 509 2575 ἀθρόον
532 2507 588 2560 δὲ
605 2509 1084 2578 ταπεινουμένους,
1114 2511 1206 2564 καὶ
1224 2513 1305 2574 είς
1333 2511 1565 2580 ἐσχάτην
1587 2512 1977 2581 ἐλαυνομένους

313 2594 527 2647 πενίαν.
565 2594 797 2659 Τούτους
825 2596 934 2668 γὰρ
966 2598 1060 2650 καὶ
1083 2598 1114 2650 ὁ
1143 2598 1410 2668 μακάριος
1443 2600 1606 2650 Δαυῖδ
1633 2601 1660 2650 ὁ
1693 2600 1976 2668 προφήτης

312 2676 680 2750 αἰνιττόμενος
730 2683 916 2752 ἔλεγε·
962 2683 1060 2752 Μὴ
1113 2685 1300 2752 φοϐοῦ
1345 2685 1489 2738 ὅταν
1518 2687 1834 2754 πλουτήσῃ
1868 2687 1974 2739 ἇν-

309 2775 561 2836 θρωπος,
593 2772 631 2837 ἢ
659 2771 804 2825 ὅταν
824 2771 1142 2839 πληθυνθῇ
1169 2772 1208 2838 ἠ
1241 2773 1390 2835 δόξα
1420 2774 1525 2826 τοῦ
1557 2775 1724 2826 οἴκου
1757 2774 1971 2827 αὐτοῦ·

308 2852 398 2906 ὅτι
424 2855 536 2907 οὐκ
573 2855 644 2908 ἐν
662 2853 742 2918 τῷ
757 2856 1170 2922 ἀποθνήσκειν
1182 2859 1370 2911 αὐτὸν
1387 2859 1636 2925 λήψεται
1661 2857 1734 2911 τὰ
1758 2859 1973 2914 πάντα.

310 2941 413 2996 Καὶ
447 2943 624 3004 καλῶς
661 2937 802 3003 εἷπε,
825 2942 922 3009 Μὴ
951 2942 1160 3010 φοϐοῦ.
1196 2944 1286 3012 Μή
1325 2960 1381 2996 σε
1420 2943 1737 3013 θορυὸείτω,
1785 2948 1970 3015 φησιν,

307 3031 344 3096 ή
377 3029 472 3082 τοῦ
518 3027 747 3082 πλούτου
789 3030 1093 3099 περιουσία,
1127 3031 1222 3098 καὶ
1253 3032 1286 3100 ή
1308 3031 1406 3099 τῆς
1435 3030 1591 3094 δόξης
1623 3034 1967 3100 περιφάνεια.

313 3114 472 3184 Ὄψει
513 3115 621 3184 γὰρ
651 3116 764 3184 μετ’
791 3114 851 3166 ού
881 3114 1013 3167 πολὺ
1051 3115 1226 3184 χαμαὶ
1278 3116 1547 3184 κείμενον,
1593 3118 1970 3188 ἀνενέργητον,

309 3200 520 3272 νεκρὸν,
552 3200 902 3270 ἐρριμμένον,
936 3200 1232 3270 σκωλήκων
1270 3203 1588 3270 γιγνόμενον
1618 3203 1842 3272 τροφὴν,
1875 3222 1968 3272 γυ-

311 3284 442 3353 μνὸν
462 3283 663 3336 τούτων
689 3285 946 3337 ἁπάντων
975 3287 1314 3355 γιγνόμενον,
1360 3289 1453 3337 καὶ
1499 3288 1648 3340 οὐδὲν
1688 3288 1824 3350 ὅλως
1853 3289 1970 3358 μεθ’

306 3370 496 3423 ἑαυτοῦ
525 3371 842 3436 ἀπενεγκεῖν
871 3370 1184 3440 δυνηθέντα,
1211 3371 1326 3423 ἀλλ’
1349 3372 1582 3426 ἐνταῦθα
1615 3375 1830 3427 ἅπαντα
1869 3393 1970 3427 κα-

303 3455 618 3509 ταλιπόντα.
647 3457 737 3526 Μὴ
756 3455 931 3509 τοίνυν
959 3459 1028 3510 τά
1055 3458 1298 3526 παρόντα
1330 3457 1452 3510 ίδὼν
1479 3459 1812 3532 ἀγωνιάτης,
1835 3463 1968 3533 μηδὲ

308 3541 620 3612 μακαρίσῃς
650 3541 740 3593 τὸν
792 3541 932 3606 μετά
960 3540 1165 3612 βραχὺν
1217 3543 1403 3612 χρόνον
1437 3545 1494 3596 ἐν
1535 3547 1740 3616 ἐρημία
1765 3547 1968 3600 τούτων

308 3627 566 3698 μέλλοντα
601 3626 865 3694 γίνεσθαι.
902 3627 1154 3681 Τοιοῦτον
1185 3629 1295 3696 γάρ
1333 3631 1365 3699 ή
1402 3632 1650 3700 παροῦσα
1676 3634 1964 3703 εύημερία,

305 3713 400 3766 καὶ
429 3714 461 3784 ή
489 3713 582 3793 τοῦ
611 3713 836 3766 πλούτου
869 3712 1030 3782 φύσις
1053 3730 1067 3744 ⁸
1097 3714 1158 3766 ού
1195 3717 1566 3786 συναποδημεῖ
1580 3721 1689 3780 τοῖς
1720 3721 1966 3774 ἐντεῦθεν

308 3799 742 3869 μεθισταμένοις,
771 3799 883 3851 ἀλλ’
913 3799 1142 3853 ἐνταῦθα
1171 3802 1338 3872 αὐτὴν
1370 3803 1587 3857 ἃπασαν
1641 3806 1966 3861 καταλιπόνο

300 3902 413 3949 τες,
440 3885 636 3955 γυμνοὶ
660 3886 756 3938 καὶ
782 3886 975 3956 ἔρημοι
1005 3886 1218 3948 ἀπίασι,
1256 3887 1419 3956 μόνην
1454 3889 1548 3957 τὴν
1589 3893 1786 3944 κακίαν
1813 3910 1966 3963 περι-

301 3971 644 4041 ϐεϐλημένοι,
677 3972 769 4024 καὶ
800 3972 868 4024 τὰ
890 3974 951 4024 ἐκ
973 3971 1174 4041 ταύτης
1205 3973 1390 4036 αὐτοῖς
1431 3974 1757 4042 συλλεγέντα
1785 3979 1958 4048 ἀμαρ-

303 4058 560 4126 τημάτων
612 4058 828 4127 φορτία.
879 4054 1084 4109 13m:
1106 4058 1208 4126 τῆς
1259 4059 1461 4127 ἀρετῆς
1489 4062 1729 4119 ’βοτοῦ-ιον
1779 4064 1961 4116 οὐδέν·

301 4143 438 4198 ἀλλά
466 4145 559 4196 καὶ
589 4144 819 4196 ἐνταῦθα
858 4144 1159 4215 ἀνωτέρους
1202 4143 1312 4199 τῶν
1347 4145 1802 4205 ἐπιϐουλευόντων
1831 4152 1963 4204 καθ-

305 4230 506 4300 ίστησι,
525 4228 618 4281 καὶ
642 4227 955 4291 ἀναλώτους
986 4229 1298 4299 ἐργάζεται,
1332 4233 1428 4284 καὶ
1459 4232 1682 4303 διηνεκῆ
1717 4235 1812 4306 τὴν
1847 4238 1966 4307 ήδοο

302 4317 398 4387 νὴν
424 4315 729 4386 χαρίζεται,
757 4317 849 4368 καὶ
877 4317 976 4368 οὐκ
1004 4317 1195 4386 ἀφίησι
1223 4319 1321 4387 τῆς
1335 4318 1442 4372 τῶν
1465 4323 1805 4391 πραγμάτων
1826 4325 1966 4377 ἀνω⁴

305 4403 500 4474 μαλίας
519 4402 770 4471 αἴσθησιν
794 4402 997 4464 λαϐεῖν,
1033 4403 1128 4456 καὶ
1160 4404 1408 4458 ἐντεῦθεν
1435 4407 1771 4478 ἀποδημοῦσι
1824 4426 1962 4480 συμο

303 4489 641 4561 μεθίσταται,
676 4489 770 4540 καὶ
808 4489 927 4541 τότε
961 4488 1223 4553 μάλιστα.
1267 4492 1355 4543 ὅτε
1378 4494 1664 4564 ,χρῄζομεν
1700 4497 1799 4566 τῆς
1832 4500 1963 4568 παρ.

299 4578 469 4646 αὐτῆς
501 4575 835 4645 συμμαχίας,
889 4577 981 4629 καὶ
1041 4577 1182 4630 κατά
1213 4577 1310 4648 τὴν
1340 4581 1553 4650 ἡμέραν
1601 4586 1818 4654 ἐκείνην
1865 4586 1963 4655 τὴν

298 4663 534 4737 φοϐεράν
585 4662 786 4733 πολλὴν
831 4665 962 4733 ἡμῖν
994 4665 1222 4733 παρέχει
1279 4667 1378 4736 τὴν
1439 4667 1706 4738 βοήθειαν,
1757 4673 1962 4743 ἥμερον

299 4753 431 4821 ἡμῖν
463 4749 776 4802 καθιστῶσα
826 4749 920 4801 τοῦ
952 4749 1204 4802 δικαστοῦ
1235 4752 1298 4808 τὸ
1331 4753 1515 4823 ὄμμα·
1569 4759 1660 4809 καὶ
1710 4760 1961 4831 καθάπερ

297 4835 529 4889 ἐνταῦθα
556 4836 837 4905 παρόντων
858 4833 966 4888 τῶν
991 4835 1180 4889 δεινῶν
1203 4839 1508 4910 ἀνωτέρους
1535 4844 1824 4916 καθίστησι
1850 4847 1960 4900 τῶν

296 4921 504 4983 δεινῶν,
545 4919 686 4974 οῦτω
715 4921 808 4973 καὶ
836 4923 892 4973 ἐν
917 4921 994 4992 τῷ
1019 4922 1265 4992 μέλλοντι
1309 4924 1605 4996 ἐξαρπάζει
1634 4932 1757 4994 τοὺς
1789 4933 1960 5002 αὐτὴν

297 5006 729 5078 ἐπιφερομένους
754 5006 860 5058 τῶν
894 5007 1265 5077 κολαστηρίων
1300 5012 1544 5069 ἐκείνων.
1575 5014 1678 5069 Καὶ
1710 5018 1770 5071 ού
1801 5019 1959 5074 τοῦτο

299 5096 478 5165 μόνον,
508 5093 623 5146 ἀλλ’
654 5091 735 5146 έτι
757 5095 852 5147 καί
877 5094 975 5163 τῆς
996 5093 1105 5147 τῶν
1133 5097 1459 5170 ἀπορρήτων
1479 5102 1698 5170 ἀγαθῶν
1720 5105 1958 5160 ἀπολαύ-

296 5200 435 5243 σεως
456 5180 710 5252 πρόξενος
743 5183 871 5250 ἡμῖν
898 5182 1126 5250 γίνεται.
1169 5184 1280 5237 Καὶ
1302 5184 1388 5238 ἴνα
1418 5187 1615 5260 μάθῃς,
1665 5191 1747 5244 ὅτι
1784 5194 1956 5249 ταῦτα

294 5268 466 5328 οὕτως
496 5267 627 5336 ἔχει,
681 5268 777 5321 καλ⁸
823 5269 923 5340 οὐχ
975 5269 1161 5326 ἁπλῶς
1213 5271 1307 5324 καὶ
1339 5269 1460 5343 είκῆ
1502 5276 1955 5346 ψυχαγωγοῦντες

294 5353 436 5425 ὑμᾶς
466 5352 672 5418 τούτοις
695 5355 1010 5426 κεχρήμεθα
1041 5359 1153 5419 τοῖς
1183 5359 1444 5430 ῥήμασιν,
1476 5349 1539 5414 ἐκ
1570 5365 1675 5415 τῶν
1705 5364 1799 5416 νῦν
1829 5384 1955 5437 προ-

292 5440 557 5509 κειμένων
588 5439 758 5504 δείξαι
799 5441 1129 5526 πειράσομαι
1167 5445 1233 5516 τῇ
1266 5445 1512 5518 ὑμετέρᾳ.
1562 5450 1768 5523 ἀγάπῃ.
1811 5454 1953 5526 Ὅρα

291 5526 402 5596 γὰρ
427 5527 542 5588 πῶς
573 5527 602 5578 ὁ
630 5527 931 5598 θαυμάσιος
977 5521 1151 5596 οὗτος,
1190 5533 1218 5584 ό
1266 5532 1391 5585 Νῶε
1425 5532 1586 5602 λέγω,
1627 5521 1823 5602 παντὸς
1858 5521 1950 5596 τοῦ

285 5612 397 5666 τῶν
430 5611 729 5685 ἀνθρώπων
769 5614 960 5682 γένους
987 5617 1067 5680 είς
1113 5617 1210 5689 τὴν
1238 5622 1361 5673 κατ’
1383 5621 1560 5674 αὐτῶν
1586 5625 1952 5698 ἀγανάκτησιν

286 5699 727 5770 δκκαλεσαμὲνου
769 5703 859 5754 τὸν
910 5703 1290 5774 φιλάνθρωπον
1345 5710 1642 5781 Δεσπότην,
1679 5706 1834 5780 οὗτος
1864 5716 1950 5772 διὰ

290 5788 383 5857 τῆς
416 5788 621 5878 οἰκείας
641 5788 877 5860 ἠδυνήθη
900 5793 1099 5865 ἀρετῆς
1133 5797 1225 5849 καὶ
1261 5795 1364 5869 τῆς
1393 5799 1819 5874 ἀγανακτήσεως
1851 5807 1946 5878 τὴν

281 5878 482 5945 πεῖραν
509 5875 810 5945 διαφυγεῖν,
859 5880 954 5932 καὶ
994 5881 1192 5953 πολλὴν
1219 5884 1316 5955 τὴν
1345 5887 1473 5956 παρ’
1524 5889 1692 5943 αὐτοῦ
1737 5875 1945 5944 εὔνοιαν

282 5960 698 6033 ιφιλκύσασθαι.
734 5964 836 6020 Καὶ
861 5969 905 6021 εί
939 5967 1137 6042 βούλει,
1169 5971 1301 6037 τέως
1325 5975 1452 6046 περὶ
1477 5975 1578 6030 τῶν
1610 5979 1666 6034 ἐν
1700 5977 1776 6050 τῷ
1805 5997 1943 6051 παρ›

1133 416 1187 470 s.
1229 373 1515 469 whims
1556 405 1968 469 cumsosro

2096 404 2411 462 ARCIIIEP.
2455 397 2994 459 CONSTANTINUP.

3669 394 3774 453 198

2104 521 2219 572 όντι
2253 519 2353 590 βίῳ
2375 517 2762 586 διαλεχθῶμεν.
2791 516 2951 575 Ἴσως
2971 511 3078 584 γάρ
3101 527 3243 572 τινες
3263 512 3377 572 τοῖς
3409 509 3662 580 μέλλουσι
3679 517 3774 570 καὶ

2109 607 2183 675 μὴ
2211 606 2508 676 ὁρωμένοις
2535 599 2928 656 διαπιστοῦσιν.
2968 597 3195 665 Ἷδωμεν
3224 597 3404 650 τοίνυν
3437 598 3502 650 ἐκ
3544 597 3656 649 τῶν
3688 601 3771 651 ἐν·

2104 690 2278 744 ταῦθα
2297 689 2618 758 γινομένων,
2652 686 2772 738 τίνα
2803 685 2900 752 μὲν
2921 684 3046 745 τοὺς
3079 682 3214 753 πρὸς
3240 682 3337 753 τὴν
3385 683 3586 735 κακίαν
3614 684 3771 736 αύτο-

2106 777 2442 846 μολήσαντας
2479 772 2770 837 διεδέξατο,
2804 772 2964 825 τίνων
3001 769 3057 822 δὲ
3084 770 3112 820 ό
3161 769 3257 839 τὴν
3286 768 3484 840 ἀρετὴν
3518 770 3771 838 ἐλόμενος

2105 863 2329 932 ἠξιώθη.
2370 859 2583 930 Ἐπειδὴ
2613 860 2723 931 γάρ
2741 857 2831 911 διά
2847 858 2944 926 τὴν
2977 856 3178 928 πολλὴν
3204 860 3303 927 τῆς
3350 858 3548 920 κακίας
3579 858 3769 910 ἐπετα-

2106 967 2190 1000 σιν
2229 950 2546 1019 ἀπεφήνατο
2574 948 2603 998 ό
2634 945 2836 1015 ἀγαθὸς
2884 945 3016 1008 Θεὸς
3072 943 3418 1013 πανωλεθρία
3447 943 3509 997 τὺ
3541 943 3648 997 τῶν
3674 945 3771 998 ἀν·

2101 1035 2333 1104 θρώπων
2391 1035 2548 1103 γένος
2604 1031 3008 1094 καταδικάσιιν,
3045 1029 3236 1093 είπὼν,
3286 1031 3617 1099 Ἀπαλείψω
3663 1031 3773 1083 τὸν

2099 1122 2432 1190 ἀνθρωπον,
2459 1121 2533 1176 ὃν
2555 1121 2835 1186 ἐποίησα,
2872 1117 2992 1172 ἀπὸ
3025 1115 3351 1184 προσώπου
3378 1115 3488 1184 τῆς
3515 1116 3647 1186 τῆς.
3675 1118 3770 1170 καὶ

2098 1205 2308 1268 δεικνὺς
2335 1206 2433 1276 τῆς
2454 1206 2878 1275 ἀγανακτήσεως
2897 1202 3060 1256 αὐτοῦ
3079 1203 3176 1272 τὴν
3193 1201 3515 1273 ὑπερϐολήν,
3542 1202 3603 1255 ού
3626 1203 3771 1256 κατὰ

2096 1292 2187 1344 τοῦ
2221 1293 2327 1344 τῶν
2355 1289 2662 1362 ἀνθρώπων
2694 1292 2884 1358 γένους
2917 1290 3078 1358 μόνον
3108 1290 3208 1358 τὴν
3244 1289 3516 1355 ἀπόφασιν
3548 1288 3772 1358 ἐξήνεγ-

2097 1397 2212 1440 κεν,
2242 1378 2378 1433 ἀλλά
2407 1379 2500 1431 καὶ
2526 1377 2667 1430 κατὰ
2697 1377 2914 1428 πάντων
2936 1375 3043 1428 τῶν
3071 1374 3305 1442 κτηνῶν,
3339 1375 3431 1427 καὶ
3463 1375 3570 1430 τῶν
3601 1377 3772 1444 ιρπι·

2092 1467 2220 1526 τῶν,
2260 1468 2355 1518 καὶ
2403 1465 2511 1517 τῶν
2555 1464 2818 1516 πετεινῶν
2844 1479 2857 1493 ·
2909 1462 3016 1514 τῶν
3060 1462 3169 1532 γὰρ
3219 1461 3541 1532 ἀνθρώπων,
3580 1462 3650 1514 δι’
3674 1461 3772 1526 οὓς

2093 1553 2260 1604 ταῦτα
2299 1550 2578 1622 παρήχθη,
2605 1549 2940 1603 ἀπόλλυσθαι
2965 1547 3117 1618 [207]
3154 1547 3473 1616 μελλόντων,
3507 1540 3604 1600 καὶ
3635 1547 3772 1622 61:0-

2093 1637 2329 1708 ϐρυχίων
2379 1637 2642 1705 γίνεσθαι,
2706 1636 2932 1696 εἰκότως
2967 1633 3060 1687 καὶ⁵
3111 1632 3284 1686 ταῦτα
3339 1633 3439 1701 τῆς
3495 1621 3772 1704 τιμωρίας

2092 1723 2530 1792 συναπήλαυσεν·
2563 1721 2749 1792 ἐπειδὴ
2787 1718 2881 1774 οῦν
2915 1722 2948 1791 ή
2981 1721 3253 1788 ἀπόφασις
3281 1721 3532 1790 ἀόριστος
3551 1715 3642 1790 ἦν,
3671 1722 3770 1774 καὶ

2089 1810 2344 1878 οὐδεμίαν
2382 1810 2579 1878 ἔχουσα
2606 1809 2893 1878 διαίρεσιν,
2931 1808 3018 1860 ῖνα
3057 1808 3236 1878 μάθῃς
3277 1807 3337 1860 τὺ
3367 1805 3770 1876 ἀπροσωπόλη-

2090 1912 2220 1947 πτον
2245 1896 2341 1948 τοῦ
2371 1878 2530 1957 Θεοῦ,
2559 1896 2653 1949 καὶ
2685 1897 2766 1948 ὅτι
2813 1897 2932 1957 ταῖς
2984 1893 3237 1964 καρδίαις
3287 1895 3408 1954 ταῖς
3463 1892 3768 1962 ἡμετέραις

2090 1981 2403 2050 ἐμϐατεύων
2423 1982 2614 2035 οὐδένα
2637 1983 2893 2052 περιορᾷ,
2921 1980 3057 2034 ἀλλὰ
3085 1979 3185 2051 κάν
3216 1980 3416 2050 μικράν
3446 1997 3565 2031 τινα
3591 1980 3769 2048 ἀφορ-

2089 2068 2195 2136 μὴν
2223 2066 2358 2139 εὕρῃ
2395 2070 2524 2137 παρ’
2572 2067 2730 2138 ήμῶν
2754 2067 3172 2137 εἰσφερομένην,
3204 2067 3409 2134 ἄφατον
3441 2063 3605 2118 αὑτοῦ
3641 2068 3768 2118 ἐπι-

2085 2158 2356 2211 δείκνυται
2397 2159 2496 2228 τὴν
2526 2157 2958 2226 φιλανθρωπίαν,
3017 2157 3184 2227 φησὶν
3213 2158 3246 2226 ή
3297 2154 3505 2225 Γραφὴ,
3568 2156 3656 2207 ἵνα
3685 2155 3764 2224 μὴ

2085 2246 2393 2314 νομίσωμεν
2452 2246 2534 2296 ὅτι
2574 2245 2844 2314 παντελὴς
2897 2244 3204 2313 ἀφανισμδς
3252 2243 3458 2310 γίνεται
3513 2241 3607 2294 τοῦ
3650 2240 3766 2293 τῶν

2083 2328 2384 2400 ἀνθρώπων
2404 2331 2614 2398 γένους,
2637 2329 2774 2384 ἀλλά
2805 2331 3045 2398 γνῶμεν,
3073 2330 3156 2382 ὃτι
3183 2329 3271 2382 διὰ
3298 2329 3400 2397 τὴν
3427 2327 3632 2381 οίκείαν
3658 2329 3762 2380 αύ-

2083 2416 2174 2468 τοῦ
2209 2416 2522 2487 άγαθότητα
2554 2418 2748 2485 ἀφίησι
2776 2416 3049 2486 σπινθῆρά
3079 2432 3200 2468 τινα
3225 2415 3513 2479 σώζεσθαι,
3543 2415 3636 2467 καὶ
3679 2414 3766 2483 ρί-

2084 2501 2182 2564 ζαν
2209 2503 2287 2570 τῷ
2311 2503 2420 2554 τῶν
2451 2501 2754 2573 ἀνθρώπων
2784 2503 2964 2569 γένει,
3005 2501 3146 2554 ὥστε
3183 2498 3344 2556 πάλιν
3381 2503 3461 2563 είς
3513 2502 3764 2570 μακροὺς

2081 2588 2375 2655 ἐκταθῆναι
2400 2588 2626 2651 κλάδους
2652 2607 2664 2618 ·
2692 2587 2822 2643 Νῶε
2851 2589 2938 2651 δὲ,
2980 2590 3166 2658 φησὶν,
3207 2582 3346 2655 εὗρε
3384 2589 3560 2656 χάριν
3589 2587 3750 2639 ἐνανι

2079 2672 2208 2726 τίον
2229 2674 2334 2728 τοῦ
2374 2673 2539 2726 Θεοῦ.

2153 2757 2216 2826 β’.
2249 2758 2450 2812 Σκόπει
2471 2757 2569 2827 τῆς
2595 2758 2818 2829 Γραφῆς
2843 2759 2941 2829 τὴν
2965 2759 3267 2828 ἀκρίϐειαν,
3314 2760 3460 2821 ὅπως
3487 2758 3608 2811 οὐδὲ
3655 2762 3757 2828 τὴν

2077 2844 2344 2913 τυχοῦσαν
2369 2843 2637 2914 συλλαϐὴν
2662 2844 2810 2897 ἐστιν
2832 2846 3007 2914 εὑρεῖν
3023 2843 3207 2907 ἁπλῶς
3227 2846 3506 2914 κειμένην.
3533 2844 3756 2916 Ἐπειδή

2079 2933 2187 3000 γὰρ
2211 2933 2447 2998 ἐδίδαξεν
2480 2934 2627 3004 ἡμᾶς
2651 2932 2748 3004 τὴν
2797 2931 3103 3014 ὑπερσολὴν
3125 2933 3223 3001 τῆς
3275 2933 3472 2994 κακίας
3521 2931 3626 2985 τῶν
3656 2933 3758 2985 ἀνω

2079 3019 2331 3088 θρώπων,
2361 3018 2576 3086 καὶτῆς
2608 3020 2876 3088 τιμωρίας
2919 3020 2982 3072 τὸ
3023 3018 3252 3088 μέγεθος
3303 3021 3404 3087 τῆς
3453 3018 3758 3088 μελλούσης

2077 3110 2377 3176 ἐπάγεσθαι
2401 3110 2514 3172 τοῖς
2549 3108 2753 3177 ταύτης
2781 3109 3059 3178 ἐργάταις,
3091 3109 3332 3162 διδάσκει
3355 3111 3500 3178 ἡμᾶς
3529 3110 3623 3162 καὶ
3656 3109 3758 3163 τὸν

2078 3197 2133 3246 ἐν
2162 3195 2402 3264 τοσούτῳ
2428 3194 2621 3264 πλήθει
2643 3195 2939 3265 δυνηθένίφ.
2980 3196 3078 3266 τὴν
3116 3195 3317 3267 ἀρετὴν
3350 3197 3607 3265 ἀκέραιον
3633 3197 3757 3248 διαο

2079 3287 2267 3339 σῶσαι.
2309 3287 2463 3339 Ἐστι
2497 3286 2596 3354 μὲν
2617 3284 2727 3357 γὰρ
2751 3288 2845 3339 καὶ
2872 3285 2997 3340 καθ’
3035 3286 3236 3356 ἑαυτὴν
3269 3289 3303 3356 ή
3331 3287 3501 3356 ἀρετὴ
3533 3284 3752 3354 θαυμα-

2077 3377 2194 3444 στή.
2225 3374 2392 3427 Ὅταν
2440 3374 2496 3426 δὲ
2533 3375 2625 3426 καὶ
2669 3374 2728 3424 ὲν
2766 3373 2915 3442 μέσῳ
2943 3372 3052 3424 τῶν
3091 3372 3406 3425 κωλυόντων
3460 3373 3750 3441 τυγχάνων

2073 3477 2155 3520 τις
2185 3459 2387 3526 ταύτην
2425 3458 2603 3528 μετίῃ,
2643 3452 2821 3524 πολλῷ
2859 3457 3056 3525 μᾶλλον
3099 3456 3546 3525 θαυμαστοτέραν
3577 3457 3749 3524 αὐτὴν

2074 3545 2378 3612 ἀποφαίνει.
2419 3545 2515 3596 Διά
2548 3544 2705 3597 τοῦτο
2734 3541 2922 3613 ῶσπερ
2952 3539 3304 3610 θαυμάζουσα
3335 3542 3425 3592 τὸν
3471 3541 3679 3593 δίκαιον
3713 3543 3745 3612 ή

2073 3633 2196 3685 θεία
2225 3632 2414 3702 Γραφή
2463 3649 2646 3703 φησιν,
2681 3633 2761 3684 ὅτι
2819 3630 3020 3699 μεταξὺ
3066 3629 3173 3681 τῶν
3216 3629 3487 3682 τοσούτων
3514 3629 3604 3682 διὰ
3649 3630 3747 3700 τήν

2072 3721 2270 3772 κακίαν
2327 3719 2627 3788 μελλόντων
2662 3719 3086 3786 ἀγανακτήσεως
3146 3715 3460 3787 πειρᾶσθαι,
3508 3714 3642 3769 Νῶε
3679 3717 3746 3768 δὲ

2071 3802 2208 3872 εὗρε
2237 3805 2411 3873 χάριν
2429 3805 2708 3858 ἐναντίον
2730 3803 2950 3872 Κυρίου
2986 3802 3095 3856 τοῦ
3150 3801 3314 3855 Θεοῦ.
3352 3798 3508 3868 Εὗρε
3545 3803 3744 3871 χάριν,

2073 3892 2184 3944 ἀλλ’
2227 3892 2529 3944 Ἐναντίον
2577 3891 2684 3945 τοῦ
2738 3891 2914 3944 Θεοῦ·
2942 3891 3040 3960 ούχ
3082 3888 3290 3951 ἁπλῶς,
3343 3886 3502 3956 Εὗρε
3543 3890 3744 3958 χάριν,

2074 3977 2211 4042 ἀλλ’,
2262 3979 2573 4034 Ἐναντίον
2624 3977 2843 4044 Κυρίου
2890 3975 2997 4030 τοῦ
3027 3975 3205 4030 Θεοῦο
3253 3977 3339 4028 ῖνα
3373 3975 3518 4045 ἡμᾶς
3558 3974 3746 4047 διδάξῃ

2071 4065 2152 4118 ὅτι
2173 4065 2268 4116 Eva.
2287 4063 2474 4116 τοῦτον
2495 4059 2606 4132 εἶχε
2625 4065 2714 4115 τὸν
2748 4064 2970 4125 σκοπὸν,
2997 4063 3140 4116 ὥστε
3163 4062 3253 4114 τὸν
3282 4062 3582 4130 ἀκοίμητον
3596 4064 3754 4116 ἐκεῖ-ι

2071 4167 2160 4202 νον
2184 4150 2462 4219 ὀφθαλμὸν
2488 4150 2776 4219 ἐπαινέτην
2793 4149 2955 4218 ἔχειν,
2982 4149 3076 4202 καὶ
3098 4148 3271 4211 οὐδεὶς
3294 4148 3441 4218 αὐτῷ
3467 4148 3624 4216 λόγος
3644 4148 3748 4218 τῆς

2070 4234 2178 4285 τῶν
2201 4234 2502 4304 ἀνθρώπων
2525 4235 2702 4304 δόξης,
2724 4235 2845 4287 οὐδὲ
2864 4234 2963 4304 τῆς
2985 4235 3229 4304 ἀτιμίας,
3255 4235 3348 4286 καὶ
3369 4234 3462 4287 τοῦ
3484 4234 3744 4301 γέλωτος.

2072 4321 2230 4384 Εἰκὸς
2251 4322 2358 4391 γάρ
2393 4321 2555 4372 αὑτὸν
2586 4321 2911 4384 ἀπεναντίας
2942 4321 3115 4373 ἀπασι
3137 4319 3236 4390 τὴν
3269 4321 3470 4389 ἀρετὴν
3496 4321 3752 4390 μετιέναι

2073 4407 2392 4476 βουλόμενον
2451 4406 2648 4476 πολλὴν
2687 4406 2979 4474 ὑπομένειν
3011 4406 3113 4476 τὴν
3144 4406 3342 4476 χλεύην
3391 4407 3482 4459 καὶ
3517 4408 3607 4459 τὸν
3643 4409 3745 4476 γέ-

2070 4485 2232 4548 λωτα,
2274 4487 2489 4540 πάντων
2512 4484 2620 4536 τῶν
2642 4486 2740 4552 τὴν
2769 4484 2971 4538 κακίαν
3000 4483 3295 4552 μετιόντων
3344 4483 3613 4538 εἰωθότων
3650 4488 3748 4541 ἀεὶ

2069 4562 2432 4616 ἐπισκώπτειν
2459 4563 2583 4624 τοὺς
2616 4561 2820 4630 ταύτην
2845 4562 3068 4630 φεύγειν
3087 4561 3465 4633 βουλομένους,
3490 4565 3585 4617 καὶ
3609 4566 3746 4636 ἀρε-

2066 4639 2163 4708 τὴν
2194 4640 2568 4710 αίρουμένους,
2621 4641 2758 4710 ὅπερ
2789 4642 2884 4694 καὶ
2924 4640 3015 4693 νῦν
3049 4641 3310 4704 πολλάκις
3353 4642 3578 4710 γίνεται.
3626 4645 3746 4698 Καὶ

2068 4718 2294 4782 πολλοὺς
2320 4719 2431 4770 τῶν
2464 4717 2725 4788 ῥᾳθύμων
2747 4719 2962 4788 ὁρῶμεν
3002 4720 3078 4790 μὴ
3109 4716 3374 4790 φέροντας
3405 4722 3496 4774 τὸν
3524 4721 3743 4790 γέλωτα

2067 4798 2160 4849 καὶ
2204 4797 2305 4867 τὴν
2334 4795 2649 4866 χλευασίαν,
2691 4796 2827 4849 ἀλλὰ
2859 4799 3243 4868 προτιμῶντας
3291 4801 3390 4871 τὴν
3422 4801 3572 4872 παρά
3624 4800 3744 4856 τῶν

2063 4877 2363 4950 ἀνθρώπων
2386 4874 2541 4939 δόξαν
2571 4877 2671 4946 τῆς
2700 4876 2933 4946 ἀληθοῦς
2960 4878 3053 4931 καὶ
3087 4879 3174 4931 ἀεὶ
3207 4878 3494 4949 μενούσης,
3529 4881 3740 4934 ὑποσυ-

2069 4960 2326 5030 ρομένους
2358 4958 2452 5009 καὶ
2478 4957 3047 5026 συγκατασπωμένους
3065 4961 3132 5029 τῇ
3155 4958 3264 5012 τῶν
3293 4960 3496 5031 ἐτέρων
3525 4959 3738 5028 ἀνθρὼ-

2065 5054 2180 5090 πων
2209 5036 2400 5106 κακίᾳ.
2432 5035 2626 5104 Ψυχῆς
2651 5034 2758 5106 γάρ
2807 5037 2923 5087 ἐστι
2969 5036 3220 5103 γενναίας
3273 5040 3365 5090 καὶ
3413 5039 3626 5109 στερρῷ
3652 5038 3737 5110 τῷ

2062 5119 2368 5187 φρονήματι
2394 5131 2564 5183 κεχρη
2575 5113 2741 5183 μένης
2758 5114 2818 5165 τὸ
2841 5113 3132 5185 δυνηθῆναι
3153 5115 3427 5185 ἀντισχεῖν
3451 5121 3586 5187 1:90;
3605 5120 3737 5183 τοὺς

2061 5194 2336 5264 διασύρειν
2365 5191 2741 5262 βουλομένους,
2775 5191 2869 5245 καὶ
2901 5192 2974 5263 μὴ
3011 5193 3147 5264 πρὸς
3174 5194 3468 5264 ἀρέσκειαν
3489 5196 3596 5248 τῶν
3633 5198 3736 5250 ἀν-

2063 5273 2297 5344 θρώπων
2351 5288 2404 5324 τι
2446 5271 2893 5341 διαπράττεσθαι,
2933 5273 3070 5328 ἀλλά
3119 5275 3254 5345 πρὸς
3292 5276 3384 5329 τὸν
3432 5278 3736 5347 ἀκοίμητον

2061 5352 2266 5404 ἐκεῖνον
2294 5349 2568 5419 ὀφθαλμὸν
2597 5350 2790 5405 τείνειν
2824 5353 2884 5403 τὸ
2903 5354 3079 5422 ὄμμα,
3107 5355 3199 5407 καὶ⁵
3227 5355 3326 5427 τὴν
3367 5358 3496 5425 παρ’
3520 5359 3732 5411 ἐκείνου

2060 5429 2337 5499 εὐφημίαν
2373 5429 2534 5496 μόνον
2554 5429 2864 5500 ἀναμένειν,
2917 5431 3244 5486 καὶτούτων
3287 5436 3577 5505 ύπερορᾷν,
3634 5438 3731 5490 καὶ

2064 5507 2228 5577 μηδὲν
2252 5506 2503 5578 ἡγεῖσθαι
2530 5507 2708 5560 αὐτῶν
2730 5508 2819 5560 τὸν
2845 5509 3082 5573 ἐπαινον,
3112 5513 3248 5582 μήτε
3270 5511 3361 5564 τὸν
3383 5511 3570 5580 ψόγον,
3591 5515 3732 5569 ἀλλὰ

2061 5586 2309 5656 καθάπερ
2338 5585 2496 5649 σκιάς
2525 5585 2618 5638 καὶ
2647 5585 2897 5657 ὀνείρατα
2926 5589 3312 5660 παρατρέχειν.
3353 5591 3462 5643 Καὶ
3494 5592 3734 5648 ἐνταῦθα

2063 5665 2160 5732 μὲν
2189 5665 2371 5720 πολλοὶ
2400 5663 2659 5729 πολλάκις
2686 5664 2783 5735 τὴν
2806 5666 2959 5735 ’ύθριν
2984 5667 3043 5719 ού
3071 5668 3323 5737 φέροντες
3345 5669 3477 5722 δέκα
3499 5670 3531 5738 ἢ
3553 5671 3730 5726 εἴκοσι

2058 5743 2378 5813 ἀνθρώπων,
2412 5743 2446 5815 ἢ
2481 5744 2576 5796 καὶ
2608 5743 2924 5807 ἐλαττόνων,
2957 5747 3424 5818 ύπεσκελίσθησαν
3471 5751 3564 5802 καὶ
3594 5767 3731 5802 κατ-

2057 5825 2272 5878 έπεσον.
2305 5825 2479 5876 Ἐστι
2509 5823 2618 5892 γὰρ
2637 5825 2899 5893 αἰσχύνη
2920 5826 3232 5894 ἐπάγουσα
3261 5828 3569 5896 ἁμαρτίαν.
3591 5830 3730 5884 Οὐδὲ

2057 5903 2160 5971 γὰρ
2191 5901 2248 5954 τὸ
2274 5903 2435 5973 τυχόν
2461 5905 2607 5956 ἐστιν
2647 5903 2917 5974 ὑπεριδεῖν
2939 5907 3048 5958 τῶν
3076 5907 3458 5971 ὀνειδιζόντων,
3503 5911 3597 5960 καὶ
3620 5926 3723 5961 κα·-

2001 6027 2004 6030 .
2056 5981 2426 6055 ταγελιῦντων,
2475 5983 2565 6040 καὶ
2605 5985 2884 6059 κωμῳδεῖν
2933 5985 3303 6059 βουλομένων⁸
3356 5988 3470 6043 ἀλλ’
3498 5985 3650 6061 ίὲθῖ]
3695 5993 3724 6045 ό
