4054 6312
230 433 331 492 ιθτ

225 544 336 597 lum
364 542 648 611 dirigebat,
678 550 732 594 et
758 556 787 593 a
811 537 1013 592 diluvio
1040 548 1228 589 omnes
1251 533 1397 587 orbis
1430 529 1632 595 incolas
1655 526 1839 582 deva-.

226 642 442 686 stature
480 629 848 700 se'eripiebat.
878 626 1055 681 Tanta
1100 636 1189 678 res
1231 629 1316 677 est
1338 620 1529 684 virtus,
1574 624 1690 686 tam
1722 616 1823 669 im-

225 720 499 785 mortalis,
549 730 658 772 tam
699 718 921 780 invicta,
966 725 1072 769 tam
1103 711 1238 768 nihil
1278 710 1479 765 cedens
1514 706 1672 774 hujus
1700 705 1822 759 vita:

223 808 585 864 varietatibus
613 824 626 859 :
658 806 753 861 sed
792 820 956 874 super
993 802 1209 857 malitia:
1236 801 1370 856 retia
1396 798 1639 877 volitans,
1668 794 1818 865 quasi

220 912 257 953 ο
279 898 505 953 sublimi
529 895 747 965 specula
764 892 1017 965 quadam,
1061 892 1140 948 sic
1164 889 1344 950 omnia
1371 887 1603 944 humana
1636 885 1821 955 despi-

221 986 318 1047 cit.
352 985 488 1039 nihil
513 984 656 1054 quod
684 984 805 1038 aliis
832 982 1117 1038 molestum
1157 980 1230 1036 sit
1252 978 1440 1035 sentit.
1468 976 1575 1033 Sed
1609 976 1749 1031 sicut
1773 976 1822 1029 is

220 1074 313 1144 qui
348 1089 519 1142 super
553 1074 823 1129 excelsam
866 1082 1070 1143 petram
1120 1080 1246 1135 stat,
1276 1068 1473 1133 ﬂuctus
1498 1067 1653 1129 ridet,
1684 1079 1820 1136 quos

221 1165 371 1219 videt
400 1165 470 1220 ad
498 1171 702 1234 petram
736 1178 928 1232 magno
955 1163 1157 1232 impetu
1181 1160 1461 1232 disrumpi,
1483 1172 1548 1213 ac
1576 1158 1820 1227 protinus

222 1254 274 1307 in
315 1268 567 1322 spumam
609 1253 745 1306 solvi
777 1270 790 1306 :
821 1255 894 1306 ita
924 1252 1111 1321 et—qni
1156 1250 1343 1305 virtuti
1371 1249 1462 1303 dat
1503 1261 1721 1317 operam
1760 1246 1818 1300 in

219 1359 423 1400 securo
451 1346 775 1401 constitutus
813 1344 965 1409 loco,"
1005 1341 1139 1397 nihil
1180 1342 1400 1399 insuave
1435 1339 1539 1395 fert
1583 1354 1614 1392 a
1654 1338 1819 1393 rebus

220 1435 573 1498 turbulentis.
599 1435 695 1490 sed
730 1433 1047 1505 tranquillus
1085 1433 1265 1487 animo
1309 1442 1365 1486 et
1403 1430 1617 1500 quietus
1642 1419 1814 1496 sedet,

220 1524 583 1593 intelligitque
622 1537 709 1578 res
734 1523 893 1591 hujus
921 1521 1049 1577 vita:
1068 1521 1200 1576 nihil
1230 1520 1448 1576 diﬂ‘erre
1480 1518 1550 1573 ab
1576 1519 1816 1578 amnium

219 1615 465 1674 liuentis,
491 1602 678 1681 utpote
704 1627 826 1683 qua
845 1621 951 1666 tam
973 1611 1161 1681 rapido
1179 1626 1339 1665 cursu
1362 1617 1652 1665 transeant.
1678 1607 1816 1664 Nam

218 1706 364 1759 sicut
392 1705 577 1759 videre
601 1706 725 1760 licet
752 1703 917 1759 maris
933 1704 1127 1763 ﬂuctus
1154 1717 1299 1758 nunc
1324 1701 1540 1767 quidem
1569 1701 1622 1754 in
1648 1700 1817 1753 altum

221 1794 436 1861 extolli,
471 1810 592 1847 mox
620 1802 799 1862 autem
825 1792 1055 1862 deprimi
1081 1811 1095 1848 :
1120 1793 1193 1848 ita
1229 1802 1285 1848 et
1320 1791 1566 1847 videmus
1602 1804 1699 1844 eos
1725 1788 1818 1857 qui

224 1883 487 1938 virtutem
513 1890 882 1946 contemnunt,
911 1891 964 1937 et
992 1882 1244 1953 nequitizr
1259 1882 1389 1936 dant
1411 1896 1653 1950 operam,
1673 1892 1817 1935 nunc

135 1963 144 1976 ‘
217 1973 441 2043 quidem
466 1972 695 2028 sublime
718 1986 932 2042 sapere.
970 1981 1023 2025 et
1043 1971 1324 2039 supercilia
1348 1971 1627 2036 extollere,
1655 1978 1815 2038 atque

208 2062 384 2133 hujus
413 2062 535 2115 vitae
572 2060 720 2115 curis
762 2062 1000 2117 intentos
1029 2076 1171 2128 esse,
1218 2061 1396 2115 subito
1423 2068 1600 2115 autem
1632 2060 1810 2127 dojici,

218 2159 277 2205 et
300 2149 369 2203 ad
399 2159 703 2205 extremam
728 2150 916 2206 venire
963 2149 1217 2219 inopiam.
1260 2149 1406 2216 Quos
1435 2151 1621 2204 beatus
1647 2148 1812 2203 David

220 2238 586 2304 stthindicans,
629 2238 842 2294 dicebat
874 2256 888 2292 :
921 2236 1007 2292 Ne
1050 2240 1275 2295 titnttert's
1307 2226 1601 2293 cumﬁdines
1642 2242 1812 2310 factus

222 2329 380 2396 fuerit
406 2327 580 2393 homo,
620 2327 702 2382 vel
743 2343 861 2383 cum
900 2328 1411 2397 multiplicalafuert't
1435 2330 1603 2400 gloria
1630 2329 1813 2383 domus

219 2419 372 2487 ejus:
396 2418 516 2488 quia
551 2433 669 2472 cum
701 2418 945 2472 interierit
974 2424 1077 2472 non
1103 2428 1266 2472 sumet
1309 2420 1479 2471 omnia
1510 2417 1684 2487 (Paul.
1717 2420 1809 2475 48.

222 2506 340 2579 17).
380 2508 451 2562 Et
491 2508 627 2562 bene
671 2509 825 2575 dixit,
867 2508 952 2563 Ne
988 2508 1237 2563 tinam-is.
1288 2508 1368 2563 Ne
1411 2519 1463 2565 te
1502 2512 1811 2577 conturbet,

220 2593 402 2651 dicere
430 2596 565 2664 vult,
586 2597 767 2651 divitis
782 2597 1104 2652 abundantia
1124 2606 1181 2653 et
1204 2598 1386 2667 gloriae
1414 2597 1689 2668 splendor.
1723 2599 1813 2656 Vi-

220 2683 376 2741 debis
402 2686 546 2741 enim
597 2700 704 2740 non
733 2686 905 2742 multo
933 2696 1054 2755 post
1079 2688 1228 2742 humi
1249 2687 1539 2758 jacentem,
1581 2697 1636 2743 et
1675 2691 1809 2746 nihil

222 2775 432 2843 operari
482 2775 780 2844 valentem,
837 2785 1105 2832 mortuum
1152 2778 1380 2833 cadaver
1441 2779 1708 2837 vermibus
1756 2782 1810 2835 in

220 2865 369 2923 cibos
394 2866 687 2937 objectmn,
728 2867 1039 2940 nudumque
1078 2869 1166 2924 his
1194 2871 1442 2924 omnibus
1469 2870 1691 2935 factum,
1718 2872 1810 2941 qui

219 2955 352 3012 nihil
381 2959 572 3011 horum
613 2960 835 3013 omnino
859 2974 1043 3014 secum
1069 2958 1283 3015 auferre
1312 2962 1563 3029 potuerit,
1594 2960 1693 3015 sed
1721 2961 1811 3016 hic

219 3047 397 3102 omnia
441 3047 738 3116 reliquerit.
778 3047 860 3103 Ne
897 3049 1055 3118 igitur
1092 3049 1284 3103 anxius
1321 3051 1397 3104 sis
1441 3064 1563 3105 cum
1610 3050 1811 3105 videris

218 3137 503 3206 praesentia
536 3151 552 3190 :
581 3152 754 3207 neque
795 3138 1014 3192 beatum
1049 3139 1199 3192 dicas
1220 3150 1349 3193 cum
1380 3140 1469 3210 qui
1497 3148 1619 3209 post
1647 3141 1808 3194 breve

218 3236 432 3297 tempus
459 3229 527 3281 ab
570 3228 653 3283 bis
680 3228 931 3283 omnibus
959 3230 1300 3284 destituetur.
1345 3232 1618 3299 Ejusmodi
1662 3234 1805 3286 enim

217 3327 301 3372 est
322 3332 559 3388 [muscus
583 3319 824 3386 felicitas,
848 3330 899 3375 et
925 3321 1225 3391 divitiarum
1257 3333 1463 3388 natura,
1493 3333 1551 3377 ut
1574 3339 1681 3379 non
1703 3341 1807 3379 una

218 3411 611 3477 commigrent,
670 3424 795 3464 cum
840 3410 967 3466 hinc
1015 3411 1174 3467 fuerit
1228 3412 1550 3467 abeundum.
1605 3413 1807 3469 Divites

215 3505 363 3555 enim
396 3501 479 3556 his
505 3502 753 3556 omnibus
779 3502 1003 3567 relictis,
1032 3504 1160 3558 nudi
1187 3504 1311 3561 hinc
1338 3504 1655 3571 abscedunt,
1694 3518 1809 3559 tan-

221 3600 339 3645 tum
358 3591 565 3646 malitia
598 3592 795 3654 vestiti,
825 3602 880 3647 et
904 3607 1242 3664 peccatorum
1267 3595 1522 3650 oneribus
1549 3596 1672 3651 inde
1697 3597 1834 3653 cols

214 3680 393 3735 lectis.
436 3683 506 3735 At
537 3681 692 3752 longe
722 3696 879 3736 secus
918 3681 1081 3737 habet
1106 3686 1292 3748 virtus,
1320 3701 1440 3753 qua:
1481 3686 1568 3741 hic
1595 3701 1808 3756 quoque

220 3772 556 3842 potentiores
584 3770 1037 3838 insidiatoribus,
1066 3783 1121 3826 et
1164 3773 1321 3842 plane
1364 3774 1591 3830 invictos
1633 3776 1807 3834 reddit

214 3875 368 3923 suos,
395 3861 810 3932 continuamque
830 3861 1035 3933 praebet
1054 3865 1399 3931 voluptatem,
1428 3876 1479 3921 et
1512 3860 1579 3921 ne
1604 3868 1805 3922 sentire

212 3951 436 4021 quidem
480 3952 606 4005 sinit
638 3968 816 4014 rerum
863 3954 1084 4023 istarum
1130 3955 1542 4023 inaequalitatem
1570 3975 1586 4013 :
1612 3958 1708 4013 sed
1750 3967 1806 4014 et

216 4041 353 4101 hinc
369 4043 763 4111 emigrautibus
791 4044 1041 4117 comitem
1070 4059 1130 4099 se
1162 4045 1328 4107 addit,
1358 4055 1413 4101 et
1448 4057 1571 4102 tunc
1599 4049 1808 4116 potissi-

212 4146 392 4197 mum,
416 4146 536 4185 cum
559 4132 677 4200 ejus
704 4132 941 4187 subsidio
963 4147 1204 4203 egemus,
1234 4136 1286 4189 iu
1308 4136 1500 4205 dieque
1524 4136 1618 4192 illo
1640 4128 1803 4195 terri.

215 4220 313 4273 bili
352 4234 602 4289 magnum
648 4219 802 4297 nobis
838 4229 1051 4289 praistat
1095 4222 1373 4288 auxilium,
1408 4226 1621 4293 placans
1652 4228 1809 4283 nobis

213 4307 426 4362 .ludieis
448 4308 660 4363 oculum
685 4326 701 4363 :
726 4320 782 4365 et
807 4309 946 4365 sicut
975 4309 1061 4366 hic
1084 4313 1153 4365 ab
1179 4314 1546 4382 ingruentibus
1576 4316 1806 4372 infortu-

217 4398 349 4465 niis,
393 4400 463 4451 ita
513 4407 567 4454 et
612 4399 667 4454 in
707 4399 885 4456 futuro
925 4416 985 4456 se
1027 4402 1269 4459 colentes
1309 4419 1339 4456 a
1384 4407 1666 4460 tormentis
1704 4406 1809 4463 illis

138 4486 143 4487 ⁷
212 4487 403 4556 eripit.
429 4486 610 4557 Neque
642 4492 742 4544 hoc
771 4492 941 4544 solum
969 4492 1097 4561 agit,
1135 4494 1227 4547 sed
1265 4505 1318 4547 et
1343 4494 1624 4550 ineffabilia
1652 4498 1807 4553 nobis

214 4579 385 4639 bona,
422 4578 611 4645 quibus
642 4579 895 4643 fruamur,
926 4582 1193 4635 conciliat.
1235 4582 1298 4647 Et
1326 4593 1382 4635 ut
1408 4585 1546 4639 scias
1582 4586 1697 4640 haec
1733 4586 1807 4641 ita

212 4680 343 4721 sese
379 4666 596 4734 habere,
622 4684 795 4738 neque
825 4685 922 4723 nos
951 4672 1002 4724 in
1033 4688 1223 4725 vamnn
1249 4682 1309 4727 et
1342 4673 1536 4728 frustra
1563 4676 1630 4730 ad
1656 4676 1802 4731 blan-

212 4754 476 4810 diendunt
518 4757 603 4811 bis
649 4759 828 4813 verbis
872 4762 945 4813 uti
973 4801 988 4815 .
1012 4764 1226 4815 mutabo
1282 4779 1423 4817 nunc
1459 4780 1529 4820 ex
1569 4767 1650 4821 his
1688 4784 1809 4838 qua:

214 4849 495 4918 proposita
544 4859 673 4904 sunt
722 4851 933 4905 caritati
981 4864 1169 4907 vestrm
1216 4853 1266 4908 id
1322 4858 1626 4912 ostendere.
1680 4860 1809 4916 Vide

209 4939 369 4992 enim
401 4940 677 5013 quomodo
702 4932 1063 4997 admirandus
1092 4944 1183 4999 ille
1213 4946 1312 5011 vir,
1358 4947 1471 5003 Noe
1498 4950 1639 5014 dico,
1689 4953 1809 5007 uni-

184 5046 187 5049 ·
212 5042 383 5082 verso
412 5029 684 5082 hominum
705 5046 901 5099 genere
926 5033 1180 5088 adversus
1205 5038 1551 5107 semetipsum
1578 5044 1814 5101 clemen-

212 5120 357 5175 tiam
385 5119 592 5174 Domini
617 5121 683 5175 ad
711 5122 1036 5177 iracundiam
1062 5140 1384 5193 provocante
1409 5133 1549 5200 :ille,
1572 5136 1806 5206 inquam,

212 5210 373 5265 solus
412 5226 509 5265 sua
552 5212 747 5266 virtltte
795 5217 960 5281 potuit
1003 5228 1056 5270 et
1100 5219 1476 5290 indignationis
1519 5228 1809 5295 periculum

214 5300 484 5371 eﬂugcre,
519 5311 573 5355 et
622 5318 863 5372 magnam
911 5306 1001 5361 Dei
1032 5308 1456 5367 benevolentiam
1499 5317 1600 5371 sibi
1626 5323 1809 5376 conci-

220 5392 384 5446 tiare.
407 5394 508 5457 Ac,
535 5391 581 5444 si
612 5394 803 5460 placet,
833 5396 1110 5464 loquamur
1139 5401 1208 5456 de
1245 5402 1309 5455 iis
1333 5420 1452 5472 quae
1479 5407 1529 5459 in
1564 5410 1814 5476 prtesenti

217 5484 339 5536 vita
376 5483 648 5537 eveniunt.
693 5485 833 5540 Sunt
873 5489 1015 5543 enim
1047 5490 1289 5548 fortassis
1335 5497 1495 5567 aliqui
1528 5499 1719 5559 futuris
1752 5514 1811 5561 et

212 5571 592 5628 invisibilibus
624 5588 809 5644 parum
849 5579 1150 5635 credentes.
1208 5583 1489 5643 Videamus
1529 5590 1706 5662 itaque
1740 5608 1809 5649 ex

220 5660 296 5715 iis
322 5674 439 5729 qua:
463 5661 555 5715 hic
580 5664 854 5729 eveniunt,
886 5669 1059 5736 qualia
1081 5673 1395 5743 contingunt
1425 5678 1490 5731 iis
1509 5683 1597 5747 qui
1623 5660 1815 5751 inequi-

216 5752 312 5804 tize
338 5764 399 5806 se
426 5750 651 5817 dedunt,
681 5766 736 5810 ct
754 5757 929 5824 qualia
959 5763 1151 5833 accipit
1176 5764 1222 5819 is
1245 5768 1334 5837 qui
1366 5769 1611 5829 virtutem
1640 5750 1810 5835 secta-

1248 423 1309 476 IN
1348 421 1480 475 CAP
1545 418 1628 471 \‘l.
1658 410 1902 472 CENI'IS.
1946 409 2177 469 IMMIL.
2220 413 2405 470 XXlll.

1938 532 2040 578 tur.
2083 524 2369 595 Postquam
2411 528 2553 581 enim
2592 527 2764 584 bonus
2807 531 2946 588 Deus
2989 536 3058 589 ob
3097 536 3284 609 ingens
3308 544 3529 600 malitias

1925 627 2273 685 augmentum
2316 620 2638 675 sententiam
2686 624 2803 677 tulit
2842 640 2966 681 esse
2994 627 3312 691 \humanum
3356 649 3526 705 genus

1927 706 2218 762 universali
2258 708 2495 777 pernicie
2523 711 2875 780 puniendum,
2904 725 2958 770 et
2986 716 3124 772 dixit
3153 738 3167 773 :
3200 720 3395 778 Delebo
3429 729 3526 779 Im-

1925 796 2114 865 minem
2136 812 2283 865 quem
2311 799 2431 869 feci,
2453 815 2488 852 a
2507 800 2638 868 facie
2662 812 2809 856 terra
2830 821 2850 858 :
2869 814 2925 859 et
2953 818 3259 866 monstrans
3282 813 3526 884 indignit-

1926 884 2087 940 tionis
2138 899 2252 941 suze
2306 888 2725 959 magnitudinem
2749 932 2767 955 ,
2826 910 2934 948 non
2983 907 3167 953 contra
3226 902 3516 960 humanum

1923 972 2205 1029 dumtaxat
2242 991 2414 1044 genus
2455 981 2780 1035 sententiam
2824 985 3068 1051 protulit,
3113 989 3211 1046 sed
3239 998 3299 1047 et
3331 1007 3524 1060 contra

1922 1063 2104 1118 omnia
2127 1063 2393 1133 jumenta,
2442 1078 2498 1123 et
2535 1069 2765 1138 reptilia,
2811 1081 2868 1128 et
2910 1074 3142 1133 volatilia
3172 1095 3187 1134 :
3215 1095 3337 1136 cum
3377 1064 3521 1141 enim

1924 1152 2147 1244 perituri
2168 1164 2232 1209 et
2253 1156 2631 1226 submergendi
2660 1160 2907 1219 homines
2926 1179 3126 1234 essent,
3150 1182 3368 1240 propter
3382 1167 3525 1244 quos
3553 1167 3559 1176 ’

1927 1238 2044 1294 haec
2081 1239 2222 1296 facta
2265 1252 2412 1309 sunt,
2434 1246 2556 1314 jure
2598 1262 2664 1303 ac
2719 1253 2912 1306 merito
2951 1253 3042 1309 illa
3086 1238 3300 1328 quoque
3341 1238 3519 1331 ptume

1919 1331 2195 1384 consortio
2228 1332 2376 1402 paria
2408 1333 2598 1391 fuere:
2632 1338 2793 1411 igitur
2835 1354 2956 1395 cum
2985 1348 3253 1403 sententia
3282 1332 3519 1409 nondum

1922 1421 2183 1488 pra-ﬁnita
2223 1433 2389 1491 esset,
2444 1440 2549 1496 qna
2588 1428 2681 1483 alii
2735 1431 2802 1483 ab
2840 1432 2961 1488 aliis
3001 1431 3433 1508 secernerentur,
3464 1455 3524 1500 ut

1920 1509 2097 1564 discas
2120 1526 2280 1581 quam
2307 1528 2416 1569 non
2442 1516 2514 1569 sit
2550 1531 2901 1587 personarum
2930 1536 3183 1595 acceptor
3221 1528 3385 1597 Deus,
3423 1534 3522 1590 scd

1921 1599 1974 1652 in
2000 1600 2163 1653 corda
2189 1606 2371 1656 ndstra
2402 1604 2709 1674 ingrediens
2734 1609 2942 1664 nullum
2965 1613 3243 1685 despiciat,
3268 1606 3330 1675 et
3356 1623 3400 1677 si
3434 1625 3519 1680 vel

1929 1698 2147 1757 parvam
2172 1693 2461 1761 quamdam
2486 1697 2823 1753 occasionem
2859 1716 2958 1755 nos
2983 1704 3288 1774 aderamus,
3328 1712 3519 1770 ineffa-

1922 1779 2081 1833 bilem
2107 1795 2258 1836 suam
2290 1782 2529 1839 declaret
2548 1787 2994 1877 misericordiam,
3024 1796 3195 1867 inquit
3219 1799 3517 1877 Scriptum,

1920 1878 2289 1967 utaietotum
2328 1887 2503 1943 genus
2547 1875 2841 1935 humanum
2882 1882 3203 1942 abolendum
3245 1894 3516 1967 putemus,

1916 1958 2011 2015 scd
2042 1961 2294 2027 sciamus,
2342 1964 2517 2033 ipsum
2559 1978 2654 2036 per
2692 1984 2844 2025 suam
2876 1973 3168 2033 bonitatem
3212 1958 3520 2056 relinquere

1916 2052 2204 2107 scintillam
2252 2064 2307 2109 et
2350 2055 2587 2112 radicem
2629 2064 2929 2129 quamdam
2955 2068 3178 2136 salvam,
3228 2084 3287 2128 ut
3318 2052 3513 2135 iterum

1922 2144 2212 2207 humanum
2240 2162 2410 2217 genus
2436 2150 2495 2204 in
2536 2167 2788 2221 proceros
2819 2157 3032 2225 extendi
3079 2164 3249 2231 possit
3290 2180 3512 2225 ramos:

1918 2234 2056 2306 Noe,
2083 2237 2277 2309 inquit,
2307 2241 2499 2295 invenit
2524 2246 2744 2316 gratiam
2767 2263 2942 2303 coram
2964 2249 3093 2308 Deo.

1985 2326 2040 2383 2.
2085 2327 2217 2424 Vide
2242 2329 2535 2401 Scriptum
2559 2333 2916 2415 diligent-iam,
2948 2346 3219 2411 quomodo
3250 2364 3323 2405 ne
3343 2354 3508 2424 sylla-

1915 2414 2037 2471 bam
2058 2419 2274 2516 quidem
2296 2438 2456 2476 unam
2480 2425 2723 2482 inutilem
2747 2432 3038 2488 contineat.
3068 2436 3202 2492 Nam
3230 2414 3516 2516 postquam

1914 2522 2015 2563 nos
2043 2510 2226 2565 docuit
2269 2516 2585 2582 gravitatem
2626 2523 2880 2588 nequitiae
2918 2523 3216 2595 hominum,
3259 2542 3314 2589 et
3337 2510 3516 2604 pinnat

1917 2602 2341 2671 magnitudinem
2391 2606 2650 2676 improbis
2692 2609 3061 2681 inferendam,
3108 2620 3311 2678 indicat
3338 2602 3516 2684 nobis

1908 2698 2040 2746 tum
2066 2693 2157 2762 qui
2195 2693 2250 2747 in
2282 2702 2427 2749 tanta
2459 2698 2801 2757 multitudine
2831 2709 3062 2772 potuerit
3099 2710 3364 2770 sinceram
3394 2731 3514 2774 ser-

1888 2797 2042 2853 hvare
2072 2778 2357 2839 virtutem.
2404 2784 2501 2841 Est
2539 2789 2683 2844 enim
2718 2793 2886 2853 virtus
2936 2798 3099 2853 etiam
3141 2816 3237 2870 per
3278 2807 3510 2876 seipsatn
3576 2842 3579 2843 ν

1913 2872 2260 2930 admirabilis.
2291 2875 2441 2941 Quod
2486 2879 2530 2931 si
2575 2881 2695 2947 quis
2724 2883 2865 2938 illam
2910 2887 2963 2941 in
3003 2890 3183 2947 medio
3220 2872 3511 2965 prohiben-

1916 2966 2045 3017 tium
2090 2965 2266 3031 colat,
2322 2970 2489 3023 tnulto
2543 2974 2994 3035 admirabiliorem
3042 2982 3209 3051 ipsam
3249 2993 3507 3052 ostendit.

1914 3054 2207 3148 Propterea
2241 3060 2421 3112 divina
2453 3061 2727 3130 Scriptura
2771 3070 2919 3134 quasi
2946 3073 3263 3131 admirando
3304 3080 3509 3148 justum

1912 3146 2040 3200 dicit
2065 3149 2131 3201 de
2162 3150 2274 3215 illo,
2306 3154 2355 3204 in
2380 3153 2559 3207 medio
2590 3156 2803 3213 illorum
2833 3162 2922 3228 qui
2962 3146 3383 3236 indignationem
3412 3176 3510 3234 Dei

1911 3240 2186 3304 expertan
2228 3252 2383 3295 erant
2419 3254 2683 3311 versante,
2722 3246 2837 3303 Noe
2871 3264 3037 3307 autem
3082 3263 3270 3315 invenit
3291 3268 3511 3335 gratiam

1918 3343 2090 3380 coram
2121 3329 2339 3384 Domino
2360 3332 2485 3386 Deo.
2512 3333 2716 3391 Invenit
2740 3343 2980 3411 gratiam,
3004 3349 3116 3414 sed,
3146 3329 3329 3410 Coram
3354 3356 3464 3414 Deo
3489 3376 3510 3418 :

1922 3435 2030 3473 non
2062 3421 2399 3490 simpliciter,
2430 3422 2632 3481 Invenit
2664 3432 2900 3501 gratiam,
2930 3438 3044 3503 sed,
3076 3439 3261 3499 Coram
3289 3445 3510 3507 Domino

1915 3508 2023 3562 Deo
2046 3526 2070 3563 7:
2092 3519 2148 3609 u-t
2173 3526 2272 3565 nos
2320 3511 2531 3581 doceat,
2561 3518 2735 3586 ipsum
2763 3538 2925 3577 unum
2964 3526 3215 3588 habuisse
3257 3550 3505 3609 scopum,

1913 3612 1970 3654 ut
2006 3602 2076 3703 ab
2114 3601 2401 3703 illoc-culo
2428 3604 2757 3676 laudaretur,
2793 3616 2881 3683 qui
2906 3618 3200 3678 dormitare
3226 3601 3503 3703 sopirique

1912 3693 2120 3785 poscit,
2159 3692 2405 3761 nihilque
2449 3700 2722 3757 curavisse
2781 3704 3065 3764 humanam
3118 3692 3367 3785 gloriam,
3412 3692 3509 3781 .vel

1911 3774 2279 3851 ignominiam,
2304 3788 2385 3842 vel
2417 3788 2739 3845 irrisionem.
2760 3794 3062 3853 Verisimile
3090 3806 3230 3859 enim
3254 3774 3505 3882 esteunt,

1912 3888 2032 3927 cum
2064 3888 2260 3943 praeter
2287 3895 2491 3934 morem
2523 3884 2759 3937 omnium
2794 3886 3042 3944 virtutem
3084 3897 3309 3966 coleret,
3338 3900 3508 3962 fuisse

1906 3965 2309 4043 subsannatunt
2333 3980 2388 4026 et
2417 3973 2633 4028 irrisum
2676 3978 2745 4029 ab
2788 3982 3039 4035 omnihtts
3082 3991 3375 4058 nequitiam
3404 3980 3503 4052 se-

1910 4060 2199 4124 ctanlibtts,
2231 4063 2319 4129 qui
2338 4077 2726 4122 consueverant
2760 4083 2854 4124 eos
2879 4076 2971 4142 qui
3001 4075 3141 4131 illam
3174 4084 3423 4153 vitarent,
3451 4099 3507 4146 et

1914 4151 2177 4229 virtutem.
2205 4155 2664 4223 amplexarentur,
2715 4162 2979 4231 irridere;
3020 4170 3072 4222 id
3103 4176 3244 4238 quod
3272 4186 3327 4231 et
3363 4151 3507 4241 nunc

1908 4252 2056 4309 stupe
2102 4240 2213 4295 lieri
2255 4244 2415 4299 solet.
2448 4245 2810 4319 Videmusque
2838 4270 3029 4324 segnes
3062 4264 3258 4321 multos
3283 4271 3378 4339 qui
3422 4240 3506 4329 ri.

1910 4345 2030 4384 sum
2064 4343 2118 4384 et
2160 4335 2629 4393 subsannationem
2671 4340 2812 4421 ferre
2854 4361 3143 4416 nequeunt,
3182 4357 3277 4411 sed
3302 4335 3503 4429 prtere-

1911 4432 2039 4475 runt
2064 4423 2352 4479 humanam
2379 4427 2603 4495 gloriam
2633 4445 2775 4486 verae
2817 4444 2872 4488 et
2899 4437 3209 4511 immortali,
3248 4423 3507 4513 abstracti

1911 4521 1968 4565 et
1994 4512 2169 4567 allecti
2202 4517 2268 4569 ab
2297 4517 2523 4572 aliorum
2556 4519 2832 4577 hominum
2877 4529 3096 4584 malitia.
3126 4537 3332 4593 Anima:
3356 4512 3502 4601 enim

1914 4603 2065 4656 fortis
2090 4617 2144 4658 et
2174 4610 2470 4661 Constantis
2516 4622 2620 4677 est,
2666 4626 2822 4682 posse
2846 4618 3107 4675 obsistere
3140 4625 3204 4679 iis
3228 4632 3317 4697 qui
3352 4637 3506 4691 avet.

1913 4694 2024 4748 lere
2051 4695 2362 4762 moliuntur,
2395 4706 2449 4753 et
2477 4700 2605 4754 nihil
2630 4701 2806 4759 facere
2834 4718 2891 4761 ut
2920 4708 3228 4771 hominibus
3249 4694 3463 4789 placeat
3486 4745 3503 4781 :

1911 4784 2007 4839 sed
2032 4786 2244 4839 oculum
2275 4802 2428 4841 suum
2470 4790 2748 4849 intendere
2775 4796 2843 4849 ad
2873 4798 3021 4853 illum
3058 4784 3348 4876 insopitum
3376 4831 3507 4871 ocu-

1916 4876 2045 4942 lum,
2078 4886 2134 4932 et
2161 4879 2227 4932 ab
2256 4894 2320 4934 eo
2350 4880 2526 4937 solum
2560 4883 2786 4953 gloriam
2813 4890 3148 4963 exspectare,
3170 4901 3506 4977 istermnque

1912 4969 2135 5037 gloriam
2179 4970 2475 5039 despicere,
2521 4976 2823 5045 nullinaque
2870 4982 2957 5049 pili
3000 4984 3176 5044 facere
3216 4969 3504 5054 humanam

1914 5057 2127 5112 laudem
2153 5062 2233 5113 vel
2264 5064 2528 5129 convicia,
2556 5064 2652 5118 sed
2682 5082 2744 5119 ea
2775 5074 3183 5135 prietermittere
3204 5090 3262 5136 ut
3290 5087 3507 5144 umbras

1914 5158 1970 5245 et
2006 5151 2238 5205 somnia.
2261 5150 2379 5207 lam
2411 5154 2497 5208 hic
2539 5170 2683 5225 smpe
2710 5160 2861 5214 multi
2892 5178 2997 5217 non
3030 5166 3263 5226 ferentes
3286 5172 3509 5245 injurias

1912 5236 2100 5293 decem
2141 5249 2234 5293 aut
2270 5242 2457 5311 viginti
2504 5244 2805 5315 hominum,
2852 5253 2936 5307 vel
2980 5257 3141 5312 etiam
3173 5236 3505 5338 pauciorum,

1912 5331 2235 5398 sttpplantati
2262 5342 2387 5386 sunt
2410 5343 2465 5389 et
2491 5351 2833 5393 corruerunt.
2864 5341 2954 5396 Est
2987 5348 3121 5401 enim
3146 5356 3381 5423 confusio
3406 5331 3508 5415 du;

1913 5437 2031 5476 cens
2072 5422 2126 5475 in
2165 5435 2423 5492 peccatum
2453 5426 2644 5489 (Ecclt'.
2686 5430 2740 5482 4.
2781 5430 2897 5500 25).
2943 5433 3128 5507 Neque
3165 5422 3384 5509 parvum
3427 5459 3509 5505 est

1913 5510 2195 5579 deSpicere
2218 5514 2506 5570 irridentes
2532 5528 2586 5570 et
2612 5522 2999 5587 ρκιιτυιπςιιιιρε
3027 5537 3081 5580 et
3108 5530 3308 5587 salibus
3337 5537 3511 5594 inces-

1914 5613 2100 5657 sentes
2131 5623 2144 5657 :
2177 5618 2231 5657 at
2271 5606 2447 5674 justus
2488 5609 2577 5662 ille
2628 5628 2735 5665 non
2786 5616 2907 5669 talis
2959 5629 3092 5672 crat.
3138 5620 3321 5692 Neque
3366 5632 3508 5687 enim

1919 5700 2125 5749 tan'um
2155 5695 2341 5751 decem
2373 5708 2427 5753 et
2473 5703 2655 5768 viginti
2685 5715 2740 5758 et
2768 5717 2981 5762 centum
3015 5709 3279 5783 homines,
3324 5721 3415 5775 sed
3455 5736 3506 5781 et

1917 5802 2133 5844 onmem
2168 5789 2440 5846 hominum
2465 5804 2730 5863 naturam,
2760 5808 2811 5852 et
2835 5806 2914 5854 tot
2941 5805 3209 5874 myriadis
3235 5808 3503 5880 chpevit.
