4054 6312
533 407 631 462 tuo
1219 393 1280 450 s.
1318 386 1596 451 JOANNIS
1629 379 2106 445 cunvsosroin
2144 379 2465 441 ABCIIIEP.
2502 350 3041 440 CONS’I'ANTINOP.
3676 377 3797 438 eos

530 512 833 571 Verisimile
854 511 999 569 enim
1028 518 1113 566 est
1138 520 1326 564 omnes
1366 503 1488 560 illos
1540 500 1747 567 risisse,
1775 497 2097 561 traduxisse.

527 602 962 668 snhsannavisse,
999 596 1353 655 debacchatus
1389 606 1531 660 esse,
1571 605 1637 647 ac
1660 589 1799 646 forte
1831 589 2013 652 etiam,
2054 586 2100 642 ai

529 693 781 765 possibile
822 689 1030 754 fuisset.
1076 686 1369 743 dilacerare
1396 682 1651 738 voluisse.
1690 679 1915 749 Semper
1951 672 2100 732 enim

526 794 715 841 eotttra
761 782 1008 837 virtutem
1052 775 1248 831 insanit
1299 773 1544 829 malitia:
1574 772 1719 842 atqui
1765 783 1872 824 non
1924 767 2100 823 solum

531 874 661 930 nihil
690 873 761 927 illi
801 876 978 936 nocet,
1019 866 1114 923 sed
1154 874 1209 920 et
1248 862 1547 919 infestando
1589 860 1862 916 fortiorem
1906 854 2100 912 reddit.

531 963 762 1019 Tantum
784 961 928 1016 enim
966 956 1177 1013 virtutis
1204 963 1286 1008 est
1312 952 1494 1018 robur,
1529 959 1586 1006 ut
1615 946 1865 1019 patiendo
1888 955 2105 1016 superet

532 1069 627 1108 uos
651 1053 742 1122 qui
768 1050 1036 1118 negotium
1081 1047 1181 1102 sibi
1219 1045 1440 1107 faciant,
1486 1051 1542 1097 et
1577 1055 1698 1097 eum
1740 1039 2102 1108 impugnatur,

533 1142 774 1198 hostibus
802 1141 893 1196 llat
916 1139 1202 1211 potentior.
1237 1137 1409 1206 Atque
1453 1134 1507 1190 id
1555 1134 1609 1187 in
1634 1130 1815 1186 multis
1841 1128 2101 1183 videmus.

530 1233 797 1287 Craterum
823 1239 880 1283 ut
914 1230 1064 1286 vobis
1090 1226 1403 1282 occasiones
1424 1223 1754 1292 prtebeamns
1779 1238 1793 1275 :
1823 1218 1906 1274 De
1932 1220 2100 1284 enim,

533 1324 725 1394 inquit,
756 1321 970 1391 sapienti
994 1318 1325 1381 occasionem,
1356 1330 1403 1369 et
1428 1313 1701 1384 sapientior
1726 1314 1818 1366 erit
1848 1310 2028 1382 (Prov.
2047 1310 2102 1365 9.

533 1414 629 1484 9):
660 1426 837 1482 opera:
879 1410 1107 1479 pretium
1150 1407 1306 1464 luerit
1344 1415 1397 1460 et
1432 1421 1497 1460 ex
1547 1403 1741 1469 Veteri,
1782 1416 1837 1457 ct
1864 1417 1931 1457 ex
1959 1400 2107 1456 Novo

533 1503 878 1558 Testamento
914 1499 1202 1567 Scripturze
1240 1496 1392 1550 vobis
1417 1495 1606 1549 aderre
1634 1494 1895 1562 exempla.
1922 1491 2105 1560 Itaque

532 1593 728 1662 cogita,
760 1591 986 1645 obsecro
1030 1598 1110 1651 te,
1148 1586 1279 1640 Abel
1307 1600 1480 1641 nonne
1518 1585 1726 1639 occisus
1767 1591 1849 1637 est
1897 1597 1927 1635 a
1973 1581 2105 1637 Cain

538 1681 692 1753 (Cen.
726 1678 819 1750 ιη
860 1691 1036 1731 nonne
1081 1676 1225 1730 humi
1264 1675 1599 1743 prostratus?
1639 1673 1745 1729 Sed
1788 1688 1856 1728 ne
1894 1681 2108 1741 spectes

532 1770 673 1839 quod
721 1766 1074 1840 pneraluerit,
1118 1764 1482 1833 occideritque
1522 1778 1642 1819 eum
1686 1764 1769 1818 cui
1817 1763 2106 1829 invidebat,

533 1857 663 1911 nihil
689 1859 756 1909 ab
784 1855 876 1909 illo
899 1855 1089 1915 Imus;
1120 1854 1214 1907 sed
1250 1854 1526 1922 sequentia
1558 1853 1803 1921 expende
1833 1870 1848 1906 :
1876 1860 1936 1905 ut
1961 1852 2105 1905 scili-

534 1955 620 1999 cet
650 1945 856 1999 occisus
897 1944 988 1998 ille
1028 1943 1094 1997 ad
1135 1943 1238 1997 hoc
1279 1956 1446 2011 usque
1487 1952 1695 2011 tempus
1724 1941 2038 2010 prmdicetur
2056 1950 2111 1996 et

533 2045 844 2100 coronetur,
874 2048 974 2087 nec
995 2040 1197 2086 tantum
1222 2040 1429 2101 tempus
1452 2032 1567 2099 ejus
1595 2033 1903 2093 memoriam
1932 2031 2110 2086 immi-

537 2132 697 2187 nuat;
737 2131 792 2176 at
828 2121 915 2191 qui
944 2121 1137 2176 occidit
1184 2130 1239 2175 et
1269 2121 1567 2189 prmvaluit,
1602 2121 1762 2173 etiam
1785 2130 1911 2174 tunc
1948 2120 2109 2174 vitam

536 2225 708 2268 morte
757 2214 1055 2282 graviorem
1104 2212 1446 2275 sustinuerit,
1489 2219 1646 2281 atque
1673 2225 1740 2265 ex
1774 2227 1842 2265 eo
1873 2222 2111 2280 tempore

537 2319 703 2372 usque
730 2304 780 2356 in
812 2302 1125 2357 hodiernum
1167 2300 1472 2361 infametur.
1506 2311 1560 2355 et
1583 2300 1832 2355 omnibus
1857 2315 2108 2355 exsecra-

538 2393 667 2447 tioni
710 2393 983 2455 habeatur,
1014 2407 1132 2447 cum
1176 2392 1265 2446 ille
1303 2390 1539 2460 quotidie
1570 2392 1808 2444 omnium
1834 2404 1928 2444 ore
1965 2389 2109 2444 cele-

540 2486 740 2540 bretur.
770 2484 835 2538 Et
875 2482 991 2538 hmo
1014 2483 1226 2552 quidem
1255 2482 1306 2536 in
1335 2483 1585 2550 praesenti
1613 2484 1717 2535 vita
1745 2499 1758 2533 :
1781 2496 1899 2549 quae
1926 2491 2107 2535 autem

538 2574 593 2625 in
628 2571 804 2625 futuro
829 2572 1025 2626 steculo
1055 2572 1382 2641 contingent,
1414 2572 1531 2639 quis
1562 2584 1758 2634 scrtuo,
1799 2585 1917 2639 quae
1954 2583 2108 2626 mens

536 2678 789 2716 etiarrare
819 2663 1037 2730 posset?
1060 2663 1135 2717 Ac
1161 2660 1505 2730 scio’quidem
1543 2676 1657 2724 vos,
1690 2670 1870 2729 utpote
1899 2661 2110 2714 intelle-

534 2760 623 2804 ctu
656 2751 924 2820 prmditos,
968 2751 1132 2805 milita
1160 2751 1283 2804 talia
1313 2752 1365 2804 in
1399 2749 1688 2819 Seriptnris
1727 2759 1977 2805 contenta
2022 2766 2112 2805 re-

536 2852 782 2910 perturos
825 2855 964 2895 esse.
1015 2840 1143 2894 Nam
1191 2840 1293 2895 illa:
1333 2840 1431 2895 hae
1460 2841 1526 2895 de
1572 2856 1731 2896 causa
1780 2843 1831 2895 in
1875 2852 2110 2896 nostram

536 2929 817 2999 utilitatem
865 2937 989 2982 sunt
1028 2929 1260 2999 scripta,
1304 2937 1362 2983 ut
1391 2930 1503 2984 haec
1536 2930 1822 2996 discentes,
1851 2931 2108 2985 malitiam

536 3020 797 3089 fugiamus
826 3020 1179 3088 virtutemque
1205 3021 1461 3074 colamus.
1484 3020 1576 3074 Vis
1600 3032 1653 3075 et
1682 3021 1731 3074 in
1753 3020 1900 3075 Novo
1928 3022 2113 3077 Testa-

543 3120 724 3163 mento
766 3108 993 3176 idipsum
1052 3108 1267 3163 videre?
1309 3109 1439 3163 Audi
1480 3109 1694 3166 beatum
1736 3111 1931 3167 Lucam
1974 3113 2112 3168 istud

540 3198 712 3267 ipsum
755 3196 823 3251 de
848 3197 1103 3264 apostolis
1128 3208 1451 3261 narrantem,
1483 3200 1572 3268 qui
1601 3199 1849 3269 ﬂagellati
1876 3218 1907 3257 a
1935 3203 2117 3258 conci-

540 3286 612 3339 lio
654 3287 1016 3340 discesserunt
1060 3286 1373 3355 gaudentes,
1411 3303 1477 3341 eo
1518 3290 1656 3357 quod
1700 3290 1844 3361 digni
1886 3291 2117 3349 luissem

540 3374 703 3428 habiti
746 3372 834 3444 q'ni
877 3390 973 3444 pro
1017 3376 1231 3430 nomine
1271 3374 1469 3430 Christi
1524 3378 1723 3432 ferrent
1773 3381 2113 3449 ignominiam

539 3465 675 3534 (Act.
699 3464 753 3520 5.
786 3464 897 3532 4i).
920 3464 1153 3519 Tametsi
1185 3464 1389 3535 ﬂagella
1418 3482 1522 3521 non
1544 3469 1719 3535 gaudii
1746 3470 1850 3524 sint
1874 3474 2115 3528 occasio-

540 3570 657 3620 nes,
697 3555 791 3609 sed
840 3554 1065 3609 tristitia:
1107 3563 1163 3608 et
1200 3556 1444 3610 maeroris
1476 3575 1489 3609 :
1522 3557 1866 3613 nihilominus
1910 3561 2112 3632 ﬂagella

542 3654 759 3714 propter
789 3643 976 3707 Deum,
1006 3653 1060 3697 et
1078 3658 1234 3698 causa
1268 3657 1654 3717 propterquam
1686 3648 2111 3720 ﬂagellabanlur,

542 3734 789 3803 gaudium
813 3733 893 3789 eis
921 3734 1213 3803 pariebant.
1257 3737 1322 3787 At
1354 3736 1387 3789 ii
1416 3739 1505 3807 qui
1535 3738 1882 3807 llagellarant,
1912 3744 1962 3797 in
1996 3760 2111 3800 ma-

540 3841 642 3895 gna
683 3824 845 3879 animi
873 3826 1306 3880 consternatione
1344 3838 1398 3881 et
1444 3828 1774 3886 haesitatione
1804 3836 2116 3891 nesciebant

540 3918 669 3986 quid
707 3917 960 3971 facerent.
992 3916 1127 3969 Audi
1153 3918 1293 3969 enim
1322 3918 1460 3983 illos,
1491 3922 1760 3987 quomodo
1790 3934 1909 3992 post
1936 3923 2116 3994 ﬂagel-

544 4008 795 4060 lationem
836 4006 1013 4058 animo
1044 4006 1318 4091 lluctuent,
1359 4016 1414 4060 et
1452 4008 1673 4063 dicant:
1708 4011 1844 4077 Quid
1876 4014 2117 4084 faciemus

544 4096 827 4149 hominibus
856 4094 962 4147 istis
987 4092 1119 4163 (Δεῖ.
1156 4096 1203 4148 ι.
1241 4095 1367 4161 l6)?
1390 4097 1525 4162 Quid
1559 4098 1735 4153 dicis?
1767 4101 2113 4172 FL'80HRSUS,

545 4185 837 4238 innumeris
884 4184 1034 4235 malis
1081 4199 1173 4237 eos
1202 4184 1475 4251 all'ecistis,
1509 4198 1563 4241 et
1605 4189 1778 4245 adhuc
1822 4193 2116 4248 dubitatis?

542 4274 673 4329 Tam
713 4274 862 4327 l'ortis
900 4273 1198 4341 invictaque
1232 4290 1315 4329 res
1342 4285 1424 4329 est
1449 4280 1631 4343 virtus,
1660 4292 1712 4335 ct
1740 4283 1863 4337 dunt
1895 4286 2113 4355 patitur,

544 4369 797 4421 laedentes
822 4368 1005 4421 vincit.

618 4459 673 4512 ὅ.
713 4457 818 4511 Sed
860 4472 927 4511 ne
958 4457 1210 4527 prolixior
1245 4458 1316 4511 sit
1338 4475 1535 4525 sermo,
1566 4465 1924 4518 necessarium
1957 4466 2117 4523 fuerit

547 4558 606 4603 ut
624 4548 816 4601 iterum
846 4547 913 4601 ad
939 4547 1139 4616 jusmm
1170 4559 1406 4602 nostrum
1437 4552 1738 4621 redeamus,
1765 4566 1817 4609 et
1852 4571 1972 4611 cum
2000 4570 2119 4614 stu-

544 4653 673 4709 pore
697 4638 1020 4692 admiremur
1045 4639 1183 4691 illius
1212 4637 1419 4692 virtutis
1450 4644 1828 4709 prtestantiam,
1851 4654 2119 4715 quomodo

546 4744 741 4797 nempe
768 4728 1019 4796 populum
1061 4728 1345 4796 ridentem,
1375 4729 1755 4800 ludiﬁcantem,
1786 4738 2119 4794 subsannan—

546 4830 674 4885 tcm,
707 4817 1070 4873 traducentem
1105 4818 1317 4888 (iterum
1342 4821 1482 4875 enim
1501 4823 1685 4877 eadem
1710 4824 1832 4879 dico
1857 4839 1912 4881 et
1936 4828 2119 4884 dicere

543 4922 651 4963 non
692 4905 936 4974 cessabo)
984 4906 1259 4974 despicere
1298 4914 1353 4961 et
1383 4924 1635 4978 superare
1677 4917 1927 4981 potuerit.
1974 4918 2120 4983 Quo-

550 4997 748 5051 modo?
790 4994 903 5065 Ego
933 4994 1127 5050 dicam.
1160 4996 1291 5061 Quia
1317 5001 1566 5053 continuo
1604 5001 1669 5055 ad
1698 5007 1908 5060 oculum
1946 5008 2115 5073 illum,

544 5087 635 5158 qui
663 5086 769 5141 {alii
798 5086 1065 5155 sopirique
1094 5086 1294 5155 nequit,
1314 5099 1490 5142 mente
1515 5094 1768 5160 reSpexit,
1794 5106 1973 5163 postea
2002 5099 2120 5155 hmo

546 5177 720 5231 omnia
748 5176 898 5246 quasi
924 5190 1028 5229 non
1050 5184 1231 5230 essent
1257 5178 1478 5231 curavit.
1509 5179 1571 5233 Et
1593 5185 1828 5249 pruft‘cw
1844 5185 1921 5239 sic
1948 5201 2006 5242 se
2033 5204 2121 5243 res

551 5268 728 5332 habet,
754 5276 811 5320 ut
832 5280 953 5320 eum
974 5267 1093 5335 quis
1119 5265 1219 5320 hoc
1236 5282 1417 5322 amore
1441 5272 1652 5327 saueius
1671 5283 1771 5340 est,
1798 5286 1851 5330 et
1879 5276 1928 5330 in
1955 5277 2121 5333 Deum

547 5358 816 5414 desiderio
836 5372 936 5413 suo
963 5358 1147 5423 tendit,
1180 5359 1310 5413 nihil
1338 5360 1619 5418 visibilium
1644 5364 1850 5430 videat;
1878 5369 1968 5423 sed
2002 5384 2117 5438 per-

551 5459 707 5517 petuo
734 5464 854 5502 eum
895 5464 1053 5516 quem
1084 5444 1352 5504 desiderat
1379 5452 1711 5529 imaginctur,
1741 5468 1895 5511 nocte
1920 5459 2119 5515 scilicet

546 5548 709 5607 atque
745 5538 852 5604 die,
885 5540 1083 5595 cubans
1112 5550 1167 5595 et
1208 5556 1451 5611 surgens.
1492 5544 1567 5599 Ne
1595 5544 1753 5616 igitur
1792 5550 1981 5604 mirum
2026 5550 2120 5606 tibi

545 5629 636 5689 sit,
685 5628 732 5682 si
766 5637 819 5682 et
842 5629 1016 5697 justus
1042 5631 1127 5685 ille
1165 5631 1332 5685 semel
1363 5648 1428 5686 eo
1458 5634 1628 5689 solum
1665 5638 1971 5706 I'CSpiCiCﬂS,
2013 5656 2121 5697 non

546 5718 760 5773 curavit
802 5727 898 5767 00$
918 5712 1009 5783 qui
1038 5716 1382 5785 Sllmllﬂlltate
1414 5725 1582 5795 ipsum
1610 5731 1957 5785 conabantur.
1985 5732 2114 5791 Nam

2207 494 2449 551 exhibito
2478 496 2660 552 stadio
2682 509 2804 562 suo,
2834 502 2891 550 et
2924 492 3164 550 divinant
3206 489 3432 563 gratiam
3472 498 3681 558 nactus,
3709 490 3800 547 bis

2206 583 2458 640 munibus
2478 584 2725 654 superior
2750 592 2885 639 erat.
2919 580 3032 637 Noe
3051 582 3217 647 enim,
3246 580 3437 652 inquit,
3460 580 3649 635 invasit
3673 596 3798 652 gn—

2209 673 2331 729 tiani
2354 690 2525 729 coram
2553 674 2770 730 Domino
2795 673 2927 729 Deo.
2959 673 3193 728 Tametsi
3212 671 3360 727 omni
3390 672 3669 728 hominum
3695 686 3796 741 ge.

2209 764 2346 831 neri,
2371 766 2515 836 quod
2545 774 2670 820 tunc
2707 764 2846 829 erat,
2890 778 2997 818 non
3024 770 3171 818 esset
3204 772 3414 833 gratus,
3439 777 3617 832 neque
3642 777 3798 817 ama-

2211 852 2354 919 bilis,
2385 869 2453 910 eo
2483 853 2623 924 quod
2650 853 2868 909 nolebat
2902 852 3146 908 eamdem
3174 852 3423 908 incedere
3450 853 3613 920 viam,
3632 866 3799 923 quam

2212 941 2284 997 illi
2315 960 2330 996 :
2358 942 2497 1014 apud
2536 958 2658 999 eum
2703 952 2880 998 tamen
2934 944 3025 1013 qui
3068 941 3231 997 corda
3280 949 3549 997 seruantur
3593 942 3803 997 invenit

2210 1035 2461 1106 gratiam,
2493 1037 2583 1106 qui
2627 1046 2681 1090 et
2720 1035 2864 1091 illius
2906 1045 3141 1090 mentem
3187 1034 3521 1105 approbavit.
3574 1035 3641 1089 Et
3667 1033 3800 1103 quid

2209 1125 2413 1189 damni,
2440 1126 2549 1193 dic,
2586 1125 2879 1193 oriebatur,
2902 1126 3045 1195 quod
3089 1141 3119 1180 a
3145 1124 3537 1195 eongeneribus
3564 1124 3794 1179 subsano

2210 1226 2429 1270 naretur
2453 1225 2508 1270 et
2551 1216 2907 1279 irridereturk;
3175 1218 3265 1286 qui
3306 1216 3463 1270 tinxit
3491 1225 3656 1270 coma
3700 1228 3801 1268 no-

2210 1312 2345 1371 stra,
2396 1314 2455 1360 et
2501 1305 2751 1376 intelligit
2795 1305 2973 1360 omnia
3019 1319 3181 1373 opera
3227 1314 3435 1369 nostra,
3480 1303 3805 1373 praedicaret

2213 1397 2360 1451 illum
2395 1405 2450 1452 ct
2477 1399 2800 1452 coronaret?
2826 1407 2880 1453 et
2905 1412 3024 1468 quae
3050 1397 3251 1452 utilitas
3280 1396 3506 1462 homini,
3538 1396 3583 1450 si
3623 1396 3798 1463 ipsum

2214 1493 2355 1540 totus
2396 1485 2548 1541 orbis
2600 1485 2897 1540 admiretur
2944 1493 3001 1541 et
3042 1485 3254 1550 laudet;
3303 1482 3565 1539 Conditor
3615 1493 3798 1539 autem

2211 1578 2474 1643 omnium,
2508 1587 2561 1631 et
2587 1576 2757 1632 iudex
2803 1577 2892 1646 qui
2918 1576 3089 1645 decipi
3119 1575 3330 1645 nequit,
3356 1576 3409 1629 in
3439 1573 3529 1630 die
3556 1574 3653 1629 illo
3685 1584 3801 1629 ter-

2214 1666 2350 1721 ribili
2394 1667 2849 1721 condemnaturus
2894 1664 3002 1720 sit?
3037 1666 3238 1737 Itaque,
3269 1665 3467 1729 dilecti,
3516 1679 3640 1719 cum
3683 1663 3805 1718 haue

2213 1757 2367 1812 nobis
2408 1766 2684 1826 comperta
2726 1757 2857 1823 sint,
2883 1757 3084 1811 nullius
3114 1756 3267 1825 pensi
3294 1754 3590 1810 habeamus
3619 1755 3800 1809 homi-

2216 1863 2339 1903 num
2385 1848 2620 1915 laudem,
2655 1862 2830 1918 neque
2858 1848 2926 1901 ab
2970 1849 3074 1903 illis
3100 1848 3363 1903 celebrari
3398 1848 3590 1918 quovis
3636 1847 3805 1901 modo

2213 1953 2553 2007 quaeramus:
2582 1938 2677 1992 sed
2723 1949 2942 2010 propter
2981 1938 3129 1994 illum
3177 1939 3350 1993 solum
3392 1939 3483 2009 qui
3529 1946 3805 1993 scrutata

2214 2029 2373 2100 corda
2425 2038 2479 2082 et
2517 2044 2698 2097 renes,
2738 2030 2952 2084 virtutis
2980 2042 3142 2099 opera
3181 2029 3457 2094 faciamus,
3496 2038 3555 2085 et
3580 2038 3819 2098 peceata.

2215 2116 2496 2188 fugiamus.

2283 2206 2515 2261 Laudari
2556 2200 2874 2264 Christianas
2917 2210 2980 2262 ab
3004 2208 3236 2263 omnibus
3285 2209 3471 2277 nequit.
3498 2238 3571 2249 -—
3600 2205 3811 2275 Quanto

2212 2300 2396 2355 obrem
2430 2298 2674 2355 Christus
2698 2301 2949 2355 erudiens
2987 2315 3087 2355 nos
3109 2309 3167 2355 ut
3196 2315 3262 2355 ne
3310 2300 3589 2369 captandis
3619 2298 3806 2354 homi-

2215 2408 2342 2447 num
2385 2392 2631 2447 laudibus
2662 2392 2950 2458 inhiemus,
2996 2402 3119 2463 post
3161 2394 3326 2446 multa
3356 2392 3456 2445 alia
3501 2392 3715 2447 tandem
3748 2399 3806 2447 et

2217 2483 2317 2538 hoc
2356 2483 2553 2546 intulit,
2600 2483 2781 2537 dicens
2816 2501 2830 2535 :
2865 2482 2953 2535 Va:
2999 2485 3154 2548 robis,
3204 2485 3406 2549 quando
3456 2482 3807 2535 benedixm'ut

2214 2573 2347 2627 uobis
2373 2590 2542 2627 omnes
2573 2574 2795 2627 homines
2818 2573 2963 2644 (Luc.
2989 2573 3041 2628 6.
3069 2574 3184 2643 26).
3214 2572 3501 2628 Considera
3533 2572 3810 2641 quomodo

2216 2680 2310 2733 per
2346 2662 2434 2717 Vw
2455 2664 2610 2717 nobis
2635 2664 2871 2718 declarat
2901 2664 3193 2732 quotuplex
3223 2664 3343 2718 illos
3372 2678 3531 2732 poena
3563 2671 3805 2717 maneat.

2222 2752 2311 2808 Va:
2334 2755 2478 2808 enim
2508 2754 2729 2809 lamenti
2772 2755 3015 2808 nuntium
3064 2756 3284 2809 verbum
3328 2764 3450 2812 est:
3481 2755 3620 2811 unde
3648 2755 3808 2824 quasi

2217 2846 2442 2901 miseros
2486 2861 2580 2901 eos
2620 2861 2820 2901 vocans
2841 2888 2853 2909 ,
2896 2847 3025 2901 dicit
3055 2863 3072 2900 :
3104 2845 3194 2901 Va:
3234 2847 3391 2911 vobis,
3422 2847 3623 2916 qumido
3653 2846 3809 2901 bene-

2216 2940 2433 2993 dixerint
2458 2940 2595 2992 vobis
2624 2955 2795 2993 omnes
2831 2939 3077 2992 homines.
3106 2939 3171 2992 Et
3204 2938 3324 2993 vide
3348 2953 3506 3007 quam
3537 2949 3694 2993 caute
3717 2938 3808 2992 di-

2215 3038 2379 3099 ctum,
2407 3027 2523 3083 Non
2552 3028 2862 3098 simpliciter
2884 3028 3036 3093 dixit,
3056 3028 3323 3093 homines,
3341 3028 3458 3093 sed,
3489 3025 3673 3082 Ouum
3700 3028 3805 3080 Ito-

2217 3121 2394 3174 mines.
2425 3119 2758 3189 lmpossibile
2798 3121 2940 3174 enim
2974 3130 3076 3185 est,
3122 3129 3182 3173 ut
3221 3119 3305 3173 vir
3342 3119 3541 3188 probus
3574 3120 3665 3186 qui
3706 3133 3813 3187 per

2217 3217 2495 3280 angustam
2523 3216 2579 3262 et
2600 3217 2799 3263 arctam
2830 3206 3043 3262 virtutis
3086 3208 3228 3261 viam
3263 3208 3518 3271 ambulat,
3549 3216 3604 3262 et
3644 3222 3814 3261 man-

2218 3301 2341 3355 data
2369 3299 2611 3369 sequitur
2637 3298 2854 3361 Christi,
2886 3299 2953 3354 ab
2975 3297 3225 3353 omnibus
3252 3296 3517 3364 laudetur,
3547 3306 3603 3351 et
3626 3296 3809 3351 admi-

2218 3391 2408 3445 rationi
2437 3390 2713 3445 habeatur.
2742 3391 2835 3445 Est
2861 3391 3004 3445 enim
3033 3399 3089 3444 et
3115 3390 3202 3443 illa
3225 3391 3413 3459 ingens
3437 3389 3660 3456 malitia,
3688 3390 3810 3444 vir-

2219 3482 2316 3535 tuti
2343 3480 2634 3535 adversari.
2658 3481 2886 3537 Proinde
2909 3482 3162 3536 Dominus
3182 3485 3359 3536 sciens
3381 3497 3485 3535 non
3508 3496 3667 3550 posse
3685 3483 3808 3537 lieri

2218 3580 2276 3625 ut
2302 3570 2347 3625 is
2373 3570 2463 3641 qui
2478 3571 2722 3625 virtutem
2751 3572 3031 3640 diligenter
3046 3580 3283 3636 exercet,
3305 3570 3441 3627 etab
3461 3571 3577 3639 ipso
3598 3578 3808 3627 tantum

2218 3662 2427 3716 laudem
2446 3671 2503 3716 ut
2520 3663 2742 3732 accipiat
2762 3663 3118 3731 prtestolatur,
3141 3662 3207 3716 ab
3230 3662 3477 3717 omnibus
3499 3662 3811 3719 hominibus

2220 3751 2481 3818 laudetur,
2512 3761 2567 3806 et
2594 3754 2731 3807 bene
2758 3752 2957 3816 audiat,
2999 3751 3119 3805 ideo
3156 3752 3380 3806 miseros
3408 3762 3565 3805 vocat
3593 3766 3689 3808 eos
3711 3754 3807 3823 qui

2220 3853 2435 3913 propter
2479 3842 2764 3896 humanam
2814 3843 3022 3897 laudem
3051 3842 3301 3897 virtutem
3345 3845 3636 3914 negligunt.
3669 3844 3805 3903 Nam

2219 3933 2475 3989 celebrari
2506 3933 2575 3987 ab
2601 3934 2865 3996 omnibus,
2898 3934 3184 3988 maximum
3230 3933 3388 3990 fuerit
3427 3945 3803 4005 argumentum

2219 4040 2323 4077 non
2344 4038 2585 4093 magnam
2610 4023 2789 4078 haberi
2814 4024 3020 4078 virtutis
3044 4026 3326 4080 rationem.
3350 4026 3630 4094 Quomodo
3657 4028 3804 4082 enim

2218 4115 2286 4169 ab
2312 4115 2560 4169 omnibus
2586 4113 2798 4184 probari
2831 4115 3026 4185 poterit
3050 4116 3130 4169 vir
3154 4116 3348 4182 bonus,
3377 4115 3422 4171 si
3463 4116 3573 4170 vult
3609 4116 3800 4186 injuria

2217 4204 2437 4257 allectos
2465 4204 2673 4271 eripere
2693 4204 2760 4257 ah
2786 4204 2850 4257 iis
2873 4206 2959 4271 qui
2988 4197 3178 4273 injuria
3204 4204 3460 4272 afﬁciunt,
3486 4216 3540 4261 et
3570 4221 3668 4262 eos
3707 4210 3799 4277 qui

2221 4302 2499 4356 vexantur,
2531 4291 2687 4346 abiis
2712 4293 2802 4363 qui
2832 4293 2967 4347 male
3003 4291 3240 4348 faciunt?
3280 4296 3348 4350 Et
3386 4296 3577 4351 iterum
3617 4298 3664 4352 si
3692 4300 3806 4354 vult

2220 4385 2489 4452 corrigere
2515 4391 2815 4452 peccantes,
2841 4393 2896 4439 ct
2922 4384 3139 4442 laudare
3164 4386 3300 4443 bene
3335 4399 3575 4460 agentes,
3623 4406 3805 4448 nonne

2220 4473 2508 4528 verisimile
2540 4482 2641 4539 est,
2669 4488 2790 4527 eum
2831 4473 2900 4527 ab
2927 4474 3045 4529 aliis
3080 4476 3433 4547 laudandum,
3467 4477 3540 4535 ab
3578 4481 3699 4537 aliis
3727 4482 3809 4537 vi—

2218 4566 2579 4636 tuperandum
2604 4566 2750 4620 esse?
2768 4565 3053 4633 Propterea
3077 4574 3269 4633 inquit:
3292 4566 3377 4618 Vw
3398 4567 3562 4631 vobis,
3583 4563 3800 4635 quando

2214 4660 2357 4713 vobis
2380 4654 2732 4708 benedixerint
2745 4669 2924 4706 omnes
2938 4654 3192 4705 homines.
3208 4652 3496 4716 Quomodo
3508 4653 3673 4722 igitur
3685 4671 3798 4710 non

2216 4750 2319 4804 erit
2349 4747 2707 4800 admiratione
2740 4756 2795 4801 et
2825 4746 2985 4799 laude
3011 4744 3210 4815 dignus
3239 4744 3420 4813 justus
3445 4745 3569 4808 iste,
3613 4746 3707 4813 qui
3732 4762 3797 4800 ea

2218 4854 2339 4908 qua:
2357 4838 2609 4893 Christus
2634 4837 2933 4891 adveniens
2956 4834 3162 4898 docuit,
3192 4836 3346 4902 prius
3371 4834 3484 4903 ipse
3509 4850 3539 4888 a
3560 4834 3680 4905 lege
3700 4850 3800 4887 na-

2221 4937 2356 4983 tura:
2372 4928 2619 4991 edoctus,
2641 4926 2981 4981 deditissima
3004 4940 3165 4994 opera
3190 4925 3529 4994 adimplevit,
3553 4926 3801 4980 laudem-

2219 5033 2325 5087 que
2348 5017 2643 5071 bumanam
2665 5016 3323 5085 contemnendo,gratiam
3348 5015 3492 5086 apud
3506 5014 3679 5071 Deum
3705 5030 3802 5086 per

2220 5109 2475 5164 virtutem
2506 5107 2749 5162 invenire
2781 5106 3025 5161 studuit?
3052 5105 3167 5161 Noe
3187 5106 3356 5173 enim,
3382 5108 3581 5177 inquit,
3604 5108 3802 5163 inuenit

2221 5203 2450 5272 gratiam
2469 5216 2650 5255 coram
2677 5199 2899 5253 Domino
2922 5198 3049 5253 Deo.
3080 5198 3346 5255 Caeterum
3370 5200 3549 5269 ipsum
3580 5209 3807 5270 propter

2222 5295 2451 5349 virtutes
2479 5307 2619 5363 quas
2657 5291 2890 5346 habebat
2927 5290 3200 5346 invenisse
3223 5291 3455 5360 gratiam
3485 5304 3678 5347 coram
3699 5292 3807 5347 Do-

2224 5387 2373 5439 mino
2414 5384 2547 5451 Deo,
2579 5383 2821 5459 narravit
2855 5381 3013 5436 nobis
3042 5381 3385 5436 admirabilis
3416 5381 3508 5436 ille
3534 5382 3805 5450 propheta

2224 5477 2428 5545 Spiritu
2458 5485 2647 5529 sancto
2672 5473 2887 5527 alllatus
2922 5488 2934 5525 :
2968 5487 3145 5542 operae
3175 5474 3409 5542 pretium
3446 5471 3632 5542 itaque
3667 5481 3729 5525 ut
3750 5481 3807 5527 et

2224 5568 2503 5638 Sequentia
2534 5568 2831 5629 discamus,
2857 5564 3217 5647 etyideamus
3239 5562 3371 5633 quid
3397 5563 3464 5617 de
3488 5562 3582 5615 illo
3604 5562 3808 5615 sentiat

2228 5660 2390 5715 Deus.
2423 5660 2479 5715 9.
2521 5658 2620 5712 Hie
2641 5667 2837 5722 autem,
2865 5657 3061 5727 inquit,
3092 5669 3212 5711 sunt
3236 5655 3599 5726 generationes
3635 5652 3755 5708 Noe
3789 5669 3807 5707 :

2230 5752 2343 5807 Noe
2370 5754 2521 5806 Ιιυηιο
2550 5752 2739 5809 iustus.
2770 5748 3033 5818 perfectus
3072 5750 3124 5804 in
3164 5752 3496 5821 getteratione
3523 5761 3620 5800 sua
3645 5761 3667 5807 ;
3704 5743 3806 5797 {iw

4052 462 4054 567 i

4051 1038 4054 1191 ἓ

4052 1198 4054 1263 ι
