  <div class='ocr_page' id='page_1' title='image "/cluster/home/n/w/nwhite01/storage/ocr_20150623/53/pst.000005712526/202.png"; bbox 0 0 4054 6312; ppageno 0'>
   <div class='ocr_carea' id='block_1_1' title="bbox 334 271 438 326">
    <p class='ocr_par' dir='ltr' id='par_1_1' title="bbox 334 271 438 326">
     <span class='ocr_line' id='line_1_1' title="bbox 334 271 438 326; baseline 0 0"><span class='ocrx_word' id='word_1_1' title='bbox 334 271 438 326; x_wconf 66' lang='grc' dir='ltr'><strong>ιωι</strong></span> 
     </span>
    </p>
   </div>
   <div class='ocr_carea' id='block_1_2' title="bbox 335 367 1937 448">
    <p class='ocr_par' dir='ltr' id='par_1_2' title="bbox 335 367 1937 448">
     <span class='ocr_line' id='line_1_2' title="bbox 335 367 1937 448; baseline -0.011 -11"><span class='ocrx_word' id='word_1_2' title='bbox 335 384 531 448; x_wconf 79' lang='lat' dir='ltr'><strong>placuit</strong></span> <span class='ocrx_word' id='word_1_3' title='bbox 561 380 695 436; x_wconf 78' lang='lat' dir='ltr'><strong>Noe.</strong></span> <span class='ocrx_word' id='word_1_4' title='bbox 728 381 901 434; x_wconf 79' lang='lat' dir='ltr'><strong>Rarus</strong></span> <span class='ocrx_word' id='word_1_5' title='bbox 925 388 978 432; x_wconf 84' lang='lat' dir='ltr'><strong>et</strong></span> <span class='ocrx_word' id='word_1_6' title='bbox 1006 388 1178 430; x_wconf 90' lang='lat' dir='ltr'><strong>novus</strong></span> <span class='ocrx_word' id='word_1_7' title='bbox 1206 371 1532 444; x_wconf 74' lang='lat' dir='ltr'><strong>genealogim</strong></span> <span class='ocrx_word' id='word_1_8' title='bbox 1560 367 1772 424; x_wconf 84' lang='lat' dir='ltr'><strong>modus.</strong></span> <span class='ocrx_word' id='word_1_9' title='bbox 1805 367 1937 423; x_wconf 78' lang='lat' dir='ltr'><strong>Nam</strong></span> 
     </span>
    </p>
   </div>
   <div class='ocr_carea' id='block_1_3' title="bbox 334 459 1939 544">
    <p class='ocr_par' dir='ltr' id='par_1_3' title="bbox 334 459 1939 544">
     <span class='ocr_line' id='line_1_3' title="bbox 334 459 1939 544; baseline -0.009 -16"><span class='ocrx_word' id='word_1_10' title='bbox 334 485 398 528; x_wconf 89' lang='lat' dir='ltr'><strong>ut</strong></span> <span class='ocrx_word' id='word_1_11' title='bbox 429 472 611 529; x_wconf 85' lang='lat' dir='ltr'><strong>divina</strong></span> <span class='ocrx_word' id='word_1_12' title='bbox 637 474 911 544; x_wconf 73' lang='lat' dir='ltr'><strong>Scriptura</strong></span> <span class='ocrx_word' id='word_1_13' title='bbox 936 470 1088 530; x_wconf 79' lang='lat' dir='ltr'><strong>dixit,</strong></span> <span class='ocrx_word' id='word_1_14' title='bbox 1123 465 1221 521; x_wconf 71' lang='lat' dir='ltr'><strong>[lae</strong></span> <span class='ocrx_word' id='word_1_15' title='bbox 1246 475 1365 520; x_wconf 84' lang='lat' dir='ltr'><strong>sunt</strong></span> <span class='ocrx_word' id='word_1_16' title='bbox 1402 464 1749 534; x_wconf 86' lang='lat' dir='ltr'><strong>generationes</strong></span> <span class='ocrx_word' id='word_1_17' title='bbox 1778 459 1895 514; x_wconf 85' lang='lat' dir='ltr'><strong>Noe</strong></span> <span class='ocrx_word' id='word_1_18' title='bbox 1921 475 1939 513; x_wconf 88' lang='lat'><strong><em>:</em></strong></span> 
     </span>
    </p>
   </div>
   <div class='ocr_carea' id='block_1_4' title="bbox 330 551 1938 625">
    <p class='ocr_par' dir='ltr' id='par_1_4' title="bbox 330 551 1938 625">
     <span class='ocr_line' id='line_1_4' title="bbox 330 551 1938 625; baseline -0.009 -6"><span class='ocrx_word' id='word_1_19' title='bbox 330 575 393 620; x_wconf 90' lang='lat' dir='ltr'><strong>et</strong></span> <span class='ocrx_word' id='word_1_20' title='bbox 422 580 582 620; x_wconf 88' lang='lat' dir='ltr'><strong>aures</strong></span> <span class='ocrx_word' id='word_1_21' title='bbox 625 574 840 620; x_wconf 83' lang='lat' dir='ltr'><strong>nostras</strong></span> <span class='ocrx_word' id='word_1_22' title='bbox 882 558 1154 623; x_wconf 76' lang='lat' dir='ltr'><strong>excitavit,</strong></span> <span class='ocrx_word' id='word_1_23' title='bbox 1205 557 1354 625; x_wconf 86' lang='lat' dir='ltr'><strong>quasi</strong></span> <span class='ocrx_word' id='word_1_24' title='bbox 1397 552 1764 624; x_wconf 81' lang='lat' dir='ltr'><strong>genealogiam</strong></span> <span class='ocrx_word' id='word_1_25' title='bbox 1795 551 1938 605; x_wconf 90' lang='lat' dir='ltr'><strong>illius</strong></span> 
     </span>
    </p>
   </div>
   <div class='ocr_carea' id='block_1_5' title="bbox 331 643 1937 722">
    <p class='ocr_par' dir='ltr' id='par_1_5' title="bbox 331 643 1937 722">
     <span class='ocr_line' id='line_1_5' title="bbox 331 643 1937 722; baseline -0.009 -13"><span class='ocrx_word' id='word_1_26' title='bbox 331 666 639 720; x_wconf 83' lang='lat' dir='ltr'><strong>narratura,</strong></span> <span class='ocrx_word' id='word_1_27' title='bbox 672 663 728 707; x_wconf 90' lang='lat' dir='ltr'><strong>et</strong></span> <span class='ocrx_word' id='word_1_28' title='bbox 753 654 874 722; x_wconf 89' lang='lat' dir='ltr'><strong>quis</strong></span> <span class='ocrx_word' id='word_1_29' title='bbox 911 651 1029 719; x_wconf 85' lang='lat' dir='ltr'><strong>ejus</strong></span> <span class='ocrx_word' id='word_1_30' title='bbox 1067 660 1219 718; x_wconf 90' lang='lat' dir='ltr'><strong>pater</strong></span> <span class='ocrx_word' id='word_1_31' title='bbox 1264 646 1444 706; x_wconf 86' lang='lat' dir='ltr'><strong>fuerit,</strong></span> <span class='ocrx_word' id='word_1_32' title='bbox 1485 653 1540 698; x_wconf 90' lang='lat' dir='ltr'><strong>et</strong></span> <span class='ocrx_word' id='word_1_33' title='bbox 1582 643 1727 696; x_wconf 87' lang='lat' dir='ltr'><strong>unde</strong></span> <span class='ocrx_word' id='word_1_34' title='bbox 1769 655 1937 710; x_wconf 85' lang='lat' dir='ltr'><strong>genus</strong></span> 
     </span>
    </p>
   </div>
   <div class='ocr_carea' id='block_1_6' title="bbox 329 733 1936 815">
    <p class='ocr_par' dir='ltr' id='par_1_6' title="bbox 329 733 1936 815">
     <span class='ocr_line' id='line_1_6' title="bbox 329 733 1936 815; baseline -0.011 -12"><span class='ocrx_word' id='word_1_35' title='bbox 329 748 570 812; x_wconf 78' lang='lat' dir='ltr'><strong>duxerit,</strong></span> <span class='ocrx_word' id='word_1_36' title='bbox 601 756 654 802; x_wconf 90' lang='lat' dir='ltr'><strong>et</strong></span> <span class='ocrx_word' id='word_1_37' title='bbox 679 743 952 815; x_wconf 90' lang='lat' dir='ltr'><strong>quomodo</strong></span> <span class='ocrx_word' id='word_1_38' title='bbox 985 743 1036 795; x_wconf 93' lang='lat' dir='ltr'><strong>in</strong></span> <span class='ocrx_word' id='word_1_39' title='bbox 1071 743 1207 793; x_wconf 88' lang='lat' dir='ltr'><strong>hanc</strong></span> <span class='ocrx_word' id='word_1_40' title='bbox 1251 740 1412 791; x_wconf 88' lang='lat' dir='ltr'><strong>vitam</strong></span> <span class='ocrx_word' id='word_1_41' title='bbox 1459 737 1616 790; x_wconf 85' lang='lat' dir='ltr'><strong>fuerit</strong></span> <span class='ocrx_word' id='word_1_42' title='bbox 1645 733 1840 797; x_wconf 87' lang='lat' dir='ltr'><strong>editus,</strong></span> <span class='ocrx_word' id='word_1_43' title='bbox 1881 740 1936 786; x_wconf 89' lang='lat' dir='ltr'><strong>et</strong></span> 
     </span>
    </p>
   </div>
   <div class='ocr_carea' id='block_1_7' title="bbox 325 829 1930 907">
    <p class='ocr_par' dir='ltr' id='par_1_7' title="bbox 325 829 1930 907">
     <span class='ocr_line' id='line_1_7' title="bbox 325 829 1930 907; baseline -0.009 -14"><span class='ocrx_word' id='word_1_44' title='bbox 325 840 433 893; x_wconf 85' lang='lat' dir='ltr'><strong>alia</strong></span> <span class='ocrx_word' id='word_1_45' title='bbox 463 847 656 892; x_wconf 87' lang='lat' dir='ltr'><strong>cuncta</strong></span> <span class='ocrx_word' id='word_1_46' title='bbox 687 852 808 907; x_wconf 71' lang='lat' dir='ltr'><strong>qum</strong></span> <span class='ocrx_word' id='word_1_47' title='bbox 834 850 950 889; x_wconf 90' lang='lat' dir='ltr'><strong>mos</strong></span> <span class='ocrx_word' id='word_1_48' title='bbox 975 844 1057 888; x_wconf 84' lang='lat' dir='ltr'><strong>est</strong></span> <span class='ocrx_word' id='word_1_49' title='bbox 1091 832 1434 902; x_wconf 84' lang='lat' dir='ltr'><strong>genealogias</strong></span> <span class='ocrx_word' id='word_1_50' title='bbox 1461 829 1803 883; x_wconf 86' lang='lat' dir='ltr'><strong>narrantibus</strong></span> <span class='ocrx_word' id='word_1_51' title='bbox 1842 840 1930 880; x_wconf 88' lang='lat' dir='ltr'><strong>re-</strong></span> 
     </span>
    </p>
   </div>
   <div class='ocr_carea' id='block_1_8' title="bbox 327 919 1932 986">
    <p class='ocr_par' dir='ltr' id='par_1_8' title="bbox 327 919 1932 986">
     <span class='ocr_line' id='line_1_8' title="bbox 327 919 1932 986; baseline -0.009 -4"><span class='ocrx_word' id='word_1_52' title='bbox 327 943 557 983; x_wconf 73' lang='lat' dir='ltr'><strong>censere</strong></span> <span class='ocrx_word' id='word_1_53' title='bbox 584 945 599 983; x_wconf 80' lang='grc' dir='ltr'><strong><em>τ</em></strong></span> <span class='ocrx_word' id='word_1_54' title='bbox 625 928 825 982; x_wconf 75' lang='lat' dir='ltr'><strong>relictis</strong></span> <span class='ocrx_word' id='word_1_55' title='bbox 854 936 1028 978; x_wconf 88' lang='lat' dir='ltr'><strong>tamen</strong></span> <span class='ocrx_word' id='word_1_56' title='bbox 1053 924 1154 977; x_wconf 86' lang='lat' dir='ltr'><strong>illis</strong></span> <span class='ocrx_word' id='word_1_57' title='bbox 1175 922 1446 986; x_wconf 88' lang='lat' dir='ltr'><strong>omnibus,</strong></span> <span class='ocrx_word' id='word_1_58' title='bbox 1473 929 1528 975; x_wconf 93' lang='lat' dir='ltr'><strong>et</strong></span> <span class='ocrx_word' id='word_1_59' title='bbox 1547 919 1772 972; x_wconf 84' lang='lat' dir='ltr'><strong>aliorum</strong></span> <span class='ocrx_word' id='word_1_60' title='bbox 1798 931 1932 970; x_wconf 90' lang='lat' dir='ltr'><strong>cou-</strong></span> 
     </span>
    </p>
   </div>
   <div class='ocr_carea' id='block_1_9' title="bbox 324 1010 1932 1086">
    <p class='ocr_par' dir='ltr' id='par_1_9' title="bbox 324 1010 1932 1086">
     <span class='ocr_line' id='line_1_9' title="bbox 324 1010 1932 1086; baseline -0.009 -13"><span class='ocrx_word' id='word_1_61' title='bbox 324 1017 616 1072; x_wconf 87' lang='lat' dir='ltr'><strong>suetudine</strong></span> <span class='ocrx_word' id='word_1_62' title='bbox 660 1016 929 1086; x_wconf 84' lang='lat' dir='ltr'><strong>superior,</strong></span> <span class='ocrx_word' id='word_1_63' title='bbox 971 1013 1150 1083; x_wconf 90' lang='lat' dir='ltr'><strong>inquit</strong></span> <span class='ocrx_word' id='word_1_64' title='bbox 1179 1030 1192 1064; x_wconf 93' lang='lat'>:</span> <span class='ocrx_word' id='word_1_65' title='bbox 1228 1010 1347 1065; x_wconf 86' lang='lat' dir='ltr'><strong>Noe</strong></span> <span class='ocrx_word' id='word_1_66' title='bbox 1385 1011 1533 1062; x_wconf 82' lang='lat' dir='ltr'><strong>homo</strong></span> <span class='ocrx_word' id='word_1_67' title='bbox 1555 1010 1729 1078; x_wconf 83' lang='lat' dir='ltr'><strong>justus</strong></span> <span class='ocrx_word' id='word_1_68' title='bbox 1756 1023 1775 1059; x_wconf 92' lang='lat'><em>:</em></span> <span class='ocrx_word' id='word_1_69' title='bbox 1813 1022 1932 1075; x_wconf 83' lang='lat' dir='ltr'><strong>per-</strong></span> 
     </span>
    </p>
   </div>
   <div class='ocr_carea' id='block_1_10' title="bbox 323 1097 1927 1178">
    <p class='ocr_par' dir='ltr' id='par_1_10' title="bbox 323 1097 1927 1178">
     <span class='ocr_line' id='line_1_10' title="bbox 323 1097 1927 1178; baseline -0.007 -17"><span class='ocrx_word' id='word_1_70' title='bbox 323 1113 494 1177; x_wconf 82' lang='lat' dir='ltr'><strong>fectus</strong></span> <span class='ocrx_word' id='word_1_71' title='bbox 530 1110 586 1161; x_wconf 86' lang='lat' dir='ltr'><strong>in</strong></span> <span class='ocrx_word' id='word_1_72' title='bbox 628 1107 948 1178; x_wconf 76' lang='lat' dir='ltr'><strong>generatione</strong></span> <span class='ocrx_word' id='word_1_73' title='bbox 976 1121 1070 1158; x_wconf 82' lang='lat' dir='ltr'><strong>sua</strong></span> <span class='ocrx_word' id='word_1_74' title='bbox 1113 1119 1132 1156; x_wconf 91' lang='lat'><strong><em>:</em></strong></span> <span class='ocrx_word' id='word_1_75' title='bbox 1179 1103 1284 1156; x_wconf 86' lang='lat' dir='ltr'><strong>Deo</strong></span> <span class='ocrx_word' id='word_1_76' title='bbox 1326 1101 1516 1171; x_wconf 81' lang='lat' dir='ltr'><strong>placuit</strong></span> <span class='ocrx_word' id='word_1_77' title='bbox 1556 1098 1690 1153; x_wconf 86' lang='lat' dir='ltr'><strong>Noe.</strong></span> <span class='ocrx_word' id='word_1_78' title='bbox 1741 1097 1927 1152; x_wconf 82' lang='lat' dir='ltr'><strong>Vidisti</strong></span> 
     </span>
    </p>
   </div>
   <div class='ocr_carea' id='block_1_11' title="bbox 320 1187 1928 1266">
    <p class='ocr_par' dir='ltr' id='par_1_11' title="bbox 320 1187 1928 1266">
     <span class='ocr_line' id='line_1_11' title="bbox 320 1187 1928 1266; baseline -0.007 -13"><span class='ocrx_word' id='word_1_79' title='bbox 320 1198 701 1253; x_wconf 78' lang='lat' dir='ltr'><strong>adnurabilem</strong></span> <span class='ocrx_word' id='word_1_80' title='bbox 730 1194 1139 1266; x_wconf 77' lang='lat' dir='ltr'><strong>genealogiam?</strong></span> <span class='ocrx_word' id='word_1_81' title='bbox 1169 1193 1303 1256; x_wconf 83' lang='lat' dir='ltr'><strong>Noe,</strong></span> <span class='ocrx_word' id='word_1_82' title='bbox 1348 1192 1537 1260; x_wconf 85' lang='lat' dir='ltr'><strong>inquit,</strong></span> <span class='ocrx_word' id='word_1_83' title='bbox 1582 1191 1750 1242; x_wconf 80' lang='lat' dir='ltr'><strong>hante.</strong></span> <span class='ocrx_word' id='word_1_84' title='bbox 1799 1187 1928 1242; x_wconf 82' lang='lat' dir='ltr'><strong>Vide</strong></span> 
     </span>
    </p>
   </div>
   <div class='ocr_carea' id='block_1_12' title="bbox 317 1279 1926 1351">
    <p class='ocr_par' dir='ltr' id='par_1_12' title="bbox 317 1279 1926 1351">
     <span class='ocr_line' id='line_1_12' title="bbox 317 1279 1926 1351; baseline -0.007 -9"><span class='ocrx_word' id='word_1_85' title='bbox 317 1287 488 1342; x_wconf 72' lang='lat' dir='ltr'><strong>etiam</strong></span> <span class='ocrx_word' id='word_1_86' title='bbox 520 1285 723 1342; x_wconf 66' lang='lat' dir='ltr'><strong>natura:</strong></span> <span class='ocrx_word' id='word_1_87' title='bbox 747 1301 1032 1341; x_wconf 82' lang='lat' dir='ltr'><strong>commune</strong></span> <span class='ocrx_word' id='word_1_88' title='bbox 1061 1300 1254 1338; x_wconf 86' lang='lat' dir='ltr'><strong>nomen</strong></span> <span class='ocrx_word' id='word_1_89' title='bbox 1289 1299 1383 1351; x_wconf 87' lang='lat' dir='ltr'><strong>pro</strong></span> <span class='ocrx_word' id='word_1_90' title='bbox 1411 1280 1569 1334; x_wconf 89' lang='lat' dir='ltr'><strong>laude</strong></span> <span class='ocrx_word' id='word_1_91' title='bbox 1606 1279 1736 1341; x_wconf 81' lang='lat' dir='ltr'><strong>justi</strong></span> <span class='ocrx_word' id='word_1_92' title='bbox 1765 1294 1926 1333; x_wconf 89' lang='lat' dir='ltr'><strong>usur-</strong></span> 
     </span>
    </p>
   </div>
   <div class='ocr_carea' id='block_1_13' title="bbox 323 1372 1924 1449">
    <p class='ocr_par' dir='ltr' id='par_1_13' title="bbox 323 1372 1924 1449">
     <span class='ocr_line' id='line_1_13' title="bbox 323 1372 1924 1449; baseline -0.006 -17"><span class='ocrx_word' id='word_1_93' title='bbox 323 1390 532 1449; x_wconf 81' lang='lat' dir='ltr'><strong>patum.</strong></span> <span class='ocrx_word' id='word_1_94' title='bbox 566 1380 700 1434; x_wconf 76' lang='lat' dir='ltr'><strong>Nam</strong></span> <span class='ocrx_word' id='word_1_95' title='bbox 723 1379 848 1448; x_wconf 85' lang='lat' dir='ltr'><strong>quia</strong></span> <span class='ocrx_word' id='word_1_96' title='bbox 871 1378 1050 1432; x_wconf 68' lang='lat' dir='ltr'><strong>caueri</strong></span> <span class='ocrx_word' id='word_1_97' title='bbox 1079 1377 1148 1430; x_wconf 90' lang='lat' dir='ltr'><strong>ob</strong></span> <span class='ocrx_word' id='word_1_98' title='bbox 1171 1377 1416 1428; x_wconf 79' lang='lat' dir='ltr'><strong>carnales</strong></span> <span class='ocrx_word' id='word_1_99' title='bbox 1453 1373 1778 1440; x_wconf 78' lang='lat' dir='ltr'><strong>voluptates,</strong></span> <span class='ocrx_word' id='word_1_100' title='bbox 1808 1372 1924 1439; x_wconf 80' lang='lat' dir='ltr'><strong>qui-</strong></span> 
     </span>
    </p>
   </div>
   <div class='ocr_carea' id='block_1_14' title="bbox 318 1461 1926 1531">
    <p class='ocr_par' dir='ltr' id='par_1_14' title="bbox 318 1461 1926 1531">
     <span class='ocr_line' id='line_1_14' title="bbox 318 1461 1926 1531; baseline -0.009 -6"><span class='ocrx_word' id='word_1_101' title='bbox 318 1469 423 1525; x_wconf 89' lang='lat' dir='ltr'><strong>bus</strong></span> <span class='ocrx_word' id='word_1_102' title='bbox 451 1468 693 1525; x_wconf 85' lang='lat' dir='ltr'><strong>immersi</strong></span> <span class='ocrx_word' id='word_1_103' title='bbox 723 1477 896 1531; x_wconf 87' lang='lat' dir='ltr'><strong>erant,</strong></span> <span class='ocrx_word' id='word_1_104' title='bbox 927 1468 1220 1520; x_wconf 86' lang='lat' dir='ltr'><strong>amiserant</strong></span> <span class='ocrx_word' id='word_1_105' title='bbox 1243 1478 1366 1519; x_wconf 88' lang='lat' dir='ltr'><strong>esse</strong></span> <span class='ocrx_word' id='word_1_106' title='bbox 1393 1462 1637 1515; x_wconf 87' lang='lat' dir='ltr'><strong>homines</strong></span> <span class='ocrx_word' id='word_1_107' title='bbox 1667 1478 1679 1514; x_wconf 93' lang='lat'><strong>:</strong></span> <span class='ocrx_word' id='word_1_108' title='bbox 1710 1461 1828 1525; x_wconf 86' lang='lat' dir='ltr'><strong>iste,</strong></span> <span class='ocrx_word' id='word_1_109' title='bbox 1857 1462 1926 1512; x_wconf 85' lang='lat' dir='ltr'><strong>in-</strong></span> 
     </span>
    </p>
   </div>
   <div class='ocr_carea' id='block_1_15' title="bbox 317 1552 1920 1628">
    <p class='ocr_par' dir='ltr' id='par_1_15' title="bbox 317 1552 1920 1628">
     <span class='ocr_line' id='line_1_15' title="bbox 317 1552 1920 1628; baseline -0.007 -15"><span class='ocrx_word' id='word_1_110' title='bbox 317 1561 459 1628; x_wconf 84' lang='lat' dir='ltr'><strong>quit,</strong></span> <span class='ocrx_word' id='word_1_111' title='bbox 506 1561 559 1614; x_wconf 89' lang='lat' dir='ltr'><strong>in</strong></span> <span class='ocrx_word' id='word_1_112' title='bbox 607 1567 763 1612; x_wconf 83' lang='lat' dir='ltr'><strong>tanto</strong></span> <span class='ocrx_word' id='word_1_113' title='bbox 803 1556 1001 1626; x_wconf 90' lang='lat' dir='ltr'><strong>populo</strong></span> <span class='ocrx_word' id='word_1_114' title='bbox 1049 1554 1284 1608; x_wconf 87' lang='lat' dir='ltr'><strong>hominis</strong></span> <span class='ocrx_word' id='word_1_115' title='bbox 1332 1554 1616 1621; x_wconf 81' lang='lat' dir='ltr'><strong>imaginem</strong></span> <span class='ocrx_word' id='word_1_116' title='bbox 1670 1552 1920 1604; x_wconf 83' lang='lat' dir='ltr'><strong>servavit.</strong></span> 
     </span>
    </p>
   </div>
   <div class='ocr_carea' id='block_1_16' title="bbox 317 1640 1924 1718">
    <p class='ocr_par' dir='ltr' id='par_1_16' title="bbox 317 1640 1924 1718">
     <span class='ocr_line' id='line_1_16' title="bbox 317 1640 1924 1718; baseline -0.006 -14"><span class='ocrx_word' id='word_1_117' title='bbox 317 1648 475 1704; x_wconf 83' lang='lat' dir='ltr'><strong>Tunc</strong></span> <span class='ocrx_word' id='word_1_118' title='bbox 498 1650 697 1718; x_wconf 81' lang='lat' dir='ltr'><strong>quippe</strong></span> <span class='ocrx_word' id='word_1_119' title='bbox 725 1647 888 1700; x_wconf 87' lang='lat' dir='ltr'><strong>homo</strong></span> <span class='ocrx_word' id='word_1_120' title='bbox 911 1656 1014 1711; x_wconf 88' lang='lat' dir='ltr'><strong>est,</strong></span> <span class='ocrx_word' id='word_1_121' title='bbox 1039 1644 1256 1715; x_wconf 79' lang='lat' dir='ltr'><strong>quando</strong></span> <span class='ocrx_word' id='word_1_122' title='bbox 1280 1646 1531 1698; x_wconf 81' lang='lat' dir='ltr'><strong>virtutem</strong></span> <span class='ocrx_word' id='word_1_123' title='bbox 1559 1641 1708 1696; x_wconf 89' lang='lat' dir='ltr'><strong>colit.</strong></span> <span class='ocrx_word' id='word_1_124' title='bbox 1741 1640 1924 1709; x_wconf 82' lang='lat' dir='ltr'><strong>Neque</strong></span> 
     </span>
    </p>
   </div>
   <div class='ocr_carea' id='block_1_17' title="bbox 316 1736 1924 1810">
    <p class='ocr_par' dir='ltr' id='par_1_17' title="bbox 316 1736 1924 1810">
     <span class='ocr_line' id='line_1_17' title="bbox 316 1736 1924 1810; baseline -0.006 -14"><span class='ocrx_word' id='word_1_125' title='bbox 316 1741 466 1796; x_wconf 88' lang='lat' dir='ltr'><strong>enim</strong></span> <span class='ocrx_word' id='word_1_126' title='bbox 495 1741 729 1810; x_wconf 87' lang='lat' dir='ltr'><strong>speciem</strong></span> <span class='ocrx_word' id='word_1_127' title='bbox 755 1738 954 1793; x_wconf 88' lang='lat' dir='ltr'><strong>habere</strong></span> <span class='ocrx_word' id='word_1_128' title='bbox 980 1736 1232 1802; x_wconf 86' lang='lat' dir='ltr'><strong>hominis,</strong></span> <span class='ocrx_word' id='word_1_129' title='bbox 1257 1745 1311 1790; x_wconf 88' lang='lat' dir='ltr'><strong>et</strong></span> <span class='ocrx_word' id='word_1_130' title='bbox 1331 1736 1540 1798; x_wconf 88' lang='lat' dir='ltr'><strong>oculos,</strong></span> <span class='ocrx_word' id='word_1_131' title='bbox 1571 1742 1628 1788; x_wconf 89' lang='lat' dir='ltr'><strong>et</strong></span> <span class='ocrx_word' id='word_1_132' title='bbox 1653 1748 1831 1796; x_wconf 81' lang='lat' dir='ltr'><strong>nares,</strong></span> <span class='ocrx_word' id='word_1_133' title='bbox 1869 1742 1924 1786; x_wconf 90' lang='lat' dir='ltr'><strong>et</strong></span> 
     </span>
    </p>
   </div>
   <div class='ocr_carea' id='block_1_18' title="bbox 315 1825 1922 1901">
    <p class='ocr_par' dir='ltr' id='par_1_18' title="bbox 315 1825 1922 1901">
     <span class='ocr_line' id='line_1_18' title="bbox 315 1825 1922 1901; baseline -0.005 -15"><span class='ocrx_word' id='word_1_134' title='bbox 315 1847 400 1896; x_wconf 83' lang='lat' dir='ltr'><strong>os,</strong></span> <span class='ocrx_word' id='word_1_135' title='bbox 432 1843 489 1887; x_wconf 89' lang='lat' dir='ltr'><strong>et</strong></span> <span class='ocrx_word' id='word_1_136' title='bbox 511 1845 696 1901; x_wconf 86' lang='lat' dir='ltr'><strong>genas,</strong></span> <span class='ocrx_word' id='word_1_137' title='bbox 723 1841 778 1886; x_wconf 93' lang='lat' dir='ltr'><strong>et</strong></span> <span class='ocrx_word' id='word_1_138' title='bbox 812 1842 1008 1887; x_wconf 64' lang='lat' dir='ltr'><strong>caetera</strong></span> <span class='ocrx_word' id='word_1_139' title='bbox 1037 1829 1299 1891; x_wconf 89' lang='lat' dir='ltr'><strong>membra,</strong></span> <span class='ocrx_word' id='word_1_140' title='bbox 1341 1829 1444 1880; x_wconf 86' lang='lat' dir='ltr'><strong>hoc</strong></span> <span class='ocrx_word' id='word_1_141' title='bbox 1488 1825 1758 1879; x_wconf 79' lang='lat' dir='ltr'><strong>hominem</strong></span> <span class='ocrx_word' id='word_1_142' title='bbox 1801 1839 1922 1878; x_wconf 69' lang='lat' dir='ltr'><strong>esse</strong></span> 
     </span>
    </p>
   </div>
   <div class='ocr_carea' id='block_1_19' title="bbox 314 1917 1920 1987">
    <p class='ocr_par' dir='ltr' id='par_1_19' title="bbox 314 1917 1920 1987">
     <span class='ocr_line' id='line_1_19' title="bbox 314 1917 1920 1987; baseline -0.006 -9"><span class='ocrx_word' id='word_1_143' title='bbox 314 1924 555 1978; x_wconf 78' lang='lat' dir='ltr'><strong>ostendit</strong></span> <span class='ocrx_word' id='word_1_144' title='bbox 597 1943 612 1978; x_wconf 87' lang='lat'><strong><em>:</em></strong></span> <span class='ocrx_word' id='word_1_145' title='bbox 644 1924 761 1978; x_wconf 70' lang='lat' dir='ltr'><strong>haec</strong></span> <span class='ocrx_word' id='word_1_146' title='bbox 800 1925 946 1979; x_wconf 88' lang='lat' dir='ltr'><strong>enim</strong></span> <span class='ocrx_word' id='word_1_147' title='bbox 992 1922 1231 1977; x_wconf 87' lang='lat' dir='ltr'><strong>membra</strong></span> <span class='ocrx_word' id='word_1_148' title='bbox 1269 1928 1395 1974; x_wconf 90' lang='lat' dir='ltr'><strong>sunt</strong></span> <span class='ocrx_word' id='word_1_149' title='bbox 1432 1919 1695 1987; x_wconf 84' lang='lat' dir='ltr'><strong>corporis.</strong></span> <span class='ocrx_word' id='word_1_150' title='bbox 1739 1917 1920 1970; x_wconf 86' lang='lat' dir='ltr'><strong>llomi-</strong></span> 
     </span>
    </p>
   </div>
   <div class='ocr_carea' id='block_1_20' title="bbox 315 2009 1916 2085">
    <p class='ocr_par' dir='ltr' id='par_1_20' title="bbox 315 2009 1916 2085">
     <span class='ocr_line' id='line_1_20' title="bbox 315 2009 1916 2085; baseline -0.004 -17"><span class='ocrx_word' id='word_1_151' title='bbox 315 2031 439 2070; x_wconf 89' lang='lat' dir='ltr'><strong>nem</strong></span> <span class='ocrx_word' id='word_1_152' title='bbox 484 2017 633 2070; x_wconf 91' lang='lat' dir='ltr'><strong>illum</strong></span> <span class='ocrx_word' id='word_1_153' title='bbox 675 2016 926 2079; x_wconf 77' lang='lat' dir='ltr'><strong>dicimus,</strong></span> <span class='ocrx_word' id='word_1_154' title='bbox 967 2015 1060 2085; x_wconf 93' lang='lat' dir='ltr'><strong>qui</strong></span> <span class='ocrx_word' id='word_1_155' title='bbox 1105 2013 1389 2082; x_wconf 84' lang='lat' dir='ltr'><strong>imaginem</strong></span> <span class='ocrx_word' id='word_1_156' title='bbox 1437 2010 1671 2064; x_wconf 89' lang='lat' dir='ltr'><strong>hominis</strong></span> <span class='ocrx_word' id='word_1_157' title='bbox 1717 2009 1916 2062; x_wconf 82' lang='lat' dir='ltr'><strong>salvam</strong></span> 
     </span>
    </p>
   </div>
   <div class='ocr_carea' id='block_1_21' title="bbox 313 2099 1912 2176">
    <p class='ocr_par' dir='ltr' id='par_1_21' title="bbox 313 2099 1912 2176">
     <span class='ocr_line' id='line_1_21' title="bbox 313 2099 1912 2176; baseline -0.006 -15"><span class='ocrx_word' id='word_1_158' title='bbox 313 2111 533 2163; x_wconf 76' lang='lat' dir='ltr'><strong>retinet.</strong></span> <span class='ocrx_word' id='word_1_159' title='bbox 574 2109 703 2176; x_wconf 75' lang='lat' dir='ltr'><strong>Quze</strong></span> <span class='ocrx_word' id='word_1_160' title='bbox 730 2118 906 2162; x_wconf 88' lang='lat' dir='ltr'><strong>autem</strong></span> <span class='ocrx_word' id='word_1_161' title='bbox 940 2115 1023 2161; x_wconf 87' lang='lat' dir='ltr'><strong>est</strong></span> <span class='ocrx_word' id='word_1_162' title='bbox 1050 2107 1225 2174; x_wconf 86' lang='lat' dir='ltr'><strong>imago</strong></span> <span class='ocrx_word' id='word_1_163' title='bbox 1268 2102 1539 2156; x_wconf 86' lang='lat' dir='ltr'><strong>hominis?</strong></span> <span class='ocrx_word' id='word_1_164' title='bbox 1576 2099 1912 2156; x_wconf 81' lang='lat' dir='ltr'><strong>Rationalem</strong></span> 
     </span>
    </p>
   </div>
   <div class='ocr_carea' id='block_1_22' title="bbox 310 2192 1914 2271">
    <p class='ocr_par' dir='ltr' id='par_1_22' title="bbox 310 2192 1914 2271">
     <span class='ocr_line' id='line_1_22' title="bbox 310 2192 1914 2271; baseline -0.009 -14"><span class='ocrx_word' id='word_1_165' title='bbox 310 2217 453 2257; x_wconf 86' lang='lat' dir='ltr'><strong>esse.</strong></span> <span class='ocrx_word' id='word_1_166' title='bbox 485 2201 624 2267; x_wconf 84' lang='lat' dir='ltr'><strong>Quid</strong></span> <span class='ocrx_word' id='word_1_167' title='bbox 662 2200 828 2271; x_wconf 74' lang='lat' dir='ltr'><strong>ergo?</strong></span> <span class='ocrx_word' id='word_1_168' title='bbox 866 2213 1046 2254; x_wconf 88' lang='lat' dir='ltr'><strong>annon</strong></span> <span class='ocrx_word' id='word_1_169' title='bbox 1095 2207 1151 2252; x_wconf 89' lang='lat' dir='ltr'><strong>et</strong></span> <span class='ocrx_word' id='word_1_170' title='bbox 1194 2196 1271 2249; x_wconf 87' lang='lat' dir='ltr'><strong>illi</strong></span> <span class='ocrx_word' id='word_1_171' title='bbox 1322 2194 1539 2249; x_wconf 91' lang='lat' dir='ltr'><strong>fuerunt</strong></span> <span class='ocrx_word' id='word_1_172' title='bbox 1585 2192 1914 2247; x_wconf 85' lang='lat' dir='ltr'><strong>rationales?</strong></span> 
     </span>
    </p>
   </div>
   <div class='ocr_carea' id='block_1_23' title="bbox 311 2283 1915 2348">
    <p class='ocr_par' dir='ltr' id='par_1_23' title="bbox 311 2283 1915 2348">
     <span class='ocr_line' id='line_1_23' title="bbox 311 2283 1915 2348; baseline -0.006 -2"><span class='ocrx_word' id='word_1_173' title='bbox 311 2293 514 2348; x_wconf 86' lang='lat' dir='ltr'><strong>Verum</strong></span> <span class='ocrx_word' id='word_1_174' title='bbox 559 2309 664 2347; x_wconf 93' lang='lat' dir='ltr'><strong>non</strong></span> <span class='ocrx_word' id='word_1_175' title='bbox 713 2292 816 2346; x_wconf 90' lang='lat' dir='ltr'><strong>hoc</strong></span> <span class='ocrx_word' id='word_1_176' title='bbox 845 2292 1020 2346; x_wconf 88' lang='lat' dir='ltr'><strong>solum</strong></span> <span class='ocrx_word' id='word_1_177' title='bbox 1054 2289 1211 2343; x_wconf 82' lang='lat' dir='ltr'><strong>fuerit</strong></span> <span class='ocrx_word' id='word_1_178' title='bbox 1241 2288 1510 2341; x_wconf 84' lang='lat' dir='ltr'><strong>hominem</strong></span> <span class='ocrx_word' id='word_1_179' title='bbox 1552 2299 1693 2347; x_wconf 90' lang='lat' dir='ltr'><strong>esse,</strong></span> <span class='ocrx_word' id='word_1_180' title='bbox 1726 2283 1819 2338; x_wconf 86' lang='lat' dir='ltr'><strong>sed</strong></span> <span class='ocrx_word' id='word_1_181' title='bbox 1859 2291 1915 2336; x_wconf 89' lang='lat' dir='ltr'><strong>et</strong></span> 
     </span>
    </p>
   </div>
   <div class='ocr_carea' id='block_1_24' title="bbox 307 2373 1917 2448">
    <p class='ocr_par' dir='ltr' id='par_1_24' title="bbox 307 2373 1917 2448">
     <span class='ocr_line' id='line_1_24' title="bbox 307 2373 1917 2448; baseline -0.005 -13"><span class='ocrx_word' id='word_1_182' title='bbox 307 2384 599 2438; x_wconf 86' lang='lat' dir='ltr'><strong>virtutibus</strong></span> <span class='ocrx_word' id='word_1_183' title='bbox 623 2398 744 2437; x_wconf 88' lang='lat' dir='ltr'><strong>esse</strong></span> <span class='ocrx_word' id='word_1_184' title='bbox 768 2381 1027 2446; x_wconf 88' lang='lat' dir='ltr'><strong>deditum,</strong></span> <span class='ocrx_word' id='word_1_185' title='bbox 1059 2390 1115 2434; x_wconf 90' lang='lat' dir='ltr'><strong>et</strong></span> <span class='ocrx_word' id='word_1_186' title='bbox 1139 2380 1261 2433; x_wconf 84' lang='lat' dir='ltr'><strong>vitia</strong></span> <span class='ocrx_word' id='word_1_187' title='bbox 1292 2378 1496 2448; x_wconf 86' lang='lat' dir='ltr'><strong>fugere,</strong></span> <span class='ocrx_word' id='word_1_188' title='bbox 1529 2387 1582 2430; x_wconf 91' lang='lat' dir='ltr'><strong>et</strong></span> <span class='ocrx_word' id='word_1_189' title='bbox 1610 2375 1811 2432; x_wconf 88' lang='lat' dir='ltr'><strong>illicitis</strong></span> <span class='ocrx_word' id='word_1_190' title='bbox 1836 2373 1917 2427; x_wconf 90' lang='lat' dir='ltr'><strong>af-</strong></span> 
     </span>
    </p>
   </div>
   <div class='ocr_carea' id='block_1_25' title="bbox 307 2467 1913 2543">
    <p class='ocr_par' dir='ltr' id='par_1_25' title="bbox 307 2467 1913 2543">
     <span class='ocr_line' id='line_1_25' title="bbox 307 2467 1913 2543; baseline -0.004 -15"><span class='ocrx_word' id='word_1_191' title='bbox 307 2473 632 2529; x_wconf 80' lang='lat' dir='ltr'><strong>feCtionibus</strong></span> <span class='ocrx_word' id='word_1_192' title='bbox 675 2475 964 2543; x_wconf 83' lang='lat' dir='ltr'><strong>imperare,</strong></span> <span class='ocrx_word' id='word_1_193' title='bbox 1005 2481 1060 2527; x_wconf 92' lang='lat' dir='ltr'><strong>et</strong></span> <span class='ocrx_word' id='word_1_194' title='bbox 1099 2471 1365 2526; x_wconf 83' lang='lat' dir='ltr'><strong>mandatis</strong></span> <span class='ocrx_word' id='word_1_195' title='bbox 1389 2469 1675 2525; x_wconf 86' lang='lat' dir='ltr'><strong>dominicis</strong></span> <span class='ocrx_word' id='word_1_196' title='bbox 1700 2467 1913 2522; x_wconf 85' lang='lat' dir='ltr'><strong>obtem-</strong></span> 
     </span>
    </p>
   </div>
   <div class='ocr_carea' id='block_1_26' title="bbox 306 2562 1246 2634">
    <p class='ocr_par' dir='ltr' id='par_1_26' title="bbox 306 2562 1246 2634">
     <span class='ocr_line' id='line_1_26' title="bbox 306 2562 1246 2634; baseline -0.003 -16"><span class='ocrx_word' id='word_1_197' title='bbox 306 2580 521 2634; x_wconf 86' lang='lat' dir='ltr'><strong>perare,</strong></span> <span class='ocrx_word' id='word_1_198' title='bbox 558 2565 657 2618; x_wconf 88' lang='lat' dir='ltr'><strong>hoc</strong></span> <span class='ocrx_word' id='word_1_199' title='bbox 687 2573 772 2619; x_wconf 89' lang='lat' dir='ltr'><strong>est</strong></span> <span class='ocrx_word' id='word_1_200' title='bbox 798 2579 920 2618; x_wconf 86' lang='lat' dir='ltr'><strong>esse</strong></span> <span class='ocrx_word' id='word_1_201' title='bbox 947 2562 1246 2617; x_wconf 88' lang='lat' dir='ltr'><strong>hominem.</strong></span> 
     </span>
    </p>
   </div>
   <div class='ocr_carea' id='block_1_27' title="bbox 372 2648 1909 2724">
    <p class='ocr_par' dir='ltr' id='par_1_27' title="bbox 372 2648 1909 2724">
     <span class='ocr_line' id='line_1_27' title="bbox 372 2648 1909 2724; baseline -0.006 -15"><span class='ocrx_word' id='word_1_202' title='bbox 372 2658 428 2709; x_wconf 72' lang='grc'><strong>4.</strong></span> <span class='ocrx_word' id='word_1_203' title='bbox 483 2655 750 2724; x_wconf 84' lang='lat' dir='ltr'><strong>Improbos</strong></span> <span class='ocrx_word' id='word_1_204' title='bbox 801 2670 903 2707; x_wconf 87' lang='lat' dir='ltr'><strong>non</strong></span> <span class='ocrx_word' id='word_1_205' title='bbox 947 2653 1174 2706; x_wconf 80' lang='lat' dir='ltr'><strong>homines</strong></span> <span class='ocrx_word' id='word_1_206' title='bbox 1223 2651 1449 2720; x_wconf 80' lang='lat' dir='ltr'><strong>appellat</strong></span> <span class='ocrx_word' id='word_1_207' title='bbox 1502 2648 1794 2717; x_wconf 67' lang='lat' dir='ltr'><strong>Scriptura.</strong></span> <span class='ocrx_word' id='word_1_208' title='bbox 1841 2677 1909 2686; x_wconf 96' lang='lat'><strong>—</strong></span> 
     </span>
    </p>
   </div>
   <div class='ocr_carea' id='block_1_28' title="bbox 304 2736 1905 2811">
    <p class='ocr_par' dir='ltr' id='par_1_28' title="bbox 304 2736 1905 2811">
     <span class='ocr_line' id='line_1_28' title="bbox 304 2736 1905 2811; baseline -0.005 -12"><span class='ocrx_word' id='word_1_209' title='bbox 304 2745 474 2800; x_wconf 84' lang='lat' dir='ltr'><strong>Porro</strong></span> <span class='ocrx_word' id='word_1_210' title='bbox 504 2756 563 2800; x_wconf 90' lang='lat' dir='ltr'><strong>ut</strong></span> <span class='ocrx_word' id='word_1_211' title='bbox 585 2746 762 2799; x_wconf 73' lang='lat' dir='ltr'><strong>discas</strong></span> <span class='ocrx_word' id='word_1_212' title='bbox 794 2759 998 2798; x_wconf 89' lang='lat' dir='ltr'><strong>morem</strong></span> <span class='ocrx_word' id='word_1_213' title='bbox 1029 2758 1149 2796; x_wconf 90' lang='lat' dir='ltr'><strong>esse</strong></span> <span class='ocrx_word' id='word_1_214' title='bbox 1177 2742 1468 2811; x_wconf 73' lang='lat' dir='ltr'><strong>Scriptum:</strong></span> <span class='ocrx_word' id='word_1_215' title='bbox 1485 2736 1515 2805; x_wconf 82' lang='grc'><strong>,“</strong></span> <span class='ocrx_word' id='word_1_216' title='bbox 1536 2752 1594 2794; x_wconf 87' lang='lat' dir='ltr'><strong>ut</strong></span> <span class='ocrx_word' id='word_1_217' title='bbox 1623 2741 1765 2792; x_wconf 79' lang='lat' dir='ltr'><strong>vitiis</strong></span> <span class='ocrx_word' id='word_1_218' title='bbox 1791 2749 1905 2792; x_wconf 88' lang='lat' dir='ltr'><strong>stn-</strong></span> 
     </span>
    </p>
   </div>
   <div class='ocr_carea' id='block_1_29' title="bbox 301 2831 1910 2902">
    <p class='ocr_par' dir='ltr' id='par_1_29' title="bbox 301 2831 1910 2902">
     <span class='ocr_line' id='line_1_29' title="bbox 301 2831 1910 2902; baseline -0.001 -15"><span class='ocrx_word' id='word_1_219' title='bbox 301 2837 496 2890; x_wconf 87' lang='lat' dir='ltr'><strong>dentes</strong></span> <span class='ocrx_word' id='word_1_220' title='bbox 557 2845 615 2888; x_wconf 85' lang='lat' dir='ltr'><strong>et</strong></span> <span class='ocrx_word' id='word_1_221' title='bbox 681 2835 931 2889; x_wconf 86' lang='lat' dir='ltr'><strong>virtutem</strong></span> <span class='ocrx_word' id='word_1_222' title='bbox 977 2834 1309 2902; x_wconf 76' lang='lat' dir='ltr'><strong>negligentes</strong></span> <span class='ocrx_word' id='word_1_223' title='bbox 1364 2832 1637 2886; x_wconf 90' lang='lat' dir='ltr'><strong>hominum</strong></span> <span class='ocrx_word' id='word_1_224' title='bbox 1692 2831 1910 2885; x_wconf 87' lang='lat' dir='ltr'><strong>nomine</strong></span> 
     </span>
    </p>
   </div>
   <div class='ocr_carea' id='block_1_30' title="bbox 301 2921 1907 2992">
    <p class='ocr_par' dir='ltr' id='par_1_30' title="bbox 301 2921 1907 2992">
     <span class='ocr_line' id='line_1_30' title="bbox 301 2921 1907 2992; baseline -0.002 -14"><span class='ocrx_word' id='word_1_225' title='bbox 301 2939 498 2979; x_wconf 81' lang='lat' dir='ltr'><strong>vocare</strong></span> <span class='ocrx_word' id='word_1_226' title='bbox 533 2941 637 2977; x_wconf 89' lang='lat' dir='ltr'><strong>non</strong></span> <span class='ocrx_word' id='word_1_227' title='bbox 684 2925 968 2992; x_wconf 89' lang='lat' dir='ltr'><strong>dignetur,</strong></span> <span class='ocrx_word' id='word_1_228' title='bbox 1000 2923 1124 2983; x_wconf 85' lang='lat' dir='ltr'><strong>andi</strong></span> <span class='ocrx_word' id='word_1_229' title='bbox 1173 2924 1336 2976; x_wconf 88' lang='lat' dir='ltr'><strong>Deum</strong></span> <span class='ocrx_word' id='word_1_230' title='bbox 1385 2923 1723 2989; x_wconf 88' lang='lat' dir='ltr'><strong>loquentem,</strong></span> <span class='ocrx_word' id='word_1_231' title='bbox 1767 2921 1907 2974; x_wconf 87' lang='lat' dir='ltr'><strong>sicut</strong></span> 
     </span>
    </p>
   </div>
   <div class='ocr_carea' id='block_1_31' title="bbox 306 3008 1903 3081">
    <p class='ocr_par' dir='ltr' id='par_1_31' title="bbox 306 3008 1903 3081">
     <span class='ocr_line' id='line_1_31' title="bbox 306 3008 1903 3081; baseline -0.003 -15"><span class='ocrx_word' id='word_1_232' title='bbox 306 3015 420 3070; x_wconf 83' lang='lat' dir='ltr'><strong>heri</strong></span> <span class='ocrx_word' id='word_1_233' title='bbox 480 3013 840 3068; x_wconf 85' lang='lat' dir='ltr'><strong>dicebamus:</strong></span> <span class='ocrx_word' id='word_1_234' title='bbox 876 3011 999 3065; x_wconf 80' lang='lat' dir='ltr'><strong>Non</strong></span> <span class='ocrx_word' id='word_1_235' title='bbox 1045 3011 1353 3081; x_wconf 79' lang='lat' dir='ltr'><strong>permanebit</strong></span> <span class='ocrx_word' id='word_1_236' title='bbox 1402 3008 1628 3074; x_wconf 81' lang='lat' dir='ltr'><strong>Spiritus</strong></span> <span class='ocrx_word' id='word_1_237' title='bbox 1673 3025 1811 3062; x_wconf 84' lang='lat' dir='ltr'><strong>meus</strong></span> <span class='ocrx_word' id='word_1_238' title='bbox 1851 3010 1903 3062; x_wconf 75' lang='lat' dir='ltr'><strong>in</strong></span> 
     </span>
    </p>
   </div>
   <div class='ocr_carea' id='block_1_32' title="bbox 296 3097 1900 3173">
    <p class='ocr_par' dir='ltr' id='par_1_32' title="bbox 296 3097 1900 3173">
     <span class='ocr_line' id='line_1_32' title="bbox 296 3097 1900 3173; baseline -0.001 -18"><span class='ocrx_word' id='word_1_239' title='bbox 296 3105 590 3159; x_wconf 73' lang='lat' dir='ltr'><strong>hominibus</strong></span> <span class='ocrx_word' id='word_1_240' title='bbox 636 3105 777 3170; x_wconf 90' lang='lat' dir='ltr'><strong>istis,</strong></span> <span class='ocrx_word' id='word_1_241' title='bbox 810 3120 866 3158; x_wconf 90' lang='lat' dir='ltr'><strong>eo</strong></span> <span class='ocrx_word' id='word_1_242' title='bbox 905 3102 1043 3173; x_wconf 82' lang='lat' dir='ltr'><strong>quod</strong></span> <span class='ocrx_word' id='word_1_243' title='bbox 1067 3102 1168 3171; x_wconf 84' lang='lat' dir='ltr'><strong>ipsi</strong></span> <span class='ocrx_word' id='word_1_244' title='bbox 1191 3117 1368 3154; x_wconf 85' lang='lat' dir='ltr'><strong>carnes</strong></span> <span class='ocrx_word' id='word_1_245' title='bbox 1395 3111 1513 3154; x_wconf 85' lang='lat' dir='ltr'><strong>sunt</strong></span> <span class='ocrx_word' id='word_1_246' title='bbox 1538 3098 1700 3171; x_wconf 86' lang='lat' dir='ltr'><strong>(Gen.</strong></span> <span class='ocrx_word' id='word_1_247' title='bbox 1722 3099 1775 3155; x_wconf 88' lang='lat'><strong>6.</strong></span> <span class='ocrx_word' id='word_1_248' title='bbox 1804 3100 1837 3154; x_wconf 78' lang='grc'>5</span> 
     </span>
    </p>
   </div>
   <div class='ocr_carea' id='block_1_33' title="bbox 299 3192 1900 3264">
    <p class='ocr_par' dir='ltr' id='par_1_33' title="bbox 299 3192 1900 3264">
     <span class='ocr_line' id='line_1_33' title="bbox 299 3192 1900 3264; baseline -0.002 -16"><span class='ocrx_word' id='word_1_249' title='bbox 299 3195 412 3264; x_wconf 79' lang='lat' dir='ltr'><strong>Ego</strong></span> <span class='ocrx_word' id='word_1_250' title='bbox 440 3194 607 3261; x_wconf 92' lang='lat' dir='ltr'><strong>enim,</strong></span> <span class='ocrx_word' id='word_1_251' title='bbox 637 3194 821 3248; x_wconf 90' lang='lat' dir='ltr'><strong>dicere</strong></span> <span class='ocrx_word' id='word_1_252' title='bbox 843 3193 975 3257; x_wconf 91' lang='lat' dir='ltr'><strong>vult,</strong></span> <span class='ocrx_word' id='word_1_253' title='bbox 1003 3192 1354 3246; x_wconf 86' lang='lat' dir='ltr'><strong>substantiam</strong></span> <span class='ocrx_word' id='word_1_254' title='bbox 1380 3207 1445 3246; x_wconf 78' lang='lat' dir='ltr'><strong>ex</strong></span> <span class='ocrx_word' id='word_1_255' title='bbox 1467 3205 1628 3246; x_wconf 85' lang='lat' dir='ltr'><strong>carne</strong></span> <span class='ocrx_word' id='word_1_256' title='bbox 1649 3200 1704 3245; x_wconf 89' lang='lat' dir='ltr'><strong>et</strong></span> <span class='ocrx_word' id='word_1_257' title='bbox 1723 3192 1900 3246; x_wconf 89' lang='lat' dir='ltr'><strong>anima</strong></span> 
     </span>
    </p>
   </div>
   <div class='ocr_carea' id='block_1_34' title="bbox 299 3284 1898 3355">
    <p class='ocr_par' dir='ltr' id='par_1_34' title="bbox 299 3284 1898 3355">
     <span class='ocr_line' id='line_1_34' title="bbox 299 3284 1898 3355; baseline 0 -17"><span class='ocrx_word' id='word_1_258' title='bbox 299 3288 402 3340; x_wconf 88' lang='lat' dir='ltr'><strong>illis</strong></span> <span class='ocrx_word' id='word_1_259' title='bbox 443 3286 567 3340; x_wconf 87' lang='lat' dir='ltr'><strong>dedi</strong></span> <span class='ocrx_word' id='word_1_260' title='bbox 601 3304 614 3339; x_wconf 90' lang='lat'><strong>:</strong></span> <span class='ocrx_word' id='word_1_261' title='bbox 658 3286 760 3355; x_wconf 87' lang='lat' dir='ltr'><strong>ipsi</strong></span> <span class='ocrx_word' id='word_1_262' title='bbox 789 3294 968 3340; x_wconf 88' lang='lat' dir='ltr'><strong>autem</strong></span> <span class='ocrx_word' id='word_1_263' title='bbox 1008 3284 1162 3354; x_wconf 83' lang='lat' dir='ltr'><strong>quasi</strong></span> <span class='ocrx_word' id='word_1_264' title='bbox 1205 3285 1318 3339; x_wconf 86' lang='lat' dir='ltr'><strong>sola</strong></span> <span class='ocrx_word' id='word_1_265' title='bbox 1358 3298 1522 3338; x_wconf 91' lang='lat' dir='ltr'><strong>carne</strong></span> <span class='ocrx_word' id='word_1_266' title='bbox 1548 3285 1898 3350; x_wconf 86' lang='lat' dir='ltr'><strong>circumdati,</strong></span> 
     </span>
    </p>
   </div>
   <div class='ocr_carea' id='block_1_35' title="bbox 297 3375 1900 3448">
    <p class='ocr_par' dir='ltr' id='par_1_35' title="bbox 297 3375 1900 3448">
     <span class='ocr_line' id='line_1_35' title="bbox 297 3375 1900 3448; baseline -0.001 -18"><span class='ocrx_word' id='word_1_267' title='bbox 297 3379 365 3431; x_wconf 88' lang='lat' dir='ltr'><strong>ita</strong></span> <span class='ocrx_word' id='word_1_268' title='bbox 393 3377 621 3432; x_wconf 83' lang='lat' dir='ltr'><strong>virtutes</strong></span> <span class='ocrx_word' id='word_1_269' title='bbox 649 3376 812 3432; x_wconf 89' lang='lat' dir='ltr'><strong>animi</strong></span> <span class='ocrx_word' id='word_1_270' title='bbox 841 3376 1114 3448; x_wconf 83' lang='lat' dir='ltr'><strong>negligant</strong></span> <span class='ocrx_word' id='word_1_271' title='bbox 1133 3415 1150 3440; x_wconf 90' lang='lat'><strong>,</strong></span> <span class='ocrx_word' id='word_1_272' title='bbox 1179 3383 1234 3430; x_wconf 89' lang='lat' dir='ltr'><strong>et</strong></span> <span class='ocrx_word' id='word_1_273' title='bbox 1260 3376 1428 3430; x_wconf 90' lang='lat' dir='ltr'><strong>solam</strong></span> <span class='ocrx_word' id='word_1_274' title='bbox 1457 3389 1674 3428; x_wconf 87' lang='lat' dir='ltr'><strong>carnem</strong></span> <span class='ocrx_word' id='word_1_275' title='bbox 1706 3375 1900 3429; x_wconf 90' lang='lat' dir='ltr'><strong>deinde</strong></span> 
     </span>
    </p>
   </div>
   <div class='ocr_carea' id='block_1_36' title="bbox 294 3466 1897 3538">
    <p class='ocr_par' dir='ltr' id='par_1_36' title="bbox 294 3466 1897 3538">
     <span class='ocr_line' id='line_1_36' title="bbox 294 3466 1897 3538; baseline -0.002 -14"><span class='ocrx_word' id='word_1_276' title='bbox 294 3479 588 3524; x_wconf 83' lang='lat' dir='ltr'><strong>sectantur.</strong></span> <span class='ocrx_word' id='word_1_277' title='bbox 637 3468 824 3523; x_wconf 81' lang='lat' dir='ltr'><strong>Vidisti</strong></span> <span class='ocrx_word' id='word_1_278' title='bbox 868 3467 1140 3538; x_wconf 90' lang='lat' dir='ltr'><strong>quomodo</strong></span> <span class='ocrx_word' id='word_1_279' title='bbox 1163 3466 1234 3522; x_wconf 89' lang='lat' dir='ltr'><strong>ob</strong></span> <span class='ocrx_word' id='word_1_280' title='bbox 1274 3467 1528 3521; x_wconf 87' lang='lat' dir='ltr'><strong>malitiam</strong></span> <span class='ocrx_word' id='word_1_281' title='bbox 1556 3483 1771 3520; x_wconf 81' lang='lat' dir='ltr'><strong>carnem</strong></span> <span class='ocrx_word' id='word_1_282' title='bbox 1801 3484 1897 3521; x_wconf 83' lang='lat' dir='ltr'><strong>eos</strong></span> 
     </span>
    </p>
   </div>
   <div class='ocr_carea' id='block_1_37' title="bbox 296 3557 1892 3624">
    <p class='ocr_par' dir='ltr' id='par_1_37' title="bbox 296 3557 1892 3624">
     <span class='ocr_line' id='line_1_37' title="bbox 296 3557 1892 3624; baseline 0 -13"><span class='ocrx_word' id='word_1_283' title='bbox 296 3570 453 3615; x_wconf 83' lang='lat' dir='ltr'><strong>vocat</strong></span> <span class='ocrx_word' id='word_1_284' title='bbox 478 3569 534 3615; x_wconf 91' lang='lat' dir='ltr'><strong>et</strong></span> <span class='ocrx_word' id='word_1_285' title='bbox 558 3575 666 3614; x_wconf 89' lang='lat' dir='ltr'><strong>non</strong></span> <span class='ocrx_word' id='word_1_286' title='bbox 695 3559 944 3614; x_wconf 84' lang='lat' dir='ltr'><strong>homines</strong></span> <span class='ocrx_word' id='word_1_287' title='bbox 965 3559 990 3611; x_wconf 79' lang='lat' dir='ltr'><strong>‘i</strong></span> <span class='ocrx_word' id='word_1_288' title='bbox 1019 3559 1083 3612; x_wconf 81' lang='lat' dir='ltr'><strong>Et</strong></span> <span class='ocrx_word' id='word_1_289' title='bbox 1113 3559 1330 3624; x_wconf 87' lang='lat' dir='ltr'><strong>iterum,</strong></span> <span class='ocrx_word' id='word_1_290' title='bbox 1358 3567 1414 3611; x_wconf 90' lang='lat' dir='ltr'><strong>ut</strong></span> <span class='ocrx_word' id='word_1_291' title='bbox 1441 3557 1618 3610; x_wconf 87' lang='lat' dir='ltr'><strong>statim</strong></span> <span class='ocrx_word' id='word_1_292' title='bbox 1645 3557 1892 3623; x_wconf 82' lang='lat' dir='ltr'><strong>audietis,</strong></span> 
     </span>
    </p>
   </div>
   <div class='ocr_carea' id='block_1_38' title="bbox 291 3647 1892 3716">
    <p class='ocr_par' dir='ltr' id='par_1_38' title="bbox 291 3647 1892 3716">
     <span class='ocr_line' id='line_1_38' title="bbox 291 3647 1892 3716; baseline -0.001 -13"><span class='ocrx_word' id='word_1_293' title='bbox 291 3661 490 3704; x_wconf 78' lang='lat' dir='ltr'><strong>terram</strong></span> <span class='ocrx_word' id='word_1_294' title='bbox 514 3663 610 3704; x_wconf 87' lang='lat' dir='ltr'><strong>eos</strong></span> <span class='ocrx_word' id='word_1_295' title='bbox 632 3650 876 3704; x_wconf 86' lang='lat' dir='ltr'><strong>nominat</strong></span> <span class='ocrx_word' id='word_1_296' title='bbox 893 3649 1071 3703; x_wconf 87' lang='lat' dir='ltr'><strong>divina</strong></span> <span class='ocrx_word' id='word_1_297' title='bbox 1093 3647 1390 3716; x_wconf 86' lang='lat' dir='ltr'><strong>Scriptura,</strong></span> <span class='ocrx_word' id='word_1_298' title='bbox 1414 3661 1480 3702; x_wconf 92' lang='lat' dir='ltr'><strong>eo</strong></span> <span class='ocrx_word' id='word_1_299' title='bbox 1500 3648 1641 3716; x_wconf 92' lang='lat' dir='ltr'><strong>quod</strong></span> <span class='ocrx_word' id='word_1_300' title='bbox 1667 3649 1892 3701; x_wconf 88' lang='lat' dir='ltr'><strong>terrenis</strong></span> 
     </span>
    </p>
   </div>
   <div class='ocr_carea' id='block_1_39' title="bbox 287 3734 1942 3828">
    <p class='ocr_par' dir='ltr' id='par_1_39' title="bbox 287 3734 1942 3828">
     <span class='ocr_line' id='line_1_39' title="bbox 287 3734 1942 3828; baseline -0.003 -35"><span class='ocrx_word' id='word_1_301' title='bbox 287 3740 699 3819; x_wconf 84' lang='lat' dir='ltr'><strong>cogitationibus</strong></span> <span class='ocrx_word' id='word_1_302' title='bbox 737 3739 1086 3794; x_wconf 74' lang='lat' dir='ltr'><strong>absumuntur</strong></span> <span class='ocrx_word' id='word_1_303' title='bbox 1111 3755 1124 3790; x_wconf 92' lang='lat'><strong>:</strong></span> <span class='ocrx_word' id='word_1_304' title='bbox 1155 3737 1287 3792; x_wconf 91' lang='lat' dir='ltr'><strong>dicit</strong></span> <span class='ocrx_word' id='word_1_305' title='bbox 1307 3737 1450 3792; x_wconf 80' lang='lat' dir='ltr'><strong>enim</strong></span> <span class='ocrx_word' id='word_1_306' title='bbox 1476 3753 1490 3790; x_wconf 84' lang='lat'><strong>:</strong></span> <span class='ocrx_word' id='word_1_307' title='bbox 1523 3737 1614 3792; x_wconf 80' lang='lat' dir='ltr'><strong>ll.</strong></span> <span class='ocrx_word' id='word_1_308' title='bbox 1641 3734 1891 3808; x_wconf 75' lang='lat' dir='ltr'><strong>Corrupto</strong></span> <span class='ocrx_word' id='word_1_309' title='bbox 1918 3807 1942 3828; x_wconf 59' lang='lat'><em>.</em></span> 
     </span>
    </p>
   </div>
   <div class='ocr_carea' id='block_1_40' title="bbox 286 3827 1892 3885">
    <p class='ocr_par' dir='ltr' id='par_1_40' title="bbox 286 3827 1892 3885">
     <span class='ocr_line' id='line_1_40' title="bbox 286 3827 1892 3885; baseline -0.001 -1"><span class='ocrx_word' id='word_1_310' title='bbox 286 3842 456 3885; x_wconf 69' lang='lat' dir='ltr'><strong>autem</strong></span> <span class='ocrx_word' id='word_1_311' title='bbox 486 3839 597 3885; x_wconf 84' lang='lat' dir='ltr'><strong>erat</strong></span> <span class='ocrx_word' id='word_1_312' title='bbox 623 3838 756 3884; x_wconf 79' lang='lat' dir='ltr'><strong>terra</strong></span> <span class='ocrx_word' id='word_1_313' title='bbox 781 3845 955 3883; x_wconf 86' lang='lat' dir='ltr'><strong>coram</strong></span> <span class='ocrx_word' id='word_1_314' title='bbox 978 3828 1108 3883; x_wconf 87' lang='lat' dir='ltr'><strong>Deo.</strong></span> <span class='ocrx_word' id='word_1_315' title='bbox 1135 3827 1251 3883; x_wconf 81' lang='lat' dir='ltr'><strong>Non</strong></span> <span class='ocrx_word' id='word_1_316' title='bbox 1276 3828 1345 3883; x_wconf 90' lang='lat' dir='ltr'><strong>de</strong></span> <span class='ocrx_word' id='word_1_317' title='bbox 1369 3839 1511 3882; x_wconf 87' lang='lat' dir='ltr'><strong>terra</strong></span> <span class='ocrx_word' id='word_1_318' title='bbox 1539 3827 1781 3882; x_wconf 88' lang='lat' dir='ltr'><strong>sensibili</strong></span> <span class='ocrx_word' id='word_1_319' title='bbox 1814 3828 1892 3883; x_wconf 92' lang='lat' dir='ltr'><strong>lo-</strong></span> 
     </span>
    </p>
   </div>
   <div class='ocr_carea' id='block_1_41' title="bbox 285 3919 1887 3993">
    <p class='ocr_par' dir='ltr' id='par_1_41' title="bbox 285 3919 1887 3993">
     <span class='ocr_line' id='line_1_41' title="bbox 285 3919 1887 3993; baseline 0 -17"><span class='ocrx_word' id='word_1_320' title='bbox 285 3923 508 3993; x_wconf 89' lang='lat' dir='ltr'><strong>quitur,</strong></span> <span class='ocrx_word' id='word_1_321' title='bbox 554 3921 651 3978; x_wconf 87' lang='lat' dir='ltr'><strong>sed</strong></span> <span class='ocrx_word' id='word_1_322' title='bbox 691 3922 1078 3977; x_wconf 85' lang='lat' dir='ltr'><strong>inhabitatores</strong></span> <span class='ocrx_word' id='word_1_323' title='bbox 1120 3919 1319 3976; x_wconf 86' lang='lat' dir='ltr'><strong>terram</strong></span> <span class='ocrx_word' id='word_1_324' title='bbox 1355 3930 1531 3974; x_wconf 88' lang='lat' dir='ltr'><strong>vocat.</strong></span> <span class='ocrx_word' id='word_1_325' title='bbox 1566 3921 1684 3975; x_wconf 80' lang='lat' dir='ltr'><strong>Alio</strong></span> <span class='ocrx_word' id='word_1_326' title='bbox 1711 3930 1887 3976; x_wconf 89' lang='lat' dir='ltr'><strong>autem</strong></span> 
     </span>
    </p>
   </div>
   <div class='ocr_carea' id='block_1_42' title="bbox 283 4014 1888 4086">
    <p class='ocr_par' dir='ltr' id='par_1_42' title="bbox 283 4014 1888 4086">
     <span class='ocr_line' id='line_1_42' title="bbox 283 4014 1888 4086; baseline -0.001 -16"><span class='ocrx_word' id='word_1_327' title='bbox 283 4016 406 4070; x_wconf 90' lang='lat' dir='ltr'><strong>loco</strong></span> <span class='ocrx_word' id='word_1_328' title='bbox 425 4030 601 4086; x_wconf 88' lang='lat' dir='ltr'><strong>neque</strong></span> <span class='ocrx_word' id='word_1_329' title='bbox 622 4025 820 4071; x_wconf 86' lang='lat' dir='ltr'><strong>terram</strong></span> <span class='ocrx_word' id='word_1_330' title='bbox 850 4029 1024 4085; x_wconf 87' lang='lat' dir='ltr'><strong>neque</strong></span> <span class='ocrx_word' id='word_1_331' title='bbox 1051 4029 1270 4070; x_wconf 89' lang='lat' dir='ltr'><strong>carnem</strong></span> <span class='ocrx_word' id='word_1_332' title='bbox 1295 4016 1533 4070; x_wconf 86' lang='lat' dir='ltr'><strong>nominat</strong></span> <span class='ocrx_word' id='word_1_333' title='bbox 1558 4033 1570 4067; x_wconf 87' lang='lat'><strong>:</strong></span> <span class='ocrx_word' id='word_1_334' title='bbox 1592 4014 1688 4068; x_wconf 88' lang='lat' dir='ltr'><strong>sed</strong></span> <span class='ocrx_word' id='word_1_335' title='bbox 1715 4030 1888 4084; x_wconf 90' lang='lat' dir='ltr'><strong>neque</strong></span> 
     </span>
    </p>
   </div>
   <div class='ocr_carea' id='block_1_43' title="bbox 281 4108 1886 4178">
    <p class='ocr_par' dir='ltr' id='par_1_43' title="bbox 281 4108 1886 4178">
     <span class='ocr_line' id='line_1_43' title="bbox 281 4108 1886 4178; baseline 0.002 -16"><span class='ocrx_word' id='word_1_336' title='bbox 281 4111 530 4162; x_wconf 80' lang='lat' dir='ltr'><strong>esse&#39;eos</strong></span> <span class='ocrx_word' id='word_1_337' title='bbox 554 4116 704 4178; x_wconf 83' lang='lat' dir='ltr'><strong>putat</strong></span> <span class='ocrx_word' id='word_1_338' title='bbox 734 4108 787 4162; x_wconf 91' lang='lat' dir='ltr'><strong>in</strong></span> <span class='ocrx_word' id='word_1_339' title='bbox 817 4108 918 4163; x_wconf 85' lang='lat' dir='ltr'><strong>hac</strong></span> <span class='ocrx_word' id='word_1_340' title='bbox 952 4108 1200 4178; x_wconf 72' lang='lat' dir='ltr'><strong>praesenti</strong></span> <span class='ocrx_word' id='word_1_341' title='bbox 1232 4109 1336 4162; x_wconf 82' lang='lat' dir='ltr'><strong>vita</strong></span> <span class='ocrx_word' id='word_1_342' title='bbox 1357 4148 1374 4174; x_wconf 94' lang='lat'><strong>,</strong></span> <span class='ocrx_word' id='word_1_343' title='bbox 1411 4121 1481 4163; x_wconf 89' lang='lat' dir='ltr'><strong>eo</strong></span> <span class='ocrx_word' id='word_1_344' title='bbox 1514 4108 1656 4177; x_wconf 89' lang='lat' dir='ltr'><strong>quod</strong></span> <span class='ocrx_word' id='word_1_345' title='bbox 1687 4110 1886 4165; x_wconf 86' lang='lat' dir='ltr'><strong>virtute</strong></span> 
     </span>
    </p>
   </div>
   <div class='ocr_carea' id='block_1_44' title="bbox 283 4197 1886 4268">
    <p class='ocr_par' dir='ltr' id='par_1_44' title="bbox 283 4197 1886 4268">
     <span class='ocr_line' id='line_1_44' title="bbox 283 4197 1886 4268; baseline 0.001 -16"><span class='ocrx_word' id='word_1_346' title='bbox 283 4205 534 4252; x_wconf 80' lang='lat' dir='ltr'><strong>careant.</strong></span> <span class='ocrx_word' id='word_1_347' title='bbox 565 4197 705 4252; x_wconf 81' lang='lat' dir='ltr'><strong>Audi</strong></span> <span class='ocrx_word' id='word_1_348' title='bbox 733 4197 878 4254; x_wconf 88' lang='lat' dir='ltr'><strong>enim</strong></span> <span class='ocrx_word' id='word_1_349' title='bbox 906 4197 1220 4268; x_wconf 87' lang='lat' dir='ltr'><strong>prophetam</strong></span> <span class='ocrx_word' id='word_1_350' title='bbox 1257 4199 1574 4252; x_wconf 85' lang='lat' dir='ltr'><strong>clamantem</strong></span> <span class='ocrx_word' id='word_1_351' title='bbox 1617 4208 1671 4253; x_wconf 88' lang='lat' dir='ltr'><strong>et</strong></span> <span class='ocrx_word' id='word_1_352' title='bbox 1702 4199 1886 4253; x_wconf 90' lang='lat' dir='ltr'><strong>dicen-</strong></span> 
     </span>
    </p>
   </div>
   <div class='ocr_carea' id='block_1_45' title="bbox 282 4283 1884 4359">
    <p class='ocr_par' dir='ltr' id='par_1_45' title="bbox 282 4283 1884 4359">
     <span class='ocr_line' id='line_1_45' title="bbox 282 4283 1884 4359; baseline 0.002 -19"><span class='ocrx_word' id='word_1_353' title='bbox 282 4297 394 4341; x_wconf 89' lang='lat' dir='ltr'><strong>tem</strong></span> <span class='ocrx_word' id='word_1_354' title='bbox 427 4287 482 4341; x_wconf 93' lang='lat' dir='ltr'><strong>in</strong></span> <span class='ocrx_word' id='word_1_355' title='bbox 512 4285 689 4342; x_wconf 81' lang='lat' dir='ltr'><strong>Inedia</strong></span> <span class='ocrx_word' id='word_1_356' title='bbox 718 4283 1288 4359; x_wconf 80' lang='lat' dir='ltr'><strong>Jerosolymitanornm</strong></span> <span class='ocrx_word' id='word_1_357' title='bbox 1319 4288 1599 4357; x_wconf 81' lang='lat' dir='ltr'><strong>metrOpoli</strong></span> <span class='ocrx_word' id='word_1_358' title='bbox 1619 4328 1634 4351; x_wconf 93' lang='lat'><strong>,</strong></span> <span class='ocrx_word' id='word_1_359' title='bbox 1692 4289 1778 4343; x_wconf 86' lang='lat' dir='ltr'><strong>ubi</strong></span> <span class='ocrx_word' id='word_1_360' title='bbox 1809 4299 1884 4343; x_wconf 89' lang='lat' dir='ltr'><strong>tot</strong></span> 
     </span>
    </p>
   </div>
   <div class='ocr_carea' id='block_1_46' title="bbox 284 4377 1883 4443">
    <p class='ocr_par' dir='ltr' id='par_1_46' title="bbox 284 4377 1883 4443">
     <span class='ocr_line' id='line_1_46' title="bbox 284 4377 1883 4443; baseline 0.001 -11"><span class='ocrx_word' id='word_1_361' title='bbox 284 4378 456 4432; x_wconf 85' lang='lat' dir='ltr'><strong>millia</strong></span> <span class='ocrx_word' id='word_1_362' title='bbox 488 4378 714 4432; x_wconf 90' lang='lat' dir='ltr'><strong>millium</strong></span> <span class='ocrx_word' id='word_1_363' title='bbox 742 4387 798 4434; x_wconf 88' lang='lat' dir='ltr'><strong>et</strong></span> <span class='ocrx_word' id='word_1_364' title='bbox 825 4378 1110 4433; x_wconf 87' lang='lat' dir='ltr'><strong>multitudo</strong></span> <span class='ocrx_word' id='word_1_365' title='bbox 1138 4379 1415 4434; x_wconf 88' lang='lat' dir='ltr'><strong>innumera</strong></span> <span class='ocrx_word' id='word_1_366' title='bbox 1444 4396 1459 4433; x_wconf 92' lang='lat'><strong>:</strong></span> <span class='ocrx_word' id='word_1_367' title='bbox 1498 4377 1622 4432; x_wconf 79' lang='lat' dir='ltr'><strong>Veni</strong></span> <span class='ocrx_word' id='word_1_368' title='bbox 1645 4419 1660 4443; x_wconf 95' lang='lat'><strong>,</strong></span> <span class='ocrx_word' id='word_1_369' title='bbox 1707 4389 1751 4432; x_wconf 87' lang='lat' dir='ltr'><strong>et</strong></span> <span class='ocrx_word' id='word_1_370' title='bbox 1781 4395 1883 4433; x_wconf 82' lang='lat' dir='ltr'><strong>non</strong></span> 
     </span>
    </p>
   </div>
   <div class='ocr_carea' id='block_1_47' title="bbox 275 4469 1878 4542">
    <p class='ocr_par' dir='ltr' id='par_1_47' title="bbox 275 4469 1878 4542">
     <span class='ocr_line' id='line_1_47' title="bbox 275 4469 1878 4542; baseline 0 -18"><span class='ocrx_word' id='word_1_371' title='bbox 275 4479 386 4524; x_wconf 80' lang='lat' dir='ltr'><strong>erat</strong></span> <span class='ocrx_word' id='word_1_372' title='bbox 412 4469 604 4532; x_wconf 74' lang='lat' dir='ltr'><strong>homo;</strong></span> <span class='ocrx_word' id='word_1_373' title='bbox 631 4470 825 4534; x_wconf 75' lang='lat' dir='ltr'><strong>uocaui,</strong></span> <span class='ocrx_word' id='word_1_374' title='bbox 847 4478 895 4523; x_wconf 85' lang='lat' dir='ltr'><strong>et</strong></span> <span class='ocrx_word' id='word_1_375' title='bbox 921 4485 1023 4523; x_wconf 86' lang='lat' dir='ltr'><strong>non</strong></span> <span class='ocrx_word' id='word_1_376' title='bbox 1040 4479 1150 4523; x_wconf 85' lang='lat' dir='ltr'><strong>erat</strong></span> <span class='ocrx_word' id='word_1_377' title='bbox 1169 4471 1255 4538; x_wconf 83' lang='lat' dir='ltr'><strong>qui</strong></span> <span class='ocrx_word' id='word_1_378' title='bbox 1279 4469 1477 4523; x_wconf 80' lang='lat' dir='ltr'><strong>audiret</strong></span> <span class='ocrx_word' id='word_1_379' title='bbox 1495 4469 1647 4540; x_wconf 83' lang='lat' dir='ltr'><strong>(lsai.</strong></span> <span class='ocrx_word' id='word_1_380' title='bbox 1672 4471 1761 4526; x_wconf 82' lang='lat'><strong>50.</strong></span> <span class='ocrx_word' id='word_1_381' title='bbox 1783 4471 1842 4542; x_wconf 73' lang='lat'><strong>2)</strong></span> <span class='ocrx_word' id='word_1_382' title='bbox 1865 4489 1878 4525; x_wconf 91' lang='lat'><strong>:</strong></span> 
     </span>
    </p>
   </div>
   <div class='ocr_carea' id='block_1_48' title="bbox 274 4558 1880 4630">
    <p class='ocr_par' dir='ltr' id='par_1_48' title="bbox 274 4558 1880 4630">
     <span class='ocr_line' id='line_1_48' title="bbox 274 4558 1880 4630; baseline 0.001 -15"><span class='ocrx_word' id='word_1_383' title='bbox 274 4573 386 4615; x_wconf 83' lang='lat' dir='ltr'><strong>non</strong></span> <span class='ocrx_word' id='word_1_384' title='bbox 413 4559 538 4630; x_wconf 86' lang='lat' dir='ltr'><strong>quia</strong></span> <span class='ocrx_word' id='word_1_385' title='bbox 559 4575 669 4614; x_wconf 89' lang='lat' dir='ltr'><strong>non</strong></span> <span class='ocrx_word' id='word_1_386' title='bbox 692 4559 941 4624; x_wconf 83' lang='lat' dir='ltr'><strong>aderant,</strong></span> <span class='ocrx_word' id='word_1_387' title='bbox 971 4558 1066 4614; x_wconf 86' lang='lat' dir='ltr'><strong>sed</strong></span> <span class='ocrx_word' id='word_1_388' title='bbox 1095 4560 1216 4628; x_wconf 83' lang='lat' dir='ltr'><strong>quia</strong></span> <span class='ocrx_word' id='word_1_389' title='bbox 1252 4570 1544 4628; x_wconf 56' lang='lat' dir='ltr'><strong>prementes</strong></span> <span class='ocrx_word' id='word_1_390' title='bbox 1572 4560 1738 4614; x_wconf 90' lang='lat' dir='ltr'><strong>nihilo</strong></span> <span class='ocrx_word' id='word_1_391' title='bbox 1762 4576 1880 4616; x_wconf 88' lang='lat' dir='ltr'><strong>me-</strong></span> 
     </span>
    </p>
   </div>
   <div class='ocr_carea' id='block_1_49' title="bbox 275 4648 1882 4720">
    <p class='ocr_par' dir='ltr' id='par_1_49' title="bbox 275 4648 1882 4720">
     <span class='ocr_line' id='line_1_49' title="bbox 275 4648 1882 4720; baseline -0.001 -14"><span class='ocrx_word' id='word_1_392' title='bbox 275 4648 444 4706; x_wconf 82' lang='lat' dir='ltr'><strong>liores</strong></span> <span class='ocrx_word' id='word_1_393' title='bbox 469 4658 644 4713; x_wconf 82' lang='lat' dir='ltr'><strong>crant,</strong></span> <span class='ocrx_word' id='word_1_394' title='bbox 676 4664 838 4720; x_wconf 80' lang='lat' dir='ltr'><strong>quam</strong></span> <span class='ocrx_word' id='word_1_395' title='bbox 863 4649 912 4705; x_wconf 89' lang='lat' dir='ltr'><strong>si</strong></span> <span class='ocrx_word' id='word_1_396' title='bbox 945 4665 1052 4704; x_wconf 90' lang='lat' dir='ltr'><strong>non</strong></span> <span class='ocrx_word' id='word_1_397' title='bbox 1081 4648 1307 4704; x_wconf 84' lang='lat' dir='ltr'><strong>fuissent</strong></span> <span class='ocrx_word' id='word_1_398' title='bbox 1332 4659 1647 4718; x_wconf 62' lang='lat' dir='ltr'><strong>praesentes.</strong></span> <span class='ocrx_word' id='word_1_399' title='bbox 1680 4649 1745 4704; x_wconf 85' lang='lat' dir='ltr'><strong>Et</strong></span> <span class='ocrx_word' id='word_1_400' title='bbox 1772 4651 1882 4705; x_wconf 91' lang='lat' dir='ltr'><strong>alio</strong></span> 
     </span>
    </p>
   </div>
   <div class='ocr_carea' id='block_1_50' title="bbox 272 4738 1880 4816">
    <p class='ocr_par' dir='ltr' id='par_1_50' title="bbox 272 4738 1880 4816">
     <span class='ocr_line' id='line_1_50' title="bbox 272 4738 1880 4816; baseline 0.001 -22"><span class='ocrx_word' id='word_1_401' title='bbox 272 4753 495 4810; x_wconf 75' lang='lat' dir='ltr'><strong>quoque</strong></span> <span class='ocrx_word' id='word_1_402' title='bbox 517 4739 638 4816; x_wconf 80' lang='lat' dir='ltr'><strong>loco</strong></span> <span class='ocrx_word' id='word_1_403' title='bbox 668 4758 682 4793; x_wconf 92' lang='lat'>:</span> <span class='ocrx_word' id='word_1_404' title='bbox 719 4738 1001 4794; x_wconf 86' lang='lat' dir='ltr'><strong>Diseurrite</strong></span> <span class='ocrx_word' id='word_1_405' title='bbox 1019 4750 1069 4795; x_wconf 83' lang='lat' dir='ltr'><strong>et</strong></span> <span class='ocrx_word' id='word_1_406' title='bbox 1087 4740 1269 4803; x_wconf 78' lang='lat' dir='ltr'><strong>videte,</strong></span> <span class='ocrx_word' id='word_1_407' title='bbox 1300 4741 1346 4795; x_wconf 87' lang='lat' dir='ltr'><strong>si</strong></span> <span class='ocrx_word' id='word_1_408' title='bbox 1371 4751 1441 4794; x_wconf 87' lang='lat' dir='ltr'><strong>est</strong></span> <span class='ocrx_word' id='word_1_409' title='bbox 1459 4757 1591 4794; x_wconf 80' lang='lat' dir='ltr'><strong>unus</strong></span> <span class='ocrx_word' id='word_1_410' title='bbox 1615 4741 1703 4809; x_wconf 85' lang='lat' dir='ltr'><strong>qui</strong></span> <span class='ocrx_word' id='word_1_411' title='bbox 1725 4741 1880 4809; x_wconf 75' lang='lat' dir='ltr'><strong>faciat</strong></span> 
     </span>
    </p>
   </div>
   <div class='ocr_carea' id='block_1_51' title="bbox 260 4819 1731 4906">
    <p class='ocr_par' dir='ltr' id='par_1_51' title="bbox 260 4819 1731 4906">
     <span class='ocr_line' id='line_1_51' title="bbox 260 4819 1731 4906; baseline -0.003 -14"><span class='ocrx_word' id='word_1_412' title='bbox 260 4819 532 4906; x_wconf 75' lang='lat' dir='ltr'><strong>judicium</strong></span> <span class='ocrx_word' id='word_1_413' title='bbox 560 4842 608 4887; x_wconf 87' lang='lat' dir='ltr'><strong>et</strong></span> <span class='ocrx_word' id='word_1_414' title='bbox 627 4834 916 4906; x_wconf 77' lang='lat' dir='ltr'><strong>justitiam,</strong></span> <span class='ocrx_word' id='word_1_415' title='bbox 939 4844 986 4889; x_wconf 78' lang='grc' dir='ltr'><strong>ιι</strong></span> <span class='ocrx_word' id='word_1_416' title='bbox 1007 4835 1258 4904; x_wconf 73' lang='grc' dir='ltr'><strong>ρτορειίιω</strong></span> <span class='ocrx_word' id='word_1_417' title='bbox 1275 4850 1361 4888; x_wconf 86' lang='lat' dir='ltr'><strong>ero</strong></span> <span class='ocrx_word' id='word_1_418' title='bbox 1381 4833 1526 4905; x_wconf 79' lang='lat' dir='ltr'><strong>(Jer.</strong></span> <span class='ocrx_word' id='word_1_419' title='bbox 1556 4835 1610 4890; x_wconf 84' lang='lat'><strong>5.</strong></span> <span class='ocrx_word' id='word_1_420' title='bbox 1639 4836 1664 4889; x_wconf 72' lang='grc' dir='ltr'><strong>ι</strong></span> <span class='ocrx_word' id='word_1_421' title='bbox 1693 4836 1731 4904; x_wconf 90' lang='grc'><strong>).</strong></span> 
     </span>
    </p>
   </div>
   <div class='ocr_carea' id='block_1_52' title="bbox 351 4921 1880 4996">
    <p class='ocr_par' dir='ltr' id='par_1_52' title="bbox 351 4921 1880 4996">
     <span class='ocr_line' id='line_1_52' title="bbox 351 4921 1880 4996; baseline -0.001 -18"><span class='ocrx_word' id='word_1_422' title='bbox 351 4921 496 4978; x_wconf 72' lang='lat' dir='ltr'><strong>Deus</strong></span> <span class='ocrx_word' id='word_1_423' title='bbox 521 4924 775 4978; x_wconf 74' lang='lat' dir='ltr'><strong>hominem</strong></span> <span class='ocrx_word' id='word_1_424' title='bbox 798 4940 915 4978; x_wconf 85' lang='lat' dir='ltr'><strong>eum</strong></span> <span class='ocrx_word' id='word_1_425' title='bbox 933 4924 1098 4980; x_wconf 75' lang='lat' dir='ltr'><strong>solum</strong></span> <span class='ocrx_word' id='word_1_426' title='bbox 1121 4933 1265 4978; x_wconf 77' lang='lat' dir='ltr'><strong>uocat</strong></span> <span class='ocrx_word' id='word_1_427' title='bbox 1283 4925 1371 4996; x_wconf 80' lang='lat' dir='ltr'><strong>qui</strong></span> <span class='ocrx_word' id='word_1_428' title='bbox 1392 4926 1622 4978; x_wconf 79' lang='lat' dir='ltr'><strong>virtutem</strong></span> <span class='ocrx_word' id='word_1_429' title='bbox 1643 4925 1779 4978; x_wconf 89' lang='lat' dir='ltr'><strong>colit.</strong></span> <span class='ocrx_word' id='word_1_430' title='bbox 1808 4954 1880 4965; x_wconf 95' lang='lat'>—</span> 
     </span>
    </p>
   </div>
   <div class='ocr_carea' id='block_1_53' title="bbox 277 4998 1876 5086">
    <p class='ocr_par' dir='ltr' id='par_1_53' title="bbox 277 4998 1876 5086">
     <span class='ocr_line' id='line_1_53' title="bbox 277 4998 1876 5086; baseline 0.001 -16"><span class='ocrx_word' id='word_1_431' title='bbox 277 5015 475 5071; x_wconf 78' lang='lat' dir='ltr'><strong>Vidisti</strong></span> <span class='ocrx_word' id='word_1_432' title='bbox 503 5015 773 5086; x_wconf 90' lang='lat' dir='ltr'><strong>quomodo</strong></span> <span class='ocrx_word' id='word_1_433' title='bbox 799 5016 948 5070; x_wconf 90' lang='lat' dir='ltr'><strong>illum</strong></span> <span class='ocrx_word' id='word_1_434' title='bbox 975 5017 1148 5071; x_wconf 90' lang='lat' dir='ltr'><strong>solum</strong></span> <span class='ocrx_word' id='word_1_435' title='bbox 1174 4998 1458 5086; x_wconf 33' lang='lat' dir='ltr'><strong>Scriptura.</strong></span> <span class='ocrx_word' id='word_1_436' title='bbox 1490 5025 1673 5071; x_wconf 88' lang='lat' dir='ltr'><strong>sancta</strong></span> <span class='ocrx_word' id='word_1_437' title='bbox 1706 5016 1876 5071; x_wconf 82' lang='lat' dir='ltr'><strong>homi-</strong></span> 
     </span>
    </p>
   </div>
   <div class='ocr_carea' id='block_1_54' title="bbox 269 5107 1876 5177">
    <p class='ocr_par' dir='ltr' id='par_1_54' title="bbox 269 5107 1876 5177">
     <span class='ocr_line' id='line_1_54' title="bbox 269 5107 1876 5177; baseline -0.001 -13"><span class='ocrx_word' id='word_1_438' title='bbox 269 5114 402 5164; x_wconf 81' lang='lat' dir='ltr'><strong>nem</strong></span> <span class='ocrx_word' id='word_1_439' title='bbox 434 5120 626 5163; x_wconf 86' lang='lat' dir='ltr'><strong>vocare</strong></span> <span class='ocrx_word' id='word_1_440' title='bbox 655 5107 826 5175; x_wconf 84' lang='lat' dir='ltr'><strong>solet,</strong></span> <span class='ocrx_word' id='word_1_441' title='bbox 851 5108 940 5177; x_wconf 92' lang='lat' dir='ltr'><strong>qui</strong></span> <span class='ocrx_word' id='word_1_442' title='bbox 972 5108 1219 5163; x_wconf 82' lang='lat' dir='ltr'><strong>virtutem</strong></span> <span class='ocrx_word' id='word_1_443' title='bbox 1249 5109 1380 5163; x_wconf 91' lang='lat' dir='ltr'><strong>colit</strong></span> <span class='ocrx_word' id='word_1_444' title='bbox 1407 5126 1419 5160; x_wconf 92' lang='lat'>:</span> <span class='ocrx_word' id='word_1_445' title='bbox 1453 5118 1676 5164; x_wconf 61' lang='lat' dir='ltr'><strong>caeteros</strong></span> <span class='ocrx_word' id='word_1_446' title='bbox 1698 5121 1876 5164; x_wconf 84' lang='lat' dir='ltr'><strong>autem</strong></span> 
     </span>
    </p>
   </div>
   <div class='ocr_carea' id='block_1_55' title="bbox 273 5198 1874 5268">
    <p class='ocr_par' dir='ltr' id='par_1_55' title="bbox 273 5198 1874 5268">
     <span class='ocr_line' id='line_1_55' title="bbox 273 5198 1874 5268; baseline 0.002 -18"><span class='ocrx_word' id='word_1_447' title='bbox 273 5211 454 5268; x_wconf 87' lang='lat' dir='ltr'><strong>neque</strong></span> <span class='ocrx_word' id='word_1_448' title='bbox 479 5211 600 5251; x_wconf 87' lang='lat' dir='ltr'><strong>esse</strong></span> <span class='ocrx_word' id='word_1_449' title='bbox 625 5207 794 5266; x_wconf 88' lang='lat' dir='ltr'><strong>putat,</strong></span> <span class='ocrx_word' id='word_1_450' title='bbox 825 5198 920 5253; x_wconf 84' lang='lat' dir='ltr'><strong>sed</strong></span> <span class='ocrx_word' id='word_1_451' title='bbox 946 5198 1237 5267; x_wconf 83' lang='lat' dir='ltr'><strong>aliquando</strong></span> <span class='ocrx_word' id='word_1_452' title='bbox 1265 5207 1421 5252; x_wconf 87' lang='lat' dir='ltr'><strong>vocat</strong></span> <span class='ocrx_word' id='word_1_453' title='bbox 1443 5208 1664 5264; x_wconf 88' lang='lat' dir='ltr'><strong>terram,</strong></span> <span class='ocrx_word' id='word_1_454' title='bbox 1694 5210 1746 5254; x_wconf 90' lang='lat' dir='ltr'><strong>et</strong></span> <span class='ocrx_word' id='word_1_455' title='bbox 1777 5201 1874 5253; x_wconf 81' lang='lat' dir='ltr'><strong>ali-</strong></span> 
     </span>
    </p>
   </div>
   <div class='ocr_carea' id='block_1_56' title="bbox 276 5286 1875 5359">
    <p class='ocr_par' dir='ltr' id='par_1_56' title="bbox 276 5286 1875 5359">
     <span class='ocr_line' id='line_1_56' title="bbox 276 5286 1875 5359; baseline 0.003 -19"><span class='ocrx_word' id='word_1_456' title='bbox 276 5286 498 5359; x_wconf 87' lang='lat' dir='ltr'><strong>quando</strong></span> <span class='ocrx_word' id='word_1_457' title='bbox 539 5289 803 5342; x_wconf 81' lang='lat' dir='ltr'><strong>carnem?</strong></span> <span class='ocrx_word' id='word_1_458' title='bbox 850 5288 962 5344; x_wconf 79' lang='lat' dir='ltr'><strong>Bac</strong></span> <span class='ocrx_word' id='word_1_459' title='bbox 1006 5288 1075 5344; x_wconf 89' lang='lat' dir='ltr'><strong>de</strong></span> <span class='ocrx_word' id='word_1_460' title='bbox 1124 5302 1284 5343; x_wconf 86' lang='lat' dir='ltr'><strong>causa</strong></span> <span class='ocrx_word' id='word_1_461' title='bbox 1339 5289 1701 5359; x_wconf 84' lang='lat' dir='ltr'><strong>genealogiam</strong></span> <span class='ocrx_word' id='word_1_462' title='bbox 1746 5289 1875 5359; x_wconf 86' lang='lat' dir='ltr'><strong>justi</strong></span> 
     </span>
    </p>
   </div>
   <div class='ocr_carea' id='block_1_57' title="bbox 275 5381 1876 5451">
    <p class='ocr_par' dir='ltr' id='par_1_57' title="bbox 275 5381 1876 5451">
     <span class='ocr_line' id='line_1_57' title="bbox 275 5381 1876 5451; baseline 0 -15"><span class='ocrx_word' id='word_1_463' title='bbox 275 5389 614 5448; x_wconf 80' lang='lat' dir='ltr'><strong>narraturam</strong></span> <span class='ocrx_word' id='word_1_464' title='bbox 635 5394 696 5435; x_wconf 86' lang='lat' dir='ltr'><strong>se</strong></span> <span class='ocrx_word' id='word_1_465' title='bbox 715 5381 1032 5450; x_wconf 87' lang='lat' dir='ltr'><strong>promittens</strong></span> <span class='ocrx_word' id='word_1_466' title='bbox 1056 5381 1236 5436; x_wconf 87' lang='lat' dir='ltr'><strong>divina</strong></span> <span class='ocrx_word' id='word_1_467' title='bbox 1263 5381 1537 5451; x_wconf 86' lang='lat' dir='ltr'><strong>Scriptura</strong></span> <span class='ocrx_word' id='word_1_468' title='bbox 1567 5382 1695 5436; x_wconf 92' lang='lat' dir='ltr'><strong>dicit</strong></span> <span class='ocrx_word' id='word_1_469' title='bbox 1724 5402 1736 5434; x_wconf 93' lang='lat'>:</span> <span class='ocrx_word' id='word_1_470' title='bbox 1763 5381 1876 5436; x_wconf 79' lang='lat' dir='ltr'><strong>Noe</strong></span> 
     </span>
    </p>
   </div>
   <div class='ocr_carea' id='block_1_58' title="bbox 277 5470 1876 5537">
    <p class='ocr_par' dir='ltr' id='par_1_58' title="bbox 277 5470 1876 5537">
     <span class='ocr_line' id='line_1_58' title="bbox 277 5470 1876 5537; baseline 0.002 -14"><span class='ocrx_word' id='word_1_471' title='bbox 277 5470 428 5524; x_wconf 68' lang='lat' dir='ltr'><strong>homo</strong></span> <span class='ocrx_word' id='word_1_472' title='bbox 458 5489 474 5524; x_wconf 91' lang='lat'><strong><em>:</em></strong></span> <span class='ocrx_word' id='word_1_473' title='bbox 506 5471 592 5525; x_wconf 90' lang='lat' dir='ltr'><strong>hic</strong></span> <span class='ocrx_word' id='word_1_474' title='bbox 613 5471 756 5526; x_wconf 91' lang='lat' dir='ltr'><strong>enim</strong></span> <span class='ocrx_word' id='word_1_475' title='bbox 778 5471 926 5527; x_wconf 87' lang='lat' dir='ltr'><strong>solus</strong></span> <span class='ocrx_word' id='word_1_476' title='bbox 951 5472 1134 5537; x_wconf 91' lang='lat' dir='ltr'><strong>homo,</strong></span> <span class='ocrx_word' id='word_1_477' title='bbox 1163 5472 1341 5526; x_wconf 72' lang='lat' dir='ltr'><strong>emtcri</strong></span> <span class='ocrx_word' id='word_1_478' title='bbox 1368 5481 1546 5526; x_wconf 90' lang='lat' dir='ltr'><strong>autem</strong></span> <span class='ocrx_word' id='word_1_479' title='bbox 1577 5488 1683 5526; x_wconf 92' lang='lat' dir='ltr'><strong>non</strong></span> <span class='ocrx_word' id='word_1_480' title='bbox 1708 5472 1876 5527; x_wconf 83' lang='lat' dir='ltr'><strong>hami--</strong></span> 
     </span>
    </p>
   </div>
   <div class='ocr_carea' id='block_1_59' title="bbox 273 5561 1874 5635">
    <p class='ocr_par' dir='ltr' id='par_1_59' title="bbox 273 5561 1874 5635">
     <span class='ocr_line' id='line_1_59' title="bbox 273 5561 1874 5635; baseline 0.002 -18"><span class='ocrx_word' id='word_1_481' title='bbox 273 5574 409 5626; x_wconf 75' lang='lat' dir='ltr'><strong>nes,</strong></span> <span class='ocrx_word' id='word_1_482' title='bbox 436 5561 532 5618; x_wconf 81' lang='lat' dir='ltr'><strong>sed</strong></span> <span class='ocrx_word' id='word_1_483' title='bbox 563 5561 850 5618; x_wconf 80' lang='lat' dir='ltr'><strong>humanam</strong></span> <span class='ocrx_word' id='word_1_484' title='bbox 877 5575 1124 5635; x_wconf 77' lang='lat' dir='ltr'><strong>gerentes</strong></span> <span class='ocrx_word' id='word_1_485' title='bbox 1161 5564 1387 5619; x_wconf 86' lang='lat' dir='ltr'><strong>formam</strong></span> <span class='ocrx_word' id='word_1_486' title='bbox 1414 5604 1430 5630; x_wconf 93' lang='lat'><strong>,</strong></span> <span class='ocrx_word' id='word_1_487' title='bbox 1465 5573 1522 5620; x_wconf 89' lang='lat' dir='ltr'><strong>et</strong></span> <span class='ocrx_word' id='word_1_488' title='bbox 1549 5580 1614 5621; x_wconf 79' lang='lat' dir='ltr'><strong>ex</strong></span> <span class='ocrx_word' id='word_1_489' title='bbox 1644 5566 1874 5622; x_wconf 83' lang='lat' dir='ltr'><strong>homini-</strong></span> 
     </span>
    </p>
   </div>
   <div class='ocr_carea' id='block_1_60' title="bbox 281 5650 1872 5724">
    <p class='ocr_par' dir='ltr' id='par_1_60' title="bbox 281 5650 1872 5724">
     <span class='ocr_line' id='line_1_60' title="bbox 281 5650 1872 5724; baseline 0.006 -17"><span class='ocrx_word' id='word_1_490' title='bbox 281 5650 378 5707; x_wconf 80' lang='lat' dir='ltr'><strong>bus</strong></span> <span class='ocrx_word' id='word_1_491' title='bbox 405 5654 460 5709; x_wconf 91' lang='lat' dir='ltr'><strong>in</strong></span> <span class='ocrx_word' id='word_1_492' title='bbox 484 5654 686 5712; x_wconf 75' lang='lat' dir='ltr'><strong>bestias</strong></span> <span class='ocrx_word' id='word_1_493' title='bbox 711 5655 944 5724; x_wconf 79' lang='lat' dir='ltr'><strong>mutati,</strong></span> <span class='ocrx_word' id='word_1_494' title='bbox 988 5655 1186 5712; x_wconf 82' lang='lat' dir='ltr'><strong>malitia</strong></span> <span class='ocrx_word' id='word_1_495' title='bbox 1213 5656 1499 5713; x_wconf 86' lang='lat' dir='ltr'><strong>voluntatis</strong></span> <span class='ocrx_word' id='word_1_496' title='bbox 1541 5658 1872 5717; x_wconf 86' lang='lat' dir='ltr'><strong>nobilitatem</strong></span> 
     </span>
    </p>
   </div>
   <div class='ocr_carea' id='block_1_61' title="bbox 1398 5843 1426 5872">
    <p class='ocr_par' dir='ltr' id='par_1_61' title="bbox 1398 5843 1426 5872">
     <span class='ocr_line' id='line_1_61' title="bbox 1398 5843 1426 5872; baseline 0 0"><span class='ocrx_word' id='word_1_497' title='bbox 1398 5843 1426 5872; x_wconf 88' lang='lat'>\</span> 
     </span>
    </p>
   </div>
   <div class='ocr_carea' id='block_1_62' title="bbox 1328 249 2508 316">
    <p class='ocr_par' dir='ltr' id='par_1_62' title="bbox 1328 249 2508 316">
     <span class='ocr_line' id='line_1_62' title="bbox 1328 249 2508 316; baseline -0.002 0"><span class='ocrx_word' id='word_1_498' title='bbox 1328 259 1392 316; x_wconf 84' lang='lat' dir='ltr'><strong>IN</strong></span> <span class='ocrx_word' id='word_1_499' title='bbox 1430 254 1583 315; x_wconf 78' lang='lat' dir='ltr'><strong>CAP.</strong></span> <span class='ocrx_word' id='word_1_500' title='bbox 1631 251 1717 308; x_wconf 80' lang='lat' dir='ltr'><strong>Vl.</strong></span> <span class='ocrx_word' id='word_1_501' title='bbox 1749 249 2000 308; x_wconf 72' lang='lat' dir='ltr'><strong>GENES.</strong></span> <span class='ocrx_word' id='word_1_502' title='bbox 2041 249 2272 311; x_wconf 76' lang='lat' dir='ltr'><strong>HUMIL.</strong></span> <span class='ocrx_word' id='word_1_503' title='bbox 2317 257 2508 314; x_wconf 71' lang='lat' dir='ltr'><strong>XXIII.</strong></span> 
     </span>
    </p>
   </div>
   <div class='ocr_carea' id='block_1_63' title="bbox 2058 371 3655 439">
    <p class='ocr_par' dir='ltr' id='par_1_63' title="bbox 2058 371 3655 439">
     <span class='ocr_line' id='line_1_63' title="bbox 2058 371 3655 439; baseline 0.012 -21"><span class='ocrx_word' id='word_1_504' title='bbox 2058 375 2262 422; x_wconf 75' lang='lat' dir='ltr'><strong>natura:</strong></span> <span class='ocrx_word' id='word_1_505' title='bbox 2311 371 2624 424; x_wconf 80' lang='lat' dir='ltr'><strong>amiserunt.</strong></span> <span class='ocrx_word' id='word_1_506' title='bbox 2671 373 2825 439; x_wconf 85' lang='lat' dir='ltr'><strong>Quod</strong></span> <span class='ocrx_word' id='word_1_507' title='bbox 2856 373 3000 432; x_wconf 90' lang='lat' dir='ltr'><strong>enim</strong></span> <span class='ocrx_word' id='word_1_508' title='bbox 3025 389 3147 430; x_wconf 89' lang='lat' dir='ltr'><strong>cum</strong></span> <span class='ocrx_word' id='word_1_509' title='bbox 3181 376 3234 432; x_wconf 89' lang='lat' dir='ltr'><strong>in</strong></span> <span class='ocrx_word' id='word_1_510' title='bbox 3262 378 3460 436; x_wconf 86' lang='lat' dir='ltr'><strong>malum</strong></span> <span class='ocrx_word' id='word_1_511' title='bbox 3487 380 3655 437; x_wconf 73' lang='lat' dir='ltr'><strong>det-li-</strong></span> 
     </span>
    </p>
   </div>
   <div class='ocr_carea' id='block_1_64' title="bbox 2051 461 3651 548">
    <p class='ocr_par' dir='ltr' id='par_1_64' title="bbox 2051 461 3651 548">
     <span class='ocr_line' id='line_1_64' title="bbox 2051 461 3651 548; baseline 0.009 -36"><span class='ocrx_word' id='word_1_512' title='bbox 2051 469 2183 514; x_wconf 91' lang='lat' dir='ltr'><strong>nant</strong></span> <span class='ocrx_word' id='word_1_513' title='bbox 2212 461 2457 548; x_wconf 70' lang='lat' dir='ltr'><strong>homines</strong></span> <span class='ocrx_word' id='word_1_514' title='bbox 2485 465 2802 531; x_wconf 86' lang='lat' dir='ltr'><strong>rationales,</strong></span> <span class='ocrx_word' id='word_1_515' title='bbox 2843 476 2898 521; x_wconf 92' lang='lat' dir='ltr'><strong>et</strong></span> <span class='ocrx_word' id='word_1_516' title='bbox 2927 468 3069 522; x_wconf 86' lang='lat' dir='ltr'><strong>servi</strong></span> <span class='ocrx_word' id='word_1_517' title='bbox 3101 468 3235 523; x_wconf 81' lang='lat' dir='ltr'><strong>fiunt</strong></span> <span class='ocrx_word' id='word_1_518' title='bbox 3261 469 3651 526; x_wconf 84' lang='lat' dir='ltr'><strong>irrationalium</strong></span> 
     </span>
    </p>
   </div>
   <div class='ocr_carea' id='block_1_65' title="bbox 2046 547 3650 628">
    <p class='ocr_par' dir='ltr' id='par_1_65' title="bbox 2046 547 3650 628">
     <span class='ocr_line' id='line_1_65' title="bbox 2046 547 3650 628; baseline 0.011 -27"><span class='ocrx_word' id='word_1_519' title='bbox 2046 547 2410 616; x_wconf 71' lang='lat' dir='ltr'><strong>adiectionem,</strong></span> <span class='ocrx_word' id='word_1_520' title='bbox 2440 552 2619 608; x_wconf 86' lang='lat' dir='ltr'><strong>divina</strong></span> <span class='ocrx_word' id='word_1_521' title='bbox 2651 556 2924 624; x_wconf 88' lang='lat' dir='ltr'><strong>Scriptura</strong></span> <span class='ocrx_word' id='word_1_522' title='bbox 2954 559 3194 628; x_wconf 88' lang='lat' dir='ltr'><strong>imponat</strong></span> <span class='ocrx_word' id='word_1_523' title='bbox 3225 559 3330 615; x_wconf 83' lang='lat' dir='ltr'><strong>illis</strong></span> <span class='ocrx_word' id='word_1_524' title='bbox 3351 559 3650 617; x_wconf 87' lang='lat' dir='ltr'><strong>bestiarum</strong></span> 
     </span>
    </p>
   </div>
   <div class='ocr_carea' id='block_1_66' title="bbox 2045 641 3652 724">
    <p class='ocr_par' dir='ltr' id='par_1_66' title="bbox 2045 641 3652 724">
     <span class='ocr_line' id='line_1_66' title="bbox 2045 641 3652 724; baseline 0.009 -31"><span class='ocrx_word' id='word_1_525' title='bbox 2045 641 2284 706; x_wconf 90' lang='lat' dir='ltr'><strong>nomina,</strong></span> <span class='ocrx_word' id='word_1_526' title='bbox 2317 644 2438 697; x_wconf 83' lang='lat' dir='ltr'><strong>audi</strong></span> <span class='ocrx_word' id='word_1_527' title='bbox 2468 647 2779 724; x_wconf 73' lang='lat' dir='ltr'><strong>utquodam</strong></span> <span class='ocrx_word' id='word_1_528' title='bbox 2813 649 2929 704; x_wconf 86' lang='lat' dir='ltr'><strong>loco</strong></span> <span class='ocrx_word' id='word_1_529' title='bbox 2948 649 3080 704; x_wconf 87' lang='lat' dir='ltr'><strong>dicit</strong></span> <span class='ocrx_word' id='word_1_530' title='bbox 3109 665 3124 705; x_wconf 87' lang='lat'>:</span> <span class='ocrx_word' id='word_1_531' title='bbox 3162 649 3299 722; x_wconf 83' lang='lat' dir='ltr'><strong>Equi</strong></span> <span class='ocrx_word' id='word_1_532' title='bbox 3341 656 3652 724; x_wconf 78' lang='lat' dir='ltr'><strong>feminarum</strong></span> 
     </span>
    </p>
   </div>
   <div class='ocr_carea' id='block_1_67' title="bbox 2043 736 3651 813">
    <p class='ocr_par' dir='ltr' id='par_1_67' title="bbox 2043 736 3651 813">
     <span class='ocr_line' id='line_1_67' title="bbox 2043 736 3651 813; baseline 0.012 -31"><span class='ocrx_word' id='word_1_533' title='bbox 2043 743 2296 787; x_wconf 86' lang='lat' dir='ltr'><strong>amatores</strong></span> <span class='ocrx_word' id='word_1_534' title='bbox 2321 736 2445 804; x_wconf 82' lang='lat' dir='ltr'><strong>facti</strong></span> <span class='ocrx_word' id='word_1_535' title='bbox 2472 749 2591 791; x_wconf 87' lang='lat' dir='ltr'><strong>sunt</strong></span> <span class='ocrx_word' id='word_1_536' title='bbox 2625 738 2758 809; x_wconf 84' lang='lat' dir='ltr'><strong>(Jer.</strong></span> <span class='ocrx_word' id='word_1_537' title='bbox 2796 739 2850 795; x_wconf 83' lang='lat'><strong>5.</strong></span> <span class='ocrx_word' id='word_1_538' title='bbox 2881 740 2956 807; x_wconf 89' lang='lat'><strong>8).</strong></span> <span class='ocrx_word' id='word_1_539' title='bbox 2991 741 3121 797; x_wconf 83' lang='lat' dir='ltr'><strong>Vide</strong></span> <span class='ocrx_word' id='word_1_540' title='bbox 3150 745 3422 813; x_wconf 89' lang='lat' dir='ltr'><strong>quomodo</strong></span> <span class='ocrx_word' id='word_1_541' title='bbox 3446 749 3518 801; x_wconf 88' lang='lat' dir='ltr'><strong>ob</strong></span> <span class='ocrx_word' id='word_1_542' title='bbox 3544 745 3651 800; x_wconf 78' lang='lat' dir='ltr'><strong>im-</strong></span> 
     </span>
    </p>
   </div>
   <div class='ocr_carea' id='block_1_68' title="bbox 2041 821 3647 906">
    <p class='ocr_par' dir='ltr' id='par_1_68' title="bbox 2041 821 3647 906">
     <span class='ocr_line' id='line_1_68' title="bbox 2041 821 3647 906; baseline 0.011 -32"><span class='ocrx_word' id='word_1_543' title='bbox 2041 821 2306 876; x_wconf 86' lang='lat' dir='ltr'><strong>modicam</strong></span> <span class='ocrx_word' id='word_1_544' title='bbox 2343 826 2673 882; x_wconf 86' lang='lat' dir='ltr'><strong>salacitatem</strong></span> <span class='ocrx_word' id='word_1_545' title='bbox 2725 830 2865 884; x_wconf 90' lang='lat' dir='ltr'><strong>hanc</strong></span> <span class='ocrx_word' id='word_1_546' title='bbox 2910 832 3187 887; x_wconf 89' lang='lat' dir='ltr'><strong>brutorum</strong></span> <span class='ocrx_word' id='word_1_547' title='bbox 3216 837 3647 906; x_wconf 80' lang='lat' dir='ltr'><strong>cognominatio-</strong></span> 
     </span>
    </p>
   </div>
   <div class='ocr_carea' id='block_1_69' title="bbox 2042 911 3647 992">
    <p class='ocr_par' dir='ltr' id='par_1_69' title="bbox 2042 911 3647 992">
     <span class='ocr_line' id='line_1_69' title="bbox 2042 911 3647 992; baseline 0.012 -30"><span class='ocrx_word' id='word_1_548' title='bbox 2042 924 2162 963; x_wconf 91' lang='lat' dir='ltr'><strong>nem</strong></span> <span class='ocrx_word' id='word_1_549' title='bbox 2194 911 2362 968; x_wconf 83' lang='lat' dir='ltr'><strong>indal.</strong></span> <span class='ocrx_word' id='word_1_550' title='bbox 2394 915 2530 968; x_wconf 79' lang='lat' dir='ltr'><strong>Alibi</strong></span> <span class='ocrx_word' id='word_1_551' title='bbox 2561 927 2739 971; x_wconf 88' lang='lat' dir='ltr'><strong>autem</strong></span> <span class='ocrx_word' id='word_1_552' title='bbox 2770 936 2782 971; x_wconf 92' lang='lat'><em>:</em></span> <span class='ocrx_word' id='word_1_553' title='bbox 2825 917 3085 974; x_wconf 83' lang='lat' dir='ltr'><strong>Venenum</strong></span> <span class='ocrx_word' id='word_1_554' title='bbox 3112 924 3350 992; x_wconf 76' lang='lat' dir='ltr'><strong>aspidm</strong></span> <span class='ocrx_word' id='word_1_555' title='bbox 3382 925 3474 979; x_wconf 85' lang='lat' dir='ltr'><strong>sub</strong></span> <span class='ocrx_word' id='word_1_556' title='bbox 3495 925 3647 983; x_wconf 81' lang='lat' dir='ltr'><strong>labiis</strong></span> 
     </span>
    </p>
   </div>
   <div class='ocr_carea' id='block_1_70' title="bbox 2039 1001 3646 1081">
    <p class='ocr_par' dir='ltr' id='par_1_70' title="bbox 2039 1001 3646 1081">
     <span class='ocr_line' id='line_1_70' title="bbox 2039 1001 3646 1081; baseline 0.014 -30"><span class='ocrx_word' id='word_1_557' title='bbox 2039 1015 2210 1053; x_wconf 80' lang='lat' dir='ltr'><strong>eorum</strong></span> <span class='ocrx_word' id='word_1_558' title='bbox 2237 1001 2409 1070; x_wconf 83' lang='lat' dir='ltr'><strong>(Psal.</strong></span> <span class='ocrx_word' id='word_1_559' title='bbox 2443 1007 2528 1061; x_wconf 79' lang='lat' dir='ltr'><strong>l3.</strong></span> <span class='ocrx_word' id='word_1_560' title='bbox 2560 1008 2612 1070; x_wconf 78' lang='lat'><strong>3,</strong></span> <span class='ocrx_word' id='word_1_561' title='bbox 2646 1018 2691 1060; x_wconf 87' lang='lat' dir='ltr'><strong>et</strong></span> <span class='ocrx_word' id='word_1_562' title='bbox 2720 1008 2844 1064; x_wconf 73' lang='grc'><strong>159.</strong></span> <span class='ocrx_word' id='word_1_563' title='bbox 2872 1010 2951 1079; x_wconf 73' lang='grc'><strong>4),</strong></span> <span class='ocrx_word' id='word_1_564' title='bbox 2986 1011 3073 1065; x_wconf 87' lang='lat' dir='ltr'><strong>ubi</strong></span> <span class='ocrx_word' id='word_1_565' title='bbox 3103 1014 3219 1081; x_wconf 84' lang='lat' dir='ltr'><strong>ejus</strong></span> <span class='ocrx_word' id='word_1_566' title='bbox 3250 1014 3436 1070; x_wconf 76' lang='lat' dir='ltr'><strong>bestia.-</strong></span> <span class='ocrx_word' id='word_1_567' title='bbox 3459 1017 3646 1073; x_wconf 84' lang='lat' dir='ltr'><strong>dolum</strong></span> 
     </span>
    </p>
   </div>
   <div class='ocr_carea' id='block_1_71' title="bbox 2037 1091 3644 1176">
    <p class='ocr_par' dir='ltr' id='par_1_71' title="bbox 2037 1091 3644 1176">
     <span class='ocr_line' id='line_1_71' title="bbox 2037 1091 3644 1176; baseline 0.013 -32"><span class='ocrx_word' id='word_1_568' title='bbox 2037 1103 2091 1145; x_wconf 88' lang='lat' dir='ltr'><strong>et</strong></span> <span class='ocrx_word' id='word_1_569' title='bbox 2115 1091 2381 1150; x_wconf 79' lang='lat' dir='ltr'><strong>fallaciam</strong></span> <span class='ocrx_word' id='word_1_570' title='bbox 2412 1097 2609 1153; x_wconf 84' lang='lat' dir='ltr'><strong>imitari</strong></span> <span class='ocrx_word' id='word_1_571' title='bbox 2644 1115 2739 1154; x_wconf 86' lang='lat' dir='ltr'><strong>eos</strong></span> <span class='ocrx_word' id='word_1_572' title='bbox 2771 1101 2991 1156; x_wconf 89' lang='lat' dir='ltr'><strong>indicat.</strong></span> <span class='ocrx_word' id='word_1_573' title='bbox 3017 1103 3193 1160; x_wconf 83' lang='lat' dir='ltr'><strong>Canes</strong></span> <span class='ocrx_word' id='word_1_574' title='bbox 3223 1121 3437 1176; x_wconf 87' lang='lat' dir='ltr'><strong>quoque</strong></span> <span class='ocrx_word' id='word_1_575' title='bbox 3465 1102 3644 1164; x_wconf 85' lang='lat' dir='ltr'><strong>mutos</strong></span> 
     </span>
    </p>
   </div>
   <div class='ocr_carea' id='block_1_72' title="bbox 2035 1181 3646 1270">
    <p class='ocr_par' dir='ltr' id='par_1_72' title="bbox 2035 1181 3646 1270">
     <span class='ocr_line' id='line_1_72' title="bbox 2035 1181 3646 1270; baseline 0.014 -36"><span class='ocrx_word' id='word_1_576' title='bbox 2035 1181 2172 1236; x_wconf 89' lang='lat' dir='ltr'><strong>alios</strong></span> <span class='ocrx_word' id='word_1_577' title='bbox 2194 1196 2347 1239; x_wconf 87' lang='lat' dir='ltr'><strong>vocat</strong></span> <span class='ocrx_word' id='word_1_578' title='bbox 2370 1185 2525 1256; x_wconf 79' lang='lat' dir='ltr'><strong>(Isai.</strong></span> <span class='ocrx_word' id='word_1_579' title='bbox 2557 1191 2646 1244; x_wconf 83' lang='lat'><strong>56.</strong></span> <span class='ocrx_word' id='word_1_580' title='bbox 2682 1192 2760 1259; x_wconf 83' lang='lat' dir='ltr'><strong>l).</strong></span> <span class='ocrx_word' id='word_1_581' title='bbox 2786 1192 2851 1246; x_wconf 87' lang='lat' dir='ltr'><strong>Et</strong></span> <span class='ocrx_word' id='word_1_582' title='bbox 2880 1194 3073 1247; x_wconf 88' lang='lat' dir='ltr'><strong>iterum</strong></span> <span class='ocrx_word' id='word_1_583' title='bbox 3095 1196 3245 1261; x_wconf 88' lang='lat' dir='ltr'><strong>dicit,</strong></span> <span class='ocrx_word' id='word_1_584' title='bbox 3275 1197 3424 1252; x_wconf 83' lang='lat' dir='ltr'><strong>Sicut</strong></span> <span class='ocrx_word' id='word_1_585' title='bbox 3450 1201 3646 1270; x_wconf 83' lang='lat' dir='ltr'><strong>aspidis</strong></span> 
     </span>
    </p>
   </div>
   <div class='ocr_carea' id='block_1_73' title="bbox 2033 1275 3643 1359">
    <p class='ocr_par' dir='ltr' id='par_1_73' title="bbox 2033 1275 3643 1359">
     <span class='ocr_line' id='line_1_73' title="bbox 2033 1275 3643 1359; baseline 0.014 -34"><span class='ocrx_word' id='word_1_586' title='bbox 2033 1275 2206 1328; x_wconf 66' lang='lat' dir='ltr'><strong>surda.-</strong></span> <span class='ocrx_word' id='word_1_587' title='bbox 2235 1287 2283 1329; x_wconf 85' lang='lat' dir='ltr'><strong>et</strong></span> <span class='ocrx_word' id='word_1_588' title='bbox 2312 1278 2596 1334; x_wconf 80' lang='lat' dir='ltr'><strong>obturantis</strong></span> <span class='ocrx_word' id='word_1_589' title='bbox 2622 1298 2769 1336; x_wconf 80' lang='lat' dir='ltr'><strong>aures</strong></span> <span class='ocrx_word' id='word_1_590' title='bbox 2791 1301 2911 1338; x_wconf 81' lang='lat' dir='ltr'><strong>snas</strong></span> <span class='ocrx_word' id='word_1_591' title='bbox 2938 1285 3109 1357; x_wconf 89' lang='lat' dir='ltr'><strong>(Psal.</strong></span> <span class='ocrx_word' id='word_1_592' title='bbox 3141 1288 3232 1342; x_wconf 74' lang='lat'><strong>57.</strong></span> <span class='ocrx_word' id='word_1_593' title='bbox 3257 1289 3336 1359; x_wconf 89' lang='lat'><strong>5),</strong></span> <span class='ocrx_word' id='word_1_594' title='bbox 3369 1291 3488 1345; x_wconf 89' lang='lat' dir='ltr'><strong>illos</strong></span> <span class='ocrx_word' id='word_1_595' title='bbox 3513 1295 3643 1348; x_wconf 86' lang='lat' dir='ltr'><strong>sub—</strong></span> 
     </span>
    </p>
   </div>
   <div class='ocr_carea' id='block_1_74' title="bbox 2034 1367 3643 1440">
    <p class='ocr_par' dir='ltr' id='par_1_74' title="bbox 2034 1367 3643 1440">
     <span class='ocr_line' id='line_1_74' title="bbox 2034 1367 3643 1440; baseline 0.014 -23"><span class='ocrx_word' id='word_1_596' title='bbox 2034 1367 2276 1422; x_wconf 86' lang='lat' dir='ltr'><strong>indicans</strong></span> <span class='ocrx_word' id='word_1_597' title='bbox 2301 1372 2389 1439; x_wconf 92' lang='lat' dir='ltr'><strong>qui</strong></span> <span class='ocrx_word' id='word_1_598' title='bbox 2419 1387 2574 1427; x_wconf 91' lang='lat' dir='ltr'><strong>aures</strong></span> <span class='ocrx_word' id='word_1_599' title='bbox 2595 1375 2661 1429; x_wconf 90' lang='lat' dir='ltr'><strong>ad</strong></span> <span class='ocrx_word' id='word_1_600' title='bbox 2691 1375 2989 1431; x_wconf 89' lang='lat' dir='ltr'><strong>doctrinam</strong></span> <span class='ocrx_word' id='word_1_601' title='bbox 3021 1379 3236 1435; x_wconf 89' lang='lat' dir='ltr'><strong>virtutis</strong></span> <span class='ocrx_word' id='word_1_602' title='bbox 3271 1383 3546 1439; x_wconf 88' lang='lat' dir='ltr'><strong>obturant.</strong></span> <span class='ocrx_word' id='word_1_603' title='bbox 3574 1385 3643 1440; x_wconf 83' lang='lat' dir='ltr'><strong>Et</strong></span> 
     </span>
    </p>
   </div>
   <div class='ocr_carea' id='block_1_75' title="bbox 2032 1457 3641 1540">
    <p class='ocr_par' dir='ltr' id='par_1_75' title="bbox 2032 1457 3641 1540">
     <span class='ocr_line' id='line_1_75' title="bbox 2032 1457 3641 1540; baseline 0.013 -32"><span class='ocrx_word' id='word_1_604' title='bbox 2032 1458 2197 1511; x_wconf 90' lang='lat' dir='ltr'><strong>multa</strong></span> <span class='ocrx_word' id='word_1_605' title='bbox 2242 1460 2343 1512; x_wconf 88' lang='lat' dir='ltr'><strong>alia</strong></span> <span class='ocrx_word' id='word_1_606' title='bbox 2386 1465 2508 1531; x_wconf 91' lang='lat' dir='ltr'><strong>quis</strong></span> <span class='ocrx_word' id='word_1_607' title='bbox 2550 1466 2767 1519; x_wconf 91' lang='lat' dir='ltr'><strong>nomina</strong></span> <span class='ocrx_word' id='word_1_608' title='bbox 2819 1457 3060 1524; x_wconf 83' lang='lat' dir='ltr'><strong>inven&#39;iet</strong></span> <span class='ocrx_word' id='word_1_609' title='bbox 3096 1469 3347 1540; x_wconf 87' lang='lat' dir='ltr'><strong>imposita</strong></span> <span class='ocrx_word' id='word_1_610' title='bbox 3390 1487 3420 1524; x_wconf 90' lang='lat' dir='ltr'><strong>a</strong></span> <span class='ocrx_word' id='word_1_611' title='bbox 3460 1472 3641 1529; x_wconf 85' lang='lat' dir='ltr'><strong>divina</strong></span> 
     </span>
    </p>
   </div>
   <div class='ocr_carea' id='block_1_76' title="bbox 2030 1548 3637 1634">
    <p class='ocr_par' dir='ltr' id='par_1_76' title="bbox 2030 1548 3637 1634">
     <span class='ocr_line' id='line_1_76' title="bbox 2030 1548 3637 1634; baseline 0.013 -35"><span class='ocrx_word' id='word_1_612' title='bbox 2030 1548 2302 1618; x_wconf 89' lang='lat' dir='ltr'><strong>Scriptura</strong></span> <span class='ocrx_word' id='word_1_613' title='bbox 2356 1551 2423 1606; x_wconf 92' lang='lat' dir='ltr'><strong>iis</strong></span> <span class='ocrx_word' id='word_1_614' title='bbox 2456 1555 2544 1623; x_wconf 90' lang='lat' dir='ltr'><strong>qui</strong></span> <span class='ocrx_word' id='word_1_615' title='bbox 2577 1556 2628 1609; x_wconf 94' lang='lat' dir='ltr'><strong>in</strong></span> <span class='ocrx_word' id='word_1_616' title='bbox 2658 1557 2935 1612; x_wconf 89' lang='lat' dir='ltr'><strong>brutorum</strong></span> <span class='ocrx_word' id='word_1_617' title='bbox 2964 1559 3190 1615; x_wconf 65' lang='lat' dir='ltr'><strong>allectus</strong></span> <span class='ocrx_word' id='word_1_618' title='bbox 3230 1577 3327 1631; x_wconf 91' lang='lat' dir='ltr'><strong>per</strong></span> <span class='ocrx_word' id='word_1_619' title='bbox 3369 1563 3637 1634; x_wconf 89' lang='lat' dir='ltr'><strong>ignaviam</strong></span> 
     </span>
    </p>
   </div>
   <div class='ocr_carea' id='block_1_77' title="bbox 2032 1642 3636 1724">
    <p class='ocr_par' dir='ltr' id='par_1_77' title="bbox 2032 1642 3636 1724">
     <span class='ocr_line' id='line_1_77' title="bbox 2032 1642 3636 1724; baseline 0.014 -33"><span class='ocrx_word' id='word_1_620' title='bbox 2032 1647 2326 1695; x_wconf 89' lang='lat' dir='ltr'><strong>transeunt.</strong></span> <span class='ocrx_word' id='word_1_621' title='bbox 2360 1642 2545 1714; x_wconf 85' lang='lat' dir='ltr'><strong>Neque</strong></span> <span class='ocrx_word' id='word_1_622' title='bbox 2584 1647 2637 1701; x_wconf 93' lang='lat' dir='ltr'><strong>in</strong></span> <span class='ocrx_word' id='word_1_623' title='bbox 2675 1649 2844 1702; x_wconf 83' lang='lat' dir='ltr'><strong>veteri</strong></span> <span class='ocrx_word' id='word_1_624' title='bbox 2885 1650 3058 1704; x_wconf 88' lang='lat' dir='ltr'><strong>solum</strong></span> <span class='ocrx_word' id='word_1_625' title='bbox 3091 1653 3234 1708; x_wconf 88' lang='lat' dir='ltr'><strong>istud</strong></span> <span class='ocrx_word' id='word_1_626' title='bbox 3264 1654 3448 1711; x_wconf 88' lang='lat' dir='ltr'><strong>videre</strong></span> <span class='ocrx_word' id='word_1_627' title='bbox 3471 1655 3593 1712; x_wconf 89' lang='lat' dir='ltr'><strong>licet</strong></span> <span class='ocrx_word' id='word_1_628' title='bbox 3615 1697 3636 1724; x_wconf 87' lang='lat'><strong>,</strong></span> 
     </span>
    </p>
   </div>
   <div class='ocr_carea' id='block_1_78' title="bbox 2028 1730 3633 1812">
    <p class='ocr_par' dir='ltr' id='par_1_78' title="bbox 2028 1730 3633 1812">
     <span class='ocr_line' id='line_1_78' title="bbox 2028 1730 3633 1812; baseline 0.013 -31"><span class='ocrx_word' id='word_1_629' title='bbox 2028 1730 2120 1783; x_wconf 88' lang='lat' dir='ltr'><strong>sed</strong></span> <span class='ocrx_word' id='word_1_630' title='bbox 2150 1739 2204 1785; x_wconf 88' lang='lat' dir='ltr'><strong>et</strong></span> <span class='ocrx_word' id='word_1_631' title='bbox 2231 1732 2282 1786; x_wconf 91' lang='lat' dir='ltr'><strong>in</strong></span> <span class='ocrx_word' id='word_1_632' title='bbox 2310 1749 2444 1787; x_wconf 85' lang='lat' dir='ltr'><strong>nova</strong></span> <span class='ocrx_word' id='word_1_633' title='bbox 2487 1736 2624 1805; x_wconf 86' lang='lat' dir='ltr'><strong>lege.</strong></span> <span class='ocrx_word' id='word_1_634' title='bbox 2667 1738 2804 1792; x_wconf 86' lang='lat' dir='ltr'><strong>Audi</strong></span> <span class='ocrx_word' id='word_1_635' title='bbox 2848 1741 2992 1794; x_wconf 87' lang='lat' dir='ltr'><strong>enim</strong></span> <span class='ocrx_word' id='word_1_636' title='bbox 3028 1742 3324 1812; x_wconf 83' lang='lat' dir='ltr'><strong>Baptistam</strong></span> <span class='ocrx_word' id='word_1_637' title='bbox 3364 1739 3633 1804; x_wconf 83' lang='lat' dir='ltr'><strong>dicentem</strong></span> 
     </span>
    </p>
   </div>
   <div class='ocr_carea' id='block_1_79' title="bbox 2026 1817 3637 1900">
    <p class='ocr_par' dir='ltr' id='par_1_79' title="bbox 2026 1817 3637 1900">
     <span class='ocr_line' id='line_1_79' title="bbox 2026 1817 3637 1900; baseline 0.013 -27"><span class='ocrx_word' id='word_1_638' title='bbox 2026 1817 2226 1876; x_wconf 62' lang='lat' dir='ltr'><strong>Iudaeis</strong></span> <span class='ocrx_word' id='word_1_639' title='bbox 2259 1840 2273 1876; x_wconf 86' lang='lat'><strong>:</strong></span> <span class='ocrx_word' id='word_1_640' title='bbox 2319 1824 2596 1895; x_wconf 81' lang='lat' dir='ltr'><strong>Progenies</strong></span> <span class='ocrx_word' id='word_1_641' title='bbox 2636 1830 2943 1896; x_wconf 85' lang='lat' dir='ltr'><strong>viperarum,</strong></span> <span class='ocrx_word' id='word_1_642' title='bbox 2991 1835 3103 1900; x_wconf 83' lang='lat' dir='ltr'><strong>quis</strong></span> <span class='ocrx_word' id='word_1_643' title='bbox 3146 1834 3285 1888; x_wconf 74' lang='lat' dir='ltr'><strong>vobis</strong></span> <span class='ocrx_word' id='word_1_644' title='bbox 3337 1840 3637 1894; x_wconf 69' lang='lat' dir='ltr'><strong>monstravit</strong></span> 
     </span>
    </p>
   </div>
   <div class='ocr_carea' id='block_1_80' title="bbox 2025 1915 3634 1994">
    <p class='ocr_par' dir='ltr' id='par_1_80' title="bbox 2025 1915 3634 1994">
     <span class='ocr_line' id='line_1_80' title="bbox 2025 1915 3634 1994; baseline 0.013 -32"><span class='ocrx_word' id='word_1_645' title='bbox 2025 1915 2204 1980; x_wconf 79' lang='lat' dir='ltr'><strong>fugere</strong></span> <span class='ocrx_word' id='word_1_646' title='bbox 2229 1932 2261 1967; x_wconf 87' lang='lat' dir='ltr'><strong>a</strong></span> <span class='ocrx_word' id='word_1_647' title='bbox 2285 1928 2493 1969; x_wconf 81' lang='lat' dir='ltr'><strong>t&#39;etttttra</strong></span> <span class='ocrx_word' id='word_1_648' title='bbox 2520 1918 2597 1970; x_wconf 87' lang='lat' dir='ltr'><strong>ira</strong></span> <span class='ocrx_word' id='word_1_649' title='bbox 2639 1919 2856 1987; x_wconf 80' lang='lat' dir='ltr'><strong>(Matth.</strong></span> <span class='ocrx_word' id='word_1_650' title='bbox 2889 1923 2942 1974; x_wconf 77' lang='grc'><strong>5.</strong></span> <span class='ocrx_word' id='word_1_651' title='bbox 2973 1923 3086 1991; x_wconf 79' lang='lat'><strong>7)?</strong></span> <span class='ocrx_word' id='word_1_652' title='bbox 3129 1923 3318 1979; x_wconf 85' lang='lat' dir='ltr'><strong>Vidisti</strong></span> <span class='ocrx_word' id='word_1_653' title='bbox 3359 1929 3634 1994; x_wconf 88' lang='lat' dir='ltr'><strong>quomodo</strong></span> 
     </span>
    </p>
   </div>
   <div class='ocr_carea' id='block_1_81' title="bbox 2025 2005 3636 2089">
    <p class='ocr_par' dir='ltr' id='par_1_81' title="bbox 2025 2005 3636 2089">
     <span class='ocr_line' id='line_1_81' title="bbox 2025 2005 3636 2089; baseline 0.011 -34"><span class='ocrx_word' id='word_1_654' title='bbox 2025 2011 2078 2056; x_wconf 90' lang='lat' dir='ltr'><strong>et</strong></span> <span class='ocrx_word' id='word_1_655' title='bbox 2106 2005 2189 2058; x_wconf 88' lang='lat' dir='ltr'><strong>hic</strong></span> <span class='ocrx_word' id='word_1_656' title='bbox 2218 2005 2399 2060; x_wconf 91' lang='lat' dir='ltr'><strong>dolum</strong></span> <span class='ocrx_word' id='word_1_657' title='bbox 2433 2010 2628 2064; x_wconf 78' lang='lat' dir='ltr'><strong>tuentis</strong></span> <span class='ocrx_word' id='word_1_658' title='bbox 2656 2011 2868 2065; x_wconf 91' lang='lat' dir='ltr'><strong>illorum</strong></span> <span class='ocrx_word' id='word_1_659' title='bbox 2903 2014 3089 2069; x_wconf 83' lang='lat' dir='ltr'><strong>bestiae</strong></span> <span class='ocrx_word' id='word_1_660' title='bbox 3116 2018 3335 2072; x_wconf 90' lang='lat' dir='ltr'><strong>nomine</strong></span> <span class='ocrx_word' id='word_1_661' title='bbox 3359 2019 3636 2089; x_wconf 77' lang='lat' dir='ltr'><strong>significa-</strong></span> 
     </span>
    </p>
   </div>
   <div class='ocr_carea' id='block_1_82' title="bbox 2026 2091 3634 2182">
    <p class='ocr_par' dir='ltr' id='par_1_82' title="bbox 2026 2091 3634 2182">
     <span class='ocr_line' id='line_1_82' title="bbox 2026 2091 3634 2182; baseline 0.015 -35"><span class='ocrx_word' id='word_1_662' title='bbox 2026 2095 2138 2149; x_wconf 69' lang='lat' dir='ltr'><strong>vit?</strong></span> <span class='ocrx_word' id='word_1_663' title='bbox 2162 2097 2299 2163; x_wconf 83' lang='lat' dir='ltr'><strong>Quid</strong></span> <span class='ocrx_word' id='word_1_664' title='bbox 2322 2114 2452 2170; x_wconf 89' lang='lat' dir='ltr'><strong>ergo</strong></span> <span class='ocrx_word' id='word_1_665' title='bbox 2477 2102 2839 2158; x_wconf 84' lang='lat' dir='ltr'><strong>miserabilius</strong></span> <span class='ocrx_word' id='word_1_666' title='bbox 2867 2104 3026 2161; x_wconf 89' lang='lat' dir='ltr'><strong>fuerit</strong></span> <span class='ocrx_word' id='word_1_667' title='bbox 3049 2091 3437 2176; x_wconf 75' lang='lat' dir='ltr'><strong>peccatoribus,</strong></span> <span class='ocrx_word' id='word_1_668' title='bbox 3464 2112 3552 2182; x_wconf 92' lang='lat' dir='ltr'><strong>qui</strong></span> <span class='ocrx_word' id='word_1_669' title='bbox 3577 2123 3634 2171; x_wconf 87' lang='lat' dir='ltr'><strong>et</strong></span> 
     </span>
    </p>
   </div>
   <div class='ocr_carea' id='block_1_83' title="bbox 2023 2187 3631 2274">
    <p class='ocr_par' dir='ltr' id='par_1_83' title="bbox 2023 2187 3631 2274">
     <span class='ocr_line' id='line_1_83' title="bbox 2023 2187 3631 2274; baseline 0.011 -34"><span class='ocrx_word' id='word_1_670' title='bbox 2023 2187 2140 2256; x_wconf 87' lang='lat' dir='ltr'><strong>ipso</strong></span> <span class='ocrx_word' id='word_1_671' title='bbox 2170 2188 2404 2245; x_wconf 90' lang='lat' dir='ltr'><strong>hominis</strong></span> <span class='ocrx_word' id='word_1_672' title='bbox 2434 2193 2650 2250; x_wconf 90' lang='lat' dir='ltr'><strong>nomine</strong></span> <span class='ocrx_word' id='word_1_673' title='bbox 2680 2196 2978 2265; x_wconf 87' lang='lat' dir='ltr'><strong>privantnr,</strong></span> <span class='ocrx_word' id='word_1_674' title='bbox 3004 2209 3059 2253; x_wconf 90' lang='lat' dir='ltr'><strong>et</strong></span> <span class='ocrx_word' id='word_1_675' title='bbox 3086 2210 3305 2269; x_wconf 87' lang='lat' dir='ltr'><strong>propter</strong></span> <span class='ocrx_word' id='word_1_676' title='bbox 3330 2202 3434 2256; x_wconf 90' lang='lat' dir='ltr'><strong>hoc</strong></span> <span class='ocrx_word' id='word_1_677' title='bbox 3458 2203 3631 2274; x_wconf 84' lang='lat' dir='ltr'><strong>majo-</strong></span> 
     </span>
    </p>
   </div>
   <div class='ocr_carea' id='block_1_84' title="bbox 2021 2281 3624 2363">
    <p class='ocr_par' dir='ltr' id='par_1_84' title="bbox 2021 2281 3624 2363">
     <span class='ocr_line' id='line_1_84' title="bbox 2021 2281 3624 2363; baseline 0.013 -29"><span class='ocrx_word' id='word_1_678' title='bbox 2021 2281 2168 2336; x_wconf 88' lang='lat' dir='ltr'><strong>ribus</strong></span> <span class='ocrx_word' id='word_1_679' title='bbox 2198 2285 2370 2350; x_wconf 78' lang='lat' dir='ltr'><strong>pmnis</strong></span> <span class='ocrx_word' id='word_1_680' title='bbox 2395 2285 2538 2355; x_wconf 82' lang='lat' dir='ltr'><strong>digni</strong></span> <span class='ocrx_word' id='word_1_681' title='bbox 2569 2297 2725 2353; x_wconf 87' lang='lat' dir='ltr'><strong>sunt;</strong></span> <span class='ocrx_word' id='word_1_682' title='bbox 2757 2290 2899 2358; x_wconf 91' lang='lat' dir='ltr'><strong>quod</strong></span> <span class='ocrx_word' id='word_1_683' title='bbox 2946 2301 3067 2358; x_wconf 89' lang='lat' dir='ltr'><strong>post</strong></span> <span class='ocrx_word' id='word_1_684' title='bbox 3106 2303 3356 2363; x_wconf 88' lang='lat' dir='ltr'><strong>acceptas</strong></span> <span class='ocrx_word' id='word_1_685' title='bbox 3377 2309 3407 2348; x_wconf 86' lang='lat' dir='ltr'><strong>a</strong></span> <span class='ocrx_word' id='word_1_686' title='bbox 3434 2305 3624 2356; x_wconf 82' lang='lat' dir='ltr'><strong>natura</strong></span> 
     </span>
    </p>
   </div>
   <div class='ocr_carea' id='block_1_85' title="bbox 2019 2371 3629 2451">
    <p class='ocr_par' dir='ltr' id='par_1_85' title="bbox 2019 2371 3629 2451">
     <span class='ocr_line' id='line_1_85' title="bbox 2019 2371 3629 2451; baseline 0.011 -28"><span class='ocrx_word' id='word_1_687' title='bbox 2019 2371 2279 2438; x_wconf 89' lang='lat' dir='ltr'><strong>plurimas</strong></span> <span class='ocrx_word' id='word_1_688' title='bbox 2299 2375 2609 2429; x_wconf 91' lang='lat' dir='ltr'><strong>occasiones</strong></span> <span class='ocrx_word' id='word_1_689' title='bbox 2636 2376 2702 2430; x_wconf 87' lang='lat' dir='ltr'><strong>ad</strong></span> <span class='ocrx_word' id='word_1_690' title='bbox 2734 2377 3176 2434; x_wconf 87' lang='lat' dir='ltr'><strong>benefaciendnm</strong></span> <span class='ocrx_word' id='word_1_691' title='bbox 3197 2393 3501 2451; x_wconf 84' lang='lat' dir='ltr'><strong>monentes,</strong></span> <span class='ocrx_word' id='word_1_692' title='bbox 3528 2384 3629 2440; x_wconf 88' lang='lat' dir='ltr'><strong>de-</strong></span> 
     </span>
    </p>
   </div>
   <div class='ocr_carea' id='block_1_86' title="bbox 2018 2463 3628 2543">
    <p class='ocr_par' dir='ltr' id='par_1_86' title="bbox 2018 2463 3628 2543">
     <span class='ocr_line' id='line_1_86' title="bbox 2018 2463 3628 2543; baseline 0.009 -28"><span class='ocrx_word' id='word_1_693' title='bbox 2018 2471 2160 2516; x_wconf 90' lang='lat' dir='ltr'><strong>serta</strong></span> <span class='ocrx_word' id='word_1_694' title='bbox 2195 2477 2259 2517; x_wconf 92' lang='lat' dir='ltr'><strong>ac</strong></span> <span class='ocrx_word' id='word_1_695' title='bbox 2290 2463 2498 2534; x_wconf 89' lang='lat' dir='ltr'><strong>prodita</strong></span> <span class='ocrx_word' id='word_1_696' title='bbox 2525 2466 2736 2521; x_wconf 75' lang='lat' dir='ltr'><strong>virtute</strong></span> <span class='ocrx_word' id='word_1_697' title='bbox 2765 2467 2906 2522; x_wconf 91' lang='lat' dir='ltr'><strong>ultro</strong></span> <span class='ocrx_word' id='word_1_698' title='bbox 2948 2468 3016 2524; x_wconf 89' lang='lat' dir='ltr'><strong>ad</strong></span> <span class='ocrx_word' id='word_1_699' title='bbox 3057 2470 3183 2526; x_wconf 87' lang='lat' dir='ltr'><strong>vitia</strong></span> <span class='ocrx_word' id='word_1_700' title='bbox 3229 2472 3628 2543; x_wconf 73' lang='lat' dir='ltr'><strong>transfugiant?</strong></span> 
     </span>
    </p>
   </div>
   <div class='ocr_carea' id='block_1_87' title="bbox 2016 2551 3625 2624">
    <p class='ocr_par' dir='ltr' id='par_1_87' title="bbox 2016 2551 3625 2624">
     <span class='ocr_line' id='line_1_87' title="bbox 2016 2551 3625 2624; baseline 0.01 -21"><span class='ocrx_word' id='word_1_701' title='bbox 2016 2551 2279 2617; x_wconf 85' lang='lat' dir='ltr'><strong>Quoniam</strong></span> <span class='ocrx_word' id='word_1_702' title='bbox 2308 2554 2468 2624; x_wconf 90' lang='lat' dir='ltr'><strong>igitur</strong></span> <span class='ocrx_word' id='word_1_703' title='bbox 2491 2556 2579 2624; x_wconf 89' lang='lat' dir='ltr'><strong>qui</strong></span> <span class='ocrx_word' id='word_1_704' title='bbox 2606 2565 2731 2610; x_wconf 90' lang='lat' dir='ltr'><strong>tunc</strong></span> <span class='ocrx_word' id='word_1_705' title='bbox 2766 2567 2952 2623; x_wconf 84' lang='lat' dir='ltr'><strong>erant,</strong></span> <span class='ocrx_word' id='word_1_706' title='bbox 3000 2574 3191 2615; x_wconf 88' lang='lat' dir='ltr'><strong>omnes</strong></span> <span class='ocrx_word' id='word_1_707' title='bbox 3212 2575 3275 2615; x_wconf 90' lang='lat' dir='ltr'><strong>ea</strong></span> <span class='ocrx_word' id='word_1_708' title='bbox 3304 2576 3362 2616; x_wconf 84' lang='lat' dir='ltr'><strong>se</strong></span> <span class='ocrx_word' id='word_1_709' title='bbox 3389 2562 3625 2619; x_wconf 87' lang='lat' dir='ltr'><strong>hominis</strong></span> 
     </span>
    </p>
   </div>
   <div class='ocr_carea' id='block_1_88' title="bbox 2015 2645 3626 2720">
    <p class='ocr_par' dir='ltr' id='par_1_88' title="bbox 2015 2645 3626 2720">
     <span class='ocr_line' id='line_1_88' title="bbox 2015 2645 3626 2720; baseline 0.01 -24"><span class='ocrx_word' id='word_1_710' title='bbox 2015 2645 2374 2711; x_wconf 87' lang='lat' dir='ltr'><strong>appellatione</strong></span> <span class='ocrx_word' id='word_1_711' title='bbox 2401 2646 2647 2716; x_wconf 79' lang='lat' dir='ltr'><strong>indignos</strong></span> <span class='ocrx_word' id='word_1_712' title='bbox 2669 2650 3015 2716; x_wconf 74' lang='lat' dir='ltr'><strong>prmstabant,</strong></span> <span class='ocrx_word' id='word_1_713' title='bbox 3038 2650 3215 2720; x_wconf 79' lang='lat' dir='ltr'><strong>justus</strong></span> <span class='ocrx_word' id='word_1_714' title='bbox 3241 2661 3422 2708; x_wconf 87' lang='lat' dir='ltr'><strong>autem</strong></span> <span class='ocrx_word' id='word_1_715' title='bbox 3453 2654 3542 2710; x_wconf 71' lang='lat' dir='ltr'><strong>ille</strong></span> <span class='ocrx_word' id='word_1_716' title='bbox 3570 2656 3626 2712; x_wconf 89' lang='lat' dir='ltr'><strong>in</strong></span> 
     </span>
    </p>
   </div>
   <div class='ocr_carea' id='block_1_89' title="bbox 2020 2735 3622 2804">
    <p class='ocr_par' dir='ltr' id='par_1_89' title="bbox 2020 2735 3622 2804">
     <span class='ocr_line' id='line_1_89' title="bbox 2020 2735 3622 2804; baseline 0.009 -19"><span class='ocrx_word' id='word_1_717' title='bbox 2020 2741 2166 2788; x_wconf 84' lang='lat' dir='ltr'><strong>tanta</strong></span> <span class='ocrx_word' id='word_1_718' title='bbox 2194 2735 2406 2791; x_wconf 82' lang='lat' dir='ltr'><strong>virtutis</strong></span> <span class='ocrx_word' id='word_1_719' title='bbox 2433 2737 2714 2792; x_wconf 87' lang='lat' dir='ltr'><strong>sterilitate</strong></span> <span class='ocrx_word' id='word_1_720' title='bbox 2737 2779 2752 2804; x_wconf 93' lang='lat'><strong>,</strong></span> <span class='ocrx_word' id='word_1_721' title='bbox 2808 2747 2914 2792; x_wconf 89' lang='lat' dir='ltr'><strong>tam</strong></span> <span class='ocrx_word' id='word_1_722' title='bbox 2951 2741 3236 2796; x_wconf 81' lang='lat' dir='ltr'><strong>excellenti</strong></span> <span class='ocrx_word' id='word_1_723' title='bbox 3286 2743 3480 2799; x_wconf 91' lang='lat' dir='ltr'><strong>virtute</strong></span> <span class='ocrx_word' id='word_1_724' title='bbox 3521 2746 3622 2800; x_wconf 86' lang='lat' dir='ltr'><strong>llo-</strong></span> 
     </span>
    </p>
   </div>
   <div class='ocr_carea' id='block_1_90' title="bbox 2015 2828 3624 2907">
    <p class='ocr_par' dir='ltr' id='par_1_90' title="bbox 2015 2828 3624 2907">
     <span class='ocr_line' id='line_1_90' title="bbox 2015 2828 3624 2907; baseline 0.007 -27"><span class='ocrx_word' id='word_1_725' title='bbox 2015 2829 2141 2891; x_wconf 87' lang='lat' dir='ltr'><strong>ruit,</strong></span> <span class='ocrx_word' id='word_1_726' title='bbox 2173 2829 2292 2883; x_wconf 91' lang='lat' dir='ltr'><strong>ideo</strong></span> <span class='ocrx_word' id='word_1_727' title='bbox 2318 2828 2590 2899; x_wconf 87' lang='lat' dir='ltr'><strong>Scriptura</strong></span> <span class='ocrx_word' id='word_1_728' title='bbox 2618 2846 2741 2886; x_wconf 91' lang='lat' dir='ltr'><strong>cum</strong></span> <span class='ocrx_word' id='word_1_729' title='bbox 2763 2833 3017 2901; x_wconf 67' lang='lat' dir='ltr'><strong>coepisset</strong></span> <span class='ocrx_word' id='word_1_730' title='bbox 3045 2849 3264 2890; x_wconf 86' lang='lat' dir='ltr'><strong>narrare</strong></span> <span class='ocrx_word' id='word_1_731' title='bbox 3295 2837 3394 2889; x_wconf 83' lang='lat' dir='ltr'><strong>viri</strong></span> <span class='ocrx_word' id='word_1_732' title='bbox 3423 2851 3624 2907; x_wconf 83' lang='lat' dir='ltr'><strong>genea-</strong></span> 
     </span>
    </p>
   </div>
   <div class='ocr_carea' id='block_1_91' title="bbox 2013 2914 3621 2998">
    <p class='ocr_par' dir='ltr' id='par_1_91' title="bbox 2013 2914 3621 2998">
     <span class='ocr_line' id='line_1_91' title="bbox 2013 2914 3621 2998; baseline 0.009 -25"><span class='ocrx_word' id='word_1_733' title='bbox 2013 2919 2206 2988; x_wconf 89' lang='lat' dir='ltr'><strong>logiam</strong></span> <span class='ocrx_word' id='word_1_734' title='bbox 2232 2962 2249 2986; x_wconf 89' lang='lat'><strong>,</strong></span> <span class='ocrx_word' id='word_1_735' title='bbox 2279 2922 2414 2976; x_wconf 72' lang='lat' dir='ltr'><strong>dixit</strong></span> <span class='ocrx_word' id='word_1_736' title='bbox 2446 2941 2460 2976; x_wconf 88' lang='lat'><strong>:</strong></span> <span class='ocrx_word' id='word_1_737' title='bbox 2494 2923 2612 2977; x_wconf 88' lang='lat' dir='ltr'><strong>Noe</strong></span> <span class='ocrx_word' id='word_1_738' title='bbox 2640 2933 2812 2978; x_wconf 85' lang='lat' dir='ltr'><strong>autem</strong></span> <span class='ocrx_word' id='word_1_739' title='bbox 2840 2926 3011 2978; x_wconf 78' lang='lat' dir='ltr'><strong>homo.</strong></span> <span class='ocrx_word' id='word_1_740' title='bbox 3051 2926 3147 2979; x_wconf 85' lang='lat' dir='ltr'><strong>Est</strong></span> <span class='ocrx_word' id='word_1_741' title='bbox 3183 2935 3236 2979; x_wconf 88' lang='lat' dir='ltr'><strong>et</strong></span> <span class='ocrx_word' id='word_1_742' title='bbox 3265 2929 3404 2984; x_wconf 87' lang='lat' dir='ltr'><strong>alius</strong></span> <span class='ocrx_word' id='word_1_743' title='bbox 3439 2914 3621 2998; x_wconf 79' lang='lat' dir='ltr'><strong>justus</strong></span> 
     </span>
    </p>
   </div>
   <div class='ocr_carea' id='block_1_92' title="bbox 2009 3009 3619 3090">
    <p class='ocr_par' dir='ltr' id='par_1_92' title="bbox 2009 3009 3619 3090">
     <span class='ocr_line' id='line_1_92' title="bbox 2009 3009 3619 3090; baseline 0.008 -29"><span class='ocrx_word' id='word_1_744' title='bbox 2009 3009 2248 3076; x_wconf 88' lang='lat' dir='ltr'><strong>quidam,</strong></span> <span class='ocrx_word' id='word_1_745' title='bbox 2272 3011 2357 3064; x_wconf 89' lang='lat' dir='ltr'><strong>cui</strong></span> <span class='ocrx_word' id='word_1_746' title='bbox 2382 3011 2484 3065; x_wconf 91' lang='lat' dir='ltr'><strong>hoc</strong></span> <span class='ocrx_word' id='word_1_747' title='bbox 2511 3027 2705 3067; x_wconf 88' lang='lat' dir='ltr'><strong>nomen</strong></span> <span class='ocrx_word' id='word_1_748' title='bbox 2733 3028 2830 3082; x_wconf 82' lang='lat' dir='ltr'><strong>pro</strong></span> <span class='ocrx_word' id='word_1_749' title='bbox 2856 3028 3069 3068; x_wconf 87' lang='lat' dir='ltr'><strong>summo</strong></span> <span class='ocrx_word' id='word_1_750' title='bbox 3097 3017 3344 3072; x_wconf 88' lang='lat' dir='ltr'><strong>encomio</strong></span> <span class='ocrx_word' id='word_1_751' title='bbox 3369 3020 3619 3090; x_wconf 83' lang='lat' dir='ltr'><strong>contigit,</strong></span> 
     </span>
    </p>
   </div>
   <div class='ocr_carea' id='block_1_93' title="bbox 2008 3101 3620 3175">
    <p class='ocr_par' dir='ltr' id='par_1_93' title="bbox 2008 3101 3620 3175">
     <span class='ocr_line' id='line_1_93' title="bbox 2008 3101 3620 3175; baseline 0.011 -23"><span class='ocrx_word' id='word_1_752' title='bbox 2008 3106 2064 3152; x_wconf 89' lang='lat' dir='ltr'><strong>et</strong></span> <span class='ocrx_word' id='word_1_753' title='bbox 2087 3113 2198 3168; x_wconf 73' lang='lat' dir='ltr'><strong>prae</strong></span> <span class='ocrx_word' id='word_1_754' title='bbox 2221 3101 2344 3154; x_wconf 87' lang='lat' dir='ltr'><strong>aliis</strong></span> <span class='ocrx_word' id='word_1_755' title='bbox 2367 3103 2618 3156; x_wconf 89' lang='lat' dir='ltr'><strong>omnibus</strong></span> <span class='ocrx_word' id='word_1_756' title='bbox 2667 3104 2769 3156; x_wconf 92' lang='lat' dir='ltr'><strong>hoc</strong></span> <span class='ocrx_word' id='word_1_757' title='bbox 2811 3104 3031 3159; x_wconf 90' lang='lat' dir='ltr'><strong>nomine</strong></span> <span class='ocrx_word' id='word_1_758' title='bbox 3061 3106 3416 3175; x_wconf 64' lang='lat' dir='ltr'><strong>praedicatur,</strong></span> <span class='ocrx_word' id='word_1_759' title='bbox 3451 3120 3511 3164; x_wconf 92' lang='lat' dir='ltr'><strong>ut</strong></span> <span class='ocrx_word' id='word_1_760' title='bbox 3537 3112 3620 3169; x_wconf 85' lang='lat' dir='ltr'><strong>sic</strong></span> 
     </span>
    </p>
   </div>
   <div class='ocr_carea' id='block_1_94' title="bbox 2008 3189 3617 3262">
    <p class='ocr_par' dir='ltr' id='par_1_94' title="bbox 2008 3189 3617 3262">
     <span class='ocr_line' id='line_1_94' title="bbox 2008 3189 3617 3262; baseline 0.011 -21"><span class='ocrx_word' id='word_1_761' title='bbox 2008 3189 2178 3243; x_wconf 91' lang='lat' dir='ltr'><strong>virtus</strong></span> <span class='ocrx_word' id='word_1_762' title='bbox 2207 3189 2348 3244; x_wconf 89' lang='lat' dir='ltr'><strong>illius</strong></span> <span class='ocrx_word' id='word_1_763' title='bbox 2377 3190 2664 3261; x_wconf 84' lang='lat' dir='ltr'><strong>diligenter</strong></span> <span class='ocrx_word' id='word_1_764' title='bbox 2697 3203 3020 3262; x_wconf 77' lang='lat' dir='ltr'><strong>exponatur.</strong></span> <span class='ocrx_word' id='word_1_765' title='bbox 3052 3195 3183 3262; x_wconf 86' lang='lat' dir='ltr'><strong>Quis</strong></span> <span class='ocrx_word' id='word_1_766' title='bbox 3210 3197 3301 3252; x_wconf 88' lang='lat' dir='ltr'><strong>ille</strong></span> <span class='ocrx_word' id='word_1_767' title='bbox 3324 3208 3405 3254; x_wconf 89' lang='lat' dir='ltr'><strong>est</strong></span> <span class='ocrx_word' id='word_1_768' title='bbox 3427 3202 3450 3253; x_wconf 73' lang='grc' dir='ltr'><strong><em>τ</em></strong></span> <span class='ocrx_word' id='word_1_769' title='bbox 3476 3202 3617 3258; x_wconf 85' lang='lat' dir='ltr'><strong>Bea-</strong></span> 
     </span>
    </p>
   </div>
   <div class='ocr_carea' id='block_1_95' title="bbox 2007 3279 3618 3357">
    <p class='ocr_par' dir='ltr' id='par_1_95' title="bbox 2007 3279 3618 3357">
     <span class='ocr_line' id='line_1_95' title="bbox 2007 3279 3618 3357; baseline 0.007 -23"><span class='ocrx_word' id='word_1_770' title='bbox 2007 3289 2090 3334; x_wconf 88' lang='lat' dir='ltr'><strong>tus</strong></span> <span class='ocrx_word' id='word_1_771' title='bbox 2115 3279 2237 3345; x_wconf 83' lang='lat' dir='ltr'><strong>Job,</strong></span> <span class='ocrx_word' id='word_1_772' title='bbox 2264 3281 2352 3335; x_wconf 89' lang='lat' dir='ltr'><strong>ille</strong></span> <span class='ocrx_word' id='word_1_773' title='bbox 2382 3282 2522 3351; x_wconf 86' lang='lat' dir='ltr'><strong>pugil</strong></span> <span class='ocrx_word' id='word_1_774' title='bbox 2552 3283 2783 3351; x_wconf 83' lang='lat' dir='ltr'><strong>pietatis,</strong></span> <span class='ocrx_word' id='word_1_775' title='bbox 2815 3285 3016 3339; x_wconf 83' lang='lat' dir='ltr'><strong>athleta</strong></span> <span class='ocrx_word' id='word_1_776' title='bbox 3045 3287 3213 3350; x_wconf 86' lang='lat' dir='ltr'><strong>orbis,</strong></span> <span class='ocrx_word' id='word_1_777' title='bbox 3238 3288 3329 3357; x_wconf 93' lang='lat' dir='ltr'><strong>qni</strong></span> <span class='ocrx_word' id='word_1_778' title='bbox 3354 3291 3499 3344; x_wconf 86' lang='lat' dir='ltr'><strong>solus</strong></span> <span class='ocrx_word' id='word_1_779' title='bbox 3531 3292 3618 3346; x_wconf 87' lang='lat' dir='ltr'><strong>in-</strong></span> 
     </span>
    </p>
   </div>
   <div class='ocr_carea' id='block_1_96' title="bbox 2003 3371 3613 3443">
    <p class='ocr_par' dir='ltr' id='par_1_96' title="bbox 2003 3371 3613 3443">
     <span class='ocr_line' id='line_1_96' title="bbox 2003 3371 3613 3443; baseline 0.006 -19"><span class='ocrx_word' id='word_1_780' title='bbox 2003 3371 2259 3425; x_wconf 89' lang='lat' dir='ltr'><strong>curabilia</strong></span> <span class='ocrx_word' id='word_1_781' title='bbox 2289 3372 2385 3426; x_wconf 82' lang='lat' dir='ltr'><strong>illa</strong></span> <span class='ocrx_word' id='word_1_782' title='bbox 2405 3374 2690 3439; x_wconf 85' lang='lat' dir='ltr'><strong>sustinuit,</strong></span> <span class='ocrx_word' id='word_1_783' title='bbox 2737 3383 2792 3428; x_wconf 92' lang='lat' dir='ltr'><strong>et</strong></span> <span class='ocrx_word' id='word_1_784' title='bbox 2821 3378 3060 3443; x_wconf 88' lang='lat' dir='ltr'><strong>acceptis</strong></span> <span class='ocrx_word' id='word_1_785' title='bbox 3089 3378 3386 3435; x_wconf 89' lang='lat' dir='ltr'><strong>innumeris</strong></span> <span class='ocrx_word' id='word_1_786' title='bbox 3429 3397 3458 3433; x_wconf 89' lang='lat' dir='ltr'><strong>a</strong></span> <span class='ocrx_word' id='word_1_787' title='bbox 3495 3381 3613 3434; x_wconf 90' lang='lat' dir='ltr'><strong>dia-</strong></span> 
     </span>
    </p>
   </div>
   <div class='ocr_carea' id='block_1_97' title="bbox 2001 3461 3613 3532">
    <p class='ocr_par' dir='ltr' id='par_1_97' title="bbox 2001 3461 3613 3532">
     <span class='ocr_line' id='line_1_97' title="bbox 2001 3461 3613 3532; baseline 0.007 -18"><span class='ocrx_word' id='word_1_788' title='bbox 2001 3461 2125 3515; x_wconf 87' lang='lat' dir='ltr'><strong>bolo</strong></span> <span class='ocrx_word' id='word_1_789' title='bbox 2166 3463 2286 3516; x_wconf 89' lang='lat' dir='ltr'><strong>telis</strong></span> <span class='ocrx_word' id='word_1_790' title='bbox 2314 3505 2330 3529; x_wconf 87' lang='lat'><strong>,</strong></span> <span class='ocrx_word' id='word_1_791' title='bbox 2377 3464 2568 3517; x_wconf 91' lang='lat' dir='ltr'><strong>vulnus</strong></span> <span class='ocrx_word' id='word_1_792' title='bbox 2620 3480 2727 3517; x_wconf 92' lang='lat' dir='ltr'><strong>non</strong></span> <span class='ocrx_word' id='word_1_793' title='bbox 2750 3465 2957 3532; x_wconf 90' lang='lat' dir='ltr'><strong>accepit</strong></span> <span class='ocrx_word' id='word_1_794' title='bbox 3005 3481 3020 3518; x_wconf 93' lang='lat'><strong>:</strong></span> <span class='ocrx_word' id='word_1_795' title='bbox 3067 3467 3162 3520; x_wconf 90' lang='lat' dir='ltr'><strong>sed</strong></span> <span class='ocrx_word' id='word_1_796' title='bbox 3211 3468 3344 3521; x_wconf 89' lang='lat' dir='ltr'><strong>sicut</strong></span> <span class='ocrx_word' id='word_1_797' title='bbox 3390 3469 3613 3528; x_wconf 85' lang='lat' dir='ltr'><strong>adamas</strong></span> 
     </span>
    </p>
   </div>
   <div class='ocr_carea' id='block_1_98' title="bbox 2000 3551 3611 3624">
    <p class='ocr_par' dir='ltr' id='par_1_98' title="bbox 2000 3551 3611 3624">
     <span class='ocr_line' id='line_1_98' title="bbox 2000 3551 3611 3624; baseline 0.007 -19"><span class='ocrx_word' id='word_1_798' title='bbox 2000 3551 2215 3622; x_wconf 89' lang='lat' dir='ltr'><strong>quidam</strong></span> <span class='ocrx_word' id='word_1_799' title='bbox 2242 3569 2432 3608; x_wconf 90' lang='lat' dir='ltr'><strong>omnes</strong></span> <span class='ocrx_word' id='word_1_800' title='bbox 2459 3555 2693 3624; x_wconf 89' lang='lat' dir='ltr'><strong>impetus</strong></span> <span class='ocrx_word' id='word_1_801' title='bbox 2716 3557 2857 3610; x_wconf 86' lang='lat' dir='ltr'><strong>ferre</strong></span> <span class='ocrx_word' id='word_1_802' title='bbox 2888 3557 3079 3624; x_wconf 89' lang='lat' dir='ltr'><strong>potuit,</strong></span> <span class='ocrx_word' id='word_1_803' title='bbox 3107 3567 3164 3612; x_wconf 91' lang='lat' dir='ltr'><strong>et</strong></span> <span class='ocrx_word' id='word_1_804' title='bbox 3187 3572 3217 3611; x_wconf 88' lang='lat' dir='ltr'><strong>a</strong></span> <span class='ocrx_word' id='word_1_805' title='bbox 3245 3561 3407 3613; x_wconf 87' lang='lat' dir='ltr'><strong>tantis</strong></span> <span class='ocrx_word' id='word_1_806' title='bbox 3434 3561 3611 3617; x_wconf 78' lang='lat' dir='ltr'><strong>flucti-</strong></span> 
     </span>
    </p>
   </div>
   <div class='ocr_carea' id='block_1_99' title="bbox 1999 3642 3610 3719">
    <p class='ocr_par' dir='ltr' id='par_1_99' title="bbox 1999 3642 3610 3719">
     <span class='ocr_line' id='line_1_99' title="bbox 1999 3642 3610 3719; baseline 0.005 -22"><span class='ocrx_word' id='word_1_807' title='bbox 1999 3642 2100 3697; x_wconf 85' lang='lat' dir='ltr'><strong>bus</strong></span> <span class='ocrx_word' id='word_1_808' title='bbox 2131 3659 2235 3697; x_wconf 91' lang='lat' dir='ltr'><strong>non</strong></span> <span class='ocrx_word' id='word_1_809' title='bbox 2261 3644 2435 3698; x_wconf 92' lang='lat' dir='ltr'><strong>solum</strong></span> <span class='ocrx_word' id='word_1_810' title='bbox 2465 3659 2571 3698; x_wconf 90' lang='lat' dir='ltr'><strong>non</strong></span> <span class='ocrx_word' id='word_1_811' title='bbox 2598 3653 2681 3699; x_wconf 90' lang='lat' dir='ltr'><strong>est</strong></span> <span class='ocrx_word' id='word_1_812' title='bbox 2705 3645 3020 3700; x_wconf 84' lang='lat' dir='ltr'><strong>submersus</strong></span> <span class='ocrx_word' id='word_1_813' title='bbox 3036 3685 3056 3711; x_wconf 85' lang='lat'><strong>,</strong></span> <span class='ocrx_word' id='word_1_814' title='bbox 3085 3649 3182 3702; x_wconf 89' lang='lat' dir='ltr'><strong>sed</strong></span> <span class='ocrx_word' id='word_1_815' title='bbox 3207 3657 3264 3702; x_wconf 87' lang='lat' dir='ltr'><strong>et</strong></span> <span class='ocrx_word' id='word_1_816' title='bbox 3289 3652 3610 3719; x_wconf 75' lang='lat' dir='ltr'><strong>prtevalnit;</strong></span> 
     </span>
    </p>
   </div>
   <div class='ocr_carea' id='block_1_100' title="bbox 1997 3728 3612 3807">
    <p class='ocr_par' dir='ltr' id='par_1_100' title="bbox 1997 3728 3612 3807">
     <span class='ocr_line' id='line_1_100' title="bbox 1997 3728 3612 3807; baseline 0.007 -21"><span class='ocrx_word' id='word_1_817' title='bbox 1997 3743 2053 3787; x_wconf 90' lang='lat' dir='ltr'><strong>et</strong></span> <span class='ocrx_word' id='word_1_818' title='bbox 2077 3735 2311 3804; x_wconf 86' lang='lat' dir='ltr'><strong>acceptis</strong></span> <span class='ocrx_word' id='word_1_819' title='bbox 2349 3735 2401 3788; x_wconf 91' lang='lat' dir='ltr'><strong>in</strong></span> <span class='ocrx_word' id='word_1_820' title='bbox 2447 3728 2644 3804; x_wconf 85' lang='lat' dir='ltr'><strong>corpus</strong></span> <span class='ocrx_word' id='word_1_821' title='bbox 2674 3749 2830 3789; x_wconf 92' lang='lat' dir='ltr'><strong>suum</strong></span> <span class='ocrx_word' id='word_1_822' title='bbox 2882 3738 3134 3792; x_wconf 90' lang='lat' dir='ltr'><strong>omnibus</strong></span> <span class='ocrx_word' id='word_1_823' title='bbox 3171 3737 3262 3807; x_wconf 87' lang='lat' dir='ltr'><strong>qui</strong></span> <span class='ocrx_word' id='word_1_824' title='bbox 3309 3741 3361 3794; x_wconf 91' lang='lat' dir='ltr'><strong>in</strong></span> <span class='ocrx_word' id='word_1_825' title='bbox 3405 3744 3612 3798; x_wconf 89' lang='lat' dir='ltr'><strong>mundo</strong></span> 
     </span>
    </p>
   </div>
   <div class='ocr_carea' id='block_1_101' title="bbox 1997 3827 3607 3892">
    <p class='ocr_par' dir='ltr' id='par_1_101' title="bbox 1997 3827 3607 3892">
     <span class='ocr_line' id='line_1_101' title="bbox 1997 3827 3607 3892; baseline 0.006 -13"><span class='ocrx_word' id='word_1_826' title='bbox 1997 3835 2153 3881; x_wconf 88' lang='lat' dir='ltr'><strong>erant</strong></span> <span class='ocrx_word' id='word_1_827' title='bbox 2180 3827 2495 3892; x_wconf 89' lang='lat' dir='ltr'><strong>doloribus,</strong></span> <span class='ocrx_word' id='word_1_828' title='bbox 2545 3827 2646 3882; x_wconf 90' lang='lat' dir='ltr'><strong>hac</strong></span> <span class='ocrx_word' id='word_1_829' title='bbox 2696 3827 2907 3883; x_wconf 89' lang='lat' dir='ltr'><strong>ratione</strong></span> <span class='ocrx_word' id='word_1_830' title='bbox 2945 3828 3118 3884; x_wconf 91' lang='lat' dir='ltr'><strong>multo</strong></span> <span class='ocrx_word' id='word_1_831' title='bbox 3167 3830 3362 3885; x_wconf 87' lang='lat' dir='ltr'><strong>clarior</strong></span> <span class='ocrx_word' id='word_1_832' title='bbox 3411 3834 3607 3889; x_wconf 83' lang='lat' dir='ltr'><strong>evasit.</strong></span> 
     </span>
    </p>
   </div>
   <div class='ocr_carea' id='block_1_102' title="bbox 1994 3919 3608 3990">
    <p class='ocr_par' dir='ltr' id='par_1_102' title="bbox 1994 3919 3608 3990">
     <span class='ocr_line' id='line_1_102' title="bbox 1994 3919 3608 3990; baseline 0.002 -16"><span class='ocrx_word' id='word_1_833' title='bbox 1994 3919 2111 3974; x_wconf 86' lang='lat' dir='ltr'><strong>Non</strong></span> <span class='ocrx_word' id='word_1_834' title='bbox 2138 3920 2310 3973; x_wconf 90' lang='lat' dir='ltr'><strong>solum</strong></span> <span class='ocrx_word' id='word_1_835' title='bbox 2339 3919 2481 3974; x_wconf 91' lang='lat' dir='ltr'><strong>enim</strong></span> <span class='ocrx_word' id='word_1_836' title='bbox 2505 3933 2613 3972; x_wconf 87' lang='lat' dir='ltr'><strong>non</strong></span> <span class='ocrx_word' id='word_1_837' title='bbox 2641 3919 2790 3973; x_wconf 92' lang='lat' dir='ltr'><strong>illum</strong></span> <span class='ocrx_word' id='word_1_838' title='bbox 2828 3927 3038 3975; x_wconf 88' lang='lat' dir='ltr'><strong>terrore</strong></span> <span class='ocrx_word' id='word_1_839' title='bbox 3087 3921 3312 3989; x_wconf 90' lang='lat' dir='ltr'><strong>perculit</strong></span> <span class='ocrx_word' id='word_1_840' title='bbox 3342 3923 3608 3990; x_wconf 84' lang='lat' dir='ltr'><strong>ingruen-</strong></span> 
     </span>
    </p>
   </div>
   <div class='ocr_carea' id='block_1_103' title="bbox 1994 4008 3606 4082">
    <p class='ocr_par' dir='ltr' id='par_1_103' title="bbox 1994 4008 3606 4082">
     <span class='ocr_line' id='line_1_103' title="bbox 1994 4008 3606 4082; baseline 0.002 -17"><span class='ocrx_word' id='word_1_841' title='bbox 1994 4011 2126 4065; x_wconf 84' lang='lat' dir='ltr'><strong>tium</strong></span> <span class='ocrx_word' id='word_1_842' title='bbox 2152 4010 2398 4063; x_wconf 89' lang='lat' dir='ltr'><strong>dolorum</strong></span> <span class='ocrx_word' id='word_1_843' title='bbox 2432 4009 2732 4079; x_wconf 79' lang='lat' dir='ltr'><strong>frequentia</strong></span> <span class='ocrx_word' id='word_1_844' title='bbox 2751 4051 2766 4077; x_wconf 87' lang='lat'><strong>,</strong></span> <span class='ocrx_word' id='word_1_845' title='bbox 2796 4008 2893 4064; x_wconf 86' lang='lat' dir='ltr'><strong>sed</strong></span> <span class='ocrx_word' id='word_1_846' title='bbox 2921 4018 2978 4064; x_wconf 89' lang='lat' dir='ltr'><strong>et</strong></span> <span class='ocrx_word' id='word_1_847' title='bbox 3005 4009 3071 4064; x_wconf 87' lang='lat' dir='ltr'><strong>ad</strong></span> <span class='ocrx_word' id='word_1_848' title='bbox 3099 4010 3360 4081; x_wconf 84' lang='lat' dir='ltr'><strong>majorem</strong></span> <span class='ocrx_word' id='word_1_849' title='bbox 3399 4014 3606 4082; x_wconf 82' lang='lat' dir='ltr'><strong>gratia-</strong></span> 
     </span>
    </p>
   </div>
   <div class='ocr_carea' id='block_1_104' title="bbox 1993 4103 3605 4176">
    <p class='ocr_par' dir='ltr' id='par_1_104' title="bbox 1993 4103 3605 4176">
     <span class='ocr_line' id='line_1_104' title="bbox 1993 4103 3605 4176; baseline 0.001 -17"><span class='ocrx_word' id='word_1_850' title='bbox 1993 4120 2114 4159; x_wconf 90' lang='lat' dir='ltr'><strong>rum</strong></span> <span class='ocrx_word' id='word_1_851' title='bbox 2138 4104 2404 4158; x_wconf 89' lang='lat' dir='ltr'><strong>actionem</strong></span> <span class='ocrx_word' id='word_1_852' title='bbox 2432 4104 2683 4159; x_wconf 82' lang='lat' dir='ltr'><strong>exeitavit</strong></span> <span class='ocrx_word' id='word_1_853' title='bbox 2713 4111 2910 4174; x_wconf 90' lang='lat' dir='ltr'><strong>:atque</strong></span> <span class='ocrx_word' id='word_1_854' title='bbox 2935 4103 2990 4156; x_wconf 90' lang='lat' dir='ltr'><strong>in</strong></span> <span class='ocrx_word' id='word_1_855' title='bbox 3017 4103 3269 4159; x_wconf 84' lang='lat' dir='ltr'><strong>omnibus</strong></span> <span class='ocrx_word' id='word_1_856' title='bbox 3294 4119 3448 4159; x_wconf 90' lang='lat' dir='ltr'><strong>suum</strong></span> <span class='ocrx_word' id='word_1_857' title='bbox 3477 4120 3605 4176; x_wconf 87' lang='lat' dir='ltr'><strong>gra-</strong></span> 
     </span>
    </p>
   </div>
   <div class='ocr_carea' id='block_1_105' title="bbox 1994 4193 3603 4265">
    <p class='ocr_par' dir='ltr' id='par_1_105' title="bbox 1994 4193 3603 4265">
     <span class='ocr_line' id='line_1_105' title="bbox 1994 4193 3603 4265; baseline 0 -14"><span class='ocrx_word' id='word_1_858' title='bbox 1994 4206 2105 4251; x_wconf 91' lang='lat' dir='ltr'><strong>tum</strong></span> <span class='ocrx_word' id='word_1_859' title='bbox 2136 4196 2375 4250; x_wconf 85' lang='lat' dir='ltr'><strong>animum</strong></span> <span class='ocrx_word' id='word_1_860' title='bbox 2395 4195 2710 4258; x_wconf 85' lang='lat' dir='ltr'><strong>declarans,</strong></span> <span class='ocrx_word' id='word_1_861' title='bbox 2761 4194 2976 4249; x_wconf 88' lang='lat' dir='ltr'><strong>letalem</strong></span> <span class='ocrx_word' id='word_1_862' title='bbox 2997 4193 3213 4248; x_wconf 84' lang='lat' dir='ltr'><strong>diabolo</strong></span> <span class='ocrx_word' id='word_1_863' title='bbox 3254 4195 3464 4265; x_wconf 87' lang='lat' dir='ltr'><strong>plagam</strong></span> <span class='ocrx_word' id='word_1_864' title='bbox 3515 4197 3603 4252; x_wconf 81' lang='lat' dir='ltr'><strong>in-</strong></span> 
     </span>
    </p>
   </div>
   <div class='ocr_carea' id='block_1_106' title="bbox 1990 4284 3601 4356">
    <p class='ocr_par' dir='ltr' id='par_1_106' title="bbox 1990 4284 3601 4356">
     <span class='ocr_line' id='line_1_106' title="bbox 1990 4284 3601 4356; baseline -0.001 -12"><span class='ocrx_word' id='word_1_865' title='bbox 1990 4286 2149 4353; x_wconf 80' lang='lat' dir='ltr'><strong>ﬂixit,</strong></span> <span class='ocrx_word' id='word_1_866' title='bbox 2175 4303 2282 4356; x_wconf 87' lang='lat' dir='ltr'><strong>quo</strong></span> <span class='ocrx_word' id='word_1_867' title='bbox 2309 4287 2396 4341; x_wconf 90' lang='lat' dir='ltr'><strong>ille</strong></span> <span class='ocrx_word' id='word_1_868' title='bbox 2424 4287 2748 4356; x_wconf 87' lang='lat' dir='ltr'><strong>intelligeret</strong></span> <span class='ocrx_word' id='word_1_869' title='bbox 2778 4299 2901 4340; x_wconf 88' lang='lat' dir='ltr'><strong>sese</strong></span> <span class='ocrx_word' id='word_1_870' title='bbox 2917 4284 3112 4340; x_wconf 84' lang='lat' dir='ltr'><strong>frustra</strong></span> <span class='ocrx_word' id='word_1_871' title='bbox 3144 4286 3317 4341; x_wconf 91' lang='lat' dir='ltr'><strong>moliri</strong></span> <span class='ocrx_word' id='word_1_872' title='bbox 3340 4295 3394 4341; x_wconf 90' lang='lat' dir='ltr'><strong>et</strong></span> <span class='ocrx_word' id='word_1_873' title='bbox 3411 4297 3601 4344; x_wconf 86' lang='lat' dir='ltr'><strong>contra</strong></span> 
     </span>
    </p>
   </div>
   <div class='ocr_carea' id='block_1_107' title="bbox 1991 4374 3601 4446">
    <p class='ocr_par' dir='ltr' id='par_1_107' title="bbox 1991 4374 3601 4446">
     <span class='ocr_line' id='line_1_107' title="bbox 1991 4374 3601 4446; baseline -0.001 -11"><span class='ocrx_word' id='word_1_874' title='bbox 1991 4380 2266 4435; x_wconf 90' lang='lat' dir='ltr'><strong>stimulum</strong></span> <span class='ocrx_word' id='word_1_875' title='bbox 2294 4378 2593 4434; x_wconf 87' lang='lat' dir='ltr'><strong>calcitrare.</strong></span> <span class='ocrx_word' id='word_1_876' title='bbox 2646 4376 2799 4431; x_wconf 87' lang='lat' dir='ltr'><strong>Hunc</strong></span> <span class='ocrx_word' id='word_1_877' title='bbox 2825 4374 2988 4446; x_wconf 88' lang='lat' dir='ltr'><strong>igitur</strong></span> <span class='ocrx_word' id='word_1_878' title='bbox 3015 4386 3256 4431; x_wconf 84' lang='lat' dir='ltr'><strong>sanctum</strong></span> <span class='ocrx_word' id='word_1_879' title='bbox 3285 4378 3446 4432; x_wconf 90' lang='lat' dir='ltr'><strong>etiam</strong></span> <span class='ocrx_word' id='word_1_880' title='bbox 3473 4389 3601 4434; x_wconf 67' lang='lat' dir='ltr'><strong>ante</strong></span> 
     </span>
    </p>
   </div>
   <div class='ocr_carea' id='block_1_108' title="bbox 1991 4467 3600 4543">
    <p class='ocr_par' dir='ltr' id='par_1_108' title="bbox 1991 4467 3600 4543">
     <span class='ocr_line' id='line_1_108' title="bbox 1991 4467 3600 4543; baseline -0.001 -16"><span class='ocrx_word' id='word_1_881' title='bbox 1991 4483 2067 4527; x_wconf 88' lang='lat' dir='ltr'><strong>tot</strong></span> <span class='ocrx_word' id='word_1_882' title='bbox 2093 4486 2293 4543; x_wconf 85' lang='lat' dir='ltr'><strong>agones</strong></span> <span class='ocrx_word' id='word_1_883' title='bbox 2318 4480 2372 4526; x_wconf 89' lang='lat' dir='ltr'><strong>et</strong></span> <span class='ocrx_word' id='word_1_884' title='bbox 2398 4469 2692 4524; x_wconf 84' lang='lat' dir='ltr'><strong>certamina</strong></span> <span class='ocrx_word' id='word_1_885' title='bbox 2713 4509 2726 4531; x_wconf 92' lang='lat'><strong>,</strong></span> <span class='ocrx_word' id='word_1_886' title='bbox 2771 4476 2976 4523; x_wconf 90' lang='lat' dir='ltr'><strong>tantum</strong></span> <span class='ocrx_word' id='word_1_887' title='bbox 3009 4467 3246 4522; x_wconf 83' lang='lat' dir='ltr'><strong>laudavit</strong></span> <span class='ocrx_word' id='word_1_888' title='bbox 3289 4471 3600 4526; x_wconf 83' lang='lat' dir='ltr'><strong>misericors</strong></span> 
     </span>
    </p>
   </div>
   <div class='ocr_carea' id='block_1_109' title="bbox 1992 4557 3597 4629">
    <p class='ocr_par' dir='ltr' id='par_1_109' title="bbox 1992 4557 3597 4629">
     <span class='ocr_line' id='line_1_109' title="bbox 1992 4557 3597 4629; baseline -0.001 -13"><span class='ocrx_word' id='word_1_889' title='bbox 1992 4563 2152 4625; x_wconf 86' lang='lat' dir='ltr'><strong>Deus,</strong></span> <span class='ocrx_word' id='word_1_890' title='bbox 2183 4570 2238 4615; x_wconf 92' lang='lat' dir='ltr'><strong>et</strong></span> <span class='ocrx_word' id='word_1_891' title='bbox 2266 4559 2565 4629; x_wconf 76' lang='lat' dir='ltr'><strong>przndicans</strong></span> <span class='ocrx_word' id='word_1_892' title='bbox 2593 4558 2727 4612; x_wconf 78' lang='lat' dir='ltr'><strong>dixit</strong></span> <span class='ocrx_word' id='word_1_893' title='bbox 2747 4558 2960 4613; x_wconf 87' lang='lat' dir='ltr'><strong>diabolo</strong></span> <span class='ocrx_word' id='word_1_894' title='bbox 2985 4573 3000 4612; x_wconf 87' lang='lat'><strong>:</strong></span> <span class='ocrx_word' id='word_1_895' title='bbox 3029 4557 3174 4612; x_wconf 81' lang='lat' dir='ltr'><strong>Num</strong></span> <span class='ocrx_word' id='word_1_896' title='bbox 3201 4561 3373 4612; x_wconf 84' lang='lat' dir='ltr'><strong>animo</strong></span> <span class='ocrx_word' id='word_1_897' title='bbox 3397 4570 3484 4614; x_wconf 86' lang='lat' dir='ltr'><strong>tuo</strong></span> <span class='ocrx_word' id='word_1_898' title='bbox 3502 4561 3597 4614; x_wconf 84' lang='lat' dir='ltr'><strong>ad-</strong></span> 
     </span>
    </p>
   </div>
   <div class='ocr_carea' id='block_1_110' title="bbox 1985 4648 3596 4722">
    <p class='ocr_par' dir='ltr' id='par_1_110' title="bbox 1985 4648 3596 4722">
     <span class='ocr_line' id='line_1_110' title="bbox 1985 4648 3596 4722; baseline -0.001 -15"><span class='ocrx_word' id='word_1_899' title='bbox 1985 4652 2175 4707; x_wconf 78' lang='lat' dir='ltr'><strong>vertlsti</strong></span> <span class='ocrx_word' id='word_1_900' title='bbox 2202 4652 2450 4722; x_wconf 77' lang='lat' dir='ltr'><strong>famulum</strong></span> <span class='ocrx_word' id='word_1_901' title='bbox 2477 4665 2643 4703; x_wconf 85' lang='lat' dir='ltr'><strong>meum</strong></span> <span class='ocrx_word' id='word_1_902' title='bbox 2670 4649 2792 4711; x_wconf 80' lang='lat' dir='ltr'><strong>Job,</strong></span> <span class='ocrx_word' id='word_1_903' title='bbox 2824 4648 2962 4720; x_wconf 82' lang='lat' dir='ltr'><strong>quod</strong></span> <span class='ocrx_word' id='word_1_904' title='bbox 2999 4665 3104 4704; x_wconf 83' lang='lat' dir='ltr'><strong>non</strong></span> <span class='ocrx_word' id='word_1_905' title='bbox 3133 4652 3196 4703; x_wconf 89' lang='lat' dir='ltr'><strong>sit</strong></span> <span class='ocrx_word' id='word_1_906' title='bbox 3237 4649 3388 4703; x_wconf 76' lang='lat' dir='ltr'><strong>homo</strong></span> <span class='ocrx_word' id='word_1_907' title='bbox 3414 4651 3596 4705; x_wconf 84' lang='lat' dir='ltr'><strong>similis</strong></span> 
     </span>
    </p>
   </div>
   <div class='ocr_carea' id='block_1_111' title="bbox 1984 4740 3596 4811">
    <p class='ocr_par' dir='ltr' id='par_1_111' title="bbox 1984 4740 3596 4811">
     <span class='ocr_line' id='line_1_111' title="bbox 1984 4740 3596 4811; baseline 0 -13"><span class='ocrx_word' id='word_1_908' title='bbox 1984 4744 2065 4798; x_wconf 86' lang='lat' dir='ltr'><strong>illi</strong></span> <span class='ocrx_word' id='word_1_909' title='bbox 2092 4758 2247 4809; x_wconf 83' lang='lat' dir='ltr'><strong>super</strong></span> <span class='ocrx_word' id='word_1_910' title='bbox 2263 4751 2474 4807; x_wconf 86' lang='lat' dir='ltr'><strong>terram,</strong></span> <span class='ocrx_word' id='word_1_911' title='bbox 2499 4740 2649 4794; x_wconf 81' lang='lat' dir='ltr'><strong>homo</strong></span> <span class='ocrx_word' id='word_1_912' title='bbox 2671 4741 2985 4811; x_wconf 62' lang='lat' dir='ltr'><strong>inculpata,</strong></span> <span class='ocrx_word' id='word_1_913' title='bbox 3003 4741 3199 4809; x_wconf 78' lang='lat' dir='ltr'><strong>justus,</strong></span> <span class='ocrx_word' id='word_1_914' title='bbox 3231 4757 3404 4809; x_wconf 67' lang='lat' dir='ltr'><strong>veras,</strong></span> <span class='ocrx_word' id='word_1_915' title='bbox 3432 4741 3596 4797; x_wconf 74' lang='lat' dir='ltr'><strong>Deum</strong></span> 
     </span>
    </p>
   </div>
   <div class='ocr_carea' id='block_1_112' title="bbox 1984 4830 3594 4905">
    <p class='ocr_par' dir='ltr' id='par_1_112' title="bbox 1984 4830 3594 4905">
     <span class='ocr_line' id='line_1_112' title="bbox 1984 4830 3594 4905; baseline -0.001 -17"><span class='ocrx_word' id='word_1_916' title='bbox 1984 4835 2184 4900; x_wconf 86' lang='lat' dir='ltr'><strong>colens,</strong></span> <span class='ocrx_word' id='word_1_917' title='bbox 2211 4832 2466 4888; x_wconf 80' lang='lat' dir='ltr'><strong>abstinens</strong></span> <span class='ocrx_word' id='word_1_918' title='bbox 2493 4833 2556 4885; x_wconf 79' lang='lat' dir='ltr'><strong>ab</strong></span> <span class='ocrx_word' id='word_1_919' title='bbox 2577 4830 2716 4885; x_wconf 76' lang='lat' dir='ltr'><strong>omni</strong></span> <span class='ocrx_word' id='word_1_920' title='bbox 2742 4846 2894 4900; x_wconf 85' lang='lat' dir='ltr'><strong>apere</strong></span> <span class='ocrx_word' id='word_1_921' title='bbox 2911 4831 3049 4885; x_wconf 83' lang='lat' dir='ltr'><strong>malo</strong></span> <span class='ocrx_word' id='word_1_922' title='bbox 3077 4830 3234 4900; x_wconf 78' lang='lat' dir='ltr'><strong>(Job.</strong></span> <span class='ocrx_word' id='word_1_923' title='bbox 3273 4832 3324 4887; x_wconf 82' lang='grc'><strong>1.</strong></span> <span class='ocrx_word' id='word_1_924' title='bbox 3354 4831 3468 4905; x_wconf 79' lang='lat'><strong>8)?</strong></span> <span class='ocrx_word' id='word_1_925' title='bbox 3498 4832 3594 4888; x_wconf 82' lang='lat' dir='ltr'><strong>Vi-</strong></span> 
     </span>
    </p>
   </div>
   <div class='ocr_carea' id='block_1_113' title="bbox 1985 4925 3596 4996">
    <p class='ocr_par' dir='ltr' id='par_1_113' title="bbox 1985 4925 3596 4996">
     <span class='ocr_line' id='line_1_113' title="bbox 1985 4925 3596 4996; baseline -0.001 -13"><span class='ocrx_word' id='word_1_926' title='bbox 1985 4928 2110 4984; x_wconf 87' lang='lat' dir='ltr'><strong>disti</strong></span> <span class='ocrx_word' id='word_1_927' title='bbox 2135 4934 2191 4982; x_wconf 90' lang='lat' dir='ltr'><strong>et</strong></span> <span class='ocrx_word' id='word_1_928' title='bbox 2218 4925 2363 4980; x_wconf 84' lang='lat' dir='ltr'><strong>hunc</strong></span> <span class='ocrx_word' id='word_1_929' title='bbox 2394 4940 2424 4979; x_wconf 92' lang='lat' dir='ltr'><strong>a</strong></span> <span class='ocrx_word' id='word_1_930' title='bbox 2449 4925 2722 4980; x_wconf 85' lang='lat' dir='ltr'><strong>communi</strong></span> <span class='ocrx_word' id='word_1_931' title='bbox 2756 4932 2962 4979; x_wconf 63' lang='lat' dir='ltr'><strong>natura:</strong></span> <span class='ocrx_word' id='word_1_932' title='bbox 2987 4925 3206 4980; x_wconf 90' lang='lat' dir='ltr'><strong>nomine</strong></span> <span class='ocrx_word' id='word_1_933' title='bbox 3227 4927 3378 4994; x_wconf 79' lang='lat' dir='ltr'><strong>prius</strong></span> <span class='ocrx_word' id='word_1_934' title='bbox 3402 4925 3596 4996; x_wconf 73' lang='lat' dir='ltr'><strong>prtedi-</strong></span> 
     </span>
    </p>
   </div>
   <div class='ocr_carea' id='block_1_114' title="bbox 1983 5013 3597 5088">
    <p class='ocr_par' dir='ltr' id='par_1_114' title="bbox 1983 5013 3597 5088">
     <span class='ocr_line' id='line_1_114' title="bbox 1983 5013 3597 5088; baseline -0.001 -14"><span class='ocrx_word' id='word_1_935' title='bbox 1983 5019 2092 5074; x_wconf 85' lang='lat' dir='ltr'><strong>cari</strong></span> <span class='ocrx_word' id='word_1_936' title='bbox 2114 5017 2142 5071; x_wconf 72' lang='lat' dir='ltr'><strong>‘l</strong></span> <span class='ocrx_word' id='word_1_937' title='bbox 2163 5017 2455 5082; x_wconf 81' lang='lat' dir='ltr'><strong>Advertisti,</strong></span> <span class='ocrx_word' id='word_1_938' title='bbox 2481 5015 2674 5084; x_wconf 90' lang='lat' dir='ltr'><strong>inquit,</strong></span> <span class='ocrx_word' id='word_1_939' title='bbox 2704 5013 2957 5085; x_wconf 77' lang='lat' dir='ltr'><strong>famulum</strong></span> <span class='ocrx_word' id='word_1_940' title='bbox 2987 5032 3156 5070; x_wconf 84' lang='lat' dir='ltr'><strong>meum</strong></span> <span class='ocrx_word' id='word_1_941' title='bbox 3186 5015 3309 5082; x_wconf 81' lang='lat' dir='ltr'><strong>Job,</strong></span> <span class='ocrx_word' id='word_1_942' title='bbox 3331 5019 3470 5088; x_wconf 73' lang='lat' dir='ltr'><strong>quod</strong></span> <span class='ocrx_word' id='word_1_943' title='bbox 3493 5034 3597 5072; x_wconf 83' lang='lat' dir='ltr'><strong>non</strong></span> 
     </span>
    </p>
   </div>
   <div class='ocr_carea' id='block_1_115' title="bbox 1985 5108 3594 5180">
    <p class='ocr_par' dir='ltr' id='par_1_115' title="bbox 1985 5108 3594 5180">
     <span class='ocr_line' id='line_1_115' title="bbox 1985 5108 3594 5180; baseline 0 -15"><span class='ocrx_word' id='word_1_944' title='bbox 1985 5113 2048 5165; x_wconf 80' lang='lat' dir='ltr'><strong>sit</strong></span> <span class='ocrx_word' id='word_1_945' title='bbox 2074 5109 2255 5165; x_wconf 84' lang='lat' dir='ltr'><strong>similis</strong></span> <span class='ocrx_word' id='word_1_946' title='bbox 2285 5110 2365 5163; x_wconf 85' lang='lat' dir='ltr'><strong>illi</strong></span> <span class='ocrx_word' id='word_1_947' title='bbox 2383 5109 2538 5162; x_wconf 76' lang='lat' dir='ltr'><strong>homo</strong></span> <span class='ocrx_word' id='word_1_948' title='bbox 2557 5108 2583 5161; x_wconf 74' lang='lat'><strong>.9</strong></span> <span class='ocrx_word' id='word_1_949' title='bbox 2626 5108 2693 5162; x_wconf 86' lang='lat' dir='ltr'><strong>Et</strong></span> <span class='ocrx_word' id='word_1_950' title='bbox 2724 5108 2928 5163; x_wconf 82' lang='lat' dir='ltr'><strong>similes</strong></span> <span class='ocrx_word' id='word_1_951' title='bbox 2953 5109 3136 5180; x_wconf 86' lang='lat' dir='ltr'><strong>utique</strong></span> <span class='ocrx_word' id='word_1_952' title='bbox 3163 5125 3353 5165; x_wconf 87' lang='lat' dir='ltr'><strong>omnes</strong></span> <span class='ocrx_word' id='word_1_953' title='bbox 3383 5127 3594 5175; x_wconf 83' lang='lat' dir='ltr'><strong>sumus,</strong></span> 
     </span>
    </p>
   </div>
   <div class='ocr_carea' id='block_1_116' title="bbox 1985 5198 3596 5264">
    <p class='ocr_par' dir='ltr' id='par_1_116' title="bbox 1985 5198 3596 5264">
     <span class='ocr_line' id='line_1_116' title="bbox 1985 5198 3596 5264; baseline 0.001 -8"><span class='ocrx_word' id='word_1_954' title='bbox 1985 5202 2080 5258; x_wconf 89' lang='lat' dir='ltr'><strong>sed</strong></span> <span class='ocrx_word' id='word_1_955' title='bbox 2111 5216 2218 5255; x_wconf 89' lang='lat' dir='ltr'><strong>non</strong></span> <span class='ocrx_word' id='word_1_956' title='bbox 2264 5199 2558 5254; x_wconf 86' lang='lat' dir='ltr'><strong>secundum</strong></span> <span class='ocrx_word' id='word_1_957' title='bbox 2598 5199 2882 5264; x_wconf 82' lang='lat' dir='ltr'><strong>virtutem,</strong></span> <span class='ocrx_word' id='word_1_958' title='bbox 2923 5198 3020 5256; x_wconf 82' lang='lat' dir='ltr'><strong>sed</strong></span> <span class='ocrx_word' id='word_1_959' title='bbox 3065 5202 3360 5256; x_wconf 75' lang='lat' dir='ltr'><strong>semiudum</strong></span> <span class='ocrx_word' id='word_1_960' title='bbox 3407 5201 3596 5257; x_wconf 75' lang='lat' dir='ltr'><strong>forma:</strong></span> 
     </span>
    </p>
   </div>
   <div class='ocr_carea' id='block_1_117' title="bbox 1985 5288 3590 5362">
    <p class='ocr_par' dir='ltr' id='par_1_117' title="bbox 1985 5288 3590 5362">
     <span class='ocr_line' id='line_1_117' title="bbox 1985 5288 3590 5362; baseline -0.004 -16"><span class='ocrx_word' id='word_1_961' title='bbox 1985 5292 2246 5346; x_wconf 86' lang='lat' dir='ltr'><strong>rationem</strong></span> <span class='ocrx_word' id='word_1_962' title='bbox 2282 5307 2294 5343; x_wconf 94' lang='lat'>:</span> <span class='ocrx_word' id='word_1_963' title='bbox 2327 5298 2381 5342; x_wconf 88' lang='lat' dir='ltr'><strong>at</strong></span> <span class='ocrx_word' id='word_1_964' title='bbox 2416 5290 2518 5343; x_wconf 89' lang='lat' dir='ltr'><strong>hoc</strong></span> <span class='ocrx_word' id='word_1_965' title='bbox 2546 5302 2650 5341; x_wconf 93' lang='lat' dir='ltr'><strong>non</strong></span> <span class='ocrx_word' id='word_1_966' title='bbox 2689 5295 2773 5340; x_wconf 84' lang='lat' dir='ltr'><strong>est</strong></span> <span class='ocrx_word' id='word_1_967' title='bbox 2811 5288 3006 5356; x_wconf 89' lang='lat' dir='ltr'><strong>homo,</strong></span> <span class='ocrx_word' id='word_1_968' title='bbox 3059 5290 3154 5346; x_wconf 87' lang='lat' dir='ltr'><strong>sed</strong></span> <span class='ocrx_word' id='word_1_969' title='bbox 3179 5294 3395 5362; x_wconf 79' lang='lat' dir='ltr'><strong>quando</strong></span> <span class='ocrx_word' id='word_1_970' title='bbox 3424 5292 3590 5347; x_wconf 76' lang='lat' dir='ltr'><strong>absti-</strong></span> 
     </span>
    </p>
   </div>
   <div class='ocr_carea' id='block_1_118' title="bbox 1985 5379 2977 5448">
    <p class='ocr_par' dir='ltr' id='par_1_118' title="bbox 1985 5379 2977 5448">
     <span class='ocr_line' id='line_1_118' title="bbox 1985 5379 2977 5448; baseline -0.003 -12"><span class='ocrx_word' id='word_1_971' title='bbox 1985 5397 2120 5438; x_wconf 89' lang='lat' dir='ltr'><strong>nens</strong></span> <span class='ocrx_word' id='word_1_972' title='bbox 2137 5397 2166 5433; x_wconf 89' lang='lat' dir='ltr'><strong>a</strong></span> <span class='ocrx_word' id='word_1_973' title='bbox 2201 5381 2400 5434; x_wconf 90' lang='lat' dir='ltr'><strong>malitia</strong></span> <span class='ocrx_word' id='word_1_974' title='bbox 2425 5379 2672 5433; x_wconf 80' lang='lat' dir='ltr'><strong>virtutem</strong></span> <span class='ocrx_word' id='word_1_975' title='bbox 2702 5385 2977 5448; x_wconf 85' lang='lat' dir='ltr'><strong>operatur.</strong></span> 
     </span>
    </p>
   </div>
   <div class='ocr_carea' id='block_1_119' title="bbox 2057 5469 3594 5542">
    <p class='ocr_par' dir='ltr' id='par_1_119' title="bbox 2057 5469 3594 5542">
     <span class='ocr_line' id='line_1_119' title="bbox 2057 5469 3594 5542; baseline -0.001 -13"><span class='ocrx_word' id='word_1_976' title='bbox 2057 5475 2106 5529; x_wconf 85' lang='lat'><strong>5.</strong></span> <span class='ocrx_word' id='word_1_977' title='bbox 2139 5472 2329 5528; x_wconf 82' lang='lat' dir='ltr'><strong>Vidisti</strong></span> <span class='ocrx_word' id='word_1_978' title='bbox 2362 5486 2496 5541; x_wconf 86' lang='lat' dir='ltr'><strong>quos</strong></span> <span class='ocrx_word' id='word_1_979' title='bbox 2531 5471 2708 5525; x_wconf 84' lang='lat' dir='ltr'><strong>divina</strong></span> <span class='ocrx_word' id='word_1_980' title='bbox 2741 5469 3018 5541; x_wconf 84' lang='lat' dir='ltr'><strong>Scriptura</strong></span> <span class='ocrx_word' id='word_1_981' title='bbox 3047 5470 3292 5526; x_wconf 86' lang='lat' dir='ltr'><strong>homines</strong></span> <span class='ocrx_word' id='word_1_982' title='bbox 3318 5474 3594 5542; x_wconf 83' lang='lat' dir='ltr'><strong>appellare</strong></span> 
     </span>
    </p>
   </div>
   <div class='ocr_carea' id='block_1_120' title="bbox 1985 5561 3589 5632">
    <p class='ocr_par' dir='ltr' id='par_1_120' title="bbox 1985 5561 3589 5632">
     <span class='ocr_line' id='line_1_120' title="bbox 1985 5561 3589 5632; baseline 0.001 -12"><span class='ocrx_word' id='word_1_983' title='bbox 1985 5567 2163 5621; x_wconf 77' lang='lat' dir='ltr'><strong>solet?</strong></span> <span class='ocrx_word' id='word_1_984' title='bbox 2190 5563 2450 5632; x_wconf 75' lang='lat' dir='ltr'><strong>Quocirca</strong></span> <span class='ocrx_word' id='word_1_985' title='bbox 2497 5571 2551 5617; x_wconf 87' lang='lat' dir='ltr'><strong>et</strong></span> <span class='ocrx_word' id='word_1_986' title='bbox 2591 5562 2660 5617; x_wconf 89' lang='lat' dir='ltr'><strong>ab</strong></span> <span class='ocrx_word' id='word_1_987' title='bbox 2703 5561 2857 5617; x_wconf 86' lang='lat' dir='ltr'><strong>initio</strong></span> <span class='ocrx_word' id='word_1_988' title='bbox 2883 5576 3006 5618; x_wconf 92' lang='lat' dir='ltr'><strong>cum</strong></span> <span class='ocrx_word' id='word_1_989' title='bbox 3029 5562 3250 5620; x_wconf 86' lang='lat' dir='ltr'><strong>vidisset</strong></span> <span class='ocrx_word' id='word_1_990' title='bbox 3288 5563 3432 5620; x_wconf 84' lang='lat' dir='ltr'><strong>Deus</strong></span> <span class='ocrx_word' id='word_1_991' title='bbox 3464 5580 3589 5622; x_wconf 86' lang='lat' dir='ltr'><strong>eum</strong></span> 
     </span>
    </p>
   </div>
   <div class='ocr_carea' id='block_1_121' title="bbox 1984 5650 3587 5732">
    <p class='ocr_par' dir='ltr' id='par_1_121' title="bbox 1984 5650 3587 5732">
     <span class='ocr_line' id='line_1_121' title="bbox 1984 5650 3587 5732; baseline -0.009 -18"><span class='ocrx_word' id='word_1_992' title='bbox 1984 5674 2076 5732; x_wconf 84' lang='lat' dir='ltr'><strong>qui</strong></span> <span class='ocrx_word' id='word_1_993' title='bbox 2105 5671 2136 5713; x_wconf 86' lang='lat' dir='ltr'><strong>a</strong></span> <span class='ocrx_word' id='word_1_994' title='bbox 2156 5671 2215 5714; x_wconf 85' lang='lat' dir='ltr'><strong>se</strong></span> <span class='ocrx_word' id='word_1_995' title='bbox 2238 5663 2411 5712; x_wconf 84' lang='lat' dir='ltr'><strong>tactus</strong></span> <span class='ocrx_word' id='word_1_996' title='bbox 2438 5662 2580 5721; x_wconf 87' lang='lat' dir='ltr'><strong>erat,</strong></span> <span class='ocrx_word' id='word_1_997' title='bbox 2607 5650 2821 5708; x_wconf 83' lang='lat' dir='ltr'><strong>dicebat</strong></span> <span class='ocrx_word' id='word_1_998' title='bbox 2852 5669 2864 5707; x_wconf 93' lang='lat'><strong>:</strong></span> <span class='ocrx_word' id='word_1_999' title='bbox 2914 5651 3194 5710; x_wconf 73' lang='lat' dir='ltr'><strong>Faciamus</strong></span> <span class='ocrx_word' id='word_1_1000' title='bbox 3233 5655 3486 5712; x_wconf 72' lang='lat' dir='ltr'><strong>hominem</strong></span> <span class='ocrx_word' id='word_1_1001' title='bbox 3507 5671 3587 5711; x_wconf 73' lang='lat' dir='ltr'><strong>se.</strong></span> 
     </span>
    </p>
   </div>
  </div>
