4054 6312
500 434 719 492 euadunt
745 432 1013 505 imaginem
1043 441 1266 486 nostrain
1299 440 1346 485 et
1377 429 1651 484 secundum
1687 426 2062 482 similitudinem

503 524 655 593 (Gen.
688 524 742 579 Ι.
760 524 878 592 28),
908 523 1009 578 huc
1033 533 1137 588 est.
1167 531 1222 576 ut
1241 523 1466 592 imperet
1501 528 1555 574 et
1578 517 1869 572 visibilibus
1892 513 2066 569 omnl-

499 615 599 669 bus
623 621 678 669 et
711 613 986 668 affectibus
1008 613 1159 667 suis:
1188 610 1433 678 imperet,
1476 623 1582 662 non
1611 606 1744 661 ferat
1763 604 2065 674 Imperium.

499 703 652 771 Quod
705 703 752 758 si
795 716 946 757 suam
997 699 1224 770 prodam
1261 699 1568 768 dignitatem
1613 695 1893 763 imperium
1933 691 2068 746 ferat

500 793 702 862 potius.
730 807 886 862 quam
914 791 1166 861 imperet,
1207 790 1368 842 homo
1389 799 1511 841 esse
1534 783 1730 839 desinit
1750 823 1767 848 .
1797 791 1853 837 et
1886 782 2069 835 bruto-

499 899 618 938 rum
647 885 701 938 in
728 898 788 938 se
817 895 1010 937 nomen
1037 877 1308 934 transfert.
1337 877 1512 945 Atque
1532 873 1634 929 hac
1657 873 1727 928 de
1744 885 1902 927 causa
1929 883 2070 924 nunc

497 975 674 1029 divina
716 971 986 1039 Scriptura
1031 970 1281 1023 virtutem
1331 966 1459 1034 justi
1503 963 1648 1018 illius
1698 957 2070 1016 commendare

507 1066 710 1125 volens.
737 1064 871 1117 dixit
900 1079 915 1115 :
949 1060 1046 1115 Ha:
1072 1069 1184 1114 sum
1209 1057 1548 1131 generationes
1575 1051 1691 1109 Noe
1719 1068 1739 1107 :
1771 1050 1887 1106 Noe
1921 1053 2070 1104 homo

493 1155 668 1224 justus
698 1152 862 1224 (Gen.
894 1150 948 1205 ϐ.
975 1151 1010 1205 9
1027 1149 1068 1217 ).
1101 1150 1236 1202 Ecce
1259 1158 1313 1202 et
1334 1146 1490 1199 aliam
1515 1148 1794 1198 maximam
1818 1140 2068 1213 prmconii

503 1225 730 1311 speciem
754 1281 768 1303 ,
802 1240 982 1293 Justus
1011 1256 1030 1292 :
1058 1237 1155 1291 hac
1188 1235 1544 1305 appellatione
1580 1248 1792 1287 onmem
1823 1232 2067 1283 virtutem

505 1331 890 1399 complectitur.
923 1327 1032 1380 Hoc
1052 1326 1192 1380 enim
1223 1340 1418 1379 nomen
1435 1365 1451 1389 .
1477 1323 1672 1392 justus,
1699 1323 2070 1375 consuevimus

503 1420 683 1474 dicere
716 1419 782 1473 de
820 1418 886 1472 iis
914 1415 1001 1486 qui
1045 1415 1380 1484 omnigeuam
1416 1421 1665 1468 exercent
1694 1411 1938 1464 virtutem
1967 1407 2067 1478 (ο).

505 1508 689 1580 Postea
716 1517 768 1560 ut
789 1506 963 1560 discas
983 1504 1251 1575 quomodo
1279 1502 1344 1556 ad
1371 1513 1636 1556 summum
1676 1497 1886 1551 virtutis
1928 1495 2072 1549 fasti-

503 1599 644 1668 giuzn
674 1597 995 1668 pervenerit.
1024 1595 1074 1648 id
1100 1593 1240 1664 quod
1268 1600 1323 1647 et
1351 1600 1478 1646 tunc
1501 1587 1810 1659 exigebatur
1830 1601 1858 1640 a
1881 1595 2066 1638 natura

506 1698 684 1743 nostra
703 1727 720 1754 .
747 1687 915 1757 inquit
945 1703 960 1740 :
998 1683 1178 1738 Justus
1201 1693 1248 1736 et
1273 1684 1520 1753 perfectus
1542 1679 1596 1733 in
1619 1677 1933 1749 generatione
1956 1689 2068 1727 sua.

500 1779 710 1844 Omnia,
737 1777 902 1846 inquit
921 1817 937 1842 .
966 1773 1202 1842 implevit
1235 1785 1580 1842 quacumque
1601 1770 1773 1823 facere
1824 1766 2072 1822 convenit

500 1882 622 1923 eum
645 1867 734 1937 qui
765 1869 1009 1921 virtutem
1038 1864 1368 1933 amplexatur
1392 1879 1406 1914 :
1441 1860 1569 1915 illud
1596 1859 1738 1914 enim
1769 1858 2031 1928 significat
2053 1897 2069 1920 .

505 1955 765 2024 Perfectus
789 1971 810 2009 :
833 1955 964 2009 nihil
1001 1953 1308 2017 intermisit,
1337 1951 1389 2006 in
1420 1951 1564 2004 nullo
1593 1947 1930 2004 claudicavit.
1953 1945 2070 2000 Non

502 2049 557 2102 in
578 2048 679 2102 hoc
705 2056 850 2102 recte
877 2045 1064 2114 agebat
1083 2085 1099 2110 .
1148 2044 1201 2097 in
1237 2042 1331 2097 illo
1363 2052 1538 2096 autem
1567 2039 1817 2108 peccabat
1838 2078 1855 2104 ,
1898 2035 1990 2091 sed
2020 2037 2071 2089 in

502 2137 646 2190 omni
670 2137 866 2191 virtute
891 2133 1153 2204 perfectus
1177 2141 1293 2187 erat
1321 2149 1336 2184 :
1369 2131 1494 2186 illud
1516 2130 1657 2185 enim
1680 2128 1933 2182 exhibere
1957 2126 2072 2194 ejus

501 2225 661 2279 ol'llcii
699 2233 834 2279 erat.
868 2224 1162 2286 Praeterea.
1203 2230 1261 2274 ut
1296 2235 1361 2274 ex
1405 2229 1644 2286 tempore
1678 2231 1886 2286 quoque
1910 2223 1963 2268 et
2004 2229 2068 2269 ex

500 2316 898 2384 comparatione
942 2327 1061 2368 cum
1105 2312 1225 2366 aliis
1274 2310 1616 2365 illustriorem
1671 2307 1824 2362 nobis
1871 2305 2069 2375 justqu

499 2405 806 2468 exhiberet.
849 2403 1016 2472 inquit
1054 2418 1069 2456 :
1107 2400 1374 2471 Perfectus
1399 2400 1452 2454 in
1484 2398 1801 2468 generatione
1840 2411 1974 2457 sua;
2019 2394 2070 2448 in

503 2505 741 2563 tempore
767 2494 857 2548 illo
875 2534 891 2560 ,
921 2493 974 2546 in
1003 2492 1344 2562 generatione
1370 2490 1454 2544 illa
1484 2501 1732 2558 perversa
1753 2526 1768 2552 ,
1796 2500 1914 2555 qua:
1939 2484 2072 2565 adeo

503 2585 557 2638 in
607 2583 802 2637 malum
847 2582 1168 2646 declinavit,
1211 2594 1332 2650 quae
1357 2593 1529 2648 neque
1558 2575 1834 2644 vestigium
1863 2574 2072 2629 virtutis

504 2686 613 2741 prie
648 2686 708 2726 se
732 2671 872 2726 ferre
897 2671 1078 2724 voluit.
1109 2669 1165 2723 In
1210 2669 1297 2722 illa
1328 2668 1486 2738 igitur
1507 2664 1869 2736 generatione,
1895 2661 1948 2717 In
1970 2662 2071 2717 illis

502 2761 831 2829 temporibus
850 2761 1024 2828 justus
1053 2759 1142 2814 ille
1159 2774 1260 2813 non
1287 2758 1457 2813 solum
1489 2758 1737 2811 virtutem
1762 2769 1873 2823 pra:
1898 2767 1958 2807 se
1983 2762 2070 2805 tu-

503 2848 566 2904 lit
587 2889 603 2915 .
634 2848 727 2904 sed
752 2857 808 2904 et
839 2849 890 2903 in
919 2858 1121 2903 tantum
1148 2848 1388 2916 pervenit
1411 2846 1623 2902 virtutis
1653 2843 1864 2900 culmen
1887 2883 1905 2910 .
1947 2857 2070 2911 per-

499 2936 703 3004 fectus,
733 2944 791 2992 et
827 2939 880 2992 in
909 2938 1158 2992 omnibus
1181 2937 1474 2991 absolutus.
1518 2933 1651 2988 Nam
1693 2933 1743 2988 id
1782 2931 1922 3003 quod
1947 2940 2071 2986 ante

498 3025 640 3086 dixi.
684 3026 822 3082 bene
846 3042 1001 3096 agere
1043 3027 1182 3080 inter
1205 3027 1412 3080 virtutis
1455 3025 1666 3089 hostes.
1710 3029 1764 3079 et
1811 3023 1948 3076 inter
1976 3036 2071 3077 eos

499 3116 590 3185 qui
616 3116 864 3170 virtutem
912 3117 1192 3184 prohibent
1218 3116 1458 3171 eamdem
1484 3114 1818 3169 sedulitatem
1863 3128 1973 3183 prae
2010 3127 2071 3167 se

499 3203 674 3271 ferre.
720 3205 889 3274 majus
913 3219 1122 3272 semper
1147 3205 1358 3259 virtutis
1387 3203 1594 3274 pondus
1631 3212 1873 3258 testatur.
1922 3202 2070 3259 Unde

500 3296 601 3349 hac
631 3295 834 3348 ratione
858 3294 1030 3364 justus
1061 3294 1145 3349 ille
1163 3293 1393 3363 majores
1419 3293 1602 3376 laudes
1629 3302 1813 3347 nactus
1837 3301 1937 3347 est.
1966 3292 2071 3347 Ne-

500 3397 607 3453 que
631 3377 717 3438 hic
746 3375 902 3437 linem
943 3382 1186 3437 laudandi
1230 3383 1376 3437 illum
1415 3375 1539 3437 facit
1557 3383 1734 3438 divina
1762 3383 2029 3452 Scriptura
2051 3424 2069 3450 ,

498 3473 594 3529 sed
621 3474 792 3528 adhuc
815 3474 1022 3528 virtutis
1053 3473 1194 3527 illius
1229 3472 1602 3529 excellentiam
1633 3473 1985 3537 demonstrat.
2019 3483 2073 3529 et

498 3562 639 3632 quod
675 3562 854 3618 divino
880 3562 1084 3617 calculo
1112 3562 1360 3630 probatus
1389 3561 1582 3629 fuerit.
1631 3563 1752 3631 quia
1793 3572 2070 3633 postquam

496 3651 631 3706 dixit
650 3693 666 3717 .
694 3650 954 3721 Perfectus
974 3653 1023 3704 in
1047 3653 1364 3719 generatione
1383 3668 1475 3706 sua
1497 3693 1512 3717 ,
1537 3652 1708 3716 addit,
1743 3652 1851 3706 Deo
1881 3654 2070 3723 placuit

502 3742 636 3796 Noe.
668 3739 835 3794 Tanta
861 3751 975 3796 erat
995 3743 1162 3797 virtus
1183 3744 1340 3808 illius,
1369 3752 1425 3797 ut
1449 3755 1551 3798 eta
1579 3744 1687 3798 Deo
1715 3743 1917 3798 laudari
1941 3759 2067 3812 pro-

497 3833 774 3887 meruerit.
801 3830 908 3887 Deo
938 3834 1110 3897 enim.
1140 3833 1305 3902 inquit
1324 3873 1339 3896 ,
1371 3834 1557 3901 placuit
1580 3832 1730 3896 Noe;
1756 3848 1820 3888 ac
1843 3833 1887 3887 si
1914 3834 2060 3888 diee-
2095 3859 2115 3876 ο

497 3932 578 3977 ret
611 3939 624 3975 :
659 3923 979 3992 approbatus
1010 3922 1104 3976 fuit
1127 3938 1156 3976 a
1185 3923 1334 3988 Deo;
1377 3937 1470 3992 per
1498 3923 1637 3976 bona
1676 3937 1835 3991 opera
1877 3924 2070 3992 placuit

501 4015 578 4070 illi
604 4017 761 4070 oculo
786 4016 875 4084 qui
906 4017 1067 4085 sopiri
1096 4032 1200 4069 non
1227 4024 1419 4086 potest,
1459 4023 1514 4070 et
1542 4010 1684 4069 illius
1712 4015 1810 4070 sibi
1836 4016 2066 4068 favorem

495 4113 698 4158 tantum
713 4105 1013 4158 conciliavit
1041 4121 1133 4173 per
1149 4105 1340 4159 bonam
1356 4105 1538 4168 vitam.
1559 4117 1615 4159 ut
1633 4121 1752 4159 eum
1773 4121 1876 4159 non
1894 4105 2064 4160 solum

496 4195 564 4248 ab
598 4195 954 4265 indignatione
985 4197 1036 4249 iu
1068 4210 1254 4250 omnes
1279 4194 1592 4251 etl‘undenda
1613 4195 1867 4262 liberarit,
1892 4197 1984 4252 sed
2014 4207 2068 4251 et

493 4283 716 4338 aliorum
745 4293 1020 4353 patronum
1052 4283 1254 4340 fecerit.
1304 4284 1413 4339 Deo
1439 4285 1612 4349 enim.
1644 4285 1844 4355 inquit,
1877 4286 2066 4356 placuit

498 4373 630 4430 Nae.
660 4375 787 4442 Quis
808 4373 907 4429 hoc
935 4377 1137 4429 beatior
1157 4374 1336 4439 fuerit.
1365 4377 1454 4444 qui
1483 4383 1682 4429 tantam
1708 4390 1815 4444 pra:
1842 4391 1899 4430 se
1926 4376 2064 4431 ferre

495 4465 666 4530 potuit
687 4465 955 4528 virtutem,
978 4474 1034 4518 ut
1057 4465 1335 4518 Dominum
1359 4464 1588 4519 universi
1611 4466 1828 4520 haberet
1851 4467 2062 4521 laudum

491 4570 708 4611 suarum
748 4570 1044 4623 prmconem
1063 4557 1087 4607 ?

565 4643 783 4711 Quinam
807 4659 918 4697 vere
945 4653 1183 4714 regnent;
1209 4642 1512 4714 genealogus
1536 4644 1713 4698 modus
1733 4647 1970 4714 aptinms.
1992 4677 2064 4687 —

494 4733 620 4790 lima
640 4734 708 4787 ali
729 4748 794 4789 eo
820 4743 942 4788 sunt
971 4735 1101 4787 facta
1128 4772 1145 4798 ,
1191 4748 1308 4803 qua:
1333 4733 1603 4802 quibusvis
1628 4733 1852 4798 divitiis,
1879 4737 2062 4802 quavis

490 4823 834 4880 abundantia.
865 4821 1048 4892 quavis
1075 4823 1240 4892 gloria
1264 4833 1316 4877 et
1342 4824 1596 4892 potentia,
1625 4825 1806 4893 quavis
1833 4825 2059 4879 humana

489 4914 739 4968 felicitate
759 4917 963 4983 potiora
984 4914 1194 4967 duxerit
1212 4914 1450 4983 quisquis
1471 4924 1700 4969 mentem
1729 4915 1887 4971 habet
1910 4933 1921 4967 τ
1949 4917 2061 4970 ha-c

489 5018 654 5074 regno
679 5004 841 5072 magis
867 5001 1234 5056 desiderabilia
1267 5003 1464 5056 fuerint
1488 5002 1568 5068 ei.
1615 5004 1702 5072 qui
1745 5004 1906 5058 Deum
1947 5008 2059 5059 sin-

485 5107 613 5147 cero
658 5106 840 5146 amore
871 5089 1062 5160 diligit.
1093 5091 1288 5146 Verum
1325 5093 1464 5145 enim
1507 5106 1726 5162 regnum
1760 5095 1896 5148 istud
1935 5107 2017 5151 est
2041 5137 2056 5160 ,

486 5196 645 5250 posse
669 5195 765 5235 nos
792 5181 990 5252 optima
1019 5182 1122 5235 vita
1154 5182 1438 5251 propitium
1466 5191 1519 5236 et
1543 5183 1860 5238 clementem
1905 5188 2058 5241 nobis

485 5271 711 5327 reddere
741 5271 1040 5325 Dominum.
1084 5271 1391 5327 Geheanam
1422 5273 1562 5326 enim
1594 5274 1782 5330 timere
1820 5291 1924 5330 non
1960 5277 2055 5331 de-

492 5361 683 5416 bemus
705 5371 926 5431 propter
953 5363 1129 5434 ignem
1155 5364 1304 5418 illum
1333 5368 1918 5438 inexstinguibilem,et
1946 5388 2063 5442 po:-

551 5517 624 5580 (a)
649 5515 740 5567 Hic
765 5519 911 5584 locus
948 5520 1081 5569 hunc
1118 5534 1312 5569 versum
1354 5523 1662 5584 Empedoclis
1695 5523 1743 5574 in
1781 5526 2056 5577 memoriam

490 5578 686 5651 revocat
713 5593 723 5625 :
752 5578 861 5651 ἐνβᾱ
879 5590 1316 5651 διξαοορηΑσ-υξλπςσδήν
1334 5578 1548 5651 uestiunt
1566 5600 1676 5646 νην,
1699 5587 1748 5636 in
1761 5587 1950 5651 justitia
1971 5604 2061 5638 tm-

490 5644 583 5688 tent
611 5641 986 5700 comprehensi»:
1011 5641 1454 5695 im‘luduur'omuis
1466 5641 1650 5698 virtus.

1232 317 1290 376 s.
1329 315 1604 375 JOANNIS
1637 309 2108 371 cnnvsos'rout
2145 312 2459 372 ancunnr.
2501 315 3030 378 consummari.
3637 327 3744 381 ειη

2175 441 2272 481 nas
2299 431 2596 497 terribiles.
2627 443 2680 489 et
2718 447 3000 504 perpetuos
3023 438 3327 492 cruciatus:
3362 440 3455 492 sed
3495 440 3621 510 quia
3663 445 3744 494 of-

2169 517 2437 576 l'endimus
2457 533 2565 579 tam
2595 525 2791 580 bonum
2820 528 3150 594 Dominum.’
3189 539 3247 586 et
3287 529 3357 584 ab
3392 531 3535 586 illius
3576 533 3745 601 gratia

2170 623 2355 665 sumus
2379 614 2536 668 alieni
2579 631 2594 669 :
2636 617 2708 672 ita
2748 626 2803 671 et
2824 619 2891 673 ad
2929 635 3150 690 regnum
3186 621 3342 677 nobis
3389 622 3748 679 festinandum

2172 703 2383 757 nonnisi
2411 714 2626 775 propter
2652 721 2888 763 amorem
2911 710 2963 764 in
2991 710 3158 776 illum.
3189 720 3248 767 ut
3264 712 3383 782 ejus
3403 714 3571 785 gratia
3596 712 3749 769 fruao

2174 807 2314 847 mur.
2362 791 2492 848 Nam
2547 803 2604 848 ut
2623 810 2788 866 regno
2829 797 3232 855 desiderabilius
3279 810 3391 866 est.
3425 803 3750 860 clementem

2174 880 2454 936 Dominum
2500 893 2741 939 nostrum
2793 886 3106 948 benevolum
3145 903 3268 946 esse
3308 892 3462 946 nobis
3493 909 3507 945 :
3541 893 3612 948 ita
3653 908 3752 963 ge-

2175 970 2346 1027 benna
2376 974 2605 1043 gravius.
2634 974 2703 1029 ab
2727 977 2868 1031 illius
2892 979 3256 1034 benevolentia
3284 983 3555 1040 excidere.

2251 1061 2467 1118 Vidistis
2503 1075 2712 1134 quanta:
2756 1068 2908 1122 nobis
2957 1070 3196 1125 utilitatis
3238 1071 3334 1127 fuit
3375 1084 3751 1143 argumentum

2173 1153 2458 1220 appellatio
2472 1153 2624 1223 justi.
2651 1166 2706 1211 et
2731 1170 2984 1227 quantum
3013 1168 3398 1217 sententiarum
3434 1163 3749 1220 thesaurqu

2175 1245 2380 1312 peperit
2403 1244 2727 1301 admirabilis
2768 1246 2924 1317 hujus
2946 1251 3045 1305 viri
3071 1253 3422 1323 genealogla?
3449 1253 3752 1324 Sequuntur

2175 1332 2334 1402 igitur
2357 1342 2413 1388 et
2437 1349 2534 1389 nos
2561 1335 2751 1391 divina:
2781 1334 3066 1408 Scriptura:
3097 1341 3305 1410 regulas
3324 1384 3339 1406 .
3369 1354 3426 1398 et
3450 1345 3496 1398 si
3523 1346 3752 1400 velimus

2173 1422 2472 1492 aliquorum
2499 1427 2832 1496 genealogias
2854 1443 3124 1493 enarrare.
3156 1447 3260 1486 non
3290 1441 3466 1501 patres
3504 1445 3561 1488 et
3595 1450 3750 1498 avos.

2174 1522 2228 1566 et
2253 1514 2450 1569 abavos
2476 1516 2528 1569 in
2561 1517 2791 1572 medium
2816 1517 3103 1575 all'cramus
3123 1561 3140 1586 .
3167 1523 3261 1578 sed
3285 1524 3402 1593 ejus
3427 1527 3597 1580 solum
3619 1566 3636 1591 ,
3653 1541 3753 1579 cu-

2171 1602 2260 1674 jus
2284 1615 2366 1660 est
2390 1609 2714 1680 genealogis,
2751 1611 2999 1666 virtutem
3023 1613 3353 1685 delegamus.
3381 1618 3477 1673 llic
3510 1619 3751 1688 optimus

2173 1697 2496 1768 genealogis
2525 1699 2716 1754 modus
2736 1713 2835 1756 est.
2867 1703 2998 1768 Qua:
3027 1706 3170 1759 enim
3195 1706 3396 1762 utilitas
3419 1722 3486 1761 ex
3513 1708 3672 1763 claris
3691 1721 3752 1763 et

2176 1785 2357 1853 probis
2389 1789 2699 1855 parentibus
2738 1789 2993 1860 originem
3022 1792 3222 1849 dueere
3245 1834 3262 1861 .
3294 1804 3346 1850 te
3387 1806 3562 1850 autem
3593 1797 3752 1852 bonne

2176 1872 2298 1926 vitte
2317 1888 2436 1928 esse
2455 1884 2726 1944 expertem
2749 1876 2773 1930 ι
2797 1885 2889 1932 aut
2908 1881 3048 1947 quod
3076 1880 3328 1937 damnum
3354 1882 3514 1938 fuerit
3531 1926 3548 1950 ,
3582 1887 3627 1939 si
3656 1903 3751 1956 pa-

2177 1972 2355 2018 rentes
2389 1971 2448 2017 et
2489 1967 2852 2044 progenitores
2889 1969 3086 2023 fuerint
3129 1970 3388 2041 ignobiles
3409 1983 3465 2027 et
3485 1974 3696 2029 obscuri
3729 2017 3749 2042 .

2177 1981 2355 2018 rentes
2389 1981 2448 2017 et
2489 1981 2565 2032 prt
2618 1981 2852 2044 cultores
2889 1981 3086 2023 tuertut
3129 1981 3388 2041 ignobiles
3409 1983 3465 2027 et
3485 1981 3696 2029 obscuri
3729 2017 3749 2042 .

2176 2051 2292 2120 ipse
2317 2064 2493 2108 autem
2509 1981 2800 2141 Altibus
2829 2057 3063 2114 floreas?
3087 2060 3217 2126 Quia
3243 2072 3297 2117 et
3312 2062 3486 2131 justus
3511 2065 3600 2120 ille
3627 2067 3753 2120 talis

2177 2142 2291 2207 fuit.
2324 2151 2380 2198 et
2402 2145 2710 2220 conciliavit
2741 2148 2842 2204 sibi
2867 2154 3090 2219 gratiam
3122 2153 3212 2208 Dei
3236 2194 3252 2218 .
3278 2169 3383 2209 non
3409 2157 3550 2225 quod
3579 2171 3609 2209 a
3630 2158 3755 2212 tali-

2176 2232 2274 2286 bus
2299 2232 2458 2289 fuerit
2486 2237 2823 2304 parentibus:
2849 2253 3022 2308 neque
3041 2244 3183 2295 enim
3212 2242 3284 2296 ita
3311 2257 3404 2298 eos
3429 2257 3752 2300 commemo-

2175 2331 2260 2376 rat
2297 2321 2569 2392 Scriptura
2615 2336 2673 2380 ut
2724 2327 2921 2384 virtute
2961 2329 3186 2384 nobiles.
3229 2329 3585 2388 Nihilominus
3625 2348 3754 2389 cum

2175 2421 2323 2466 tanta
2348 2424 2529 2469 essent
2551 2415 2825 2471 obstacula
2850 2427 2906 2473 et
2940 2429 3018 2473 tot
3063 2421 3459 2489 impedimenta.
3492 2425 3544 2478 in
3577 2424 3752 2494 ipsum

2176 2506 2456 2571 pervenire
2494 2506 2663 2574 potuit
2703 2508 2923 2563 virtutis
2945 2512 2960 2541 ⁸
2991 2511 3287 2582 fastigium:
3315 2525 3372 2569 ut
3404 2515 3579 2570 discas
3623 2533 3749 2572 cum

2174 2591 2263 2660 qui
2294 2591 2476 2661 vigilat
2501 2602 2556 2648 et
2577 2595 2788 2651 sobrius
2811 2607 2914 2664 est,
2943 2608 2997 2652 et
3024 2614 3135 2654 suae
3167 2604 3353 2657 salutis
3374 2621 3561 2658 curam
3597 2608 3704 2674 agit
3725 2647 3746 2670 .

2175 2681 2308 2736 nihil
2334 2697 2455 2738 esse
2478 2684 2620 2755 quod
2643 2687 2944 2758 prohibeat.
2973 2688 3106 2746 Nam
3135 2692 3274 2746 sicut
3303 2693 3392 2748 ubi
3422 2696 3756 2766 negligentes

2173 2775 2494 2842 ceperimus
2515 2790 2653 2842 esse,
2687 2779 2846 2832 etiam
2874 2795 2905 2833 a
2944 2781 3104 2836 rebus
3128 2783 3361 2840 minimis
3385 2785 3703 2842 offendimur
3731 2806 3750 2842 :

2177 2862 2250 2914 ita
2265 2862 2310 2915 si
2340 2863 2664 2920 voluerimus
2693 2868 2857 2922 sobrii
2885 2883 3005 2924 esse
3032 2910 3048 2934 .
3079 2874 3327 2940 quamvis
3356 2874 3622 2931 innumeri
3645 2878 3757 2932 sint

2176 2957 2265 3024 qui
2289 2956 2356 3010 ad
2379 2955 2630 3011 malitiam
2657 2956 2892 3024 trahant.
2923 2962 3228 3031 neutiquam
3256 2972 3495 3019 nostrum
3517 2966 3756 3023 studium

2175 3054 2419 3114 poterunt
2447 3045 2796 3102 labefactare:
2815 3049 2956 3104 sicut
2979 3065 3153 3120 neque
3179 3052 3326 3107 illum
3346 3054 3576 3124 justum.
3612 3069 3752 3113 tanta

2174 3135 2274 3190 etsi
2305 3143 2383 3190 tot
2405 3147 2586 3191 essent
2612 3137 2664 3192 id
2689 3147 2937 3194 curantes
2960 3180 2977 3200 .
3011 3142 3312 3209 segniorem
3347 3145 3399 3198 in
3436 3148 3743 3204 exercenda

2174 3227 2366 3280 virtute
2388 3225 2562 3282 facere
2583 3237 2892 3297 potuerunt.
2911 3229 3140 3287 Proinde
3160 3234 3341 3289 nullus
3366 3237 3527 3290 alium
3544 3249 3760 3309 arguat.

2175 3326 2229 3370 et
2259 3317 2311 3370 in
2339 3317 2470 3370 alios
2489 3318 2699 3388 culpam
2721 3320 3059 3387 transcribet.
3082 3323 3176 3378 sed
3201 3339 3312 3378 sua:
3330 3327 3553 3395 ignavia:
3580 3337 3752 3385 totum

2177 3406 2416 3473 imputet.
2449 3407 2516 3461 Et
2545 3408 2669 3478 quid
2694 3409 2815 3464 dico
2859 3411 2911 3464 in
2956 3412 3138 3467 alios?
3167 3413 3348 3486 Neque
3370 3417 3642 3482 diabolum
3672 3421 3752 3489 ip-

2175 3511 2291 3550 sum
2320 3496 2436 3566 quis
2460 3507 2565 3550 tam
2589 3507 2859 3568 potentem
2881 3513 3049 3572 putet,
3079 3513 3131 3559 ut
3151 3505 3432 3572 prohibere
3445 3511 3752 3580 quempiam

2174 3587 2344 3655 possit
2370 3589 2654 3656 quominus
2683 3589 2734 3643 in
2767 3593 2902 3646 viam
2931 3609 3051 3662 qua:
3070 3595 3137 3648 ad
3167 3595 3417 3651 virtutem
3441 3597 3608 3662 ducit.
3638 3611 3747 3655 eat.

2173 3676 2490 3745 Supplantat
2506 3679 2720 3748 quidem
2750 3690 2804 3734 et
2824 3682 3021 3754 decipit
3039 3685 3373 3741 socordiores
3399 3728 3414 3748 .
3443 3704 3549 3743 non
3582 3691 3752 3759 impe-

2173 3766 2251 3821 dit
2269 3778 2467 3834 autem,
2493 3783 2592 3825 nec
2608 3770 2712 3824 vim
2744 3773 2903 3828 infert
2924 3790 2940 3823 :
2964 3773 3015 3828 id
3044 3777 3184 3844 quod
3215 3792 3394 3832 rerum
3420 3781 3751 3847 experientia

2172 3857 2354 3912 docet:
2382 3874 2571 3928 nempe
2598 3861 2642 3914 si
2666 3863 2924 3917 vellemus
2950 3866 3168 3933 vigilare
3197 3909 3214 3933 ,
3243 3875 3401 3921 tanta:
3428 3870 3751 3924 constantia:

2173 3951 2443 4017 specimen
2471 3952 2881 4016 exhiberemus.
2914 3965 2971 4012 ut
3003 3973 3178 4029 neque
3203 3959 3252 4012 si
3279 3961 3428 4013 multi
3459 3971 3641 4015 essent
3680 3964 3750 4016 ad

2173 4043 2388 4098 malitia.-
2413 4045 2553 4100 viam
2580 4062 2677 4101 nos
2701 4047 3046 4103 cohortantes
3069 4088 3084 4113 .
3113 4065 3296 4103 eorum
3325 4050 3587 4107 ferremus
3614 4068 3748 4107 cou-

2173 4132 2367 4198 silium,
2401 4134 2494 4190 sed
2515 4139 2658 4190 omni
2678 4137 2965 4193 adamante
2991 4138 3276 4206 firmiores,
3297 4156 3454 4195 aures
3470 4142 3751 4196 obturare-

2172 4238 2289 4275 mus
2316 4233 2421 4278 tam
2454 4240 2613 4293 prava
2631 4229 3054 4283 consulentibus.
3083 4232 3152 4282 At
3192 4231 3238 4284 si
3267 4232 3592 4300 negligentes
3632 4232 3749 4286 lue-

2171 4314 2359 4378 rimus.
2383 4317 2592 4369 etiamsi
2621 4316 2797 4371 nullus
2821 4317 2992 4386 sitqui
3013 4319 3259 4373 consulat
3288 4321 3371 4374 vel
3392 4322 3694 4391 supplantct
3726 4361 3748 4388 .

2171 4413 2352 4460 nostra
2393 4417 2580 4475 sponte
2615 4407 2682 4463 ad
2727 4409 2981 4465 malitiam
3032 4414 3385 4479 prosiliemus.
3413 4413 3546 4469 Nam
3573 4416 3616 4467 si
3643 4415 3750 4471 hoc

2171 4509 2273 4548 non
2293 4505 2434 4550 esset
2448 4497 2604 4550 situm
2627 4499 2677 4551 in
2695 4496 2962 4555 voluntate
2981 4514 3179 4562 nostra.
3201 4503 3315 4556 etin
3337 4505 3497 4557 animi
3512 4513 3752 4572 potesta-

2172 4586 2390 4649 te,Deus
2407 4595 2646 4640 naturam
2675 4598 2914 4644 nostram
2935 4592 3016 4643 sui
3040 4591 3174 4659 juris
3200 4606 3302 4646 non
3321 4591 3557 4657 fecisset.
3579 4608 3748 4663 cper-

2171 4676 2313 4729 tebat
2340 4691 2433 4731 eos
2458 4677 2544 4747 qui
2570 4688 2768 4733 natura:
2799 4691 2994 4735 nostra:
3016 4684 3316 4753 participes,
3348 4696 3402 4739 ot
3429 4685 3616 4740 iisdem
3645 4685 3746 4741 ob-

2168 4769 2312 4821 noxii
2338 4779 2458 4824 sunt
2495 4770 2860 4827 adeCtionibus
2889 4815 2904 4838 .
2935 4776 3017 4830 vel
3039 4795 3229 4835 omnes
3261 4778 3429 4834 malos
3451 4793 3572 4835 esse
3600 4819 3619 4845 ,
3657 4783 3744 4838 vel

2165 4873 2352 4913 onmcs
2379 4861 2572 4917 virtute
2601 4861 2867 4931 prazditos.
2907 4850 3037 4918 Cum
3063 4876 3242 4922 autem
3273 4868 3513 4922 videmus
3538 4885 3741 4941 congc-

2168 4966 2319 5006 ncres
2342 4962 2552 5008 nostros
2575 4995 2590 5020 .
2622 4964 2675 5008 et
2703 4953 2900 5009 eisdem
2928 4956 3295 5013 affectionibus
3322 4959 3600 5027 obnoxios.
3633 4978 3744 5019 non

2101 5068 2104 5075 -
2166 5041 2348 5095 eadem
2374 5059 2493 5111 qua:
2520 5059 2615 5097 nos
2645 5045 2749 5114 pati
2777 5062 2789 5098 :
2818 5045 2911 5100 sed
2937 5057 2992 5100 et
3020 5047 3188 5100 valida
3216 5048 3419 5103 ratione
3441 5051 3744 5119 gubernare

2168 5139 2404 5185 naturam
2436 5172 2452 5197 .
2479 5144 2533 5187 et
2556 5135 2882 5188 inordinatos
2911 5141 3088 5189 motus
3119 5135 3356 5202 domare,
3387 5149 3441 5193 et
3470 5141 3743 5196 refrenare

2165 5225 2668 5292 concupiscentiam,
2698 5227 2960 5295 imperare
2989 5226 3151 5282 furori
3182 5235 3236 5282 et
3263 5229 3374 5292 im.
3405 5229 3588 5300 fugare
3615 5233 3719 5287 invi

2162 5312 2342 5379 diam,
2381 5317 2660 5370 elitninare
2699 5317 2918 5371 livorem
2950 5358 2968 5384 .
3010 5328 3351 5376 contemnere
3391 5323 3630 5377 rabidam
3685 5325 3741 5380 in

2163 5407 2537 5474 conquirendis
2573 5408 2816 5477 pecuniis
2849 5408 3187 5478 cupiditatem
3218 5453 3234 5479 ,
3266 5413 3526 5469 minorem
3553 5416 3733 5485 glorim

2162 5510 2343 5551 emam
2370 5497 2588 5561 habere,
2620 5497 2795 5553 ridere
2822 5512 3033 5555 omnem
3059 5503 3338 5572 praesentis
3367 5505 3486 5560 vita:
3515 5505 3740 5562 felicita-

2225 5648 2239 5679 ³
2277 5645 2389 5703 Alli,
2412 5659 2612 5699 sum
2635 5649 2834 5701 virtutis.
