4054 6312
210 344 307 401 205

208 473 332 528 tem,
363 460 610 530 aspirare
642 458 710 515 ad
737 472 920 513 veram
947 457 1191 528 gloriam,
1227 465 1280 510 et
1302 467 1617 524 prrepouere
1638 452 1815 506 visibi-

210 551 341 606 libus
374 549 635 606 omnibus
673 548 887 604 laudem
924 563 1044 619 qut'c
1069 562 1100 602 a
1132 547 1242 602 Deo
1271 554 1356 601 est
1389 564 1402 598 :
1433 557 1610 598 nonne
1639 541 1815 596 mani-

209 643 398 699 festum
437 653 525 698 est
559 657 659 699 eos
691 684 706 708 ,
745 651 865 713 post
900 643 1125 712 gratiam
1160 640 1254 696 Dei
1289 683 1303 704 ,
1334 653 1432 694 suo
1471 637 1648 693 studio
1681 637 1817 692 bene

206 744 359 805 agere
391 747 558 806 posse
579 776 594 796 .
625 749 834 805 nosque
858 741 1038 789 nostra
1067 732 1274 803 ignavia
1305 737 1543 786 nostram
1569 728 1815 784 amittere

206 826 430 880 salutem
460 865 479 891 ,
509 834 568 880 et
596 824 716 894 ejus
741 818 911 895 gratia
938 838 1036 879 nos
1065 823 1299 892 spoliare
1323 821 1347 875 τ

272 915 326 972 6.
357 911 588 969 Horatio
615 915 1328 984 annuatim—Quapropter
1357 911 1584 969 obsecro
1617 920 1674 966 ut
1703 910 1819 967 ba‘c

207 1008 501 1080 cogitantes
529 1049 546 1076 ,
593 1015 649 1063 et
688 1009 740 1062 in
768 1017 946 1063 mente
992 1016 1173 1063 nostra
1215 1006 1470 1062 continuo
1495 1013 1772 1061 versantes
1799 1045 1814 1068 .

207 1113 495 1170 numquam
523 1097 803 1155 diabolum
830 1138 846 1165 ,
875 1097 970 1154 sed
998 1106 1237 1153 nostram
1264 1097 1435 1153 levem
1467 1097 1817 1168 ignavamque

209 1200 437 1246 mentem
467 1204 783 1261 arguamus.
807 1189 875 1245 Et
901 1189 1016 1244 tunc
1040 1189 1160 1244 dico
1190 1204 1296 1243 non
1317 1188 1459 1258 quod
1488 1187 1759 1242 diabolum
1786 1201 1815 1238 a

206 1294 302 1335 suo
324 1279 560 1335 crimine
585 1279 866 1336 absolvere
892 1280 1054 1336 velim
1079 1297 1092 1332 :
1123 1279 1263 1334 absit
1302 1295 1317 1332 :
1350 1278 1496 1332 vadit
1515 1278 1657 1333 enim
1681 1277 1819 1332 sicut

209 1369 290 1426 leo
309 1379 368 1426 ut
393 1373 595 1442 rapiat,
622 1381 676 1428 et
701 1374 934 1443 rugiens,
957 1381 1012 1427 et
1033 1386 1278 1442 quaarens
1299 1385 1458 1441 quem
1484 1370 1704 1426 devoret
1738 1370 1811 1442 (1.

211 1458 322 1515 Pet.
351 1462 404 1517 5.
434 1461 470 1517 8
499 1460 520 1534 )
556 1480 570 1516 :
602 1462 698 1516 sed
727 1471 784 1518 et
805 1478 903 1517 nos
923 1463 1190 1517 cautiores
1217 1460 1446 1517 reddere
1475 1461 1636 1527 volui,
1670 1470 1728 1515 ut
1750 1476 1818 1517 ne

210 1553 583 1608 existimemus
603 1570 787 1609 carere
817 1569 914 1609 nos
941 1554 1118 1622 culpa,
1147 1552 1409 1620 siquidem
1440 1561 1547 1607 tam
1575 1551 1728 1607 facile
1750 1552 1816 1607 ad

212 1645 469 1700 malitiam
513 1645 912 1717 prorumpimus
945 1687 960 1709 ,
992 1654 1046 1700 et
1092 1660 1159 1700 ne
1209 1643 1394 1699 frivola
1446 1644 1533 1698 illa
1575 1643 1819 1698 dicamus

210 1737 367 1792 verba
393 1755 408 1792 :
436 1737 620 1806 Quare
652 1739 791 1793 Deus
817 1737 1020 1792 dimisit
1045 1736 1194 1791 illum
1222 1745 1329 1790 tam
1362 1737 1665 1805 improbum
1693 1777 1708 1801 ,
1758 1744 1817 1790 ut

210 1829 578 1898 supplantaret
613 1837 669 1885 et
703 1829 1113 1899 prosterneret?
1155 1828 1294 1882 Sunt
1321 1828 1462 1882 enim
1493 1827 1610 1882 haec
1656 1826 1815 1883 verba

211 1922 397 1993 ingrati
426 1921 721 1976 admodum
748 1921 931 1975 animi.
967 1921 1164 1975 Verum
1197 1928 1254 1974 tu
1296 1918 1398 1974 hoc
1426 1926 1601 1974 tecum
1633 1920 1816 1974 consi-

211 2011 357 2076 dera.
388 2012 541 2068 illum
568 2021 790 2083 promer
815 2011 919 2067 hoc
948 2012 1282 2081 potissimum
1315 2011 1560 2066 relictum
1582 2025 1724 2076 esse,
1759 2019 1817 2066 ut

212 2102 402 2158 timore
445 2102 758 2173 compulsi,
787 2112 840 2156 et
893 2101 1062 2157 hostis
1119 2101 1341 2156 insidias
1388 2110 1764 2170 exspectantes
1797 2143 1811 2167 ,

212 2194 374 2249 simus
401 2203 663 2263 perpetuo
687 2195 850 2249 sobrii
881 2203 937 2250 et
964 2193 1150 2264 vigiles
1170 2236 1186 2261 ,
1213 2193 1561 2264 laboremque
1603 2196 1815 2249 virtutis

213 2283 466 2340 leviorem
494 2284 754 2342 faciamus
780 2300 874 2356 spe
899 2285 1310 2342 retributionem
1339 2297 1396 2345 et
1412 2286 1813 2356 exspectatione

213 2384 536 2432 aeternorum
566 2387 622 2433 et
648 2377 996 2433 ineﬂ'abilium
1024 2376 1235 2431 illorum
1277 2376 1564 2437 bonorum.
1593 2375 1667 2430 Et
1687 2377 1811 2447 quid

213 2465 454 2534 miraris,
495 2469 538 2522 si
575 2467 648 2523 ob
675 2467 813 2523 hanc
841 2482 1058 2522 causam
1089 2466 1304 2536 reliquit
1330 2466 1602 2522 diabolum
1632 2467 1772 2523 Deus
1795 2510 1808 2533 ,

212 2558 292 2613 cui
311 2568 454 2614 tanta
487 2567 686 2615 nostra:
714 2559 903 2614 salutis
923 2573 1072 2622 cura,
1101 2565 1156 2612 ct
1184 2557 1273 2627 qui
1297 2556 1367 2611 ita
1400 2565 1639 2612 nostram
1662 2571 1808 2612 som-

216 2651 502 2706 nolentiam
543 2653 748 2709 excutit
780 2693 796 2719 ,
841 2651 1233 2719 materiamque
1275 2663 1600 2705 coronarum
1654 2649 1810 2705 nobis

215 2753 476 2811 purpurat
500 2743 524 2796 ἲ
548 2742 725 2812 ipsam
752 2742 914 2798 etiam
941 2740 1244 2813 gehennam
1274 2747 1556 2810 propterea
1581 2740 1807 2810 paravit,

214 2842 269 2887 ut
295 2843 470 2890 metus
500 2849 670 2904 pinna:
697 2834 1155 2904 intolerabilisque
1179 2833 1449 2889 cruciatus
1491 2832 1559 2887 ad
1587 2848 1807 2903 regnum

213 2939 307 2982 nos
328 2926 591 2996 impellat.
637 2927 826 2982 Vidisti
854 2928 1109 2983 solertem
1139 2925 1344 2981 Domini
1377 2925 1760 2995 benignitatem
1786 2926 1810 2979 ?

211 3022 481 3089 quomodo
507 3024 685 3076 omnia
714 3020 875 3077 faciat
899 3029 955 3076 et
982 3027 1176 3075 tractet
1213 3059 1230 3085 ,
1262 3026 1321 3072 ut
1365 3034 1471 3072 nou
1506 3019 1680 3072 solum
1716 3033 1810 3073 eos

211 3111 296 3181 qui
320 3113 388 3167 ab
411 3127 473 3168 se
495 3111 696 3168 conditi
721 3121 844 3168 sunt
859 3119 1057 3177 servet,
1073 3109 1168 3166 sed
1198 3118 1253 3165 et
1279 3109 1633 3165 ineﬂ'abilibus
1656 3109 1809 3163 bonis

211 3203 378 3259 ditet?
409 3204 698 3275 Propterea
727 3204 956 3260 liberum
978 3203 1257 3258 arbitrium
1299 3203 1453 3256 nobis
1495 3201 1686 3255 indidit
1715 3243 1729 3267 ,
1754 3211 1810 3256 et

213 3298 263 3352 in
307 3308 494 3353 natura
537 3298 974 3368 conscientiaque
1017 3304 1200 3351 nostra
1249 3294 1490 3363 reposuit
1528 3294 1805 3348 scientiam

213 3388 331 3443 boni
360 3397 415 3443 et
441 3389 598 3454 mali,
631 3388 1018 3459 diabolumque
1047 3402 1168 3443 esse
1196 3386 1437 3456 permisit
1469 3427 1482 3450 ,
1517 3400 1580 3440 ac
1601 3384 1806 3454 gehen-

212 3494 328 3535 nam
358 3481 592 3535 minatus
620 3489 723 3545 est,
752 3488 812 3535 ut
839 3495 958 3535 eam
991 3494 1100 3534 non
1134 3479 1505 3548 experiremur
1535 3519 1548 3541 ,
1592 3477 1687 3532 sed
1722 3493 1806 3532 rc-

211 3587 366 3642 gnum
395 3572 833 3643 adipiscerentur.
860 3573 928 3628 Et
947 3571 1076 3643 quid
1104 3572 1317 3626 miraris
1346 3572 1388 3626 si
1421 3571 1521 3625 ista
1553 3572 1732 3625 omnia
1752 3579 1807 3625 et

213 3665 487 3720 innumera
510 3664 612 3719 alia
646 3664 766 3720 ideo
787 3663 1017 3719 fecerit?
1041 3662 1142 3730 Qui
1173 3663 1224 3716 in
1253 3663 1370 3716 sinu
1389 3662 1564 3716 Patris
1585 3671 1670 3716 est
1697 3661 1807 3716 for-

213 3773 350 3814 mam
375 3759 517 3814 servi
549 3759 825 3827 suscipere
849 3755 1301 3827 voluit(Philipp.
1331 3755 1387 3808 2.
1417 3753 1472 3827 7)
1501 3797 1517 3821 ,
1544 3764 1601 3810 et
1627 3756 1806 3810 omnia

212 3849 310 3904 alia
339 3852 610 3905 sustinere
638 3865 758 3920 qua:
800 3849 866 3903 ad
903 3863 1100 3918 corpus
1132 3848 1404 3918 pertinent
1439 3889 1452 3911 ,
1485 3863 1549 3902 ex
1584 3849 1808 3903 muliere

213 3951 384 3997 ortum
414 3942 634 4008 habere,
665 3956 729 3996 ex
757 3940 975 4011 Virgine
1001 3939 1184 4004 nasci,
1216 3954 1408 3994 novem
1446 3938 1725 3993 mensibus
1754 3940 1806 3993 in

213 4042 363 4088 utero
401 4034 600 4104 gestari
633 4074 648 4099 ,
699 4033 888 4101 pannis
916 4031 1113 4086 involvi
1147 4071 1163 4098 ,
1211 4040 1420 4102 patrem
1449 4047 1604 4086 suum
1633 4034 1808 4102 putari

213 4126 408 4198 Ioseph
428 4142 687 4196 sponsum
699 4126 901 4194 Marim,
921 4125 1172 4196 paulatim
1195 4140 1458 4189 crescere,
1477 4125 1808 4191 circumcidi,

214 4220 532 4275 sacriﬁcium
563 4219 776 4282 oll'erre,
797 4218 1028 4284 esurire,
1059 4216 1229 4282 sitire,
1256 4216 1484 4286 fatigari,
1512 4226 1567 4271 et
1595 4217 1808 4273 tandem

215 4312 368 4364 etiam
399 4317 629 4366 mertem
658 4309 924 4365 sustinere
962 4325 975 4361 :
1009 4318 1063 4364 et
1093 4317 1321 4364 mortem
1355 4324 1462 4363 non
1492 4310 1764 4378 vulgarem
1793 4354 1807 4377 ,

215 4401 302 4456 sed
331 4417 455 4457 eam
472 4417 590 4471 quae
615 4400 1116 4471 ignominiosissima
1139 4400 1454 4466 habebatur,
1472 4401 1648 4457 crucis
1665 4403 1808 4468 dico;

217 4502 266 4546 et
286 4493 400 4548 lucc
429 4492 608 4546 omnia
629 4503 847 4561 propter
876 4506 976 4546 nos
996 4499 1344 4562 nostramque
1369 4492 1598 4546 salutem
1627 4507 1808 4547 susce-

219 4583 289 4650 pit
313 4583 558 4636 omnium
585 4581 847 4636 Conditor
872 4623 887 4648 ,
912 4581 1286 4649 immutabilis,
1315 4583 1404 4652 qui
1435 4584 1614 4637 omnia
1639 4597 1704 4637 ex
1729 4584 1810 4636 ni-

218 4674 318 4727 ΜΞ.)
351 4684 401 4727 ut
437 4683 615 4726 essent
651 4673 897 4741 produxit
925 4715 940 4738 ,
969 4674 1057 4743 qui
1086 4673 1304 4742 respicit
1334 4683 1529 4728 terram
1562 4717 1576 4741 ,
1605 4683 1660 4728 et
1690 4673 1815 4729 facit

216 4783 327 4820 eum
353 4777 587 4821 ti'etnere
617 4764 790 4837 (Prol.
818 4767 938 4820 105.
962 4766 1057 4834 52)
1079 4783 1092 4828 ;
1115 4767 1269 4835 cujus
1296 4767 1486 4835 gloria:
1514 4766 1692 4836 fulgur
1720 4784 1812 4823 ue—

215 4873 311 4925 que
325 4856 640 4922 Cherubin),
657 4857 983 4924 incorporea:
998 4857 1102 4910 illa;
1115 4856 1356 4922 virtutes,
1370 4857 1552 4912 videre
1569 4869 1811 4927 possunt,

216 4947 304 5001 sed
337 4948 593 5001 adversus
630 4947 790 5001 iacies
833 4956 1018 5020 tegunt
1060 4946 1285 5016 objectis
1323 4947 1423 5002 alis
1452 4988 1465 5010 ,
1495 4948 1812 5004 miraculum

219 5040 367 5093 nobis
397 5038 747 5104 exhibentes;
783 5055 939 5109 quem
970 5055 1185 5110 semper
1211 5040 1428 5095 laudant
1449 5043 1620 5111 angeli
1651 5053 1704 5098 et
1729 5060 1814 5096 ar-

217 5132 458 5202 changeli
493 5174 506 5195 ,
553 5143 607 5186 et
651 5132 930 5186 innumera
980 5132 1142 5186 millia
1171 5151 1181 5186 :
1217 5132 1304 5187 hic
1350 5144 1570 5202 propter
1602 5150 1698 5189 nos
1725 5177 1738 5199 ,
1766 5148 1820 5191 et

221 5233 440 5293 pmpter
468 5232 706 5276 nostram
734 5224 961 5278 salutem
984 5267 996 5286 ,
1023 5223 1185 5277 homo
1213 5224 1327 5277 ﬁeri
1358 5225 1522 5277 voluit
1548 5265 1562 5288 ,
1595 5236 1649 5279 et
1677 5228 1818 5294 opti-

221 5329 315 5369 ma:
341 5316 469 5369 vita:
496 5313 652 5368 nubis
680 5315 818 5369 viam
853 5317 1059 5384 paravit
1092 5359 1105 5379 ,
1140 5326 1193 5369 et
1240 5331 1334 5383 per
1371 5333 1431 5370 ea
1462 5318 1817 5372 sufficientem

224 5407 369 5460 nobis
412 5405 717 5461 doctrinam
749 5408 1084 5476 consignavit
1113 5448 1126 5471 ,
1163 5422 1258 5475 per
1297 5423 1416 5477 qua:
1447 5407 1546 5461 hac
1576 5409 1690 5477 ipsa
1721 5424 1814 5465 no.

224 5509 322 5549 stra
357 5507 548 5551 natura
577 5505 853 5566 assumpta
904 5499 1169 5553 transivit.
1217 5499 1347 5566 Qua:
1388 5499 1554 5568 igitur
1597 5500 1821 5569 posthac

224 5589 372 5642 nobis
404 5587 510 5641 erit
532 5589 844 5651 excusatio,
873 5589 915 5641 si
942 5602 1062 5642 cum
1094 5595 1172 5642 tot
1196 5595 1444 5658 tantaque
1475 5589 1703 5646 salutem
1728 5605 1824 5647 uo-

226 5685 382 5730 stram
407 5677 800 5746 prmcesserint,
823 5679 873 5732 in
888 5677 1048 5732 rebus
1073 5677 1347 5733 inutilibus
1362 5694 1460 5734 nos
1477 5694 1817 5750 occupemus,

231 5768 339 5826 sola
363 5769 516 5824 'cirea
567 5767 683 5824 lare
726 5769 1042 5843 negligentia
1076 5781 1312 5825 nostram
1339 5771 1643 5827 amittentes
1665 5771 1813 5825 salu-

1319 336 1386 394 ΙΝ
1422 334 1575 394 CAP.
1622 335 1707 390 \‘l.
1750 332 1993 394 GENES.
2036 334 2268 392 llOllllL.
2304 333 2496 390 XXIV.

3422 329 3532 386 206

1932 460 2040 506 tem
2066 451 2090 506 i
2121 449 2351 506 Proinde
2390 451 2618 505 obsecro
2648 456 2706 504 ut
2753 447 3032 519 vigilemus
3067 488 3083 516 ,
3111 457 3166 504 et
3193 464 3301 504 non
3332 457 3535 505 temere

1925 542 2152 596 aliorum
2184 556 2473 610 seq-tamur
2496 541 2963 605 consuetudinem,
2994 539 3090 595 sed
3109 548 3347 595 nostram
3369 540 3533 596 vitam

1925 633 2163 704 quotidie
2204 633 2490 703 diligenter
2527 633 2866 688 excutiamus
2899 675 2914 698 ,
2964 631 3351 704 videamusque
3405 632 3534 702 quid

1927 734 2205 794 peccatum
2229 766 2244 791 ,
2277 723 2474 795 quidve
2504 732 2649 779 recte
2680 739 2711 778 a
2756 723 2912 778 nobis
2956 732 3166 794 gestum
3201 723 3307 777 sit:
3353 731 3412 777 nt
3455 722 3535 778 sic

1927 825 2140 885 peccata
2171 824 2353 869 nostra
2389 813 2740 872 emendemus
2761 857 2778 882 ,
2806 829 3203 886 supernatuque
3230 812 3387 869 nobis
3413 829 3533 898 gra.

1925 910 2052 963 tiam
2074 907 2424 963 conciliemus
2456 950 2472 973 ,
2509 922 2572 963 ac
2598 907 2708 962 Deo
2739 907 3046 976 placeamus
3080 948 3096 974 ,
3125 904 3375 976 exemplo
3401 904 3534 974 justi

1927 998 2087 1064 illius,
2113 1008 2170 1053 et
2196 998 2431 1068 denique
2455 1014 2680 1070 regnum
2708 1013 3062 1068 assequamur
3085 997 3340 1052 cmlorum
3365 1038 3381 1059 ,
3411 1011 3534 1065 gra-

1926 1092 1996 1145 tia
2028 1099 2082 1145 et
2117 1090 2486 1146 misericordia
2519 1091 2728 1146 Domini
2760 1089 2931 1145 nostri
2966 1088 3095 1146 Jesu
3135 1087 3378 1156 Christi,
3407 1103 3531 1152 cum

1923 1197 2032 1251 quo
2061 1181 2242 1248 Patri,
2273 1182 2434 1237 simul
2455 1191 2506 1237 et
2533 1181 2754 1253 Spiritui
2785 1195 2972 1238 sancto
3001 1183 3070 1236 sit
3097 1182 3264 1252 gloria
3288 1223 3303 1248 ,
3335 1182 3531 1246 honor.

1925 1273 2243 1342 imperium,
2275 1289 2416 1330 nunc
2438 1283 2492 1328 et
2516 1289 2762 1345 semper,
2794 1282 2850 1329 et
2880 1275 2930 1329 in
2959 1276 3155 1329 smcula
3184 1273 3530 1330 mulorum.

1926 1366 2116 1420 Amen.

2471 1481 2703 1536 HOMILl
2725 1485 2749 1534 \
2795 1481 2985 1544 XXIV.

1924 1591 2108 1646 Genui!
2141 1603 2312 1646 autem
2340 1593 2456 1647 Noe
2485 1603 2584 1647 tres
2614 1593 2750 1662 ﬁlios
2780 1636 2795 1660 ,
2825 1593 2950 1649 Sent
2983 1635 2998 1659 ,
3039 1593 3203 1647 Cham
3230 1637 3243 1659 ,
3289 1592 3484 1662 Jupitet
3512 1610 3526 1645 :

1996 1693 2238 1754 corrupta
2274 1694 2445 1739 autem
2471 1695 2579 1738 erat
2614 1696 2750 1739 terra
2771 1701 2942 1739 coram
2975 1684 3081 1738 Deo
3104 1727 3118 1749 ,
3165 1694 3212 1739 et
3239 1685 3434 1755 repleta
3460 1694 3532 1738 est

1995 1786 2128 1832 terra
2144 1779 2396 1849 injustitia
2423 1775 2579 1847 (Gen.
2610 1778 2661 1834 6.
2695 1779 2803 1848 10).

2002 1915 2048 1968 1.
2075 1913 2367 1984 Scriptura
2393 1932 2494 1969 non
2521 1914 2681 1970 obiter
2708 1917 2941 1984 tegenda.
2975 1946 3045 1956 -——
3074 1915 3225 1971 llaud
3254 1916 3528 1986 vulgarem

1923 2006 2202 2061 utilitatem
2232 2005 2347 2060 heri
2365 2006 2520 2060 nobis
2540 2007 2716 2062 attulit
2740 2007 2867 2076 justi
2890 2007 3003 2062 Noe
3031 2006 3362 2078 genealogia.
3393 2007 3528 2062 Nam

1921 2109 1976 2151 et
2002 2097 2354 2167 cognovimus
2384 2099 2681 2153 mirabilem
2711 2099 3042 2170 genealogis:
3066 2099 3285 2154 modum
3315 2141 3330 2166 ,
3362 2107 3418 2155 et
3446 2099 3528 2153 vi—

1920 2180 2105 2243 dimus'
2121 2188 2326 2258 justum
2357 2189 2587 2258 laudari,
2611 2205 2720 2245 non
2741 2205 2770 2244 a
2799 2199 3081 2262 parentum
3106 2191 3352 2246 claritate
3380 2233 3396 2259 ,
3432 2193 3525 2246 sed

1919 2293 2190 2334 amorum
2230 2279 2500 2350 probitate
2533 2324 2547 2345 ,
2594 2289 2814 2353 propter
2859 2297 3018 2353 quam
3064 2290 3272 2338 tantum
3317 2283 3530 2354 accepit

1921 2375 2283 2430 testimonium
2321 2390 2351 2429 a
2387 2376 2567 2430 divina
2593 2375 2872 2447 Scriptura
2912 2394 2926 2428 :
2958 2375 3077 2432 Noe
3099 2377 3275 2443 enim,
3311 2376 3486 2447 inquit
3510 2417 3524 2438 .

1919 2465 2069 2520 homo
2107 2469 2283 2536 justus
2306 2507 2322 2534 ,
2357 2469 2610 2538 perfectus
2646 2468 2891 2523 exsistens
2919 2469 2973 2523 in
3015 2470 3343 2539 generatione
3393 2485 3526 2524 sua:

1918 2556 2027 2610 Deo
2042 2559 2236 2627 placuit
2261 2556 2398 2613 Noe.
2417 2559 2611 2614 Totum
2629 2560 2774 2616 enim
2793 2574 3104 2615 sermonem
3133 2560 3186 2615 in
3215 2574 3384 2630 pauca
3406 2559 3527 2616 haec

1920 2647 2081 2702 verba
2117 2647 2505 2720 insumpsimus
2544 2648 2682 2705 heri.
2729 2648 3177 2722 Quandoquidem
3217 2648 3527 2706 divinorum

1917 2740 2253 2811 eloquiorum
2280 2742 2550 2816 naturain
2580 2743 2763 2814 paucis
2789 2743 2971 2798 verbis
3001 2743 3198 2800 multas
3225 2745 3523 2800 sententia-

1918 2850 2032 2888 rum
2068 2834 2224 2890 alfert
2248 2834 2462 2889 divitias
2490 2875 2506 2902 ,
2538 2842 2594 2890 et
2633 2833 2954 2892 ineﬂ'abilem
2984 2834 3269 2907 diligenter
3295 2838 3525 2893 scrutari

1917 2927 2218 2983 volentibus
2240 2929 2552 2985 thesaurum
2577 2927 2820 2998 largitur.
2850 2928 3083 2985 Proinde
3107 2972 3123 2997 ,
3152 2929 3382 2988 obsecro
3404 2971 3421 2998 ,
3456 2946 3524 2987 ne

1914 3017 2042 3087 quid
2072 3017 2126 3072 in
2155 3017 2333 3074 sacris
2349 3015 2547 3075 Litoris
2573 3017 2941 3090 perfunctorie
2968 3030 3058 3076 aut
3086 3022 3262 3078 obiter
3301 3031 3526 3092 prazter-

1914 3116 2086 3176 eatur,
2118 3107 2212 3164 sed
2239 3109 2454 3165 etiamsi
2477 3110 2693 3165 nomina
2719 3122 3104 3168 recenseantur
3124 3155 3138 3179 ,
3167 3113 3251 3169 vel
3285 3113 3532 3172 historia:

1915 3209 2223 3267 narrentur,
2243 3200 2579 3255 reconditum
2611 3201 2994 3273 investigemus
3022 3203 3351 3261 thesaurum.
3387 3205 3522 3261 Nam

1914 3290 2036 3345 ideo
2079 3289 2326 3346 Christus
2372 3292 2621 3348 dicebat:
2656 3293 2973 3351 Scrutamini
3010 3294 3313 3367 Scn’pturas
3338 3296 3525 3369 (Joan.

1914 3383 1966 3438 5.
2000 3381 2112 3454 59).
2138 3382 2272 3450 Quia
2299 3398 2406 3438 non
2436 3384 2632 3456 ubique
2660 3386 2714 3441 in
2741 3388 3029 3460 superﬁcie
3052 3402 3206 3446 mens
3226 3389 3524 3461 Scripturae

1915 3475 2184 3530 invenitur
2207 3516 2222 3539 ,
2268 3475 2365 3530 sed
2405 3490 2541 3546 opus
2565 3485 2649 3532 est
2685 3479 2946 3533 scrutinio
2973 3479 3143 3536 multo
3177 3523 3191 3547 ,
3225 3491 3282 3535 ut
3308 3480 3441 3535 nihil
3468 3481 3521 3535 in

1916 3566 2182 3637 profundo
2205 3566 2409 3634 latens,
2443 3568 2599 3624 nobis
2630 3581 2910 3627 remaneat
2933 3569 3335 3628 absconditum.
3365 3571 3522 3642 Quod

1916 3659 1959 3712 si
1990 3659 2103 3714 sola
2129 3666 2335 3714 natura:
2361 3660 2670 3730 appellatio,
2688 3662 2812 3729 hoc,
2831 3661 3069 3733 inquam,
3095 3678 3315 3732 nomen,
3350 3660 3526 3720 Homo

1917 3746 2081 3818 (Gen.
2104 3748 2159 3804 6.
2183 3748 2257 3818 9)
2283 3791 2299 3818 ,
2331 3757 2494 3805 tantae
2525 3751 2680 3806 nobis
2715 3751 2959 3809 utilitatis
2996 3763 3376 3825 argumentum
3402 3753 3522 3810 heri

1917 3839 2046 3895 fuit:
2073 3849 2332 3910 quantum
2362 3841 2570 3897 lucrum
2598 3857 2705 3898 non
2731 3844 3085 3914 percipiemus
3111 3885 3126 3912 ,
3159 3845 3204 3900 si
3231 3830 3433 3901 attenta
3460 3861 3522 3902 ac

1915 3931 2058 4002 vigili
2091 3941 2271 3988 mente
2298 3933 2527 4004 singula,
2560 3950 2681 4005 quas
2707 3936 2759 3990 in
2781 3951 2933 3993 saera
2960 3934 3236 4008 Scriptura
3255 3936 3518 4002 feruntur,

1917 4023 2246 4079 audierimus
2272 4026 2294 4077 ?
2325 4025 2533 4080 Etenim
2564 4027 2889 4082 clementem
2923 4028 3183 4084 habemus
3206 4029 3516 4091 Dominum.

1917 4126 1971 4172 et
1995 4117 2210 4188 quando
2235 4118 2378 4173 videt
2404 4133 2502 4174 nos
2523 4120 2801 4186 sollicitos,
2833 4130 2886 4176 et
2916 4137 3162 4192 magnum
3191 4122 3520 4178 desideriqu

1917 4209 1984 4265 ad
2006 4211 2375 4281 cngnoscenda
2401 4211 2594 4266 divina
2621 4212 2832 4283 eloquia
2865 4214 3092 4279 habere,
3125 4231 3230 4270 non
3262 4217 3528 4285 permittit

1920 4317 2017 4356 nos
2048 4303 2152 4358 ulla
2180 4318 2240 4359 re
2266 4303 2525 4374 indigere,
2550 4304 2644 4360 sed
2677 4305 2857 4360 statim
2895 4306 3126 4362 illustrat
3158 4316 3394 4363 mentem
3425 4324 3532 4361 no-

1918 4403 2122 4461 stram,
2148 4403 2202 4450 et
2229 4409 2383 4449 suum
2413 4395 2672 4465 fulgorem
2701 4396 2924 4467 largitur
2959 4440 2972 4463 ,
3018 4407 3074 4453 et
3099 4415 3198 4468 pro
3225 4398 3528 4468 pchpieaei

1919 4486 2179 4554 sapientia
2211 4485 2299 4540 illa
2317 4500 2411 4541 sua
2442 4501 2655 4544 omnem
2680 4502 2861 4541 veram
2884 4489 3185 4546 doctrinam
3213 4491 3408 4547 animae
3433 4509 3532 4547 uo-

1921 4587 2046 4634 strae
2078 4579 2283 4634 inserit.
2332 4580 2632 4652 Eapropter
2660 4598 2781 4637 eum
2823 4600 2920 4640 nos
2950 4585 3014 4640 ad
3048 4587 3186 4642 istud
3218 4588 3394 4658 ipsum
3426 4590 3524 4644 ad-

1924 4671 2229 4725 hortaretur
2249 4714 2261 4736 ,
2292 4683 2344 4725 et
2368 4673 2658 4728 alacriores
2689 4675 2891 4732 faceret
2923 4720 2935 4741 ,
2971 4679 3301 4736 beatitudine
3331 4683 3526 4753 dignos

1921 4762 2217 4816 declaravit
2237 4778 2332 4817 eos
2361 4765 2447 4832 qui
2471 4765 2575 4819 tale
2602 4765 2926 4822 desiderium
2960 4785 3070 4838 pra:
3099 4787 3157 4826 se
3188 4771 3414 4840 ferrent,
3448 4775 3528 4830 di-

1922 4871 2049 4909 cens
2073 4875 2085 4910 :
2111 4856 2253 4910 Beati
2281 4859 2367 4924 qui
2396 4859 2625 4912 csuriunt
2657 4871 2702 4914 et
2735 4861 2912 4916 sitiunt
2931 4864 3192 4934 justitiam
3222 4909 3234 4931 ,
3280 4870 3400 4940 quia
3432 4871 3530 4939 ipsi

1922 4949 2515 5019 saturabantanﬂalt/r.
2547 4952 2599 5005 5'.
2631 4952 2709 5020 6).
2743 4953 2875 5010 Vide
2903 4957 3218 5026 sapientiznn
3243 4960 3478 5017 doctoris
3514 4983 3529 5028 ;

1926 5055 2030 5093 non
2059 5043 2230 5093 solum
2261 5057 2357 5093 nos
2391 5058 2482 5109 per
2510 5042 2891 5100 beatitudinem
2927 5047 3299 5114 hortatnmed
3326 5062 3380 5106 et
3410 5070 3529 5108 cum

1925 5131 2080 5193 dixit,
2115 5131 2215 5196 Qui
2237 5132 2464 5184 esuriant
2482 5142 2526 5184 et
2544 5133 3008 5204 sitiuntjustiliom,
3027 5138 3209 5195 docliit
3227 5143 3531 5206 audientes.

1925 5232 2120 5291 quanta
2168 5222 2442 5276 alacritate
2485 5225 2782 5293 spiritualia
2831 5228 3043 5299 eloquia
3085 5232 3407 5302 investigare
3439 5249 3536 5303 par

1929 5314 2104 5383 fuerit.
2131 5313 2594 5380 Quemadmodqu
2628 5358 2641 5378 ,
2669 5317 2840 5387 inquit
2865 5361 2880 5384 ,
2910 5321 2943 5372 ii
2977 5338 3111 5389 quos
3143 5322 3313 5378 fames
3343 5324 3488 5378 ducit
3516 5366 3532 5384 .

1927 5399 2061 5451 mira
2087 5399 2362 5454 alacritate
2389 5400 2454 5453 ad
2482 5401 2633 5455 cibos
2680 5403 2948 5466 festinant.
2981 5415 3037 5460 et
3072 5408 3160 5476 qui
3203 5409 3288 5462 siti
3321 5410 3540 5473 ardent,

1927 5494 1992 5548 ad
2035 5505 2217 5564 polum
2264 5511 2458 5566 magno
2498 5497 2768 5552 desiderio
2808 5500 3108 5555 accedunt:
3137 5502 3329 5557 eodem
3379 5505 3539 5560 modo

1928 5592 1992 5645 ad
2022 5591 2355 5660 spiritualetn
2385 5591 2710 5662 doctrinam,
2743 5604 3015 5666 tamquam
3044 5599 3346 5654 esurientes
3384 5615 3438 5654 et
3465 5603 3538 5654 si-

1929 5676 2131 5734 tientes
2149 5681 2407 5738 accedere
2433 5699 2528 5754 par
2549 5695 2650 5738 est.
2683 5685 2999 5754 llujusmodi
3020 5689 3163 5743 enim
3192 5691 3288 5744 viri
3321 5706 3425 5745 non
3455 5708 3542 5748 so~

1936 5769 2045 5824 lum
2071 5770 2493 5828 beatitudinibus
2534 5775 2678 5840 digni
2722 5787 2847 5830 sunt
2880 5793 2895 5844 ;
2939 5778 3034 5833 sed
3074 5790 3126 5837 et
3157 5799 3277 5854 quae
3311 5757 3566 5853 cupiunt
