4054 6312
401 416 508 472 209

403 531 498 601 τῆς
527 532 796 603 ὑμετέρας
816 534 1057 604 ἀγάπης,
1082 535 1207 600 τούς
1231 540 1488 606 σαρκικὸν
1515 539 1770 610 φρόνημα
1797 535 2063 600 ἐπιδειξα-

1215 420 1272 476 S.
1311 420 1592 477 JOANNIS
1620 412 2113 476 CHRYSOSTOMI
2153 412 2471 470 ARCHIEP.
2520 412 3068 471 CONSTAN'I'INOP.

3735 416 3846 474 2m

2170 531 2316 595 είκδς
2350 530 2493 604 ἔχειν
2531 534 2710 602 ψυχὴν
2754 534 2847 586 τὸν
2882 533 3088 587 δίκαιον
3124 531 3311 586 τοῦτον
3352 530 3524 584 ταῦτα
3571 533 3845 588 ἀκούοντα

406 618 618 686 μένους,
644 623 736 674 καὶ
765 623 930 691 μηδὲν
960 623 1162 695 ὑψηλὸν
1188 627 1624 695 φανταζομένους
1646 627 1722 697 τῷ
1742 627 1840 697 τῆς
1866 625 2068 695 σαρκὸς
2169 619 2317 689 παρά
2345 620 2442 673 τοῦ
2467 622 2755 674 Δεσπότου.
2785 623 2847 675 Εἰ
2883 622 2991 692 γάρ
3035 622 3128 674 καὶ
3181 620 3380 691 πολλὴν
3413 621 3614 693 ἀρετὴν
3660 623 3846 693 ἐαυτῷ

401 703 624 776 ὀνόματι
654 711 1100 782 προσαγορεύειν,
1124 710 1373 783 καθάπερ
1394 715 1487 765 καὶ
1508 715 1536 766 ὅ
1559 714 1828 786 μακάριος
1855 711 2067 768 Παῦλός
2169 706 2402 778 συνῄδει,
2430 707 2542 762 ἀλλ’
2569 710 2718 778 ὅμως
2739 710 2839 761 οὐκ
2867 709 3183 779 ἀναλγήτως
3209 709 3420 779 ἐδέχετο
3447 709 3514 762 τά
3547 709 3838 781 λεγόμενα.

401 806 584 861 φησιν·
614 796 678 845 Ol
705 793 771 846 δὲ
792 796 861 848 ἐν
883 798 1063 864 σαρκί
1089 797 1256 864 ὄντες
1282 798 1402 864 Θεῷ
1427 798 1637 866 ἀρέσαι
1662 804 1733 854 οὐ
1755 800 1940 854 δύναν
1952 816 2060 852 ται.

403 878 466 930 Τί
497 875 621 945 οῦν;
658 882 818 946 αὐτὸς
859 887 886 936 ό
916 886 1088 939 ταῦτα
1133 886 1303 954 λέγων
1333 887 1453 957 οὐχὶ
1496 889 1672 960 σάρκα
1719 888 2060 959 περιέκειτο;

414 965 550 1017 Ἀλλ’
575 969 635 1020 οὐ
666 968 820 1022 τοῦτό
850 988 1033 1040 φησιν,
1065 973 1145 1024 ὅτι
1171 974 1217 1026 οί
1252 972 1427 1045 σάρκα
1459 976 1851 1046 περικείμενοι,
1880 974 1941 1026 οὐ
1972 972 2060 1025 δύ-

398 1069 581 1107 νανται
629 1055 818 1122 ἀρέσαι
856 1053 1000 1111 οὗτοι
1045 1059 1122 1129 τῷ
1166 1059 1306 1130 Θεῷ,
1355 1061 1582 1115 ἀλλ’ὅτι
1629 1064 1678 1114 οί
1728 1062 1927 1131 μηδένα
1951 1061 2060 1130 τῆς

396 1140 594 1210 ἀρετῆς
623 1141 778 1211 λόγον
812 1145 1138 1215 ποιούμενοι,
1178 1146 1313 1199 ἀλλὰ
1342 1148 1520 1202 πάντα
1551 1149 1618 1201 τὰ
1664 1149 1897 1220 σαρκικά
1927 1163 2058 1218 φρο-

399 1226 631 1289 νοῦντες,
671 1229 765 1281 καὶ
813 1233 942 1300 περὶ
972 1232 1070 1295 τὰς
1113 1231 1314 1304 ταύτης
1375 1235 1567 1304 ήδονάς
1617 1233 2055 1304 κατασπώμενοι,

399 1314 492 1364 καὶ
553 1314 820 1384 μηδεμίαν
867 1317 965 1387 τῆς
1002 1319 1180 1389 ψυχῆς
1224 1320 1326 1390 τῆς
1380 1321 1673 1390 ἀσωμάτου
1728 1322 1820 1374 καὶ
1869 1322 2058 1391 νοερᾶς

397 1399 650 1467 φροντίδα
683 1403 1011 1473 ποιούμενοι.
1057 1406 1210 1458 Ἐπεὶ
1245 1403 1336 1460 οὖν
1365 1406 1456 1460 διὰ
1486 1408 1593 1460 τῶν
1621 1408 1924 1478 εἰρημένων
1954 1407 2055 1459 ἐδίο

393 1485 549 1550 δαξεν
575 1488 719 1557 ἡμᾶς
749 1490 780 1559 ἡ
811 1489 930 1543 θεία
958 1491 1149 1562 Γραφὴ
1176 1493 1285 1546 τῶν
1313 1494 1722 1565 ἁμαρτημάτων
1747 1494 1807 1546 τὸ
1833 1493 2054 1563 πλῆθος,

392 1571 491 1642 τῆς
526 1573 722 1638 κακίας
746 1577 844 1646 τὴν
868 1577 968 1630 ὐπε
979 1577 1192 1650 ρϐολὴν,
1223 1581 1322 1650 τῆς
1350 1581 1771 1650 ἀγανακτήσεως
1802 1579 1895 1633 τοῦ
1921 1579 2054 1632 Θεοῦ

394 1657 453 1710 τὸ
483 1658 727 1728 μέγεθος,
748 1664 840 1716 καὶ
864 1663 944 1717 ὃτι
968 1664 1055 1718 διὰ
1077 1666 1176 1735 τὴν
1197 1666 1304 1720 τῶν
1325 1666 1650 1737 παρανόμων
1667 1667 1842 1737 ἔργων
1867 1669 2056 1737 ἐπιτήο

391 1744 570 1799 δευσιν
603 1749 694 1801 καὶ
731 1748 874 1816 ἅπαξ
920 1751 1011 1803 καὶ
1065 1752 1312 1822 δεύτερον
1371 1755 1461 1806 καὶ
1505 1753 1684 1822 τρίτον
1716 1753 1820 1824 γῆν
1857 1754 2055 1818 αὐτοὺς

390 1831 670 1903 ὠνόμασε,
713 1838 804 1889 καὶ
837 1836 911 1907 τῷ
944 1839 1041 1907 τῆς
1075 1841 1276 1910 σαρκὸς
1306 1841 1528 1910 ὀνόματι
1577 1842 2014 1912 προσηγόρευσεν
2037 1883 2050 1903 ,

389 1920 809 1992 άποστερήσασα
827 1924 922 1976 τοῦ
948 1925 1045 1994 τῆς
1071 1927 1252 1995 κοινῆς
1281 1926 1493 1995 φύσεως
1522 1927 1804 1995 ὀνόματος,
1833 1928 1921 1981 διὰ
1944 1929 2052 1980 τῶν

390 2005 742 2077 ἐπαγομένων
788 2010 889 2080 τὴν
931 2012 1135 2081 ἄφατον
1177 2015 1306 2082 ἡμῖν
1346 2014 1439 2066 τοῦ
1475 2013 1608 2067 Θεοῦ
1645 2014 2052 2085 φιλανθρωπίαν

391 2092 746 2161 ἐνδείκνυται,
771 2098 863 2150 καὶ
892 2100 992 2168 τῆς
1019 2100 1474 2168 συγκαταϐάσεως
1501 2102 1597 2171 τὴν
1629 2102 1954 2171 ὑπερϐολήν.
1987 2102 2052 2152 Τί

390 2181 499 2251 γάρ
529 2198 697 2249 φησι;
729 2184 836 2237 Καὶ
869 2181 1037 2237 εἶπεν
1068 2188 1102 2238 ό
1131 2187 1274 2252 Θεὸς
1304 2188 1453 2256 πρὸς
1482 2188 1628 2241 Νῶε.

457 2275 526 2334 γ’.
557 2267 707 2340 [Ξὲθ]
736 2272 876 2340 Ὅρα
912 2270 1245 2344 ἀγαθότητος
1271 2273 1592 2344 ὑπερϐολήν.
1642 2274 1907 2344 Καθάπερ
1945 2275 2049 2342 γάρ

387 2355 538 2422 φίλος
569 2355 735 2424 φίλῳ,
767 2356 907 2410 οὐτω
936 2357 1119 2412 λοιπον
1151 2359 1420 2414 κοινοῦται
1455 2361 1534 2432 τῷ
1562 2360 1754 2431 δικαίῳ
1791 2363 1917 2430 περὶ
1951 2362 2050 2430 τῆς

385 2443 673 2512 τιμωρίας,
688 2445 988 2514 ἣνὲπάγειν
1011 2446 1190 2514 μέλλει
1211 2447 1288 2516 τῷ
1306 2447 1411 2500 τῶν
1433 2445 1732 2518 ἀνθρώπων
1755 2447 1933 2515 γένει,
1960 2448 2049 2500 καί

389 2546 520 2598 φησι
542 2546 555 2560 ·
579 2532 793 2598 Καιρὸς
821 2533 1045 2598 παντὸς
1075 2532 1386 2600 ἀνθρώπου
1423 2533 1548 2598 ἣκει
1575 2534 1854 2587 ἐναντίον
1879 2534 2047 2602 ἐμοῦ,

385 2617 474 2668 ι”τι
504 2616 780 2687 ἐπλήσθη
815 2621 852 2685 ἠ
881 2617 953 2688 τῆ
988 2619 1222 2684 ἀδικίας
1249 2620 1350 2672 ἀπ’
1383 2619 1598 2673 αὐτῶν.
1631 2620 1742 2673 Καὶ
1772 2619 1902 2673 ἰδοὺ
1935 2620 2049 2691 ἐγὼ

385 2709 755 2776 νιαταςοθείρω
797 2709 1019 2773 αὐτοὺς
1065 2708 1162 2761 καί
1204 2710 1317 2776 τὴν
1361 2708 1495 2776 γῆν.
1545 2709 1608 2761 Τί
1648 2713 1792 2772 ἐστι,
1835 2710 2049 2777 Καιρός

384 2789 610 2856 παντὸς
647 2790 960 2858 ἀνθρώπου
994 2791 1124 2859 ἣκει
1153 2793 1434 2845 ἐναντίον
1465 2791 1640 2860 ἐμοῦ;
1682 2791 1910 2863 Πολλὴν,
1949 2810 2050 2862 φη-

386 2876 489 2938 σὶν,
513 2876 870 2948 ἐπεδειξάμην
897 2877 995 2948 τὴν
1023 2878 1424 2950 μακροθυμίαν,
1449 2879 1648 2950 πολλὴν
1674 2879 1770 2950 τὴν
1798 2879 2044 2944 ἀνεξικα·

386 2964 528 3028 κίαν,
564 2964 622 3016 οὐ
656 2963 975 3035 βουλόμενος
1014 2965 1218 3036 ταύτην
1247 2966 1472 3032 ἐπάγειν
1520 2966 1618 3036 τὴν
1653 2966 1940 3036 τιμωρίαν,
1982 2966 2048 3036 ἣν

384 3053 609 3120 ἐπάγειν
655 3052 863 3122 μέλλωο
911 3052 1025 3105 ἀλλ’
1068 3053 1252 3124 ἐπειδὴ
1299 3052 1464 3121 πολλὴ
1500 3053 1606 3105 τῶν
1644 3053 2048 3123 ἡμαρτημένων

385 3139 568 3202 αὐτοῖς
593 3141 626 3210 ἡ
659 3139 931 3211 ὑπερϐολὴ
959 3142 1038 3203 είς
1066 3140 1226 3192 αὐτὸν
1255 3140 1459 3208 ἢγαγεν
1491 3141 1687 3202 αὐτοὺς
1718 3140 1808 3192 τὸν
1837 3141 2046 3210 καιρὸν,

385 3226 481 3280 καὶ
516 3227 664 3292 τέλος
709 3229 790 3281 δεῖ
827 3229 1009 3282 λοιπὸν
1048 3227 1384 3298 ἐπιτεθῆναι,
1422 3228 1514 3281 καὶ
1542 3228 1841 3297 ἐκκοπῆναι
1873 3229 2050 3282 αὐτῶν

384 3315 484 3387 τὴν
511 3317 728 3380 κακίαν,
752 3317 892 3370 ὥστε
925 3318 999 3387 μὴ
1030 3317 1340 3388 περαιτέρω
1366 3315 1651 3386 προϐῆναι·
1679 3315 1892 3384 Καιρὸς
1919 3317 2047 3387 γάρ.

387 3404 552 3474 φησι,
585 3405 811 3470 παντὸς
845 3403 1156 3472 ἀνθρώπου
1203 3404 1332 3470 ἣκει
1374 3403 1654 3456 ἐναντίον
1695 3403 1860 3470 ἐμοῦ.
1911 3405 2050 3474 Ὅρα

386 3491 477 3543 καὶ
510 3491 770 3548 ἐνταῦθα,
819 3491 935 3553 πῶς
968 3492 1219 3562 καθάπερ
1261 3491 1518 3562 ἀνωτέρω
1559 3490 1744 3558 ἔλεγε,
1789 3489 1915 3554 Πᾶς
1960 3508 2050 3555 τις

385 3578 703 3633 διανοεῖται
725 3620 737 3643 ,
764 3579 907 3632 οὕτω
933 3580 1026 3633 καὶ
1054 3579 1178 3641 νῦν,
1203 3577 1437 3643 Παντὸς
1462 3577 1796 3645 ἀνθρώπου.
1844 3577 2050 3643 Πάντες

387 3667 496 3735 γάρ
536 3666 904 3736 συμφωνοῦσι,
945 3667 1081 3737 πρὸς
1120 3665 1220 3737 τὴν
1263 3666 1606 3736 παρανομίαν
1646 3667 2046 3737 ηὐτομόλησαν,

387 3753 542 3824 φησὶ,
573 3754 667 3806 καὶ
695 3755 790 3806 οὐκ
825 3755 969 3807 ἔστιν
999 3755 1175 3823 εὐρεῖν
1204 3755 1260 3806 ἐν
1286 3754 1524 3824 τοσούτῳ
1565 3755 1757 3824 πλήθει
1797 3757 1919 3810 τινὰ
1950 3756 2050 3825 τῆς

387 3840 588 3909 ἀρετῆς
627 3840 781 3909 λόγον
817 3840 1157 3910 ποιούμενον.
1201 3842 1414 3908 Καιρὸς
1454 3842 1583 3912 γὰρ,
1626 3843 1780 3912 φησὶ,
1823 3843 2050 3908 παντὸς

386 3927 700 3994 ἀνθρώπου
742 3928 872 3994 ἣκει
908 3928 1186 3982 ἐναντίον
1217 3927 1383 3996 ἐμοῦ.
1425 3929 1660 3996 Καιρὸς.
1709 3929 1852 3982 τοῦτ’
1883 3929 2050 3991 ἐστιν,

387 4015 621 4082 ἔφθασεν
653 4017 681 4069 ό
714 4017 922 4080 καιρὸς,
960 4016 1081 4070 καθ’
1113 4017 1171 4070 δν
1206 4017 1284 4069 δεῖ
1311 4016 1410 4088 τὴν
1438 4012 1610 4087 τομὴν
1641 4018 1927 4079 ἐπιθεῖναι,
1960 4017 2051 4068 καὶ

388 4102 486 4172 τὴν
510 4102 679 4173 νομὴν
707 4103 800 4155 τοῦ
834 4103 1023 4166 ἕλκους
1046 4105 1306 4172 ἐπισχεῖν.
1341 4103 1555 4170 Καιρὸς
1585 4102 1810 4168 παντὸς
1830 4102 2050 4170 ἀνθρώ-

387 4203 506 4241 που
542 4188 675 4255 ἥκει
703 4189 981 4243 ἐναντίον
1019 4189 1164 4259 ἐμοῦ
1184 4205 1198 4219 ο
1230 4188 1426 4243 ὡσανεὶ
1469 4190 1693 4260 μηδενὸς
1727 4190 2048 4260 ἐφορῶντος,

388 4276 483 4329 καὶ
515 4276 797 4346 μέλλοντος
823 4275 1047 4338 εὐθύνας
1076 4279 1327 4330 ἀπαιτεῖν
1373 4276 1477 4328 τῶν
1506 4279 1686 4339 αὐτοῖς
1730 4277 2050 4348 πεπλημμε-

389 4363 664 4431 λημένων,
695 4362 837 4416 οὕτω
885 4363 1020 4433 πρὸς
1057 4364 1152 4427 τὰς
1185 4363 1534 4433 παρανόμους
1565 4365 1789 4434 πράξεις
1828 4365 2052 4428 ἑαυτοὺς

390 4451 680 4516 ἐξέδωκαν,
713 4452 811 4506 οὐκ
839 4451 1142 4516 ἐννοοῦντες
1173 4453 1254 4507 ὅτι
1283 4453 1383 4523 ἐμὲ
1405 4453 1585 4507 λαθεῖν
1619 4455 1714 4524 οὐχ
1737 4451 1846 4507 οἷόν
1875 4472 1932 4508 τε
1961 4456 2052 4510 τὸν

391 4538 491 4608 τὴν
518 4538 774 4593 σύστασιν
798 4539 896 4610 τῆς
922 4540 1066 4610 ζωῆς
1096 4537 1480 4610 χαριζόμενον,
1512 4542 1606 4593 καὶ
1632 4541 1790 4610 σῶμα
1831 4543 1923 4594 καὶ
1951 4543 2052 4612 ψυ-

394 4626 495 4696 χὴν
539 4627 928 4696 χαρισάμενον,
971 4628 1065 4680 καὶ
1107 4627 1374 4681 τοσούτων
1415 4627 1633 4694 ἀγαθῶν
1666 4629 1762 4698 τὴν
1793 4630 2052 4698 χορηγίαν

393 4713 798 4783 παρεσχηκότα.
842 4711 1055 4780 Καιρὸς
1087 4711 1262 4765 τοίνυν
1302 4713 1526 4777 παντὸς
1564 4715 1877 4782 ἀνθρώπου
1925 4715 2053 4781 ἣκει

391 4799 666 4853 ἐναντίον
694 4799 860 4868 ἐμοῦ.
889 4795 1021 4853 Εἶτα
1050 4797 1235 4870 ὥσπερ
1261 4799 1692 4869 ἀπολογούμενος
1730 4801 1806 4868 τῷ
1841 4801 2052 4870 δικαίῳ,

392 4887 485 4940 καὶ
525 4887 738 4951 δεικνὺς
778 4889 858 4941 ὅτι
901 4889 935 4958 ἡ
970 4886 1080 4940 τῶν
1117 4887 1519 4957 ἡμαρτημένων
1560 4888 1740 4950 αὐτοῖς
1781 4887 2052 4958 ὑπερϐολὴ

390 4975 471 5037 εἰς
497 4975 700 5042 ταύτην
738 4973 898 5027 αὐτὸν
937 4974 1243 5026 ἐκκαλεῖται
1277 4974 1375 5044 τὴν
1414 4975 1818 5043 ἀγανάκτησιν,
1869 4976 2051 5043 φησὶν,

391 5062 512 5115 Ὅτι
545 5061 822 5130 ἐπλήσθη
863 5061 900 5129 ἠ
928 5060 1001 5128 γῆ
1033 5060 1264 5126 ἀδικίας
1291 5062 1391 5115 ἀπ’
1416 5060 1633 5115 αὐτῶν.
1665 5064 1754 5130 Μὴ
1773 5063 1880 5131 γὰρ
1912 5079 2053 5132 παρο

395 5149 581 5202 έλιπὸν
609 5165 682 5214 τι,
718 5147 869 5219 φησὶ,
903 5147 1010 5200 τῶν
1045 5148 1125 5210 είς
1173 5147 1370 5201 κακίαν
1416 5149 1822 5212 συντεινόντωνς
1855 5149 2052 5201 Τοσοῦ-

389 5253 479 5288 τον
524 5233 866 5300 ἐπεδείξαντο
908 5234 967 5288 τὸ
1001 5233 1256 5304 μέγεθος,
1302 5235 1376 5296 ὼς
1417 5235 1510 5287 καὶ
1548 5235 1903 5304 ὑπερϐλύζειν
1947 5236 2052 5288 λοι-

391 5324 489 5374 πὸν
528 5322 626 5390 τὴν
668 5322 864 5374 κακίαν
887 5362 900 5383 ,
935 5321 1028 5374 καὶ
1069 5324 1250 5374 πᾶσαν
1288 5321 1384 5391 τὴν
1422 5321 1526 5389 γῆν
1566 5321 1660 5388 τῆς
1715 5321 1912 5386 κακίας
1954 5326 2052 5392 ἐμο

394 5408 720 5477 πεπλῆσθαι.
757 5409 856 5462 Διά
893 5425 974 5462 τοι
1002 5407 1159 5461 τοῦτο
1192 5409 1284 5461 καὶ
1319 5409 1512 5470 αὐτοὺς
1544 5407 1891 5477 καταφθείρω
1913 5451 1926 5472 ,
1960 5410 2050 5461 καὶ

391 5498 486 5564 τὴν
514 5496 636 5564 γῆν,
664 5496 774 5548 Καὶ
804 5495 955 5560 ίδοὺ,
978 5496 1162 5564 φησὶν,
1183 5493 1296 5563 ἐγὼ
1319 5494 1682 5560 καταφθείρω
1703 5493 1922 5558 αὐτοὺς
1952 5493 2050 5546 καί

393 5582 506 5646 τὴν
538 5578 672 5649 γῆν.
721 5579 935 5654 Ἐπειδὴ
977 5580 1130 5633 αὐτοὶ
1161 5579 1516 5649 προλαϐόντες
1556 5578 1644 5630 διὰ
1676 5578 1782 5631 τῶν
1815 5581 2048 5650 παρανόο

392 5683 507 5734 μων
562 5666 812 5734 πράξεων
865 5668 1087 5728 ἑαυτοὺς
1133 5665 1528 5735 κατέφθειραν,
1580 5664 1670 5716 διὰ
1717 5663 1871 5716 τοῦτο
1919 5683 2049 5716 παν-

390 5754 514 5821 τελῆ
571 5755 945 5824 πανωλεθρίαν
1003 5757 1226 5821 ἐπάγω,
1296 5754 1389 5805 καὶ
1453 5752 1756 5821 ἀφανισμὸν
1821 5752 2044 5821 ἐργάζοη

390 5858 523 5907 μαι,
557 5843 646 5892 και
691 5841 890 5904 αὐτῶν,
931 5843 1024 5894 καὶ
1053 5841 1152 5908 τῆς
1197 5843 1319 5910 γῆς,
1355 5842 1440 5892 ἶνα
1479 5839 1759 5908 καθαρμόν
1797 5857 1916 5892 τινα
1952 5841 2042 5891 δυ-

394 5927 528 5994 νηθῇ
575 5928 820 5991 δέξασθαι
891 5929 918 5996 ἢ
969 5928 1057 5995 γῆ,
1099 5930 1192 5979 καὶ
1239 5929 1688 5997 άποκαθὴρασθαι
1743 5929 1833 5979 το)
1876 5927 2045 5998 ῥύποδ

393 6008 497 6058 τῶν
539 6009 792 6062 τοσούτω-ι
824 6009 1250 6080 ἁμαρτημάτων.
1293 6011 1487 6063 Ἐννόεξ
1530 6026 1614 6078 μοι
1663 6009 1844 6062 λοιπὶν
1898 6011 2046 6064 ποίαν

2163 794 2520 867 ⁴θιλόσνιιοργον
2544 796 2652 867 γάρ
2692 797 2802 849 τῶν
2846 797 3070 850 δικαίων
3103 797 3166 850 τὸ
3212 799 3401 866 γένος,
3442 800 3535 852 καὶ
3569 800 3709 871 ὑπὲρ
3740 803 3844 870 τῆς

2165 882 2275 936 τῶν
2305 883 2480 938 ἄλλων
2509 885 2784 954 σωτηρίας
2819 885 2996 938 πάντα
3035 885 3100 938 ἂν
3122 885 3328 939 ἕλοιντο
3350 887 3587 950 εὐκόλως
3612 888 3842 957 ὑπομεῖ-

2161 987 2270 1023 ναι.
2301 970 2425 1034 Πῶς
2446 973 2626 1025 τοίνυν
2672 973 2818 1035 είκδς
2853 968 2921 1044 ἦν
2955 975 3018 1027 ὲκ
3049 973 3158 1025 τῶν
3181 973 3444 1044 ῥημάτων
3476 974 3682 1029 τούτων
3711 983 3844 1027 συνδ

2161 1056 2380 1127 έχεσθαι
2413 1057 2504 1112 τὸν
2544 1059 2847 1131 θαυμάσιον
2870 1060 3058 1114 τοῦτον
3092 1061 3477 1131 ὑπογράφοντα
3512 1063 3612 1134 ήδη
3643 1062 3720 1133 τῷ
3749 1063 3839 1115 λο-

2161 1145 2344 1216 γισμῷ
2366 1147 2463 1216 τὴν
2488 1147 2742 1202 ἁπάντων
2764 1148 3061 1212 ἀπώλειαν,
3088 1150 3180 1202 καὶ
3203 1149 3300 1218 τὴν
3324 1149 3425 1219 τῆς
3451 1151 3676 1214 κτίσεως
3700 1151 3842 1204 άπά-

2163 1251 2262 1303 σης
2301 1234 2541 1306 φθορὰν,
2585 1237 2712 1300 ἴσως
2763 1237 2884 1290 οὐδὲ
2936 1238 3066 1307 περ)⁵
3120 1237 3286 1291 αὐτοῦ
3319 1255 3372 1290 τι
3415 1239 3651 1308 χρηστὸν
3697 1240 3838 1292 0710-

2164 1323 2460 1386 πτεύοντας
2498 1323 2724 1377 Οὐδέπω
2755 1323 2864 1394 γὰρ
2884 1319 2952 1394 ἡν
2977 1323 3124 1393 αὐτῷ
3146 1324 3306 1377 τοῦτο
3333 1324 3582 1395 φανερόν.
3612 1323 3711 1377 Ἱν⁹
3741 1320 3839 1378 οῦν

2164 1409 2239 1480 μὴ
2270 1409 2694 1481 διαταράττηται
2723 1411 2816 1463 τὸν
2846 1411 3122 1482 λογισμὸν,
3157 1410 3294 1464 ἀλλὰ
3328 1413 3534 1482 μικράν
3575 1428 3695 1465 τινα
3725 1429 3839 1465 πα-

2164 1495 2434 1566 ραμυθίαν
2458 1499 2514 1550 ἐν
2538 1497 2617 1567 τῷ
2644 1498 2870 1567 τοιούτῳ
2906 1497 3124 1568 μεγέθει
3158 1499 3256 1568 τῆς
3290 1498 3528 1569 ἀθυμίας
3562 1502 3711 1568 σχεῖν
3742 1499 3836 1551 δυ-

2157 1584 2294 1655 νηθῇ
2314 1625 2328 1647 ,
2355 1585 2540 1656 ἐπειδὴ
2567 1585 2800 1653 ἐδίδαξεν
2828 1586 2989 1639 αὐτὸν
3017 1589 3113 1655 τῆς
3131 1584 3282 1659 [221]
3309 1586 3505 1649 κακίας
3532 1583 3712 1638 αὐτῶν
3736 1586 3837 1656 τὴν

2159 1671 2464 1743 ὑπερϐολὴν
2484 1713 2500 1737 ,
2543 1675 2636 1726 καὶ
2668 1674 2749 1727 ὅτι
2781 1674 2971 1746 καιρὸς
3005 1674 3321 1741 κατεπείγει
3367 1673 3554 1727 λοιπὸν
3583 1673 3836 1726 ἀπαιτῶν

2159 1759 2380 1830 βαθεῖαν
2417 1761 2614 1826 αὐτοὺς
2654 1761 2908 1827 δέξασθαι
2940 1760 3038 1832 τὴν
3065 1761 3242 1831 τομὴν
3260 1803 3275 1828 ,
3308 1762 3442 1832 φησὶ
3470 1761 3608 1830 πρὸς
3634 1762 3798 1815 αὐτόν
3817 1779 3831 1793 ·

2169 1847 2440 1910 Ἐκείνους
2472 1850 2571 1919 μὲν
2603 1849 2778 1911 κοινὸς
2800 1847 3017 1920 ὄλεθρος
3044 1849 3338 1912 ἐκδέξεται,
3359 1848 3443 1902 Σὺ
3465 1847 3535 1902 δὲ
3567 1849 3836 1915 ποίησον

2155 1936 2389 2002 σεαυτῷ
2418 1940 2686 1991 κιϐωτόν.
2719 1936 2784 1990 Τί
2823 1939 2959 2002 ἐστι,
2993 1936 3075 1991 Σὺ
3103 1934 3206 2001 δέ;
3235 1936 3454 2008 Ἐπειδὴ
3476 1938 3575 1991 οὐκ
3608 1937 3832 1991 ἐκοινώ-

2156 2041 2323 2094 νησας
2355 2027 2538 2088 αὐτοῖς
2584 2025 2687 2096 τῆς
2732 2025 2966 2090 κακίας,
3009 2024 3145 2078 ἀλλὰ
3174 2025 3268 2078 καὶ
3318 2025 3455 2095 μετά
3502 2025 3707 2097 ἀρετῆς
3737 2027 3834 2079 τὸν

2155 2112 2270 2180 βίον
2310 2113 2429 2166 ὅλον
2478 2113 2734 2182 διήνυσας
2755 2151 2767 2175 ,
2803 2112 2891 2165 διὰ
2939 2111 3098 2164 τοῦτό
3129 2129 3210 2165 σοι
3244 2113 3567 2183 προστάττω
3594 2113 3832 2168 κιϐωτὸν

2153 2201 2580 2253 κατασκευάσαι.
2619 2200 2720 2254 Ἐκ
2779 2199 2983 2262 ξύλων
3029 2200 3448 2269 τετρατιὶινων,
3509 2202 3829 2266 ἀσήπτων.

2152 2287 2422 2352 Νοσσιὰς
2458 2287 2730 2350 ποιήσεις
2758 2285 2872 2351 τὴν
2918 2285 3163 2340 κιϐωτὸν
3189 2325 3205 2348 ,
3252 2287 3348 2341 καί
3399 2288 3833 2356 ἀσφαλτώσεις

2151 2373 2373 2437 ἔξωθεν
2426 2374 2523 2426 καί
2571 2375 2798 2427 ἔσωθεν
2823 2372 3017 2440 αὐτὴν
3044 2373 3121 2440 τῇ
3166 2373 3476 2443 ἀσφάλτῳ.
3519 2377 3717 2428 Ἔστω
3760 2375 3833 2428 δὲ

2152 2461 2507 2527 τριακοσίων
2538 2459 2752 2528 πηχῶν
2805 2459 2868 2513 τὸ
2916 2458 3111 2529 μῆκος
3138 2501 3150 2518 .
3192 2460 3291 2513 καί
3329 2463 3706 2527 πεντήκοντα
3760 2465 3833 2516 τὸ

2151 2547 2380 2611 πλάτος
2403 2588 2416 2610 ,
2453 2547 2551 2600 καί
2575 2546 2896 2614 τριάκοντα
2920 2546 2986 2599 τό
3016 2547 3193 2614 ὕψος.
3214 2547 3630 2615 Ἐπισυνιίγων
3652 2548 3832 2612 ποιή-

2149 2649 2281 2700 σεις
2306 2633 2422 2700 τὴν
2448 2632 2717 2695 κιϐωτὸν,
2744 2633 2842 2686 καί
2873 2636 2961 2699 είς
2982 2631 3191 2700 πῆχυν
3214 2635 3605 2700 συντελέσεις
3627 2636 3836 2702 αὐτὴν

2150 2727 2398 2786 ἀνωθεν,
2425 2723 2542 2791 τὴν
2569 2723 2636 2777 δὲ
2661 2725 2851 2792 θύραν
2878 2723 3155 2790 ποιήσεις
3180 2725 3247 2778 ὲκ
3289 2725 3562 2794 πλαγίων
3589 2764 3603 2788 ,
3647 2725 3835 2780 κατά-

2152 2829 2289 2880 Tata
2327 2810 2585 2880 διώροςσα
2629 2813 2726 2865 καὶ
2754 2811 3048 2880 τριώροφα
3075 2811 3349 2879 ποιήσεις
3379 2811 3588 2876 αὐτήν.
3622 2813 3834 2866 Σκόπει

2149 2898 2285 2951 Θεοῦ
2318 2898 2725 2966 συγκατάϐασιν
2753 2901 2848 2952 καὶ
2878 2899 3108 2969 δύναμιν
3131 2898 3358 2969 ἄφατον,
3392 2901 3483 2967 καὶ
3513 2899 3836 2970 φιλανθρω-

2151 2988 2280 3039 πίαν
2304 2987 2482 3041 πάντα
2513 2987 2670 3054 λόγον
2696 2999 2721 3028 ι
2751 2986 3203 3056 ὐπερϐαίνουσαν.
3246 2986 3411 3057 Ὁμοῦ
3443 2988 3534 3041 καὶ
3564 2988 3664 3057 τὴν
3695 3005 3764 3039 πε
3774 2989 3838 3057 ρἰ.

2147 3075 2236 3126 τὸν
2265 3073 2474 3128 δίκαιον
2507 3075 2764 3144 πρόνοιαν
2783 3073 3143 3126 ἐπιδείκνυται
3177 3061 3526 3143 προστάττων
3553 3073 3701 3143 αὐτῷ
3722 3076 3836 3144 τὴν

2150 3162 2383 3214 κιϐωτὸν
2406 3161 2836 3224 κατασκευάσαι,
2861 3162 2954 3214 καὶ
2975 3161 3366 3230 διαταξάμενος
3393 3163 3487 3214 καὶ
3510 3163 3601 3214 τὸν
3623 3163 3838 3232 τρόπον

2149 3250 2248 3318 τῆς
2278 3253 2623 3320 κατασκευῆς
2645 3291 2659 3314 ,
2690 3251 2785 3302 καὶ
2829 3250 2889 3302 τὸ
2915 3250 3115 3312 πλάτος
3141 3289 3155 3313 ,
3186 3249 3279 3303 καὶ
3307 3250 3367 3302 τὸ
3401 3249 3532 3319 ὕψος
3553 3292 3566 3316 ,
3597 3252 3690 3305 καὶ
3717 3268 3840 3304 πα-

2156 3334 2426 3405 ραμυθίαν
2451 3335 2600 3405 αὐτῷ
2626 3335 2908 3407 χαρίζεται
2945 3335 3210 3406 μεγίστην
3233 3376 3246 3397 ,
3279 3336 3501 3399 ἐλπίδας
3527 3335 3675 3406 αὐτῷ
3712 3353 3836 3388 σω-

2150 3423 2344 3493 τηρίας
2374 3422 2707 3492 ὑπογράφων
2731 3422 2818 3475 διὶ
2839 3422 2941 3492 τῆς
2969 3423 3318 3493 κατασκευῆς
3336 3464 3350 3487 ,
3385 3423 3671 3487 κάκείνους
3697 3425 3839 3488 τοὺς

2151 3509 2388 3563 τοσαῦτα
2419 3511 2806 3581 ἡμαρτηκότας
2839 3510 3160 3580 βουλόμενος
3205 3509 3294 3563 διά
3337 3510 3437 3578 τῆς
3479 3501 3840 3579 κατασκευῆς

2150 3601 2250 3668 τῆς
2283 3598 2519 3651 κιϐωτοῦ
2551 3600 2631 3660 είς
2666 3597 2872 3650 ἔννοιαν
2897 3596 3149 3659 ἐλθόντας
3176 3597 3282 3648 τῶν
3307 3597 3492 3661 αὐτοῖς
3523 3598 3839 3668 εἰργασμέ-

2151 3703 2257 3738 νων
2283 3726 2297 3750 ,
2328 3685 2424 3738 καὶ
2455 3684 2742 3754 μετάνοιαν
2790 3682 3231 3754 ἐπιδειξαμένους
3273 3687 3376 3755 τῆς
3397 3685 3836 3754 ἀγανακτήσεως

2150 3772 2248 3841 τὴν
2275 3775 2472 3843 πεῖραν
2507 3771 2581 3842 μὴ
2630 3771 2832 3824 λαϐεῖν.
2872 3771 3010 3826 Οὐδέ
3050 3771 3158 3842 γὰρ
3187 3771 3366 3840 όλίγος
3416 3772 3606 3841 χρόνος
3663 3772 3838 3826 πάλιν

2152 3863 2332 3924 αὐτοῖς
2364 3861 2499 3931 πρὸς
2548 3860 2834 3930 μετάνοιαν
2881 3859 3198 3931 παρεσχέθη
3228 3860 3316 3912 διὰ
3349 3860 3449 3929 τῆς
3478 3862 3838 3932 κατασκευῆς

2153 3950 2251 4018 τῆς
2280 3947 2534 4008 κιϐωτοῦ,
2569 3947 2702 4000 ἀλλὰ
2732 3949 2824 4002 καὶ
2855 3947 3060 4018 σφόδρα
3089 3947 3270 4010 πολὺς,
3303 3947 3396 4000 καὶ
3428 3947 3638 4008 ίκανὸς,
3662 3949 3712 4000 εί
3749 3949 3834 4018 μὴ

2155 4037 2362 4108 σφόδρα
2390 4031 2530 4108 ὴσαν
2573 4035 2885 4104 ἀγνώμονες
2915 4077 2927 4098 ,
2961 4034 3303 4104 καταπτῆξαι
3351 4036 3486 4105 πρὸς
3532 4035 3632 4105 τὴν
3677 4035 3836 4106 6:69-

2154 4123 2319 4177 θωσιν
2375 4123 2484 4178 τῶν
2523 4124 2919 4194 ἐπταισμένων.
2972 4123 3132 4185 Είκὺς
3170 4123 3278 4193 γάρ
3332 4124 3562 4176 ἕκαστον
3619 4123 3832 4187 αὐτῶν,

2153 4212 2362 4281 ὁρῶντα
2400 4212 2492 4264 τὸν
2531 4213 2736 4265 δίκαιον
2763 4212 3175 4280 τεκταινόμενον
3204 4213 3302 4280 τὴν
3331 4210 3581 4272 κιϐωτὸν,
3608 4210 3707 4280 τὴν
3743 4215 3837 4263 αῖ-

2154 4300 2272 4351 τίαν
2310 4298 2670 4351 πυνθάνεσθαι
2721 4301 2818 4369 τῆς
2859 4300 3204 4367 κατασκευῆς
3229 4338 3242 4360 ,
3278 4293 3395 4350 εἷτα
3443 4297 3677 4367 μαθόντα
3731 4297 3835 4349 τοῦ

2157 4385 2293 4439 Θεοῦ
2323 4386 2422 4456 τὴν
2456 4387 2848 4456 ἀγανάκτησιν,
2880 4386 2960 4448 είς
2989 4384 3242 4455 αἴσθησιν
3271 4384 3444 4436 ἐλθεῖν
3471 4385 3578 4438 τῶν
3608 4385 3836 4437 οἰκείων

2157 4473 2570 4542 ἁμαρτημάτων
2592 4513 2607 4537 ,
2641 4473 2797 4543 εἴπερ
2829 4471 3128 4524 ἐϐούλοντο.
3175 4471 3311 4532 Ἀλλ’
3347 4473 3543 4524 ἐκεῖνοι
3575 4471 3696 4524 οὐδέ
3737 4475 3832 4526 ἐν-

2155 4559 2342 4613 τεῦθεν
2400 4561 2694 4631 ἑκέρδανάν
2739 4577 2791 4612 τι
2844 4558 3030 4626 πλέον,
3065 4558 3166 4610 οὐκ
3202 4558 3387 4628 ἐπειδὴ
3416 4560 3514 4610 οὐκ
3545 4558 3831 4628 ἠδύναντο,

2156 4647 2268 4700 ἀλλ’
2297 4645 2483 4716 ἐπειδὴ
2516 4647 2616 4700 οὐκ
2645 4646 3044 4718 ἠϐουλήθησαν.

2225 4735 2283 4788 δ’.
2327 4733 2541 4806 Ἐπειδὴ
2565 4735 2741 4787 τοίνυν
2756 4735 2824 4788 τὰ
2842 4735 2968 4806 περὶ
2985 4733 3084 4803 τῆς
3106 4733 3448 4800 κατασκευῆς
3475 4733 3569 4795 τῆς
3593 4733 3832 4787 κιϐωτοῦ

2156 4821 2234 4892 τῷ
2265 4823 2456 4892 δικαίῳ
2481 4821 2764 4888 διετάξατο
2784 4861 2798 4884 ,
2833 4818 3105 4873 κοινοῦται
3133 4819 3283 4889 αὐτῷ
3310 4823 3402 4872 καὶ
3425 4821 3522 4888 τῆς
3556 4822 3833 4890 τιμωρίας

2156 4910 2216 4962 τὸ
2236 4905 2392 4974 εἶδος,
2430 4904 2497 4980 ἦς
2523 4907 2758 4979 ἡμελλεν
2787 4907 3033 4975 ἐπάγειν,
3067 4907 3160 4961 καί
3187 4923 3319 4975 φησι
3339 4922 3352 4935 ⁸
3385 4907 3457 4958 Σὺ
3501 4908 3598 4975 μὲν
3622 4907 3830 4978 ταύτην

2158 4998 2565 5052 κατασκεύασω
2613 4996 2754 5050 κο.θά
2783 4995 3114 5064 διεταξάμην
3139 5033 3152 5055 ,
3183 4993 3291 5060 ἐγὼ
3318 4994 3372 5045 δὲ
3394 5035 3406 5057 ,
3439 4995 3660 5047 ἐπειδὰν
3686 4995 3829 5064 πλη-

2158 5085 2335 5156 ρώσῃς
2390 5088 2486 5154 τὴν
2524 5082 2867 5151 κατασκευὴν
2899 5122 2911 5139 .
2955 5083 3049 5132 καὶ
3081 5080 3148 5132 τὰ
3179 5081 3318 5133 κατά
3367 5080 3424 5131 σὲ
3472 5082 3528 5132 ἐν
3559 5083 3832 5154 ἀσφαλείᾳ

2157 5175 2501 5244 καταστήσω.
2550 5171 2690 5240 Ἐγὼ
2718 5171 2786 5222 δὲ
2823 5169 2950 5222 ἰδοὺ
2993 5168 3191 5235 ἐπάγω
3227 5169 3330 5221 τδι·
3366 5170 3825 5238 κατακλυσμὸν,

2154 5261 2307 5328 ὕδωρ
2335 5261 2430 5313 ἐπὶ
2482 5261 2596 5325 τὴν
2629 5257 2746 5325 γῆν
2775 5298 2787 5319 ,
2821 5256 3202 5324 καταφθεῖραι
3235 5272 3443 5309 πᾶσαν
3489 5256 3686 5322 σάρκα
3712 5298 3724 5320 ,
3757 5259 3829 5311 ἐν

2152 5343 2190 5418 ᾗ
2219 5351 2347 5401 ἐστι
2374 5347 2607 5415 πνεῦμα
2640 5344 2788 5411 ζωῆς
2821 5343 3098 5398 ὑποκάτω
3124 5345 3228 5398 τοῦ
3265 5345 3546 5411 οὐρανοῦ,
3576 5345 3673 5396 καί
3708 5345 3830 5400 ὅσα

2155 5433 2228 5485 ἂν
2319 5434 2413 5486 ἐπὶ
2443 5432 2553 5498 τῆς
2595 5431 2706 5499 γῆς
2747 5432 3111 5495 τελευτήσει.
3140 5432 3282 5500 Ὅρα
3321 5430 3437 5492 πῶς
3486 5430 3575 5482 καὶ
3609 5428 3698 5481 διὰ
3729 5430 3830 5498 τῆς

2153 5521 2380 5588 ἀπειλῆς
2409 5521 2646 5572 δείκνυσι
2696 5517 2799 5569 τῶν
2827 5519 3234 5589 ἡμαρτημένων
3264 5518 3444 5581 αὐτοῖς
3481 5519 3544 5571 τὸ
3570 5518 3827 5587 μέγεθος,

2155 5610 2244 5662 καί
2282 5625 2447 5678 φησι·
2488 5606 2591 5658 Καὶ
2615 5607 2712 5675 τὴν
2745 5606 2912 5676 αὐτὴν
2940 5607 3210 5676 τιμωρίαν
3242 5604 3426 5670 ἐπάξω
3455 5606 3550 5660 καὶ
3593 5608 3705 5668 τοῖς
3734 5606 3828 5668 λοτ

2150 5699 2325 5765 γικοῖς
2349 5737 2360 5756 ,
2394 5695 2485 5747 καὶ
2521 5697 2630 5756 τοῖς
2661 5693 2891 5760 ἀλόγοις.
2940 5693 3158 5763 Ἐπειδὴ
3202 5692 3310 5763 γὰρ
3344 5695 3443 5763 τὴν
3479 5692 3657 5746 αὐτῶν
3689 5709 3831 5764 προ-

2150 5784 2330 5853 εδρίαν
2353 5782 2738 5853 πρνιδεόώκασι,
2765 5783 2858 5835 καὶ
2882 5783 3015 5852 πρὸς
3164 5782 3271 5834 τῶν
3297 5782 3503 5848 ἀλόγων
3524 5781 3829 5849 μετέπεσον

2156 5871 2367 5931 κακίαν,
2399 5870 2652 5938 οὐδεμίαν
2678 5870 2938 5940 διαφορὰν
2963 5869 3073 5934 ἔξει
3104 5871 3136 5938 ή
3171 5869 3425 5939 τιμιιιρία.
3462 5867 3691 5936 Ἑπιὶγω
3715 5871 3829 5935 γὰρ

2217 6038 2232 6060 ⁹
2256 6041 2319 6087 sn
2360 6038 2503 6086 εωιι.
2539 6044 2580 6085 01
2620 6039 2810 6099 quid.qu
2834 6052 2928 6087 ma:
2985 6037 3153 6088 Μοίρι⁴
3197 6045 3244 6085 cl
3275 6037 3353 6084 11ιὶ
3376 6036 3436 6083 τά
3474 6051 3524 6081 ιχ
3551 6033 3673 6081 γοῦν.
