4054 6312
180 438 270 493 209

180 552 438 619 Scriptura:
481 555 584 610 est,
620 551 680 598 ut
720 557 862 614 stupe
891 541 1096 596 caritati
1132 548 1322 593 vestra:
1348 537 1479 601 dixi,
1519 534 1751 590 carnalia

179 643 442 712 sapientes,
473 648 525 693 et
559 636 694 690 nihil
735 635 961 689 sublime
986 634 1303 703 cogitantes,
1324 630 1510 684 carnis
1539 626 1755 681 nomine

179 731 442 803 appellare,
475 729 620 783 sicut
663 736 718 781 et
761 727 946 780 beatus
971 723 1169 778 Paulus
1211 720 1380 791 inquit
1411 736 1426 774 :
1465 719 1563 785 Qui
1586 727 1753 772 autem

176 826 221 878 in
261 839 401 878 carne
425 829 562 882 sunt,
598 819 707 872 Deo
751 819 948 887 placere
994 833 1094 868 non
1138 823 1348 884 possunt
1386 810 1560 881 (Rom.
1589 809 1641 865 8.
1673 808 1751 880 8).

179 914 298 982 Quid
324 912 512 982 igitur?
554 927 662 964 non
690 909 783 964 luit
810 909 862 963 iu
892 922 1052 963 carne
1075 916 1131 961 et
1162 908 1204 960 is
1229 905 1318 974 qui
1363 905 1478 958 haec
1503 902 1754 957 dicebat?

178 1006 277 1062 Non
306 1005 403 1060 hoc
445 1003 604 1068 dixit,
637 1001 776 1071 quod
823 1000 911 1069 qui
957 1012 1122 1053 carne
1162 995 1475 1052 circumdati
1513 995 1619 1048 sint
1646 993 1755 1047 Deo

180 1098 365 1168 placere
406 1109 512 1150 non
543 1095 772 1166 possint,
818 1092 913 1147 sed
943 1091 1012 1146 de
1055 1090 1120 1143 iis
1152 1088 1386 1158 loquitur
1433 1087 1525 1158 qui
1554 1085 1754 1140 nullam

178 1187 363 1245 virtutis
389 1187 652 1241 rationem
686 1185 906 1248 habent,
939 1191 996 1238 et
1026 1179 1156 1235 nihil
1179 1180 1281 1236 nisi
1307 1179 1521 1234 carnale
1545 1178 1758 1249 sapien-

179 1293 272 1342 tes,
299 1277 469 1333 carnis
528 1278 829 1345 voluptates
875 1281 1169 1338 sectantur,
1216 1271 1520 1340 nullamque
1564 1269 1756 1324 animae

181 1373 484 1440 incorporea:
513 1378 572 1424 et
616 1366 905 1436 spiritualis
946 1379 1128 1419 curam
1170 1373 1380 1434 gerunt.
1422 1362 1604 1432 Itaque
1633 1361 1753 1431 quia

179 1461 318 1515 dictis
357 1461 471 1515 istis
511 1459 691 1514 divina
735 1457 1009 1528 Scriptura
1050 1455 1230 1511 docuit
1269 1467 1368 1508 nos
1415 1461 1754 1522 peccatorum

181 1552 573 1617 multitudinem,
602 1550 820 1604 malitia:
841 1562 1146 1611 excessum,
1165 1543 1544 1615 indignationis
1561 1541 1755 1597 divina:

181 1644 602 1714 magnitudinem,
632 1654 687 1696 et
712 1640 853 1712 quod
879 1640 949 1694 ob
978 1637 1212 1694 studium
1243 1636 1505 1693 malorum
1532 1650 1753 1706 operum

179 1737 327 1791 semel
354 1746 512 1806 atque
543 1735 736 1790 iterum
782 1747 846 1789 ac
891 1732 1053 1788 tertio
1104 1741 1302 1798 terram
1353 1743 1447 1785 eos
1490 1729 1580 1799 qui
1632 1737 1758 1782 tunc

183 1827 409 1881 vivebant
456 1825 846 1890 nominaverit,
898 1822 1184 1892 carnisque
1223 1820 1442 1875 nomine
1491 1818 1759 1874 vocaverit

179 1917 413 1988 spoliatos
458 1916 760 1971 communis
804 1925 1010 1969 natum
1052 1911 1308 1968 vocabulo
1339 1928 1351 1964 :
1386 1925 1652 1978 nuncper
1693 1924 1757 1964 ea

179 2025 286 2080 qua
307 2008 504 2076 subdit,
538 2007 860 2063 ineï¬‚'abilem
911 2005 1001 2061 Dei
1031 2003 1475 2068 misericordiam,
1502 2013 1558 2058 et
1587 2002 1760 2057 indul-

180 2101 354 2170 gentia:
379 2099 493 2169 ejus
523 2097 942 2168 magnitudinem
972 2095 1207 2150 ostendit
1231 2093 1405 2150 nobis.
1434 2092 1570 2161 Quid
1614 2093 1757 2149 enim

179 2191 284 2246 ait?
311 2189 376 2244 Et
402 2191 530 2245 dixit
560 2190 802 2244 Dominus
830 2189 899 2242 ad
947 2187 1076 2241 Noe.

244 2283 292 2337 5.
323 2281 452 2336 Vide
477 2295 739 2336 summam
769 2279 1083 2335 bonitatem.
1126 2276 1400 2348 Siquidem
1423 2278 1569 2346 justo
1594 2275 1719 2333 huic
1743 2318 1757 2343 ,

182 2374 305 2430 sicut
331 2372 535 2427 amicus
561 2371 756 2434 amico,
797 2369 1156 2425 communicat
1182 2383 1300 2423 eam
1344 2382 1558 2437 poenam
1599 2381 1758 2437 quam

185 2463 399 2518 humano
421 2461 604 2532 generi
631 2471 713 2515 est
737 2462 1113 2526 iuteutaturus,
1143 2467 1199 2514 et
1224 2459 1389 2514 dicit:
1423 2458 1508 2513 15.
1541 2456 1762 2528 Tempus

184 2554 332 2608 omnis
359 2553 573 2606 hominis
603 2552 734 2605 venit
770 2567 942 2606 coram
979 2567 1078 2605 me.
1109 2551 1244 2618 Quia
1269 2551 1478 2620 impleta
1517 2559 1588 2604 est
1629 2558 1764 2603 terra

184 2645 415 2714 iniustitia
453 2661 514 2698 ea:
536 2645 660 2699 illis.
696 2643 764 2698 Et
805 2660 918 2698 ecce
944 2660 1034 2715 ego
1060 2643 1298 2712 disperdo
1326 2643 1442 2698 illos
1482 2652 1527 2698 et
1552 2653 1757 2696 terram.

167 2735 307 2813 .Quid
332 2745 412 2790 est
435 2777 449 2798 ,
477 2734 699 2806 Tempus
724 2736 889 2790 omnis
909 2735 1129 2789 hominis
1153 2735 1283 2789 venit
1310 2750 1482 2788 coram
1507 2750 1586 2789 me
1604 2735 1630 2788 7
1656 2733 1764 2788 Ma-

173 2813 350 2898 gnam,
383 2828 573 2898 inquit,
614 2828 822 2883 ostendi
875 2828 1202 2897 patientiam,
1237 2841 1482 2898 magnam
1530 2827 1763 2882 toleran-

186 2921 318 2985 tiam,
369 2920 554 2975 nolens
605 2920 743 2974 hanc
791 2918 991 2975 inferre
1039 2933 1271 2989 pcenam,
1317 2934 1476 2990 quam
1520 2919 1770 2974 illaturus

183 3026 291 3067 sum
321 3029 334 3064 :
365 3011 459 3066 sed
486 3012 609 3080 quia
644 3010 928 3067 immodica
960 3021 1300 3081 peccatorum
1346 3012 1554 3066 illorum
1586 3013 1766 3068 multi-

185 3101 301 3156 tudo
325 3101 375 3154 in
406 3102 506 3156 hoc
551 3110 762 3172 tempus
788 3117 884 3157 eos
912 3101 1154 3167 adduxit,
1204 3103 1363 3156 linem
1396 3102 1459 3156 iis
1488 3102 1766 3172 imponere

182 3201 413 3262 oportet,
463 3192 806 3262 exseindiquc
843 3191 1058 3247 illorum
1111 3192 1390 3259 malitiam,
1430 3207 1499 3247 ne
1541 3193 1767 3249 ulterius

184 3280 828 3353 progrediatur:Tempus
879 3282 1064 3346 enim,
1113 3282 1304 3352 inquit,
1349 3283 1512 3338 omnis
1552 3284 1767 3339 hominis

184 3376 305 3431 venit
325 3391 495 3429 carent
535 3390 613 3428 me
654 3371 805 3446 (Gen.
832 3372 887 3428 6.
933 3371 1010 3445 5).
1041 3372 1175 3429 Vide
1204 3382 1259 3428 et
1282 3372 1389 3441 hic,
1417 3373 1686 3445 quomodo
1713 3383 1768 3429 ut

183 3466 418 3535 superius
461 3465 691 3531 dicebat,
725 3462 1078 3534 Unusquisque
1124 3465 1335 3536 cogitat,
1385 3466 1456 3519 ita
1486 3476 1539 3520 et
1585 3481 1765 3534 nunc,

185 3555 353 3611 Omnis
373 3557 612 3613 hominis.
637 3556 838 3612 Omnes
862 3556 1006 3610 enim
1036 3558 1398 3620 causentiunt.
1424 3556 1491 3612 ad
1515 3558 1768 3628 iniquita-

184 3657 281 3704 tem
307 3648 728 3719 transl'ugerunt,
757 3647 945 3718 inquit,
973 3656 1028 3702 et
1053 3649 1106 3702 in
1133 3656 1273 3704 tanta
1297 3647 1634 3704 multitudine
1665 3664 1768 3704 non

185 3741 397 3798 inveniri
443 3751 618 3812 potest
657 3741 882 3811 aliquis,
913 3741 998 3797 cui
1029 3743 1240 3797 virtutis
1269 3742 1338 3798 sit
1367 3757 1514 3798 cura.
1553 3741 1771 3812 Tempus

185 3837 337 3899 enim,
365 3835 556 3905 inquit,
588 3834 753 3890 omnis
788 3835 1007 3889 hominis
1033 3836 1164 3889 venit
1203 3852 1375 3889 coram
1403 3852 1498 3889 me.
1530 3834 1768 3907 Tempus,

187 3925 278 3980 hoc
296 3935 399 3993 est,
428 3925 644 3982 advenit
669 3935 878 3996 tempus
901 3941 1008 3996 quo
1034 3926 1321 3982 secandum
1351 3928 1472 3993 erit,
1502 3936 1557 3982 et
1581 3927 1774 3984 ulceris

187 4017 414 4090 repentis
436 4019 517 4075 vis
539 4017 948 4089 compescenda.
969 4017 1189 4089 Tempus
1212 4020 1374 4073 omnis
1402 4020 1620 4074 hominis
1643 4020 1776 4074 venit

187 4127 348 4165 coram
377 4127 457 4164 me
485 4126 503 4164 :
531 4111 683 4182 quasi
712 4124 872 4165 nemo
899 4108 1125 4177 videret,
1154 4110 1524 4180 rationemque
1548 4109 1774 4166 delicto-
1817 4121 1820 4125 â€˜

190 4216 298 4255 rum
326 4201 394 4257 ab
419 4200 551 4270 ipsis
577 4208 866 4256 exacturus
891 4209 1057 4267 esset,
1087 4200 1165 4255 sic
1191 4215 1310 4256 sese
1336 4200 1492 4255 malis
1526 4201 1776 4271 operibus

189 4294 589 4366 manciparunt,
636 4294 1084 4364 nonâ€˜cogitantes
1125 4294 1266 4365 quod
1306 4310 1391 4349 me
1433 4294 1565 4350 nihil
1611 4295 1778 4351 latere

191 4395 359 4454 queat,
406 4386 498 4456 qui
525 4386 686 4440 vitam
730 4385 1069 4456 animamque
1112 4393 1166 4441 et
1192 4400 1385 4455 corpus
1411 4384 1556 4450 dedi,
1599 4395 1780 4456 totque

192 4477 318 4534 bona
347 4478 701 4548 suppeditavi.
734 4476 956 4549 Tempus
1000 4479 1159 4549 igitur
1193 4479 1354 4533 omnis
1396 4479 1614 4532 hominis
1651 4481 1781 4534 venit

191 4584 348 4623 coram
377 4564 477 4623 me.
516 4569 647 4624 Dein
672 4569 822 4639 quasi
851 4568 1240 4636 satisiacturus,
1269 4569 1636 4640 rationemque
1662 4573 1784 4625 red-

192 4659 392 4716 diturus
427 4662 597 4731 justo,
638 4661 908 4731 quomodo
945 4662 1113 4716 nimia
1163 4669 1500 4730 peccatorum
1527 4662 1784 4733 gravitate

191 4768 251 4809 ac
277 4753 622 4810 multitudine
664 4768 724 4809 se
753 4753 819 4808 ad
849 4762 1049 4809 tantam
1077 4755 1491 4821 indignationem
1524 4769 1784 4825 provoca-

195 4846 312 4914 riut,
340 4849 416 4902 ait
449 4865 462 4901 :
497 4847 628 4914 Quir.
652 4846 864 4917 impleta
888 4857 959 4901 est
985 4849 1387 4918 terra-injustitia
1416 4864 1479 4902 ea:
1498 4848 1619 4903 illis.
1650 4849 1785 4908 Num

194 4939 604 5008 praetermissum
633 4937 954 5007 estaliquid,
980 4938 1169 5008 inquit,
1195 4938 1261 4990 ab
1284 4942 1379 5001 eis,
1407 4938 1548 5007 quod
1573 4938 1639 4993 ad
1662 4955 1782 5009 pec-

192 5040 361 5085 catum
391 5029 672 5085 tenderet?
694 5029 917 5084 Tantam
937 5030 1152 5083 malitirc
1175 5029 1588 5099 magnitudinem
1608 5031 1789 5088 videre

197 5121 334 5189 licet,
364 5131 424 5178 ut
450 5130 503 5176 et
527 5121 870 5191 superefï¬‚uat
908 5130 964 5177 ct
991 5121 1244 5187 exundet,
1277 5133 1548 5193 totamque
1595 5133 1788 5182 terram

199 5213 412 5284 impleat
437 5230 450 5265 :
477 5220 754 5282 propterea
777 5222 832 5266 et
852 5212 971 5266 illos
995 5211 1266 5281 diSperdo,
1293 5223 1348 5266 et
1376 5223 1568 5267 terram
1597 5215 1764 5283 ipsam

199 5305 345 5373 Ecce,
373 5307 571 5376 inquit,
603 5321 692 5376 ego
716 5304 955 5375 disperde
984 5305 1101 5359 illos
1125 5314 1169 5359 et
1199 5315 1403 5358 terram.
1434 5305 1546 5373 Qua
1587 5307 1793 5375 priores

202 5398 293 5466 ipsi
323 5397 485 5452 malis
513 5395 623 5450 suis
648 5396 899 5465 operibus
924 5396 1130 5465 seipsos
1159 5405 1519 5466 corruperunt
1547 5415 1558 5450 :
1594 5397 1795 5454 idcirco

201 5489 500 5557 generalem
549 5484 821 5540 interitum
871 5485 1138 5548 inducam,
1184 5486 1478 5555 deleboque
1514 5487 1658 5555 ipsos
1700 5503 1793 5557 pa-

203 5579 324 5634 riter
353 5589 517 5648 atque
543 5587 759 5644 terram,
784 5586 840 5631 ut
864 5577 1229 5648 purgationem
1261 5577 1482 5646 accipiat
1506 5585 1666 5645 terra,
1693 5589 1745 5636 at
1766 5594 1795 5632 a

204 5679 273 5724 tot
303 5679 644 5739 peccatorum
693 5670 913 5725 maculis
949 5669 1290 5725 cmuudetur.
1337 5666 1541 5739 Cogita,
1570 5685 1753 5739 quaeso
1780 5713 1793 5737 ,

206 5761 341 5828 quali
377 5769 508 5815 tunc
536 5758 701 5816 fuisse
743 5760 923 5814 animo
947 5759 1147 5830 justutn
1179 5759 1336 5814 istum
1381 5759 1666 5814 verisimile
1693 5770 1794 5823 est,

204 5861 323 5902 cum
351 5851 467 5907 lane
491 5867 519 5906 a
552 5851 775 5908 Domino
813 5850 1051 5907 audiret?
1081 5849 1212 5906 Nam
1257 5850 1378 5906 licet
1406 5850 1585 5907 multa:
1627 5850 1795 5906 virtu-

1264 425 1332 482 IN
1368 423 1521 481 CAP.
1567 419 1653 475 VI.
1695 419 1943 477 GENES.
1987 419 2220 476 HOMIL.
2264 419 2458 477 XXIV.

3367 427 3471 482 sm

1871 533 1938 587 tis
1967 533 2066 588 sibi
2098 533 2342 589 conscius
2366 543 2543 600 esset,
2579 549 2684 589 non
2704 547 2885 592 tamen
2918 535 3125 606 absque
3146 539 3335 596 dolore
3356 561 3472 615 qua:

1857 625 2168 680 dicebantur
2205 627 2430 695 accepit.
2481 625 2560 680 Ad
2587 626 2927 683 dilectionem
2974 634 3117 685 cnim
3147 649 3473 704 propensum

1856 726 1938 769 est
1985 719 2249 784 justorum
2278 732 2446 787 genus
2467 758 2482 784 ,
2510 730 2565 772 et
2593 734 2687 788 pro
2711 717 2939 773 aliorum
2979 722 3149 778 salute
3167 726 3292 793 justi
3323 743 3472 796 qua:-

1857 820 1961 874 quc
1985 805 2212 860 libenter
2260 808 2475 862 ferenda
2504 809 2861 878 susciperent.
2913 813 3032 878 Quo
3097 816 3254 886 igitur
3279 817 3474 874 aliectu

1860 896 2021 952 fuisse
2066 899 2356 953 verisimile
2404 911 2484 954 est
2517 902 2779 957 eximium
2825 903 2971 958 illum
3015 907 3186 961 virum
3213 949 3226 973 ,
3277 924 3400 964 cum
3423 912 3474 965 in

1876 1004 2056 1045 men'e
2085 1005 2179 1045 sua
2206 993 2442 1046 omnium
2473 993 2743 1048 interitum
2789 1005 2843 1050 ct
2879 986 3040 1051 tritius
3067 1007 3271 1055 naturae
3292 1005 3468 1072 perni-

1859 1081 1994 1135 ciem
2042 1093 2310 1149 versaret,
2357 1093 2412 1139 et
2451 1085 2691 1139 fortassis
2731 1100 2829 1140 nec
2878 1087 2977 1142 sibi
3034 1090 3133 1158 ipsi
3178 1090 3472 1159 jucundum

1858 1172 2128 1242 quidpiam
2157 1173 2537 1244 polliceretur?
2557 1176 2802 1232 Nondum
2834 1179 2975 1232 enim
3003 1179 3256 1250 quiddam
3285 1181 3350 1237 de
3373 1183 3478 1238 hac

1859 1280 1917 1320 re
1937 1274 2268 1336 compertum
2292 1265 2545 1322 habebat.
2560 1267 2623 1323 Ut
2640 1269 2798 1339 igitur
2819 1280 2999 1325 mente
3016 1287 3119 1325 non
3150 1274 3474 1338 turbaretur,

1859 1358 1951 1413 sed
1978 1373 2191 1428 parvam
2215 1358 2501 1430 quamdam
2526 1362 2944 1417 consolationem
2969 1363 3020 1418 in
3049 1372 3192 1419 tanta
3228 1367 3476 1421 maeroris

1822 1520 1824 1522 Î½
1858 1445 2224 1519 magnitudine
2264 1451 2511 1521 accipere
2558 1462 2775 1521 posset,
2817 1463 3096 1524 postquam
3146 1454 3326 1511 docuit
3355 1471 3475 1512 eum

1859 1539 2075 1596 malitia:
2106 1542 2314 1596 illorum
2341 1545 2676 1613 gravitatem,
2699 1559 2760 1598 ac
2791 1553 3000 1615 tempus
3037 1563 3253 1616 urgere,
3279 1558 3335 1603 ut
3354 1564 3470 1619 pro-

1861 1631 2023 1687 funda
2054 1632 2128 1688 illi
2170 1635 2411 1692 sectione
2437 1636 2736 1690 incidantur
2756 1679 2770 1704 ,
2798 1637 2924 1693 dicit
2964 1639 3013 1694 ei
3049 1657 3062 1693 :
3093 1639 3217 1696 Illos
3260 1641 3475 1711 quidem

1859 1726 2159 1780 communis
2189 1726 2453 1795 pernicies
2473 1727 2702 1797 excipiet
2733 1747 2745 1782 :
2778 1731 2863 1785 M.
2893 1729 2967 1784 Tu
3007 1748 3123 1787 vero
3147 1733 3232 1802 {ac
3253 1735 3340 1788 tibi
3379 1733 3482 1804 ipsi

1859 1832 2055 1870 arcam.
2077 1815 2217 1885 Quid
2254 1826 2357 1884 est,
2386 1816 2461 1871 Tu
2482 1820 2639 1874 vero?
2658 1820 2791 1888 Quia
2815 1838 2918 1876 non
2945 1826 3351 1880 communicasti
3379 1842 3475 1880 eo-

1861 1921 1979 1961 rum
1998 1907 2266 1978 nequitiae,
2291 1908 2384 1962 sed
2399 1924 2614 1964 omnent
2638 1911 2694 1964 in
2707 1911 2987 1967 virtutibus
3009 1915 3170 1968 vitam
3191 1916 3439 1986 peregisti
3463 1933 3477 1968 Îµ

1863 1998 1983 2054 ideo
2027 1999 2123 2053 tibi
2162 1998 2402 2068 impero,
2426 2009 2485 2056 ut
2525 2010 2771 2057 exstruas
2812 2019 2990 2058 arcam
3041 2003 3121 2059 Ea:
3159 2006 3310 2077 lignis
3346 2024 3475 2076 qua-

1862 2091 2021 2145 dratis
2067 2091 2393 2163 incorruptis.
2441 2091 2832 2148 Mansiunculas
2866 2111 2954 2165 per
3008 2113 3181 2149 arcam
3225 2097 3406 2167 facies,
3433 2107 3476 2153 et

1863 2180 2140 2253 glutinabis
2179 2183 2482 2238 intrinsecus
2533 2193 2581 2238 et
2619 2185 2927 2242 extrinsecus
2971 2203 3083 2241 eam
3119 2189 3476 2245 bitumineJtâ€˜i.

1866 2275 1949 2332 Sit
1968 2285 2136 2331 autent
2160 2286 2496 2332 trecentorum
2518 2278 2800 2333 cubitorum
2824 2280 3089 2351 longitudo
3109 2321 3124 2346 ,
3161 2291 3208 2334 et
3228 2283 3478 2351 quinqua-

1863 2367 2005 2439 ginta
2045 2369 2261 2433 latitudo
2279 2409 2294 2435 ,
2324 2379 2369 2422 et
2398 2370 2606 2440 triginta
2629 2371 2910 2424 cubitorum
2939 2372 3176 2426 altitudo.
3210 2374 3297 2429 16.
3318 2373 3476 2428 Colli-

1865 2477 1987 2530 gens
2023 2461 2177 2530 facies
2199 2478 2394 2528 arcam,
2410 2472 2456 2516 et
2476 2463 2527 2516 in
2561 2464 2784 2517 cubitum
2809 2465 3181 2520 consummabis
3202 2467 3312 2537 ejus
3331 2483 3472 2522 sum-

1868 2552 2132 2619 mitatem;
2160 2555 2565 2626 januamautcm
2587 2555 2743 2625 facies
2780 2573 2811 2609 a
2837 2557 2922 2610 lati
2935 2573 2991 2611 re
3014 2600 3027 2623 ,
3059 2557 3305 2613 cubiculis
3342 2559 3481 2613 bica-

1867 2645 2090 2710 tueratis,
2125 2655 2172 2700 et
2208 2647 2541 2701 tricameratis
2583 2649 2739 2718 facies
2786 2665 2917 2702 eam.
2965 2649 3255 2705 Considi-ra
3307 2651 3482 2707 indul-

1865 2738 2102 2807 geutiam
2134 2737 2261 2805 Dei,
2291 2747 2346 2794 ct
2391 2738 2717 2794 ineffabilem
2759 2741 3007 2797 virtutem
3036 2741 3485 2797 misericordiam-

1866 2844 1973 2899 que
2001 2842 2216 2884 omnem
2243 2827 2501 2883 rationem
2531 2837 2721 2885 transe.
2745 2829 3020 2886 nd'ntem.
3048 2830 3218 2886 Simul
3246 2831 3484 2888 declarat

1868 2928 1924 2976 et
1952 2936 2102 2975 suam
2142 2935 2267 2991 erga
2293 2920 2494 2991 justum
2516 2922 2933 2991 proxilentiam,
2965 2933 3022 2977 ut
3050 2924 3271 2979 [obticet
3304 2940 3484 2980 arcam

1869 3012 1944 3066 illi
1972 3012 2239 3083 imperans
2271 3029 2288 3066 :
2321 3005 2684 3082 ordinans'jue
2729 3014 2941 3068 interim
2985 3015 3277 3071 modumin
3321 3032 3485 3087 quem

1868 3105 2226 3160 construenda
2247 3146 2261 3168 ,
2283 3121 2476 3174 nempe
2507 3106 2557 3159 in
2587 3122 2746 3174 quam
2793 3107 3177 3178 loegitudinem
3201 3151 3215 3172 ,
3247 3109 3487 3166 latitudi-

1870 3207 1993 3248 nem
2034 3202 2086 3247 et
2115 3193 2530 3261 sublimitatem,
2560 3207 2612 3250 et
2640 3196 2924 3250 maximam
2966 3199 3013 3252 ei
3062 3199 3487 3256 consolationem

1869 3283 2025 3339 aï¬‚â€˜ert
2041 3327 2054 3350 ,
2074 3299 2221 3354 spem
2235 3285 2423 3342 salutis
2443 3301 2537 3355 per
2552 3302 2688 3340 arctr
2705 3288 3155 3342 cou~tructionem
3175 3290 3486 3354 ostendens.

1873 3374 1993 3429 illos
2019 3389 2231 3446 quoque
2254 3377 2343 3446 qui
2373 3385 2479 3430 tam
2496 3378 2730 3446 gratiter
2766 3379 3104 3447 peccaverint
3143 3378 3490 3438 fabricatione

1872 3481 2011 3522 arca:
2048 3467 2324 3524 admoueri
2377 3469 2597 3534 volens,
2630 3479 2686 3524 ut
2725 3485 2907 3525 secum
2950 3475 3245 3542 cogitarent
3271 3489 3390 3543 qtae
3416 3473 3492 3529 fe-

1873 3559 2109 3633 cissent,
2149 3559 2623 3630 resipiscendoque
2666 3563 3084 3632 indignationem
3126 3579 3232 3620 non
3270 3569 3492 3636 experi-

1873 3659 2079 3705 rentur.
2108 3650 2290 3720 Neque
2319 3653 2461 3706 enim
2487 3667 2706 3722 parvum
2738 3654 2843 3709 illis
2883 3664 3090 3725 tempus
3116 3656 3292 3712 denuo
3307 3658 3373 3711 ad
3401 3673 3490 3713 re-

1874 3741 2236 3811 sipiscentiam
2262 3757 2577 3799 concessum
2602 3753 2684 3799 est
2715 3760 2808 3813 per
2830 3761 2968 3800 arca:
2993 3749 3447 3802 constructionem
3476 3769 3488 3804 :

1875 3832 1970 3888 sed
2011 3834 2167 3903 plane
2200 3835 2426 3890 multum
2462 3847 2517 3892 et
2561 3836 2832 3894 sufï¬ciens
2871 3836 3085 3906 luisset,
3115 3840 3215 3894 nisi
3243 3841 3378 3896 adeo
3409 3843 3490 3896 iu-

1875 3927 2010 3997 grati
2043 3925 2265 3981 fuissent
2291 3936 2344 3982 et
2386 3928 2583 3999 stupidi
2607 3930 2673 3983 ad
2702 3940 3002 3986 erratorum
3038 3932 3489 3989 emendationem.

1877 4016 1980 4072 Par
1997 4017 2138 4072 enim
2166 4029 2309 4082 erat,
2331 4021 2568 4088 singulos
2598 4035 2783 4074 eorum
2828 4036 2948 4075 cum
2981 4021 3224 4076 viderent
3257 4022 3486 4091 jmtnm,

1878 4110 1968 4178 qui
2009 4108 2364 4164 fabricabatur
2381 4125 2558 4163 arcam
2586 4152 2600 4174 ,
2632 4121 3136 4166 eausamcoustrut-t
3161 4114 3278 4167 ouis
3305 4114 3492 4168 scisci-

1881 4209 2019 4256 tatos
2063 4216 2218 4267 esse,
2249 4211 2304 4256 et
2336 4203 2547 4273 cognita
2601 4203 2778 4258 divina
2826 4205 3223 4274 imlignationc,
3255 4206 3378 4262 inde
3428 4208 3494 4262 ad

1880 4306 2097 4349 sensum
2136 4303 2472 4363 peccatorum
2513 4309 2730 4348 suorum
2757 4297 2969 4360 venire,
3000 4295 3046 4349 si
3066 4297 3498 4365 quidemvoluis-

1883 4397 2022 4442 sent.
2062 4384 2262 4441 Verum
2307 4385 2423 4440 haec
2465 4385 2572 4440 illis
2611 4386 2811 4440 nullam
2843 4387 3126 4441 utilitatem
3176 4388 3494 4454 attulerunt,

1886 4494 1992 4533 non
2017 4479 2139 4548 quia
2171 4494 2275 4532 non
2307 4486 2616 4549 potuerunt,
2645 4477 2739 4531 sed
2761 4478 2884 4547 quia
2913 4479 3219 4532 noluerunt.

1957 4563 2011 4618 4.
2043 4562 2179 4616 Deus
2196 4563 2465 4617 consilium
2487 4578 2630 4615 suum
2669 4562 2780 4615 Noe
2799 4565 3159 4614 communicat.
3196 4562 3298 4616 Cur
3316 4561 3497 4618 Enoclt

1888 4656 2163 4710 translatus
2188 4656 2359 4727 fuerit.
2385 4654 2529 4710 Solet
2552 4653 2688 4707 Deus
2719 4663 2922 4722 propter
2934 4655 3104 4726 justas
3127 4671 3327 4710 servare
3346 4654 3495 4710 alios.

1885 4777 1958 4789 â€”
1987 4747 2150 4818 Igitur
2176 4755 2452 4817 postquam
2481 4746 2548 4802 de
2580 4746 2934 4801 construenda
2962 4762 3082 4800 arca
3121 4747 3266 4817 ju~to
3295 4763 3502 4818 praece-

1890 4841 2002 4911 pit,
2043 4838 2399 4893 Cotutuunicat
2429 4849 2478 4892 ct
2507 4847 2688 4892 narrat
2717 4838 2765 4891 ei
2807 4839 2967 4891 etiam
3023 4853 3194 4907 pecua:
3234 4840 3468 4908 Speciem

1890 4945 2047 5001 quam
2080 4930 2323 4983 illaturus
2344 4937 2459 4984 erat
2483 4970 2498 4994 ,
2527 4938 2579 4981 et
2624 4929 2752 4982 dicit
2784 4947 2795 4983 :
2827 4927 2906 4982 Tu
2936 4929 3149 4997 quidem
3178 4929 3314 4984 hanc
3338 4946 3463 5000 para
3487 4972 3502 4995 ,

1892 5023 2028 5076 sicut
2060 5022 2285 5090 pra-cepi
2312 5037 2324 5072 :
2357 5035 2456 5089 ego
2486 5030 2664 5074 autem
2687 5061 2701 5085 ,
2748 5020 2834 5074 ubi
2867 5032 2921 5074 tu
2949 5021 3232 5077 :cdiï¬citun
3267 5025 3503 5093 comple-

1867 5140 1870 5142 Î·
1895 5113 2034 5166 veris
2058 5153 2072 5177 ,
2104 5113 2263 5166 etiam
2295 5128 2356 5165 ea
2388 5127 2506 5180 quae
2534 5112 2598 5165 ad
2632 5121 2684 5166 te
2712 5112 2940 5167 attinent
2968 5114 3019 5167 in
3062 5123 3176 5168 tuto
3201 5116 3498 5171 collocabo.

1898 5206 1984 5260 17.
2012 5203 2121 5276 Ego
2146 5215 2313 5258 autem
2337 5245 2351 5268 ,
2380 5204 2544 5274 inquit
2564 5247 2577 5269 ,
2605 5205 2843 5256 inducant
2875 5204 3124 5260 diluvium
3150 5248 3164 5272 ,
3191 5225 3374 5276 aquam
3414 5226 3500 5262 su-

1896 5314 1984 5367 per
2001 5308 2206 5361 terram,
2226 5306 2277 5349 ut
2294 5307 2584 5363 corrumpat
2601 5311 2798 5348 omnem
2819 5312 3042 5359 carnem,
3062 5297 3115 5351 in
3136 5314 3236 5368 qua
3258 5309 3332 5352 est
3348 5300 3475 5368 spiri
3487 5327 3506 5339 -

1900 5400 1977 5442 tus
1994 5390 2109 5442 vita!
2126 5387 2295 5442 subter
2316 5387 2514 5452 cazlum,
2535 5395 2581 5438 et
2602 5402 2928 5455 qtttecumque
2948 5388 3136 5457 fuerint
3154 5405 3305 5458 super
3323 5401 3509 5444 terram

1898 5481 2194 5534 morientur.
2229 5477 2362 5532 Vide
2376 5476 2646 5546 quomodo
2677 5485 2729 5531 et
2759 5492 2851 5545 per
2893 5478 3064 5532 minas
3093 5478 3324 5534 ostendit
3350 5495 3510 5548 quam

1897 5572 2079 5643 gravia
2103 5569 2176 5624 illi
2203 5571 2558 5639 peccaverint,
2581 5578 2635 5624 et
2657 5570 2826 5637 inquit
2855 5587 2868 5624 :
2895 5568 3102 5624 Etenim
3126 5569 3369 5624 eamdem
3402 5588 3513 5641 pm-

1903 5680 2023 5719 nam
2069 5663 2314 5717 inducam
2351 5670 2454 5715 tam
2500 5661 2888 5726 rationalibus,
2937 5678 3094 5731 quam
3142 5663 3365 5716 rationis
3420 5681 3509 5718 ex-

1905 5755 2162 5826 pertibus.
2190 5753 2322 5821 Quia
2350 5754 2495 5807 enim
2542 5754 2895 5823 principatutn
2927 5768 3085 5808 suum
3131 5756 3512 5824 prodiderunt,

1907 5861 1961 5904 et
1985 5850 2036 5903 in
2071 5846 2349 5902 brutnrum
2393 5846 2641 5903 fet'ociam
2682 5846 3051 5913 declinarunt,
3081 5849 3222 5906 nulla
3270 5852 3370 5905 erit
3404 5868 3517 5919 pd;-
