  <div class='ocr_page' id='page_1' title='image "/cluster/home/n/w/nwhite01/storage/ocr_20150623/53/pst.000005712526/211.png"; bbox 0 0 4054 6312; ppageno 0'>
   <div class='ocr_carea' id='block_1_1' title="bbox 607 363 704 423">
    <p class='ocr_par' dir='ltr' id='par_1_1' title="bbox 607 363 704 423">
     <span class='ocr_line' id='line_1_1' title="bbox 607 363 704 423; baseline -0.021 0"><span class='ocrx_word' id='word_1_1' title='bbox 607 363 704 423; x_wconf 67' lang='lat' dir='ltr'><strong>ill</strong></span> 
     </span>
    </p>
   </div>
   <div class='ocr_carea' id='block_1_2' title="bbox 573 475 2166 542">
    <p class='ocr_par' dir='ltr' id='par_1_2' title="bbox 573 475 2166 542">
     <span class='ocr_line' id='line_1_2' title="bbox 573 475 2166 542; baseline -0.007 -7"><span class='ocrx_word' id='word_1_2' title='bbox 573 487 780 535; x_wconf 79' lang='lat' dir='ltr'><strong>narum</strong></span> <span class='ocrx_word' id='word_1_3' title='bbox 808 476 1122 534; x_wconf 84' lang='lat' dir='ltr'><strong>dill&#39;erentia.</strong></span> <span class='ocrx_word' id='word_1_4' title='bbox 1163 475 1408 531; x_wconf 74' lang='lat' dir='ltr'><strong>Iudaeam</strong></span> <span class='ocrx_word' id='word_1_5' title='bbox 1447 476 1589 539; x_wconf 81' lang='lat' dir='ltr'><strong>enim</strong></span> <span class='ocrx_word' id='word_1_6' title='bbox 1610 475 1858 530; x_wconf 70' lang='lat' dir='ltr'><strong>diluvium</strong></span> <span class='ocrx_word' id='word_1_7' title='bbox 1896 489 2076 542; x_wconf 56' lang='lat' dir='ltr'><strong>ante,</strong></span> <span class='ocrx_word' id='word_1_8' title='bbox 2115 477 2166 524; x_wconf 88' lang='lat' dir='ltr'><strong>ut</strong></span> 
     </span>
    </p>
   </div>
   <div class='ocr_carea' id='block_1_3' title="bbox 595 564 2173 634">
    <p class='ocr_par' dir='ltr' id='par_1_3' title="bbox 595 564 2173 634">
     <span class='ocr_line' id='line_1_3' title="bbox 595 564 2173 634; baseline -0.003 -16"><span class='ocrx_word' id='word_1_9' title='bbox 595 575 882 632; x_wconf 78' lang='lat' dir='ltr'><strong>corrumpat</strong></span> <span class='ocrx_word' id='word_1_10' title='bbox 899 582 1097 620; x_wconf 84' lang='lat' dir='ltr'><strong>omnem</strong></span> <span class='ocrx_word' id='word_1_11' title='bbox 1123 581 1322 620; x_wconf 59' lang='lat' dir='ltr'><strong>carnem</strong></span> <span class='ocrx_word' id='word_1_12' title='bbox 1340 605 1357 632; x_wconf 96' lang='lat'><strong>,</strong></span> <span class='ocrx_word' id='word_1_13' title='bbox 1379 564 1431 619; x_wconf 89' lang='lat' dir='ltr'><strong>in</strong></span> <span class='ocrx_word' id='word_1_14' title='bbox 1449 580 1550 634; x_wconf 84' lang='lat' dir='ltr'><strong>qua</strong></span> <span class='ocrx_word' id='word_1_15' title='bbox 1573 573 1644 618; x_wconf 80' lang='lat' dir='ltr'><strong>est</strong></span> <span class='ocrx_word' id='word_1_16' title='bbox 1663 564 1870 631; x_wconf 80' lang='lat' dir='ltr'><strong>spiritus</strong></span> <span class='ocrx_word' id='word_1_17' title='bbox 1889 564 2005 616; x_wconf 73' lang='lat' dir='ltr'><strong>vita</strong></span> <span class='ocrx_word' id='word_1_18' title='bbox 2022 576 2173 631; x_wconf 79' lang='lat' dir='ltr'><strong>super</strong></span> 
     </span>
    </p>
   </div>
   <div class='ocr_carea' id='block_1_4' title="bbox 590 640 2172 725">
    <p class='ocr_par' dir='ltr' id='par_1_4' title="bbox 590 640 2172 725">
     <span class='ocr_line' id='line_1_4' title="bbox 590 640 2172 725; baseline -0.003 -17"><span class='ocrx_word' id='word_1_19' title='bbox 590 656 786 712; x_wconf 65' lang='lat' dir='ltr'><strong>celant.</strong></span> <span class='ocrx_word' id='word_1_20' title='bbox 817 655 880 710; x_wconf 85' lang='lat' dir='ltr'><strong>Et</strong></span> <span class='ocrx_word' id='word_1_21' title='bbox 913 656 1150 724; x_wconf 88' lang='lat' dir='ltr'><strong>jumenta</strong></span> <span class='ocrx_word' id='word_1_22' title='bbox 1173 698 1190 722; x_wconf 90' lang='lat'><strong>,</strong></span> <span class='ocrx_word' id='word_1_23' title='bbox 1221 657 1387 725; x_wconf 97' lang='lat' dir='ltr'><strong>inquit</strong></span> <span class='ocrx_word' id='word_1_24' title='bbox 1409 696 1425 720; x_wconf 87' lang='lat'><strong>.</strong></span> <span class='ocrx_word' id='word_1_25' title='bbox 1458 662 1514 708; x_wconf 87' lang='lat' dir='ltr'><strong>et</strong></span> <span class='ocrx_word' id='word_1_26' title='bbox 1554 640 1782 708; x_wconf 70' lang='lat' dir='ltr'><strong>volatilia</strong></span> <span class='ocrx_word' id='word_1_27' title='bbox 1807 695 1820 713; x_wconf 93' lang='lat'><strong>.</strong></span> <span class='ocrx_word' id='word_1_28' title='bbox 1848 662 1903 709; x_wconf 90' lang='lat' dir='ltr'><strong>et</strong></span> <span class='ocrx_word' id='word_1_29' title='bbox 1932 653 2056 708; x_wconf 70' lang='lat' dir='ltr'><strong>lerat</strong></span> <span class='ocrx_word' id='word_1_30' title='bbox 2078 691 2093 716; x_wconf 90' lang='lat'><strong>.</strong></span> <span class='ocrx_word' id='word_1_31' title='bbox 2119 659 2172 704; x_wconf 90' lang='lat' dir='ltr'><strong>et</strong></span> 
     </span>
    </p>
   </div>
   <div class='ocr_carea' id='block_1_5' title="bbox 588 744 2173 816">
    <p class='ocr_par' dir='ltr' id='par_1_5' title="bbox 588 744 2173 816">
     <span class='ocr_line' id='line_1_5' title="bbox 588 744 2173 816; baseline -0.001 -18"><span class='ocrx_word' id='word_1_32' title='bbox 588 744 976 816; x_wconf 86' lang='lat' dir='ltr'><strong>quadrupodia,</strong></span> <span class='ocrx_word' id='word_1_33' title='bbox 1007 755 1062 801; x_wconf 92' lang='lat' dir='ltr'><strong>et</strong></span> <span class='ocrx_word' id='word_1_34' title='bbox 1101 760 1446 816; x_wconf 74' lang='lat' dir='ltr'><strong>quzcctunqtte</strong></span> <span class='ocrx_word' id='word_1_35' title='bbox 1483 745 1584 800; x_wconf 88' lang='lat' dir='ltr'><strong>sub</strong></span> <span class='ocrx_word' id='word_1_36' title='bbox 1611 744 1748 800; x_wconf 83' lang='lat' dir='ltr'><strong>coelo</strong></span> <span class='ocrx_word' id='word_1_37' title='bbox 1788 754 1942 806; x_wconf 84' lang='lat' dir='ltr'><strong>sunt,</strong></span> <span class='ocrx_word' id='word_1_38' title='bbox 1981 757 2173 800; x_wconf 90' lang='lat' dir='ltr'><strong>consu-</strong></span> 
     </span>
    </p>
   </div>
   <div class='ocr_carea' id='block_1_6' title="bbox 592 830 2171 904">
    <p class='ocr_par' dir='ltr' id='par_1_6' title="bbox 592 830 2171 904">
     <span class='ocr_line' id='line_1_6' title="bbox 592 830 2171 904; baseline -0.003 -16"><span class='ocrx_word' id='word_1_39' title='bbox 592 845 823 892; x_wconf 76' lang='lat' dir='ltr'><strong>mantur.</strong></span> <span class='ocrx_word' id='word_1_40' title='bbox 855 835 922 892; x_wconf 86' lang='lat' dir='ltr'><strong>Et</strong></span> <span class='ocrx_word' id='word_1_41' title='bbox 956 844 1013 893; x_wconf 85' lang='grc' dir='ltr'><strong>ιιι</strong></span> <span class='ocrx_word' id='word_1_42' title='bbox 1052 837 1224 891; x_wconf 87' lang='lat' dir='ltr'><strong>discas</strong></span> <span class='ocrx_word' id='word_1_43' title='bbox 1254 835 1384 891; x_wconf 82' lang='lat' dir='ltr'><strong>nihil</strong></span> <span class='ocrx_word' id='word_1_44' title='bbox 1427 836 1668 890; x_wconf 88' lang='lat' dir='ltr'><strong>relictum</strong></span> <span class='ocrx_word' id='word_1_45' title='bbox 1717 835 1778 888; x_wconf 89' lang='lat' dir='ltr'><strong>iri</strong></span> <span class='ocrx_word' id='word_1_46' title='bbox 1801 875 1818 900; x_wconf 90' lang='lat'><strong>,</strong></span> <span class='ocrx_word' id='word_1_47' title='bbox 1868 835 2074 904; x_wconf 89' lang='lat' dir='ltr'><strong>inquit:</strong></span> <span class='ocrx_word' id='word_1_48' title='bbox 2105 830 2171 886; x_wconf 78' lang='lat' dir='ltr'><strong>Et</strong></span> 
     </span>
    </p>
   </div>
   <div class='ocr_carea' id='block_1_7' title="bbox 588 922 2169 998">
    <p class='ocr_par' dir='ltr' id='par_1_7' title="bbox 588 922 2169 998">
     <span class='ocr_line' id='line_1_7' title="bbox 588 922 2169 998; baseline 0 -22"><span class='ocrx_word' id='word_1_49' title='bbox 588 942 911 997; x_wconf 74' lang='lat' dir='ltr'><strong>qutecuntque</strong></span> <span class='ocrx_word' id='word_1_50' title='bbox 933 936 1048 981; x_wconf 82' lang='lat' dir='ltr'><strong>sunt</strong></span> <span class='ocrx_word' id='word_1_51' title='bbox 1068 943 1220 998; x_wconf 81' lang='lat' dir='ltr'><strong>super</strong></span> <span class='ocrx_word' id='word_1_52' title='bbox 1244 936 1427 980; x_wconf 76' lang='lat' dir='ltr'><strong>terrain</strong></span> <span class='ocrx_word' id='word_1_53' title='bbox 1449 967 1464 990; x_wconf 84' lang='lat'><strong>,</strong></span> <span class='ocrx_word' id='word_1_54' title='bbox 1496 930 1791 980; x_wconf 84' lang='lat' dir='ltr'><strong>morientur.</strong></span> <span class='ocrx_word' id='word_1_55' title='bbox 1823 924 1952 979; x_wconf 84' lang='lat' dir='ltr'><strong>Nam</strong></span> <span class='ocrx_word' id='word_1_56' title='bbox 1985 922 2169 993; x_wconf 82' lang='lat' dir='ltr'><strong>parili-</strong></span> 
     </span>
    </p>
   </div>
   <div class='ocr_carea' id='block_1_8' title="bbox 587 1012 2170 1086">
    <p class='ocr_par' dir='ltr' id='par_1_8' title="bbox 587 1012 2170 1086">
     <span class='ocr_line' id='line_1_8' title="bbox 587 1012 2170 1086; baseline -0.003 -16"><span class='ocrx_word' id='word_1_57' title='bbox 587 1017 794 1074; x_wconf 85' lang='lat' dir='ltr'><strong>catione</strong></span> <span class='ocrx_word' id='word_1_58' title='bbox 821 1017 964 1072; x_wconf 80' lang='lat' dir='ltr'><strong>orbis</strong></span> <span class='ocrx_word' id='word_1_59' title='bbox 989 1032 1121 1086; x_wconf 88' lang='lat' dir='ltr'><strong>opus</strong></span> <span class='ocrx_word' id='word_1_60' title='bbox 1151 1017 1308 1072; x_wconf 77' lang='lat' dir='ltr'><strong>liabet</strong></span> <span class='ocrx_word' id='word_1_61' title='bbox 1327 1055 1347 1083; x_wconf 88' lang='lat'><strong>,</strong></span> <span class='ocrx_word' id='word_1_62' title='bbox 1385 1016 1479 1074; x_wconf 81' lang='lat' dir='ltr'><strong>sed</strong></span> <span class='ocrx_word' id='word_1_63' title='bbox 1523 1016 1626 1072; x_wconf 85' lang='lat' dir='ltr'><strong>hoc</strong></span> <span class='ocrx_word' id='word_1_64' title='bbox 1655 1025 1705 1070; x_wconf 90' lang='lat' dir='ltr'><strong>te</strong></span> <span class='ocrx_word' id='word_1_65' title='bbox 1729 1031 1834 1070; x_wconf 88' lang='lat' dir='ltr'><strong>non</strong></span> <span class='ocrx_word' id='word_1_66' title='bbox 1854 1012 2170 1078; x_wconf 74' lang='lat' dir='ltr'><strong>conturbet,</strong></span> 
     </span>
    </p>
   </div>
   <div class='ocr_carea' id='block_1_9' title="bbox 590 1103 2171 1176">
    <p class='ocr_par' dir='ltr' id='par_1_9' title="bbox 590 1103 2171 1176">
     <span class='ocr_line' id='line_1_9' title="bbox 590 1103 2171 1176; baseline 0 -16"><span class='ocrx_word' id='word_1_67' title='bbox 590 1120 764 1176; x_wconf 84' lang='lat' dir='ltr'><strong>neque</strong></span> <span class='ocrx_word' id='word_1_68' title='bbox 787 1117 1016 1161; x_wconf 82' lang='lat' dir='ltr'><strong>mentem</strong></span> <span class='ocrx_word' id='word_1_69' title='bbox 1049 1115 1189 1165; x_wconf 87' lang='lat' dir='ltr'><strong>tuam</strong></span> <span class='ocrx_word' id='word_1_70' title='bbox 1214 1105 1518 1163; x_wconf 80' lang='lat' dir='ltr'><strong>confundat.</strong></span> <span class='ocrx_word' id='word_1_71' title='bbox 1547 1105 1675 1160; x_wconf 78' lang='lat' dir='ltr'><strong>Nam</strong></span> <span class='ocrx_word' id='word_1_72' title='bbox 1698 1106 1819 1175; x_wconf 87' lang='lat' dir='ltr'><strong>quia</strong></span> <span class='ocrx_word' id='word_1_73' title='bbox 1846 1104 2000 1160; x_wconf 80' lang='lat' dir='ltr'><strong>video</strong></span> <span class='ocrx_word' id='word_1_74' title='bbox 2030 1103 2171 1160; x_wconf 53' lang='lat' dir='ltr'><strong>uice-</strong></span> 
     </span>
    </p>
   </div>
   <div class='ocr_carea' id='block_1_10' title="bbox 591 1195 2168 1262">
    <p class='ocr_par' dir='ltr' id='par_1_10' title="bbox 591 1195 2168 1262">
     <span class='ocr_line' id='line_1_10' title="bbox 591 1195 2168 1262; baseline 0.001 -16"><span class='ocrx_word' id='word_1_75' title='bbox 591 1210 646 1248; x_wconf 91' lang='lat' dir='ltr'><strong>ra</strong></span> <span class='ocrx_word' id='word_1_76' title='bbox 675 1209 860 1249; x_wconf 88' lang='lat' dir='ltr'><strong>eorum</strong></span> <span class='ocrx_word' id='word_1_77' title='bbox 907 1197 1212 1253; x_wconf 88' lang='lat' dir='ltr'><strong>iucurabilia</strong></span> <span class='ocrx_word' id='word_1_78' title='bbox 1237 1238 1254 1262; x_wconf 92' lang='lat'><strong>.</strong></span> <span class='ocrx_word' id='word_1_79' title='bbox 1298 1196 1488 1252; x_wconf 75' lang='lat' dir='ltr'><strong>sistere</strong></span> <span class='ocrx_word' id='word_1_80' title='bbox 1518 1196 1638 1251; x_wconf 89' lang='lat' dir='ltr'><strong>volo</strong></span> <span class='ocrx_word' id='word_1_81' title='bbox 1682 1195 1896 1250; x_wconf 73' lang='lat' dir='ltr'><strong>malitia:</strong></span> <span class='ocrx_word' id='word_1_82' title='bbox 1939 1195 2168 1259; x_wconf 74' lang='lat' dir='ltr'><strong>fluenta,</strong></span> 
     </span>
    </p>
   </div>
   <div class='ocr_carea' id='block_1_11' title="bbox 588 1285 2173 1358">
    <p class='ocr_par' dir='ltr' id='par_1_11' title="bbox 588 1285 2173 1358">
     <span class='ocr_line' id='line_1_11' title="bbox 588 1285 2173 1358; baseline 0.001 -21"><span class='ocrx_word' id='word_1_83' title='bbox 588 1293 645 1340; x_wconf 91' lang='lat' dir='ltr'><strong>nt</strong></span> <span class='ocrx_word' id='word_1_84' title='bbox 671 1300 738 1342; x_wconf 89' lang='lat' dir='ltr'><strong>ne</strong></span> <span class='ocrx_word' id='word_1_85' title='bbox 759 1287 1089 1356; x_wconf 74' lang='lat' dir='ltr'><strong>gravioribus</strong></span> <span class='ocrx_word' id='word_1_86' title='bbox 1109 1289 1282 1358; x_wconf 60' lang='lat' dir='ltr'><strong>paruis</strong></span> <span class='ocrx_word' id='word_1_87' title='bbox 1321 1287 1582 1342; x_wconf 84' lang='lat' dir='ltr'><strong>obnoxios</strong></span> <span class='ocrx_word' id='word_1_88' title='bbox 1609 1301 1668 1342; x_wconf 89' lang='lat' dir='ltr'><strong>se</strong></span> <span class='ocrx_word' id='word_1_89' title='bbox 1717 1286 1924 1341; x_wconf 77' lang='lat' dir='ltr'><strong>faciant.</strong></span> <span class='ocrx_word' id='word_1_90' title='bbox 1975 1285 2173 1339; x_wconf 90' lang='lat' dir='ltr'><strong>Idcirco</strong></span> 
     </span>
    </p>
   </div>
   <div class='ocr_carea' id='block_1_12' title="bbox 584 1378 2169 1449">
    <p class='ocr_par' dir='ltr' id='par_1_12' title="bbox 584 1378 2169 1449">
     <span class='ocr_line' id='line_1_12' title="bbox 584 1378 2169 1449; baseline 0.001 -20"><span class='ocrx_word' id='word_1_91' title='bbox 584 1379 745 1434; x_wconf 74' lang='lat' dir='ltr'><strong>etiam</strong></span> <span class='ocrx_word' id='word_1_92' title='bbox 790 1395 931 1436; x_wconf 90' lang='lat' dir='ltr'><strong>nunc</strong></span> <span class='ocrx_word' id='word_1_93' title='bbox 958 1395 1052 1449; x_wconf 90' lang='lat' dir='ltr'><strong>pro</strong></span> <span class='ocrx_word' id='word_1_94' title='bbox 1092 1381 1246 1435; x_wconf 88' lang='lat' dir='ltr'><strong>solita</strong></span> <span class='ocrx_word' id='word_1_95' title='bbox 1286 1395 1404 1434; x_wconf 86' lang='lat' dir='ltr'><strong>mea</strong></span> <span class='ocrx_word' id='word_1_96' title='bbox 1441 1379 1718 1440; x_wconf 86' lang='lat' dir='ltr'><strong>clementia</strong></span> <span class='ocrx_word' id='word_1_97' title='bbox 1761 1378 2169 1447; x_wconf 73' lang='lat' dir='ltr'><strong>indignationem</strong></span> 
     </span>
    </p>
   </div>
   <div class='ocr_carea' id='block_1_13' title="bbox 587 1466 2170 1540">
    <p class='ocr_par' dir='ltr' id='par_1_13' title="bbox 587 1466 2170 1540">
     <span class='ocr_line' id='line_1_13' title="bbox 587 1466 2170 1540; baseline -0.001 -20"><span class='ocrx_word' id='word_1_98' title='bbox 587 1468 818 1522; x_wconf 76' lang='lat' dir='ltr'><strong>bonitate</strong></span> <span class='ocrx_word' id='word_1_99' title='bbox 838 1480 1138 1540; x_wconf 78' lang='lat' dir='ltr'><strong>temperans</strong></span> <span class='ocrx_word' id='word_1_100' title='bbox 1155 1512 1170 1533; x_wconf 90' lang='lat'><strong>.</strong></span> <span class='ocrx_word' id='word_1_101' title='bbox 1199 1471 1357 1525; x_wconf 82' lang='lat' dir='ltr'><strong>talem</strong></span> <span class='ocrx_word' id='word_1_102' title='bbox 1382 1485 1590 1539; x_wconf 77' lang='lat' dir='ltr'><strong>pmnam</strong></span> <span class='ocrx_word' id='word_1_103' title='bbox 1613 1469 1782 1524; x_wconf 77' lang='lat' dir='ltr'><strong>infero</strong></span> <span class='ocrx_word' id='word_1_104' title='bbox 1800 1485 1919 1537; x_wconf 68' lang='lat' dir='ltr'><strong>qua:</strong></span> <span class='ocrx_word' id='word_1_105' title='bbox 1939 1470 2052 1524; x_wconf 83' lang='lat' dir='ltr'><strong>sine</strong></span> <span class='ocrx_word' id='word_1_106' title='bbox 2073 1466 2170 1522; x_wconf 75' lang='lat' dir='ltr'><strong>do-</strong></span> 
     </span>
    </p>
   </div>
   <div class='ocr_carea' id='block_1_14' title="bbox 587 1557 2173 1630">
    <p class='ocr_par' dir='ltr' id='par_1_14' title="bbox 587 1557 2173 1630">
     <span class='ocr_line' id='line_1_14' title="bbox 587 1557 2173 1630; baseline 0.003 -21"><span class='ocrx_word' id='word_1_107' title='bbox 587 1557 700 1612; x_wconf 87' lang='lat' dir='ltr'><strong>lore</strong></span> <span class='ocrx_word' id='word_1_108' title='bbox 729 1559 830 1624; x_wconf 85' lang='lat' dir='ltr'><strong>sit,</strong></span> <span class='ocrx_word' id='word_1_109' title='bbox 862 1568 917 1615; x_wconf 91' lang='lat' dir='ltr'><strong>et</strong></span> <span class='ocrx_word' id='word_1_110' title='bbox 947 1575 1048 1613; x_wconf 90' lang='lat' dir='ltr'><strong>non</strong></span> <span class='ocrx_word' id='word_1_111' title='bbox 1080 1562 1360 1615; x_wconf 76' lang='lat' dir='ltr'><strong>sentiatur.</strong></span> <span class='ocrx_word' id='word_1_112' title='bbox 1389 1561 1569 1628; x_wconf 76' lang='lat' dir='ltr'><strong>Neque</strong></span> <span class='ocrx_word' id='word_1_113' title='bbox 1596 1561 1736 1615; x_wconf 90' lang='lat' dir='ltr'><strong>enim</strong></span> <span class='ocrx_word' id='word_1_114' title='bbox 1765 1559 1830 1614; x_wconf 88' lang='lat' dir='ltr'><strong>ad</strong></span> <span class='ocrx_word' id='word_1_115' title='bbox 1861 1559 2173 1630; x_wconf 84' lang='lat' dir='ltr'><strong>magnitudi-</strong></span> 
     </span>
    </p>
   </div>
   <div class='ocr_carea' id='block_1_15' title="bbox 589 1648 2171 1719">
    <p class='ocr_par' dir='ltr' id='par_1_15' title="bbox 589 1648 2171 1719">
     <span class='ocr_line' id='line_1_15' title="bbox 589 1648 2171 1719; baseline 0.003 -19"><span class='ocrx_word' id='word_1_116' title='bbox 589 1661 709 1701; x_wconf 90' lang='lat' dir='ltr'><strong>nem</strong></span> <span class='ocrx_word' id='word_1_117' title='bbox 739 1658 1071 1717; x_wconf 80' lang='lat' dir='ltr'><strong>peccatorum</strong></span> <span class='ocrx_word' id='word_1_118' title='bbox 1100 1651 1180 1703; x_wconf 83' lang='lat' dir='ltr'><strong>vel</strong></span> <span class='ocrx_word' id='word_1_119' title='bbox 1210 1650 1274 1703; x_wconf 82' lang='lat' dir='ltr'><strong>ad</strong></span> <span class='ocrx_word' id='word_1_120' title='bbox 1307 1650 1491 1704; x_wconf 86' lang='lat' dir='ltr'><strong>merita</strong></span> <span class='ocrx_word' id='word_1_121' title='bbox 1518 1664 1701 1704; x_wconf 88' lang='lat' dir='ltr'><strong>eorum</strong></span> <span class='ocrx_word' id='word_1_122' title='bbox 1732 1649 2054 1719; x_wconf 82' lang='lat' dir='ltr'><strong>respiciens,</strong></span> <span class='ocrx_word' id='word_1_123' title='bbox 2076 1648 2171 1704; x_wconf 84' lang='lat' dir='ltr'><strong>sed</strong></span> 
     </span>
    </p>
   </div>
   <div class='ocr_carea' id='block_1_16' title="bbox 589 1737 2168 1809">
    <p class='ocr_par' dir='ltr' id='par_1_16' title="bbox 589 1737 2168 1809">
     <span class='ocr_line' id='line_1_16' title="bbox 589 1737 2168 1809; baseline 0.003 -22"><span class='ocrx_word' id='word_1_124' title='bbox 589 1737 881 1804; x_wconf 66' lang='lat' dir='ltr'><strong>pl&#39;.l.&#39;VitiCl’lS</strong></span> <span class='ocrx_word' id='word_1_125' title='bbox 922 1738 1092 1793; x_wconf 82' lang='lat' dir='ltr'><strong>futura</strong></span> <span class='ocrx_word' id='word_1_126' title='bbox 1114 1784 1126 1803; x_wconf 89' lang='lat'><strong>.</strong></span> <span class='ocrx_word' id='word_1_127' title='bbox 1154 1749 1207 1794; x_wconf 88' lang='lat' dir='ltr'><strong>et</strong></span> <span class='ocrx_word' id='word_1_128' title='bbox 1247 1738 1342 1796; x_wconf 88' lang='lat' dir='ltr'><strong>bos</strong></span> <span class='ocrx_word' id='word_1_129' title='bbox 1378 1739 1686 1808; x_wconf 77' lang='lat' dir='ltr'><strong>congruenti</strong></span> <span class='ocrx_word' id='word_1_130' title='bbox 1719 1753 1874 1809; x_wconf 63' lang='lat' dir='ltr'><strong>pinna</strong></span> <span class='ocrx_word' id='word_1_131' title='bbox 1901 1739 2130 1808; x_wconf 86' lang='lat' dir='ltr'><strong>plectere</strong></span> <span class='ocrx_word' id='word_1_132' title='bbox 2153 1780 2168 1802; x_wconf 90' lang='lat'><strong>.</strong></span> 
     </span>
    </p>
   </div>
   <div class='ocr_carea' id='block_1_17' title="bbox 586 1829 2174 1898">
    <p class='ocr_par' dir='ltr' id='par_1_17' title="bbox 586 1829 2174 1898">
     <span class='ocr_line' id='line_1_17' title="bbox 586 1829 2174 1898; baseline 0.004 -18"><span class='ocrx_word' id='word_1_133' title='bbox 586 1836 640 1880; x_wconf 89' lang='lat' dir='ltr'><strong>et</strong></span> <span class='ocrx_word' id='word_1_134' title='bbox 659 1836 901 1896; x_wconf 84' lang='lat' dir='ltr'><strong>posteros</strong></span> <span class='ocrx_word' id='word_1_135' title='bbox 945 1830 1012 1884; x_wconf 88' lang='lat' dir='ltr'><strong>ab</strong></span> <span class='ocrx_word' id='word_1_136' title='bbox 1055 1829 1351 1898; x_wconf 87' lang='lat' dir='ltr'><strong>lmjusmodi</strong></span> <span class='ocrx_word' id='word_1_137' title='bbox 1403 1829 1632 1898; x_wconf 85' lang='lat' dir='ltr'><strong>pernicie</strong></span> <span class='ocrx_word' id='word_1_138' title='bbox 1671 1830 1897 1884; x_wconf 85' lang='lat' dir='ltr'><strong>liberare</strong></span> <span class='ocrx_word' id='word_1_139' title='bbox 1928 1830 2064 1884; x_wconf 84' lang='lat' dir='ltr'><strong>volo.</strong></span> <span class='ocrx_word' id='word_1_140' title='bbox 2097 1829 2174 1886; x_wconf 78' lang='lat' dir='ltr'><strong>Ne</strong></span> 
     </span>
    </p>
   </div>
   <div class='ocr_carea' id='block_1_18' title="bbox 587 1917 2174 1987">
    <p class='ocr_par' dir='ltr' id='par_1_18' title="bbox 587 1917 2174 1987">
     <span class='ocr_line' id='line_1_18' title="bbox 587 1917 2174 1987; baseline 0.005 -19"><span class='ocrx_word' id='word_1_141' title='bbox 587 1917 744 1985; x_wconf 88' lang='lat' dir='ltr'><strong>igitur</strong></span> <span class='ocrx_word' id='word_1_142' title='bbox 784 1929 1004 1975; x_wconf 73' lang='lat' dir='ltr'><strong>mmstus</strong></span> <span class='ocrx_word' id='word_1_143' title='bbox 1037 1921 1146 1987; x_wconf 88' lang='lat' dir='ltr'><strong>sis,</strong></span> <span class='ocrx_word' id='word_1_144' title='bbox 1177 1935 1310 1975; x_wconf 82' lang='lat' dir='ltr'><strong>neve</strong></span> <span class='ocrx_word' id='word_1_145' title='bbox 1353 1920 1582 1976; x_wconf 86' lang='lat' dir='ltr'><strong>turberis</strong></span> <span class='ocrx_word' id='word_1_146' title='bbox 1615 1920 1729 1976; x_wconf 69' lang='lat' dir='ltr'><strong>lucc</strong></span> <span class='ocrx_word' id='word_1_147' title='bbox 1771 1921 2010 1976; x_wconf 86' lang='lat' dir='ltr'><strong>audiens.</strong></span> <span class='ocrx_word' id='word_1_148' title='bbox 2042 1921 2174 1977; x_wconf 84' lang='lat' dir='ltr'><strong>Nam</strong></span> 
     </span>
    </p>
   </div>
   <div class='ocr_carea' id='block_1_19' title="bbox 585 2007 2170 2080">
    <p class='ocr_par' dir='ltr' id='par_1_19' title="bbox 585 2007 2170 2080">
     <span class='ocr_line' id='line_1_19' title="bbox 585 2007 2170 2080; baseline 0.005 -21"><span class='ocrx_word' id='word_1_149' title='bbox 585 2007 684 2062; x_wconf 79' lang='lat' dir='ltr'><strong>etsi</strong></span> <span class='ocrx_word' id='word_1_150' title='bbox 725 2008 799 2063; x_wconf 86' lang='lat' dir='ltr'><strong>illi</strong></span> <span class='ocrx_word' id='word_1_151' title='bbox 838 2009 1049 2079; x_wconf 84' lang='lat' dir='ltr'><strong>dignam</strong></span> <span class='ocrx_word' id='word_1_152' title='bbox 1103 2012 1333 2080; x_wconf 75' lang='lat' dir='ltr'><strong>peccatis</strong></span> <span class='ocrx_word' id='word_1_153' title='bbox 1362 2012 1472 2065; x_wconf 86' lang='lat' dir='ltr'><strong>suis</strong></span> <span class='ocrx_word' id='word_1_154' title='bbox 1507 2027 1717 2080; x_wconf 75' lang='lat' dir='ltr'><strong>pmnam</strong></span> <span class='ocrx_word' id='word_1_155' title='bbox 1751 2013 1928 2078; x_wconf 83' lang='lat' dir='ltr'><strong>luent,</strong></span> <span class='ocrx_word' id='word_1_156' title='bbox 1957 2011 2050 2069; x_wconf 89' lang='lat' dir='ltr'><strong>sed</strong></span> <span class='ocrx_word' id='word_1_157' title='bbox 2086 2012 2170 2068; x_wconf 86' lang='lat' dir='ltr'><strong>i8.</strong></span> 
     </span>
    </p>
   </div>
   <div class='ocr_carea' id='block_1_20' title="bbox 588 2097 2176 2171">
    <p class='ocr_par' dir='ltr' id='par_1_20' title="bbox 588 2097 2176 2171">
     <span class='ocr_line' id='line_1_20' title="bbox 588 2097 2176 2171; baseline 0.006 -19"><span class='ocrx_word' id='word_1_158' title='bbox 588 2097 819 2153; x_wconf 82' lang='lat' dir='ltr'><strong>Statuunt</strong></span> <span class='ocrx_word' id='word_1_159' title='bbox 858 2111 1203 2157; x_wconf 73' lang='lat' dir='ltr'><strong>testamentum</strong></span> <span class='ocrx_word' id='word_1_160' title='bbox 1236 2119 1398 2158; x_wconf 83' lang='lat' dir='ltr'><strong>meum</strong></span> <span class='ocrx_word' id='word_1_161' title='bbox 1444 2115 1626 2158; x_wconf 80' lang='lat' dir='ltr'><strong>tecum.</strong></span> <span class='ocrx_word' id='word_1_162' title='bbox 1679 2104 1940 2171; x_wconf 84' lang='lat' dir='ltr'><strong>Quoniam</strong></span> <span class='ocrx_word' id='word_1_163' title='bbox 1989 2120 2176 2161; x_wconf 85' lang='lat' dir='ltr'><strong>omnes</strong></span> 
     </span>
    </p>
   </div>
   <div class='ocr_carea' id='block_1_21' title="bbox 591 2189 2174 2262">
    <p class='ocr_par' dir='ltr' id='par_1_21' title="bbox 591 2189 2174 2262">
     <span class='ocr_line' id='line_1_21' title="bbox 591 2189 2174 2262; baseline 0.001 -17"><span class='ocrx_word' id='word_1_164' title='bbox 591 2189 792 2257; x_wconf 86' lang='lat' dir='ltr'><strong>priores</strong></span> <span class='ocrx_word' id='word_1_165' title='bbox 822 2191 1065 2262; x_wconf 82' lang='lat' dir='ltr'><strong>indignos</strong></span> <span class='ocrx_word' id='word_1_166' title='bbox 1099 2206 1218 2249; x_wconf 81' lang='lat' dir='ltr'><strong>sese</strong></span> <span class='ocrx_word' id='word_1_167' title='bbox 1245 2196 1601 2262; x_wconf 60' lang='lat' dir='ltr'><strong>praestiterant</strong></span> <span class='ocrx_word' id='word_1_168' title='bbox 1622 2236 1634 2259; x_wconf 91' lang='lat'><strong>,</strong></span> <span class='ocrx_word' id='word_1_169' title='bbox 1665 2210 1834 2262; x_wconf 87' lang='lat' dir='ltr'><strong>neque</strong></span> <span class='ocrx_word' id='word_1_170' title='bbox 1860 2193 1929 2248; x_wconf 86' lang='lat' dir='ltr'><strong>de</strong></span> <span class='ocrx_word' id='word_1_171' title='bbox 1958 2194 2174 2251; x_wconf 84' lang='lat' dir='ltr'><strong>manda-</strong></span> 
     </span>
    </p>
   </div>
   <div class='ocr_carea' id='block_1_22' title="bbox 591 2281 2173 2354">
    <p class='ocr_par' dir='ltr' id='par_1_22' title="bbox 591 2281 2173 2354">
     <span class='ocr_line' id='line_1_22' title="bbox 591 2281 2173 2354; baseline 0.003 -21"><span class='ocrx_word' id='word_1_172' title='bbox 591 2283 654 2337; x_wconf 91' lang='lat' dir='ltr'><strong>tis</strong></span> <span class='ocrx_word' id='word_1_173' title='bbox 683 2281 817 2338; x_wconf 83' lang='lat' dir='ltr'><strong>meis</strong></span> <span class='ocrx_word' id='word_1_174' title='bbox 859 2283 994 2338; x_wconf 85' lang='lat' dir='ltr'><strong>bene</strong></span> <span class='ocrx_word' id='word_1_175' title='bbox 1021 2293 1348 2352; x_wconf 87' lang='lat' dir='ltr'><strong>senserunt,</strong></span> <span class='ocrx_word' id='word_1_176' title='bbox 1388 2293 1558 2339; x_wconf 89' lang='lat' dir='ltr'><strong>tecum</strong></span> <span class='ocrx_word' id='word_1_177' title='bbox 1590 2285 1806 2354; x_wconf 81' lang='lat' dir='ltr'><strong>posthac</strong></span> <span class='ocrx_word' id='word_1_178' title='bbox 1830 2293 2056 2340; x_wconf 82' lang='lat' dir='ltr'><strong>statuam</strong></span> <span class='ocrx_word' id='word_1_179' title='bbox 2093 2295 2173 2339; x_wconf 89' lang='lat' dir='ltr'><strong>te-</strong></span> 
     </span>
    </p>
   </div>
   <div class='ocr_carea' id='block_1_23' title="bbox 593 2374 2172 2448">
    <p class='ocr_par' dir='ltr' id='par_1_23' title="bbox 593 2374 2172 2448">
     <span class='ocr_line' id='line_1_23' title="bbox 593 2374 2172 2448; baseline 0.004 -23"><span class='ocrx_word' id='word_1_180' title='bbox 593 2381 906 2428; x_wconf 87' lang='lat' dir='ltr'><strong>stamentum</strong></span> <span class='ocrx_word' id='word_1_181' title='bbox 921 2389 1118 2430; x_wconf 85' lang='lat' dir='ltr'><strong>meum.</strong></span> <span class='ocrx_word' id='word_1_182' title='bbox 1143 2374 1348 2434; x_wconf 86' lang='lat' dir='ltr'><strong>Etenim</strong></span> <span class='ocrx_word' id='word_1_183' title='bbox 1364 2375 1739 2446; x_wconf 87' lang='lat' dir='ltr'><strong>protoplastus,</strong></span> <span class='ocrx_word' id='word_1_184' title='bbox 1764 2385 1885 2448; x_wconf 82' lang='lat' dir='ltr'><strong>post</strong></span> <span class='ocrx_word' id='word_1_185' title='bbox 1905 2386 1980 2431; x_wconf 88' lang='lat' dir='ltr'><strong>tot</strong></span> <span class='ocrx_word' id='word_1_186' title='bbox 2004 2377 2172 2432; x_wconf 85' lang='lat' dir='ltr'><strong>bene-</strong></span> 
     </span>
    </p>
   </div>
   <div class='ocr_carea' id='block_1_24' title="bbox 593 2459 2176 2536">
    <p class='ocr_par' dir='ltr' id='par_1_24' title="bbox 593 2459 2176 2536">
     <span class='ocr_line' id='line_1_24' title="bbox 593 2459 2176 2536; baseline 0.005 -22"><span class='ocrx_word' id='word_1_187' title='bbox 593 2459 707 2518; x_wconf 84' lang='lat' dir='ltr'><strong>ticia</strong></span> <span class='ocrx_word' id='word_1_188' title='bbox 749 2461 1111 2532; x_wconf 86' lang='lat' dir='ltr'><strong>deceptionem</strong></span> <span class='ocrx_word' id='word_1_189' title='bbox 1145 2464 1328 2534; x_wconf 82' lang='lat' dir='ltr'><strong>passus</strong></span> <span class='ocrx_word' id='word_1_190' title='bbox 1352 2507 1365 2528; x_wconf 89' lang='lat'><strong>.</strong></span> <span class='ocrx_word' id='word_1_191' title='bbox 1394 2465 1636 2522; x_wconf 88' lang='lat' dir='ltr'><strong>mandata</strong></span> <span class='ocrx_word' id='word_1_192' title='bbox 1664 2481 1780 2521; x_wconf 88' lang='lat' dir='ltr'><strong>mea</strong></span> <span class='ocrx_word' id='word_1_193' title='bbox 1810 2474 2176 2536; x_wconf 77' lang='lat' dir='ltr'><strong>transgressus</strong></span> 
     </span>
    </p>
   </div>
   <div class='ocr_carea' id='block_1_25' title="bbox 588 2555 2172 2626">
    <p class='ocr_par' dir='ltr' id='par_1_25' title="bbox 588 2555 2172 2626">
     <span class='ocr_line' id='line_1_25' title="bbox 588 2555 2172 2626; baseline 0.004 -19"><span class='ocrx_word' id='word_1_194' title='bbox 588 2562 671 2609; x_wconf 88' lang='lat' dir='ltr'><strong>est</strong></span> <span class='ocrx_word' id='word_1_195' title='bbox 697 2569 711 2607; x_wconf 92' lang='lat'><strong>:</strong></span> <span class='ocrx_word' id='word_1_196' title='bbox 740 2562 794 2609; x_wconf 89' lang='lat' dir='ltr'><strong>et</strong></span> <span class='ocrx_word' id='word_1_197' title='bbox 813 2556 900 2625; x_wconf 89' lang='lat' dir='ltr'><strong>qui</strong></span> <span class='ocrx_word' id='word_1_198' title='bbox 921 2569 988 2610; x_wconf 82' lang='lat' dir='ltr'><strong>ex</strong></span> <span class='ocrx_word' id='word_1_199' title='bbox 1011 2555 1104 2610; x_wconf 88' lang='lat' dir='ltr'><strong>illo</strong></span> <span class='ocrx_word' id='word_1_200' title='bbox 1134 2565 1283 2610; x_wconf 87' lang='lat' dir='ltr'><strong>natus</strong></span> <span class='ocrx_word' id='word_1_201' title='bbox 1304 2565 1404 2620; x_wconf 91' lang='lat' dir='ltr'><strong>est.</strong></span> <span class='ocrx_word' id='word_1_202' title='bbox 1435 2557 1621 2626; x_wconf 87' lang='lat' dir='ltr'><strong>ipsein</strong></span> <span class='ocrx_word' id='word_1_203' title='bbox 1648 2557 1785 2611; x_wconf 85' lang='lat' dir='ltr'><strong>idem</strong></span> <span class='ocrx_word' id='word_1_204' title='bbox 1813 2555 2026 2613; x_wconf 68' lang='lat' dir='ltr'><strong>malitia:</strong></span> <span class='ocrx_word' id='word_1_205' title='bbox 2055 2573 2172 2626; x_wconf 86' lang='lat' dir='ltr'><strong>pro-</strong></span> 
     </span>
    </p>
   </div>
   <div class='ocr_carea' id='block_1_26' title="bbox 589 2642 2177 2712">
    <p class='ocr_par' dir='ltr' id='par_1_26' title="bbox 589 2642 2177 2712">
     <span class='ocr_line' id='line_1_26' title="bbox 589 2642 2177 2712; baseline 0.004 -14"><span class='ocrx_word' id='word_1_206' title='bbox 589 2642 808 2701; x_wconf 77' lang='lat' dir='ltr'><strong>fundum</strong></span> <span class='ocrx_word' id='word_1_207' title='bbox 839 2645 1050 2712; x_wconf 85' lang='lat' dir='ltr'><strong>incidit;</strong></span> <span class='ocrx_word' id='word_1_208' title='bbox 1083 2646 1222 2701; x_wconf 88' lang='lat' dir='ltr'><strong>unde</strong></span> <span class='ocrx_word' id='word_1_209' title='bbox 1247 2656 1299 2701; x_wconf 91' lang='lat' dir='ltr'><strong>et</strong></span> <span class='ocrx_word' id='word_1_210' title='bbox 1324 2646 1628 2702; x_wconf 87' lang='lat' dir='ltr'><strong>continuam</strong></span> <span class='ocrx_word' id='word_1_211' title='bbox 1659 2662 1778 2702; x_wconf 91' lang='lat' dir='ltr'><strong>cum</strong></span> <span class='ocrx_word' id='word_1_212' title='bbox 1801 2649 2177 2707; x_wconf 84' lang='lat' dir='ltr'><strong>maledictione</strong></span> 
     </span>
    </p>
   </div>
   <div class='ocr_carea' id='block_1_27' title="bbox 591 2734 2172 2809">
    <p class='ocr_par' dir='ltr' id='par_1_27' title="bbox 591 2734 2172 2809">
     <span class='ocr_line' id='line_1_27' title="bbox 591 2734 2172 2809; baseline 0.006 -22"><span class='ocrx_word' id='word_1_213' title='bbox 591 2747 801 2802; x_wconf 65' lang='lat' dir='ltr'><strong>pinnam</strong></span> <span class='ocrx_word' id='word_1_214' title='bbox 836 2734 1058 2806; x_wconf 85' lang='lat' dir='ltr'><strong>accepit.</strong></span> <span class='ocrx_word' id='word_1_215' title='bbox 1109 2735 1300 2791; x_wconf 76' lang='lat' dir='ltr'><strong>Verum</strong></span> <span class='ocrx_word' id='word_1_216' title='bbox 1350 2751 1522 2808; x_wconf 86' lang='lat' dir='ltr'><strong>neque</strong></span> <span class='ocrx_word' id='word_1_217' title='bbox 1570 2737 1710 2794; x_wconf 88' lang='lat' dir='ltr'><strong>illius</strong></span> <span class='ocrx_word' id='word_1_218' title='bbox 1757 2740 1930 2809; x_wconf 62' lang='lat' dir='ltr'><strong>panis</strong></span> <span class='ocrx_word' id='word_1_219' title='bbox 1978 2742 2172 2809; x_wconf 82' lang='lat' dir='ltr'><strong>posteri</strong></span> 
     </span>
    </p>
   </div>
   <div class='ocr_carea' id='block_1_28' title="bbox 585 2825 2175 2893">
    <p class='ocr_par' dir='ltr' id='par_1_28' title="bbox 585 2825 2175 2893">
     <span class='ocr_line' id='line_1_28' title="bbox 585 2825 2175 2893; baseline 0.004 -12"><span class='ocrx_word' id='word_1_220' title='bbox 585 2825 971 2882; x_wconf 60' lang='lat' dir='ltr'><strong>emendationis</strong></span> <span class='ocrx_word' id='word_1_221' title='bbox 1014 2825 1136 2882; x_wconf 79' lang='lat' dir='ltr'><strong>facti</strong></span> <span class='ocrx_word' id='word_1_222' title='bbox 1177 2836 1331 2893; x_wconf 88' lang='lat' dir='ltr'><strong>sunt,</strong></span> <span class='ocrx_word' id='word_1_223' title='bbox 1359 2827 1451 2884; x_wconf 87' lang='lat' dir='ltr'><strong>sed</strong></span> <span class='ocrx_word' id='word_1_224' title='bbox 1490 2827 1625 2883; x_wconf 86' lang='lat' dir='ltr'><strong>mala</strong></span> <span class='ocrx_word' id='word_1_225' title='bbox 1657 2845 1751 2886; x_wconf 88' lang='lat' dir='ltr'><strong>sua</strong></span> <span class='ocrx_word' id='word_1_226' title='bbox 1796 2831 1865 2885; x_wconf 90' lang='lat' dir='ltr'><strong>ita</strong></span> <span class='ocrx_word' id='word_1_227' title='bbox 1893 2845 2175 2887; x_wconf 80' lang='lat' dir='ltr'><strong>coacerva-</strong></span> 
     </span>
    </p>
   </div>
   <div class='ocr_carea' id='block_1_29' title="bbox 487 2915 2177 2988">
    <p class='ocr_par' dir='ltr' id='par_1_29' title="bbox 487 2915 2177 2988">
     <span class='ocr_line' id='line_1_29' title="bbox 487 2915 2177 2988; baseline 0.004 -20"><span class='ocrx_word' id='word_1_228' title='bbox 487 2916 492 2919; x_wconf 69' lang='grc'><em>“</em></span> <span class='ocrx_word' id='word_1_229' title='bbox 591 2923 708 2969; x_wconf 88' lang='lat' dir='ltr'><strong>runt</strong></span> <span class='ocrx_word' id='word_1_230' title='bbox 764 2954 781 2980; x_wconf 89' lang='lat'><strong>.</strong></span> <span class='ocrx_word' id='word_1_231' title='bbox 813 2924 871 2969; x_wconf 91' lang='lat' dir='ltr'><strong>ut</strong></span> <span class='ocrx_word' id='word_1_232' title='bbox 917 2922 974 2970; x_wconf 87' lang='lat' dir='ltr'><strong>et</strong></span> <span class='ocrx_word' id='word_1_233' title='bbox 1008 2915 1343 2985; x_wconf 79' lang='lat' dir='ltr'><strong>genealogias</strong></span> <span class='ocrx_word' id='word_1_234' title='bbox 1379 2917 1609 2986; x_wconf 89' lang='lat' dir='ltr'><strong>ipsorum</strong></span> <span class='ocrx_word' id='word_1_235' title='bbox 1638 2918 2003 2988; x_wconf 89' lang='lat' dir='ltr'><strong>reprobarem.</strong></span> <span class='ocrx_word' id='word_1_236' title='bbox 2038 2920 2177 2974; x_wconf 86' lang='lat' dir='ltr'><strong>Sane</strong></span> 
     </span>
    </p>
   </div>
   <div class='ocr_carea' id='block_1_30' title="bbox 586 3005 2175 3079">
    <p class='ocr_par' dir='ltr' id='par_1_30' title="bbox 586 3005 2175 3079">
     <span class='ocr_line' id='line_1_30' title="bbox 586 3005 2175 3079; baseline 0.001 -19"><span class='ocrx_word' id='word_1_237' title='bbox 586 3013 702 3074; x_wconf 74' lang='lat' dir='ltr'><strong>post</strong></span> <span class='ocrx_word' id='word_1_238' title='bbox 725 3005 842 3060; x_wconf 77' lang='lat' dir='ltr'><strong>bzcc</strong></span> <span class='ocrx_word' id='word_1_239' title='bbox 868 3015 927 3060; x_wconf 91' lang='lat' dir='ltr'><strong>ut</strong></span> <span class='ocrx_word' id='word_1_240' title='bbox 951 3005 1128 3061; x_wconf 87' lang='lat' dir='ltr'><strong>inveni</strong></span> <span class='ocrx_word' id='word_1_241' title='bbox 1165 3007 1346 3061; x_wconf 82' lang='lat' dir='ltr'><strong>Enocli</strong></span> <span class='ocrx_word' id='word_1_242' title='bbox 1368 3049 1382 3073; x_wconf 91' lang='lat'><strong>,</strong></span> <span class='ocrx_word' id='word_1_243' title='bbox 1412 3008 1499 3076; x_wconf 90' lang='lat' dir='ltr'><strong>qui</strong></span> <span class='ocrx_word' id='word_1_244' title='bbox 1529 3007 1737 3064; x_wconf 89' lang='lat' dir='ltr'><strong>virtutis</strong></span> <span class='ocrx_word' id='word_1_245' title='bbox 1758 3009 2037 3079; x_wconf 82' lang='lat' dir='ltr'><strong>imaginem</strong></span> <span class='ocrx_word' id='word_1_246' title='bbox 2058 3025 2175 3064; x_wconf 86' lang='lat' dir='ltr'><strong>ser-</strong></span> 
     </span>
    </p>
   </div>
   <div class='ocr_carea' id='block_1_31' title="bbox 586 3097 2177 3170">
    <p class='ocr_par' dir='ltr' id='par_1_31' title="bbox 586 3097 2177 3170">
     <span class='ocr_line' id='line_1_31' title="bbox 586 3097 2177 3170; baseline 0.004 -24"><span class='ocrx_word' id='word_1_247' title='bbox 586 3097 757 3166; x_wconf 80' lang='lat' dir='ltr'><strong>vavit,</strong></span> <span class='ocrx_word' id='word_1_248' title='bbox 803 3097 924 3170; x_wconf 83' lang='lat' dir='ltr'><strong>quia</strong></span> <span class='ocrx_word' id='word_1_249' title='bbox 964 3097 1114 3151; x_wconf 88' lang='lat' dir='ltr'><strong>valde</strong></span> <span class='ocrx_word' id='word_1_250' title='bbox 1149 3097 1278 3151; x_wconf 86' lang='lat' dir='ltr'><strong>mihi</strong></span> <span class='ocrx_word' id='word_1_251' title='bbox 1319 3112 1472 3152; x_wconf 89' lang='lat' dir='ltr'><strong>carus</strong></span> <span class='ocrx_word' id='word_1_252' title='bbox 1494 3097 1625 3165; x_wconf 78' lang='lat' dir='ltr'><strong>fuit,</strong></span> <span class='ocrx_word' id='word_1_253' title='bbox 1646 3113 1767 3154; x_wconf 86' lang='lat' dir='ltr'><strong>eum</strong></span> <span class='ocrx_word' id='word_1_254' title='bbox 1799 3100 1974 3154; x_wconf 84' lang='lat' dir='ltr'><strong>vivum</strong></span> <span class='ocrx_word' id='word_1_255' title='bbox 2007 3109 2177 3154; x_wconf 89' lang='lat' dir='ltr'><strong>trans-</strong></span> 
     </span>
    </p>
   </div>
   <div class='ocr_carea' id='block_1_32' title="bbox 590 3188 2177 3258">
    <p class='ocr_par' dir='ltr' id='par_1_32' title="bbox 590 3188 2177 3258">
     <span class='ocr_line' id='line_1_32' title="bbox 590 3188 2177 3258; baseline 0.002 -17"><span class='ocrx_word' id='word_1_256' title='bbox 590 3189 684 3245; x_wconf 77' lang='lat' dir='ltr'><strong>tuli</strong></span> <span class='ocrx_word' id='word_1_257' title='bbox 709 3229 726 3255; x_wconf 96' lang='lat'><strong>,</strong></span> <span class='ocrx_word' id='word_1_258' title='bbox 773 3196 1073 3242; x_wconf 87' lang='lat' dir='ltr'><strong>monstrans</strong></span> <span class='ocrx_word' id='word_1_259' title='bbox 1094 3189 1339 3243; x_wconf 89' lang='lat' dir='ltr'><strong>omnibus</strong></span> <span class='ocrx_word' id='word_1_260' title='bbox 1383 3188 1594 3243; x_wconf 89' lang='lat' dir='ltr'><strong>virtutis</strong></span> <span class='ocrx_word' id='word_1_261' title='bbox 1619 3189 1910 3244; x_wconf 83' lang='lat' dir='ltr'><strong>cultoribus</strong></span> <span class='ocrx_word' id='word_1_262' title='bbox 1951 3200 2177 3258; x_wconf 88' lang='lat' dir='ltr'><strong>quantas</strong></span> 
     </span>
    </p>
   </div>
   <div class='ocr_carea' id='block_1_33' title="bbox 592 3279 2178 3349">
    <p class='ocr_par' dir='ltr' id='par_1_33' title="bbox 592 3279 2178 3349">
     <span class='ocr_line' id='line_1_33' title="bbox 592 3279 2178 3349; baseline 0 -15"><span class='ocrx_word' id='word_1_263' title='bbox 592 3279 865 3334; x_wconf 82' lang='lat' dir='ltr'><strong>mercedes</strong></span> <span class='ocrx_word' id='word_1_264' title='bbox 889 3288 943 3335; x_wconf 90' lang='lat' dir='ltr'><strong>et</strong></span> <span class='ocrx_word' id='word_1_265' title='bbox 963 3280 1334 3334; x_wconf 74' lang='lat' dir='ltr'><strong>retributiones</strong></span> <span class='ocrx_word' id='word_1_266' title='bbox 1370 3279 1771 3349; x_wconf 51' lang='lat' dir='ltr'><strong>adipiscantur.</strong></span> <span class='ocrx_word' id='word_1_267' title='bbox 1793 3289 1847 3334; x_wconf 92' lang='lat' dir='ltr'><strong>et</strong></span> <span class='ocrx_word' id='word_1_268' title='bbox 1873 3282 2091 3349; x_wconf 88' lang='lat' dir='ltr'><strong>cupiens</strong></span> <span class='ocrx_word' id='word_1_269' title='bbox 2121 3291 2178 3334; x_wconf 90' lang='lat' dir='ltr'><strong>ut</strong></span> 
     </span>
    </p>
   </div>
   <div class='ocr_carea' id='block_1_34' title="bbox 585 3369 2178 3439">
    <p class='ocr_par' dir='ltr' id='par_1_34' title="bbox 585 3369 2178 3439">
     <span class='ocr_line' id='line_1_34' title="bbox 585 3369 2178 3439; baseline -0.004 -14"><span class='ocrx_word' id='word_1_270' title='bbox 585 3369 762 3425; x_wconf 66' lang='lat' dir='ltr'><strong>eatteri</strong></span> <span class='ocrx_word' id='word_1_271' title='bbox 811 3369 952 3425; x_wconf 90' lang='lat' dir='ltr'><strong>illius</strong></span> <span class='ocrx_word' id='word_1_272' title='bbox 981 3369 1272 3424; x_wconf 86' lang='lat' dir='ltr'><strong>imitatores</strong></span> <span class='ocrx_word' id='word_1_273' title='bbox 1301 3371 1517 3435; x_wconf 86' lang='lat' dir='ltr'><strong>tierent,</strong></span> <span class='ocrx_word' id='word_1_274' title='bbox 1549 3369 1897 3439; x_wconf 87' lang='lat' dir='ltr'><strong>eamdemque</strong></span> <span class='ocrx_word' id='word_1_275' title='bbox 1922 3371 2058 3424; x_wconf 87' lang='lat' dir='ltr'><strong>viam</strong></span> <span class='ocrx_word' id='word_1_276' title='bbox 2101 3370 2178 3424; x_wconf 92' lang='lat' dir='ltr'><strong>in.</strong></span> 
     </span>
    </p>
   </div>
   <div class='ocr_carea' id='block_1_35' title="bbox 583 3456 2178 3531">
    <p class='ocr_par' dir='ltr' id='par_1_35' title="bbox 583 3456 2178 3531">
     <span class='ocr_line' id='line_1_35' title="bbox 583 3456 2178 3531; baseline 0 -17"><span class='ocrx_word' id='word_1_277' title='bbox 583 3461 948 3531; x_wconf 74' lang='lat' dir='ltr'><strong>graderentur.</strong></span> <span class='ocrx_word' id='word_1_278' title='bbox 976 3456 1237 3513; x_wconf 74' lang='lat' dir='ltr'><strong>Cancrum</strong></span> <span class='ocrx_word' id='word_1_279' title='bbox 1259 3460 1380 3528; x_wconf 88' lang='lat' dir='ltr'><strong>quia</strong></span> <span class='ocrx_word' id='word_1_280' title='bbox 1402 3500 1416 3522; x_wconf 94' lang='lat'><strong>.</strong></span> <span class='ocrx_word' id='word_1_281' title='bbox 1445 3459 1564 3513; x_wconf 86' lang='lat' dir='ltr'><strong>aliis</strong></span> <span class='ocrx_word' id='word_1_282' title='bbox 1593 3459 1838 3514; x_wconf 89' lang='lat' dir='ltr'><strong>omnibus</strong></span> <span class='ocrx_word' id='word_1_283' title='bbox 1860 3469 2040 3530; x_wconf 82' lang='lat' dir='ltr'><strong>postea</strong></span> <span class='ocrx_word' id='word_1_284' title='bbox 2067 3474 2178 3514; x_wconf 87' lang='lat' dir='ltr'><strong>ma-</strong></span> 
     </span>
    </p>
   </div>
   <div class='ocr_carea' id='block_1_36' title="bbox 588 3551 2184 3618">
    <p class='ocr_par' dir='ltr' id='par_1_36' title="bbox 588 3551 2184 3618">
     <span class='ocr_line' id='line_1_36' title="bbox 588 3551 2184 3618; baseline 0.003 -14"><span class='ocrx_word' id='word_1_285' title='bbox 588 3552 753 3606; x_wconf 84' lang='lat' dir='ltr'><strong>litiam</strong></span> <span class='ocrx_word' id='word_1_286' title='bbox 797 3552 1156 3618; x_wconf 84' lang='lat' dir='ltr'><strong>sectantibus,</strong></span> <span class='ocrx_word' id='word_1_287' title='bbox 1185 3561 1237 3604; x_wconf 89' lang='lat' dir='ltr'><strong>te</strong></span> <span class='ocrx_word' id='word_1_288' title='bbox 1261 3552 1429 3605; x_wconf 89' lang='lat' dir='ltr'><strong>solum</strong></span> <span class='ocrx_word' id='word_1_289' title='bbox 1468 3551 1644 3607; x_wconf 91' lang='lat' dir='ltr'><strong>inveni</strong></span> <span class='ocrx_word' id='word_1_290' title='bbox 1677 3552 1728 3606; x_wconf 90' lang='lat' dir='ltr'><strong>in</strong></span> <span class='ocrx_word' id='word_1_291' title='bbox 1761 3559 1900 3608; x_wconf 81' lang='lat' dir='ltr'><strong>tanta</strong></span> <span class='ocrx_word' id='word_1_292' title='bbox 1947 3552 2184 3608; x_wconf 87' lang='lat' dir='ltr'><strong>multitu-</strong></span> 
     </span>
    </p>
   </div>
   <div class='ocr_carea' id='block_1_37' title="bbox 592 3643 2176 3714">
    <p class='ocr_par' dir='ltr' id='par_1_37' title="bbox 592 3643 2176 3714">
     <span class='ocr_line' id='line_1_37' title="bbox 592 3643 2176 3714; baseline -0.001 -16"><span class='ocrx_word' id='word_1_293' title='bbox 592 3645 750 3708; x_wconf 84' lang='lat' dir='ltr'><strong>dine.</strong></span> <span class='ocrx_word' id='word_1_294' title='bbox 806 3644 893 3714; x_wconf 90' lang='lat' dir='ltr'><strong>qui</strong></span> <span class='ocrx_word' id='word_1_295' title='bbox 920 3644 1071 3714; x_wconf 87' lang='lat' dir='ltr'><strong>primi</strong></span> <span class='ocrx_word' id='word_1_296' title='bbox 1127 3643 1359 3712; x_wconf 87' lang='lat' dir='ltr'><strong>parentis</strong></span> <span class='ocrx_word' id='word_1_297' title='bbox 1398 3646 1870 3712; x_wconf 83' lang='lat' dir='ltr'><strong>transgressionem</strong></span> <span class='ocrx_word' id='word_1_298' title='bbox 1926 3658 2176 3698; x_wconf 86' lang='lat' dir='ltr'><strong>revocare</strong></span> 
     </span>
    </p>
   </div>
   <div class='ocr_carea' id='block_1_38' title="bbox 587 3730 2175 3802">
    <p class='ocr_par' dir='ltr' id='par_1_38' title="bbox 587 3730 2175 3802">
     <span class='ocr_line' id='line_1_38' title="bbox 587 3730 2175 3802; baseline 0.001 -16"><span class='ocrx_word' id='word_1_299' title='bbox 587 3735 795 3802; x_wconf 88' lang='lat' dir='ltr'><strong>possis,</strong></span> <span class='ocrx_word' id='word_1_300' title='bbox 857 3744 1028 3787; x_wconf 86' lang='lat' dir='ltr'><strong>tecum</strong></span> <span class='ocrx_word' id='word_1_301' title='bbox 1077 3742 1302 3787; x_wconf 85' lang='lat' dir='ltr'><strong>statuam</strong></span> <span class='ocrx_word' id='word_1_302' title='bbox 1363 3730 1733 3787; x_wconf 79' lang='lat' dir='ltr'><strong>testamentum</strong></span> <span class='ocrx_word' id='word_1_303' title='bbox 1787 3748 1982 3788; x_wconf 90' lang='lat' dir='ltr'><strong>meum.</strong></span> <span class='ocrx_word' id='word_1_304' title='bbox 2043 3732 2175 3787; x_wconf 82' lang='lat' dir='ltr'><strong>Nam</strong></span> 
     </span>
    </p>
   </div>
   <div class='ocr_carea' id='block_1_39' title="bbox 595 3824 2176 3893">
    <p class='ocr_par' dir='ltr' id='par_1_39' title="bbox 595 3824 2176 3893">
     <span class='ocr_line' id='line_1_39' title="bbox 595 3824 2176 3893; baseline 0.001 -15"><span class='ocrx_word' id='word_1_305' title='bbox 595 3833 744 3881; x_wconf 64' lang='lat' dir='ltr'><strong>bona:</strong></span> <span class='ocrx_word' id='word_1_306' title='bbox 770 3835 874 3880; x_wconf 76' lang='lat' dir='ltr'><strong>tute</strong></span> <span class='ocrx_word' id='word_1_307' title='bbox 893 3827 1012 3880; x_wconf 65' lang='lat' dir='ltr'><strong>vitae</strong></span> <span class='ocrx_word' id='word_1_308' title='bbox 1033 3841 1190 3893; x_wconf 79' lang='lat' dir='ltr'><strong>Opera</strong></span> <span class='ocrx_word' id='word_1_309' title='bbox 1213 3825 1486 3880; x_wconf 84' lang='lat' dir='ltr'><strong>declarant</strong></span> <span class='ocrx_word' id='word_1_310' title='bbox 1508 3825 1716 3879; x_wconf 86' lang='lat' dir='ltr'><strong>lldelcm</strong></span> <span class='ocrx_word' id='word_1_311' title='bbox 1741 3835 1788 3877; x_wconf 81' lang='lat' dir='ltr'><strong>te</strong></span> <span class='ocrx_word' id='word_1_312' title='bbox 1809 3826 1859 3878; x_wconf 93' lang='lat' dir='ltr'><strong>in</strong></span> <span class='ocrx_word' id='word_1_313' title='bbox 1882 3824 2176 3892; x_wconf 75' lang='lat' dir='ltr'><strong>suscipien—</strong></span> 
     </span>
    </p>
   </div>
   <div class='ocr_carea' id='block_1_40' title="bbox 587 3916 2179 3986">
    <p class='ocr_par' dir='ltr' id='par_1_40' title="bbox 587 3916 2179 3986">
     <span class='ocr_line' id='line_1_40' title="bbox 587 3916 2179 3986; baseline -0.001 -15"><span class='ocrx_word' id='word_1_314' title='bbox 587 3920 666 3974; x_wconf 76' lang='lat' dir='ltr'><strong>tlis</strong></span> <span class='ocrx_word' id='word_1_315' title='bbox 712 3919 971 3974; x_wconf 86' lang='lat' dir='ltr'><strong>mandatis</strong></span> <span class='ocrx_word' id='word_1_316' title='bbox 998 3920 1152 3975; x_wconf 88' lang='lat' dir='ltr'><strong>meis.</strong></span> <span class='ocrx_word' id='word_1_317' title='bbox 1184 3919 1416 3986; x_wconf 78' lang='lat' dir='ltr'><strong>Denique</strong></span> <span class='ocrx_word' id='word_1_318' title='bbox 1447 3932 1513 3972; x_wconf 87' lang='lat' dir='ltr'><strong>ne</strong></span> <span class='ocrx_word' id='word_1_319' title='bbox 1552 3917 1724 3971; x_wconf 87' lang='lat' dir='ltr'><strong>adhuc</strong></span> <span class='ocrx_word' id='word_1_320' title='bbox 1747 3917 1918 3985; x_wconf 83' lang='lat' dir='ltr'><strong>justus</strong></span> <span class='ocrx_word' id='word_1_321' title='bbox 1948 3916 2059 3970; x_wconf 66' lang='lat' dir='ltr'><strong>haec</strong></span> <span class='ocrx_word' id='word_1_322' title='bbox 2085 3932 2179 3970; x_wconf 85' lang='lat' dir='ltr'><strong>au-</strong></span> 
     </span>
    </p>
   </div>
   <div class='ocr_carea' id='block_1_41' title="bbox 591 4006 2176 4078">
    <p class='ocr_par' dir='ltr' id='par_1_41' title="bbox 591 4006 2176 4078">
     <span class='ocr_line' id='line_1_41' title="bbox 591 4006 2176 4078; baseline -0.003 -15"><span class='ocrx_word' id='word_1_323' title='bbox 591 4011 741 4066; x_wconf 83' lang='lat' dir='ltr'><strong>diens</strong></span> <span class='ocrx_word' id='word_1_324' title='bbox 768 4019 1022 4074; x_wconf 70' lang='lat' dir='ltr'><strong>maereat.</strong></span> <span class='ocrx_word' id='word_1_325' title='bbox 1053 4011 1199 4078; x_wconf 86' lang='lat' dir='ltr'><strong>quasi</strong></span> <span class='ocrx_word' id='word_1_326' title='bbox 1228 4010 1502 4078; x_wconf 79' lang='lat' dir='ltr'><strong>solusipse</strong></span> <span class='ocrx_word' id='word_1_327' title='bbox 1521 4007 1822 4061; x_wconf 67' lang='lat' dir='ltr'><strong>liberandus</strong></span> <span class='ocrx_word' id='word_1_328' title='bbox 1848 4006 1917 4059; x_wconf 76' lang='lat' dir='ltr'><strong>sit</strong></span> <span class='ocrx_word' id='word_1_329' title='bbox 1942 4048 1954 4070; x_wconf 81' lang='lat'><strong>.</strong></span> <span class='ocrx_word' id='word_1_330' title='bbox 1986 4007 2176 4059; x_wconf 88' lang='lat' dir='ltr'><strong>iterum</strong></span> 
     </span>
    </p>
   </div>
   <div class='ocr_carea' id='block_1_42' title="bbox 586 4092 2181 4164">
    <p class='ocr_par' dir='ltr' id='par_1_42' title="bbox 586 4092 2181 4164">
     <span class='ocr_line' id='line_1_42' title="bbox 586 4092 2181 4164; baseline -0.005 -8"><span class='ocrx_word' id='word_1_331' title='bbox 586 4102 946 4157; x_wconf 88' lang='lat' dir='ltr'><strong>consolatione</strong></span> <span class='ocrx_word' id='word_1_332' title='bbox 995 4115 1116 4153; x_wconf 87' lang='lat' dir='ltr'><strong>cum</strong></span> <span class='ocrx_word' id='word_1_333' title='bbox 1138 4141 1152 4164; x_wconf 95' lang='lat'><strong>,</strong></span> <span class='ocrx_word' id='word_1_334' title='bbox 1183 4109 1239 4152; x_wconf 91' lang='lat' dir='ltr'><strong>ut</strong></span> <span class='ocrx_word' id='word_1_335' title='bbox 1267 4098 1437 4152; x_wconf 89' lang='lat' dir='ltr'><strong>dicam</strong></span> <span class='ocrx_word' id='word_1_336' title='bbox 1459 4138 1474 4162; x_wconf 89' lang='lat'><strong>,</strong></span> <span class='ocrx_word' id='word_1_337' title='bbox 1522 4098 1864 4158; x_wconf 85' lang='lat' dir='ltr'><strong>demulcens,</strong></span> <span class='ocrx_word' id='word_1_338' title='bbox 1893 4093 2058 4150; x_wconf 90' lang='lat' dir='ltr'><strong>dicit:</strong></span> <span class='ocrx_word' id='word_1_339' title='bbox 2089 4092 2181 4148; x_wconf 83' lang='lat' dir='ltr'><strong>ln-</strong></span> 
     </span>
    </p>
   </div>
   <div class='ocr_carea' id='block_1_43' title="bbox 586 4189 2179 4264">
    <p class='ocr_par' dir='ltr' id='par_1_43' title="bbox 586 4189 2179 4264">
     <span class='ocr_line' id='line_1_43' title="bbox 586 4189 2179 4264; baseline -0.006 -16"><span class='ocrx_word' id='word_1_340' title='bbox 586 4196 823 4264; x_wconf 74' lang='lat' dir='ltr'><strong>gredieris</strong></span> <span class='ocrx_word' id='word_1_341' title='bbox 853 4205 1019 4247; x_wconf 85' lang='lat' dir='ltr'><strong>autem</strong></span> <span class='ocrx_word' id='word_1_342' title='bbox 1041 4193 1096 4246; x_wconf 89' lang='lat' dir='ltr'><strong>in</strong></span> <span class='ocrx_word' id='word_1_343' title='bbox 1131 4207 1302 4244; x_wconf 87' lang='lat' dir='ltr'><strong>arcam</strong></span> <span class='ocrx_word' id='word_1_344' title='bbox 1330 4202 1411 4258; x_wconf 86' lang='lat' dir='ltr'><strong>tu,</strong></span> <span class='ocrx_word' id='word_1_345' title='bbox 1445 4200 1490 4246; x_wconf 85' lang='lat' dir='ltr'><strong>et</strong></span> <span class='ocrx_word' id='word_1_346' title='bbox 1511 4189 1605 4258; x_wconf 78' lang='lat' dir='ltr'><strong>ﬁlii</strong></span> <span class='ocrx_word' id='word_1_347' title='bbox 1646 4190 1715 4241; x_wconf 87' lang='lat' dir='ltr'><strong>tui</strong></span> <span class='ocrx_word' id='word_1_348' title='bbox 1741 4229 1754 4251; x_wconf 89' lang='lat'><strong>,</strong></span> <span class='ocrx_word' id='word_1_349' title='bbox 1777 4198 1823 4240; x_wconf 85' lang='lat' dir='ltr'><strong>et</strong></span> <span class='ocrx_word' id='word_1_350' title='bbox 1853 4204 1983 4240; x_wconf 72' lang='lat' dir='ltr'><strong>uxor</strong></span> <span class='ocrx_word' id='word_1_351' title='bbox 2004 4197 2112 4250; x_wconf 85' lang='lat' dir='ltr'><strong>tua,</strong></span> <span class='ocrx_word' id='word_1_352' title='bbox 2135 4194 2179 4239; x_wconf 87' lang='lat' dir='ltr'><strong>et</strong></span> 
     </span>
    </p>
   </div>
   <div class='ocr_carea' id='block_1_44' title="bbox 589 4270 2179 4354">
    <p class='ocr_par' dir='ltr' id='par_1_44' title="bbox 589 4270 2179 4354">
     <span class='ocr_line' id='line_1_44' title="bbox 589 4270 2179 4354; baseline -0.006 -12"><span class='ocrx_word' id='word_1_353' title='bbox 589 4305 771 4342; x_wconf 71' lang='lat' dir='ltr'><strong>uxores</strong></span> <span class='ocrx_word' id='word_1_354' title='bbox 797 4287 1016 4354; x_wconf 79' lang='lat' dir='ltr'><strong>filiorum</strong></span> <span class='ocrx_word' id='word_1_355' title='bbox 1055 4293 1274 4339; x_wconf 84' lang='lat' dir='ltr'><strong>tuorum.</strong></span> <span class='ocrx_word' id='word_1_356' title='bbox 1307 4282 1436 4336; x_wconf 85' lang='lat' dir='ltr'><strong>Nam</strong></span> <span class='ocrx_word' id='word_1_357' title='bbox 1486 4270 1610 4336; x_wconf 86' lang='lat' dir='ltr'><strong>licet</strong></span> <span class='ocrx_word' id='word_1_358' title='bbox 1655 4281 1878 4336; x_wconf 79' lang='lat' dir='ltr'><strong>multum</strong></span> <span class='ocrx_word' id='word_1_359' title='bbox 1904 4295 1932 4334; x_wconf 90' lang='lat' dir='ltr'><strong>a</strong></span> <span class='ocrx_word' id='word_1_360' title='bbox 1986 4277 2179 4332; x_wconf 80' lang='lat' dir='ltr'><strong>virtute</strong></span> 
     </span>
    </p>
   </div>
   <div class='ocr_carea' id='block_1_45' title="bbox 588 4368 2180 4446">
    <p class='ocr_par' dir='ltr' id='par_1_45' title="bbox 588 4368 2180 4446">
     <span class='ocr_line' id='line_1_45' title="bbox 588 4368 2180 4446; baseline -0.007 -13"><span class='ocrx_word' id='word_1_361' title='bbox 588 4380 714 4446; x_wconf 77' lang='lat' dir='ltr'><strong>jllSli</strong></span> <span class='ocrx_word' id='word_1_362' title='bbox 743 4379 880 4433; x_wconf 86' lang='lat' dir='ltr'><strong>illius</strong></span> <span class='ocrx_word' id='word_1_363' title='bbox 905 4375 1198 4439; x_wconf 86' lang='lat' dir='ltr'><strong>ablucrint,</strong></span> <span class='ocrx_word' id='word_1_364' title='bbox 1225 4372 1383 4428; x_wconf 89' lang='lat' dir='ltr'><strong>alieni</strong></span> <span class='ocrx_word' id='word_1_365' title='bbox 1409 4381 1584 4426; x_wconf 89' lang='lat' dir='ltr'><strong>tamen</strong></span> <span class='ocrx_word' id='word_1_366' title='bbox 1611 4379 1761 4426; x_wconf 87' lang='lat' dir='ltr'><strong>erant</strong></span> <span class='ocrx_word' id='word_1_367' title='bbox 1790 4387 1817 4421; x_wconf 89' lang='lat' dir='ltr'><strong>a</strong></span> <span class='ocrx_word' id='word_1_368' title='bbox 1848 4368 2180 4440; x_wconf 69' lang='lat' dir='ltr'><strong>gravioribus</strong></span> 
     </span>
    </p>
   </div>
   <div class='ocr_carea' id='block_1_46' title="bbox 590 4459 2180 4537">
    <p class='ocr_par' dir='ltr' id='par_1_46' title="bbox 590 4459 2180 4537">
     <span class='ocr_line' id='line_1_46' title="bbox 590 4459 2180 4537; baseline -0.007 -13"><span class='ocrx_word' id='word_1_369' title='bbox 590 4469 798 4524; x_wconf 90' lang='lat' dir='ltr'><strong>illorum</strong></span> <span class='ocrx_word' id='word_1_370' title='bbox 846 4467 1095 4537; x_wconf 86' lang='lat' dir='ltr'><strong>peccatis.</strong></span> <span class='ocrx_word' id='word_1_371' title='bbox 1137 4463 1283 4520; x_wconf 78' lang='lat' dir='ltr'><strong>Alias</strong></span> <span class='ocrx_word' id='word_1_372' title='bbox 1306 4477 1516 4533; x_wconf 87' lang='lat' dir='ltr'><strong>quoque</strong></span> <span class='ocrx_word' id='word_1_373' title='bbox 1539 4462 1608 4516; x_wconf 86' lang='lat' dir='ltr'><strong>ob</strong></span> <span class='ocrx_word' id='word_1_374' title='bbox 1635 4461 1768 4515; x_wconf 89' lang='lat' dir='ltr'><strong>duas</strong></span> <span class='ocrx_word' id='word_1_375' title='bbox 1802 4459 1960 4515; x_wconf 89' lang='lat' dir='ltr'><strong>basce</strong></span> <span class='ocrx_word' id='word_1_376' title='bbox 1991 4474 2180 4514; x_wconf 86' lang='lat' dir='ltr'><strong>causas</strong></span> 
     </span>
    </p>
   </div>
   <div class='ocr_carea' id='block_1_47' title="bbox 589 4550 2177 4628">
    <p class='ocr_par' dir='ltr' id='par_1_47' title="bbox 589 4550 2177 4628">
     <span class='ocr_line' id='line_1_47' title="bbox 589 4550 2177 4628; baseline -0.006 -14"><span class='ocrx_word' id='word_1_377' title='bbox 589 4560 759 4614; x_wconf 85' lang='lat' dir='ltr'><strong>salute</strong></span> <span class='ocrx_word' id='word_1_378' title='bbox 800 4558 948 4628; x_wconf 92' lang='lat' dir='ltr'><strong>potiti</strong></span> <span class='ocrx_word' id='word_1_379' title='bbox 976 4566 1117 4610; x_wconf 87' lang='lat' dir='ltr'><strong>sunt.</strong></span> <span class='ocrx_word' id='word_1_380' title='bbox 1147 4555 1296 4619; x_wconf 85' lang='lat' dir='ltr'><strong>Una,</strong></span> <span class='ocrx_word' id='word_1_381' title='bbox 1322 4554 1374 4608; x_wconf 92' lang='lat' dir='ltr'><strong>in</strong></span> <span class='ocrx_word' id='word_1_382' title='bbox 1403 4554 1659 4607; x_wconf 85' lang='lat' dir='ltr'><strong>honorem</strong></span> <span class='ocrx_word' id='word_1_383' title='bbox 1684 4551 1832 4620; x_wconf 83' lang='lat' dir='ltr'><strong>justi.</strong></span> <span class='ocrx_word' id='word_1_384' title='bbox 1863 4550 2010 4606; x_wconf 85' lang='lat' dir='ltr'><strong>Solet</strong></span> <span class='ocrx_word' id='word_1_385' title='bbox 2035 4551 2177 4607; x_wconf 89' lang='lat' dir='ltr'><strong>enim</strong></span> 
     </span>
    </p>
   </div>
   <div class='ocr_carea' id='block_1_48' title="bbox 588 4641 2174 4708">
    <p class='ocr_par' dir='ltr' id='par_1_48' title="bbox 588 4641 2174 4708">
     <span class='ocr_line' id='line_1_48' title="bbox 588 4641 2174 4708; baseline -0.006 -3"><span class='ocrx_word' id='word_1_386' title='bbox 588 4652 824 4706; x_wconf 88' lang='lat' dir='ltr'><strong>clemens</strong></span> <span class='ocrx_word' id='word_1_387' title='bbox 860 4648 999 4702; x_wconf 87' lang='lat' dir='ltr'><strong>Deus</strong></span> <span class='ocrx_word' id='word_1_388' title='bbox 1026 4646 1282 4701; x_wconf 87' lang='lat' dir='ltr'><strong>honorem</strong></span> <span class='ocrx_word' id='word_1_389' title='bbox 1311 4644 1454 4698; x_wconf 80' lang='lat' dir='ltr'><strong>hunc</strong></span> <span class='ocrx_word' id='word_1_390' title='bbox 1493 4641 1619 4697; x_wconf 88' lang='lat' dir='ltr'><strong>dare</strong></span> <span class='ocrx_word' id='word_1_391' title='bbox 1644 4643 1811 4698; x_wconf 86' lang='lat' dir='ltr'><strong>servis</strong></span> <span class='ocrx_word' id='word_1_392' title='bbox 1836 4644 1944 4697; x_wconf 90' lang='lat' dir='ltr'><strong>suis</strong></span> <span class='ocrx_word' id='word_1_393' title='bbox 1963 4683 1978 4708; x_wconf 91' lang='lat'><strong>,</strong></span> <span class='ocrx_word' id='word_1_394' title='bbox 2005 4653 2059 4697; x_wconf 90' lang='lat' dir='ltr'><strong>ut</strong></span> <span class='ocrx_word' id='word_1_395' title='bbox 2081 4656 2174 4696; x_wconf 86' lang='lat' dir='ltr'><strong>eo-</strong></span> 
     </span>
    </p>
   </div>
   <div class='ocr_carea' id='block_1_49' title="bbox 593 4731 2182 4810">
    <p class='ocr_par' dir='ltr' id='par_1_49' title="bbox 593 4731 2182 4810">
     <span class='ocr_line' id='line_1_49' title="bbox 593 4731 2182 4810; baseline -0.006 -16"><span class='ocrx_word' id='word_1_396' title='bbox 593 4755 706 4794; x_wconf 88' lang='lat' dir='ltr'><strong>rum</strong></span> <span class='ocrx_word' id='word_1_397' title='bbox 734 4738 902 4810; x_wconf 87' lang='lat' dir='ltr'><strong>gratia</strong></span> <span class='ocrx_word' id='word_1_398' title='bbox 929 4745 984 4792; x_wconf 91' lang='lat' dir='ltr'><strong>et</strong></span> <span class='ocrx_word' id='word_1_399' title='bbox 1021 4735 1110 4791; x_wconf 87' lang='lat' dir='ltr'><strong>alii</strong></span> <span class='ocrx_word' id='word_1_400' title='bbox 1137 4734 1361 4789; x_wconf 85' lang='lat' dir='ltr'><strong>salutent</strong></span> <span class='ocrx_word' id='word_1_401' title='bbox 1409 4732 1800 4787; x_wconf 72' lang='lat' dir='ltr'><strong>nanciseantur.</strong></span> <span class='ocrx_word' id='word_1_402' title='bbox 1835 4731 1892 4785; x_wconf 85' lang='lat' dir='ltr'><strong>ld</strong></span> <span class='ocrx_word' id='word_1_403' title='bbox 1935 4731 2076 4801; x_wconf 89' lang='lat' dir='ltr'><strong>quod</strong></span> <span class='ocrx_word' id='word_1_404' title='bbox 2125 4741 2182 4786; x_wconf 87' lang='lat' dir='ltr'><strong>et</strong></span> 
     </span>
    </p>
   </div>
   <div class='ocr_carea' id='block_1_50' title="bbox 592 4820 2181 4893">
    <p class='ocr_par' dir='ltr' id='par_1_50' title="bbox 592 4820 2181 4893">
     <span class='ocr_line' id='line_1_50' title="bbox 592 4820 2181 4893; baseline -0.008 -7"><span class='ocrx_word' id='word_1_405' title='bbox 592 4831 746 4886; x_wconf 86' lang='lat' dir='ltr'><strong>beato</strong></span> <span class='ocrx_word' id='word_1_406' title='bbox 789 4827 950 4882; x_wconf 82' lang='lat' dir='ltr'><strong>Paulo</strong></span> <span class='ocrx_word' id='word_1_407' title='bbox 989 4840 1301 4882; x_wconf 84' lang='lat' dir='ltr'><strong>concessmn</strong></span> <span class='ocrx_word' id='word_1_408' title='bbox 1329 4832 1440 4890; x_wconf 88' lang='lat' dir='ltr'><strong>est,</strong></span> <span class='ocrx_word' id='word_1_409' title='bbox 1483 4821 1846 4893; x_wconf 54' lang='lat' dir='ltr'><strong>magistratui</strong></span> <span class='ocrx_word' id='word_1_410' title='bbox 1888 4820 2181 4891; x_wconf 58' lang='lat' dir='ltr'><strong>orbis,qui</strong></span> 
     </span>
    </p>
   </div>
   <div class='ocr_carea' id='block_1_51' title="bbox 591 4914 2192 4993">
    <p class='ocr_par' dir='ltr' id='par_1_51' title="bbox 591 4914 2192 4993">
     <span class='ocr_line' id='line_1_51' title="bbox 591 4914 2192 4993; baseline -0.006 -14"><span class='ocrx_word' id='word_1_411' title='bbox 591 4923 787 4993; x_wconf 81' lang='lat' dir='ltr'><strong>ubique</strong></span> <span class='ocrx_word' id='word_1_412' title='bbox 811 4935 920 4975; x_wconf 71' lang='lat' dir='ltr'><strong>sua:</strong></span> <span class='ocrx_word' id='word_1_413' title='bbox 945 4919 1198 4974; x_wconf 74' lang='lat' dir='ltr'><strong>doctrina:</strong></span> <span class='ocrx_word' id='word_1_414' title='bbox 1221 4917 1398 4971; x_wconf 82' lang='lat' dir='ltr'><strong>radios</strong></span> <span class='ocrx_word' id='word_1_415' title='bbox 1425 4916 1726 4974; x_wconf 87' lang='lat' dir='ltr'><strong>emittebat.</strong></span> <span class='ocrx_word' id='word_1_416' title='bbox 1745 4914 2192 4987; x_wconf 83' lang='lat' dir='ltr'><strong>Quandoquidem</strong></span> 
     </span>
    </p>
   </div>
   <div class='ocr_carea' id='block_1_52' title="bbox 589 5004 2183 5077">
    <p class='ocr_par' dir='ltr' id='par_1_52' title="bbox 589 5004 2183 5077">
     <span class='ocr_line' id='line_1_52' title="bbox 589 5004 2183 5077; baseline -0.006 -7"><span class='ocrx_word' id='word_1_417' title='bbox 589 5029 710 5070; x_wconf 90' lang='lat' dir='ltr'><strong>cum</strong></span> <span class='ocrx_word' id='word_1_418' title='bbox 756 5012 844 5067; x_wconf 88' lang='lat' dir='ltr'><strong>ille</strong></span> <span class='ocrx_word' id='word_1_419' title='bbox 871 5010 1091 5066; x_wconf 75' lang='lat' dir='ltr'><strong>Romam</strong></span> <span class='ocrx_word' id='word_1_420' title='bbox 1122 5009 1394 5077; x_wconf 88' lang='lat' dir='ltr'><strong>navigaret</strong></span> <span class='ocrx_word' id='word_1_421' title='bbox 1415 5045 1432 5071; x_wconf 87' lang='lat'><strong>,</strong></span> <span class='ocrx_word' id='word_1_422' title='bbox 1460 5017 1572 5060; x_wconf 89' lang='lat' dir='ltr'><strong>orta</strong></span> <span class='ocrx_word' id='word_1_423' title='bbox 1617 5007 1666 5058; x_wconf 93' lang='lat' dir='ltr'><strong>in</strong></span> <span class='ocrx_word' id='word_1_424' title='bbox 1708 5004 1840 5058; x_wconf 88' lang='lat' dir='ltr'><strong>mari</strong></span> <span class='ocrx_word' id='word_1_425' title='bbox 1871 5012 2183 5074; x_wconf 85' lang='lat' dir='ltr'><strong>tempestate</strong></span> 
     </span>
    </p>
   </div>
   <div class='ocr_carea' id='block_1_53' title="bbox 593 5095 2182 5174">
    <p class='ocr_par' dir='ltr' id='par_1_53' title="bbox 593 5095 2182 5174">
     <span class='ocr_line' id='line_1_53' title="bbox 593 5095 2182 5174; baseline -0.008 -17"><span class='ocrx_word' id='word_1_426' title='bbox 593 5116 816 5174; x_wconf 81' lang='lat' dir='ltr'><strong>magna,</strong></span> <span class='ocrx_word' id='word_1_427' title='bbox 846 5101 918 5155; x_wconf 87' lang='lat' dir='ltr'><strong>ita</strong></span> <span class='ocrx_word' id='word_1_428' title='bbox 943 5110 998 5154; x_wconf 88' lang='lat' dir='ltr'><strong>ut</strong></span> <span class='ocrx_word' id='word_1_429' title='bbox 1020 5112 1207 5152; x_wconf 88' lang='lat' dir='ltr'><strong>omnes</strong></span> <span class='ocrx_word' id='word_1_430' title='bbox 1242 5097 1398 5150; x_wconf 87' lang='lat' dir='ltr'><strong>saluti</strong></span> <span class='ocrx_word' id='word_1_431' title='bbox 1429 5109 1537 5148; x_wconf 69' lang='lat' dir='ltr'><strong>suae</strong></span> <span class='ocrx_word' id='word_1_432' title='bbox 1564 5096 1840 5157; x_wconf 84' lang='lat' dir='ltr'><strong>timerent,</strong></span> <span class='ocrx_word' id='word_1_433' title='bbox 1882 5095 2182 5165; x_wconf 82' lang='lat' dir='ltr'><strong>nullamque</strong></span> 
     </span>
    </p>
   </div>
   <div class='ocr_carea' id='block_1_54' title="bbox 593 5182 2182 5262">
    <p class='ocr_par' dir='ltr' id='par_1_54' title="bbox 593 5182 2182 5262">
     <span class='ocr_line' id='line_1_54' title="bbox 593 5182 2182 5262; baseline -0.006 -14"><span class='ocrx_word' id='word_1_434' title='bbox 593 5196 784 5249; x_wconf 86' lang='lat' dir='ltr'><strong>bonam</strong></span> <span class='ocrx_word' id='word_1_435' title='bbox 803 5205 950 5262; x_wconf 82' lang='lat' dir='ltr'><strong>spem</strong></span> <span class='ocrx_word' id='word_1_436' title='bbox 976 5198 1189 5260; x_wconf 84' lang='lat' dir='ltr'><strong>propter</strong></span> <span class='ocrx_word' id='word_1_437' title='bbox 1215 5186 1460 5256; x_wconf 68' lang='lat' dir='ltr'><strong>procella:</strong></span> <span class='ocrx_word' id='word_1_438' title='bbox 1480 5185 1866 5239; x_wconf 81' lang='lat' dir='ltr'><strong>vehementiam</strong></span> <span class='ocrx_word' id='word_1_439' title='bbox 1887 5182 2147 5240; x_wconf 84' lang='lat' dir='ltr'><strong>baberent</strong></span> <span class='ocrx_word' id='word_1_440' title='bbox 2167 5228 2182 5252; x_wconf 91' lang='lat'><strong>,</strong></span> 
     </span>
    </p>
   </div>
   <div class='ocr_carea' id='block_1_55' title="bbox 592 5277 2182 5343">
    <p class='ocr_par' dir='ltr' id='par_1_55' title="bbox 592 5277 2182 5343">
     <span class='ocr_line' id='line_1_55' title="bbox 592 5277 2182 5343; baseline -0.004 -5"><span class='ocrx_word' id='word_1_441' title='bbox 592 5287 796 5342; x_wconf 83' lang='lat' dir='ltr'><strong>vocatis</strong></span> <span class='ocrx_word' id='word_1_442' title='bbox 821 5283 1065 5339; x_wconf 89' lang='lat' dir='ltr'><strong>omnibus</strong></span> <span class='ocrx_word' id='word_1_443' title='bbox 1098 5281 1223 5336; x_wconf 90' lang='lat' dir='ltr'><strong>dicit</strong></span> <span class='ocrx_word' id='word_1_444' title='bbox 1249 5297 1261 5332; x_wconf 90' lang='lat'><strong>:</strong></span> <span class='ocrx_word' id='word_1_445' title='bbox 1291 5278 1434 5332; x_wconf 88' lang='lat' dir='ltr'><strong>Bono</strong></span> <span class='ocrx_word' id='word_1_446' title='bbox 1459 5280 1628 5331; x_wconf 85' lang='lat' dir='ltr'><strong>animo</strong></span> <span class='ocrx_word' id='word_1_447' title='bbox 1658 5286 1810 5331; x_wconf 79' lang='lat' dir='ltr'><strong>estote</strong></span> <span class='ocrx_word' id='word_1_448' title='bbox 1831 5319 1847 5343; x_wconf 88' lang='lat'><strong>,</strong></span> <span class='ocrx_word' id='word_1_449' title='bbox 1876 5278 1990 5332; x_wconf 79' lang='lat' dir='ltr'><strong>viri.</strong></span> <span class='ocrx_word' id='word_1_450' title='bbox 2015 5277 2182 5332; x_wconf 81' lang='lat' dir='ltr'><strong>Antis-</strong></span> 
     </span>
    </p>
   </div>
   <div class='ocr_carea' id='block_1_56' title="bbox 592 5370 2182 5438">
    <p class='ocr_par' dir='ltr' id='par_1_56' title="bbox 592 5370 2182 5438">
     <span class='ocr_line' id='line_1_56' title="bbox 592 5370 2182 5438; baseline -0.008 -5"><span class='ocrx_word' id='word_1_451' title='bbox 592 5378 669 5433; x_wconf 78' lang='lat' dir='ltr'><strong>st&#39;o</strong></span> <span class='ocrx_word' id='word_1_452' title='bbox 699 5376 832 5430; x_wconf 83' lang='lat' dir='ltr'><strong>enim</strong></span> <span class='ocrx_word' id='word_1_453' title='bbox 856 5374 1039 5427; x_wconf 71' lang='lat' dir='ltr'><strong>anima</strong></span> <span class='ocrx_word' id='word_1_454' title='bbox 1057 5372 1243 5425; x_wconf 82' lang='lat' dir='ltr'><strong>nullius</strong></span> <span class='ocrx_word' id='word_1_455' title='bbox 1269 5372 1358 5422; x_wconf 85' lang='lat' dir='ltr'><strong>erit</strong></span> <span class='ocrx_word' id='word_1_456' title='bbox 1380 5386 1442 5423; x_wconf 74' lang='lat' dir='ltr'><strong>ea:</strong></span> <span class='ocrx_word' id='word_1_457' title='bbox 1467 5370 1607 5422; x_wconf 83' lang='lat' dir='ltr'><strong>nobis</strong></span> <span class='ocrx_word' id='word_1_458' title='bbox 1624 5409 1638 5432; x_wconf 87' lang='lat'><strong>,</strong></span> <span class='ocrx_word' id='word_1_459' title='bbox 1673 5378 2003 5438; x_wconf 64' lang='lat' dir='ltr'><strong>praeterquam</strong></span> <span class='ocrx_word' id='word_1_460' title='bbox 2025 5370 2182 5424; x_wconf 84' lang='lat' dir='ltr'><strong>navis.</strong></span> 
     </span>
    </p>
   </div>
   <div class='ocr_carea' id='block_1_57' title="bbox 599 5458 2186 5530">
    <p class='ocr_par' dir='ltr' id='par_1_57' title="bbox 599 5458 2186 5530">
     <span class='ocr_line' id='line_1_57' title="bbox 599 5458 2186 5530; baseline -0.007 -8"><span class='ocrx_word' id='word_1_461' title='bbox 599 5469 799 5522; x_wconf 77' lang='lat' dir='ltr'><strong>Adstitit</strong></span> <span class='ocrx_word' id='word_1_462' title='bbox 821 5470 952 5520; x_wconf 87' lang='lat' dir='ltr'><strong>enim</strong></span> <span class='ocrx_word' id='word_1_463' title='bbox 977 5464 1099 5517; x_wconf 88' lang='lat' dir='ltr'><strong>nti/ti</strong></span> <span class='ocrx_word' id='word_1_464' title='bbox 1138 5461 1230 5515; x_wconf 83' lang='lat' dir='ltr'><strong>hac</strong></span> <span class='ocrx_word' id='word_1_465' title='bbox 1259 5469 1398 5515; x_wconf 77' lang='lat' dir='ltr'><strong>nocte</strong></span> <span class='ocrx_word' id='word_1_466' title='bbox 1426 5458 1519 5512; x_wconf 96' lang='lat' dir='ltr'><strong>Dei</strong></span> <span class='ocrx_word' id='word_1_467' title='bbox 1542 5500 1555 5522; x_wconf 91' lang='lat'><strong>,</strong></span> <span class='ocrx_word' id='word_1_468' title='bbox 1585 5461 1731 5530; x_wconf 80' lang='lat' dir='ltr'><strong>cujus</strong></span> <span class='ocrx_word' id='word_1_469' title='bbox 1758 5475 1870 5512; x_wconf 84' lang='lat' dir='ltr'><strong>sunt</strong></span> <span class='ocrx_word' id='word_1_470' title='bbox 1911 5467 1959 5511; x_wconf 83' lang='lat' dir='ltr'><strong>et</strong></span> <span class='ocrx_word' id='word_1_471' title='bbox 1987 5459 2069 5512; x_wconf 89' lang='lat' dir='ltr'><strong>cui</strong></span> <span class='ocrx_word' id='word_1_472' title='bbox 2096 5458 2186 5512; x_wconf 73' lang='lat' dir='ltr'><strong>tle-</strong></span> 
     </span>
    </p>
   </div>
   <div class='ocr_carea' id='block_1_58' title="bbox 597 5547 2191 5627">
    <p class='ocr_par' dir='ltr' id='par_1_58' title="bbox 597 5547 2191 5627">
     <span class='ocr_line' id='line_1_58' title="bbox 597 5547 2191 5627; baseline -0.008 -14"><span class='ocrx_word' id='word_1_473' title='bbox 597 5559 755 5614; x_wconf 76' lang='lat' dir='ltr'><strong>servio</strong></span> <span class='ocrx_word' id='word_1_474' title='bbox 777 5597 793 5621; x_wconf 93' lang='lat'><strong>,</strong></span> <span class='ocrx_word' id='word_1_475' title='bbox 819 5556 1028 5627; x_wconf 83' lang='lat' dir='ltr'><strong>angelus</strong></span> <span class='ocrx_word' id='word_1_476' title='bbox 1056 5555 1226 5608; x_wconf 81' lang='lat' dir='ltr'><strong>dicens</strong></span> <span class='ocrx_word' id='word_1_477' title='bbox 1259 5568 1277 5604; x_wconf 86' lang='lat'><strong><em>:</em></strong></span> <span class='ocrx_word' id='word_1_478' title='bbox 1306 5549 1387 5605; x_wconf 80' lang='lat' dir='ltr'><strong>Ne</strong></span> <span class='ocrx_word' id='word_1_479' title='bbox 1426 5550 1620 5612; x_wconf 82' lang='lat' dir='ltr'><strong>timeas,</strong></span> <span class='ocrx_word' id='word_1_480' title='bbox 1663 5547 1826 5602; x_wconf 85' lang='lat' dir='ltr'><strong>Paule</strong></span> <span class='ocrx_word' id='word_1_481' title='bbox 1855 5564 1874 5602; x_wconf 89' lang='lat'><em>:</em></span> <span class='ocrx_word' id='word_1_482' title='bbox 1899 5549 2036 5602; x_wconf 76' lang='lat' dir='ltr'><strong>dedit</strong></span> <span class='ocrx_word' id='word_1_483' title='bbox 2060 5549 2191 5602; x_wconf 84' lang='lat' dir='ltr'><strong>enim</strong></span> 
     </span>
    </p>
   </div>
   <div class='ocr_carea' id='block_1_59' title="bbox 600 5639 2186 5714">
    <p class='ocr_par' dir='ltr' id='par_1_59' title="bbox 600 5639 2186 5714">
     <span class='ocr_line' id='line_1_59' title="bbox 600 5639 2186 5714; baseline -0.004 -11"><span class='ocrx_word' id='word_1_484' title='bbox 600 5650 692 5703; x_wconf 89' lang='lat' dir='ltr'><strong>tibi</strong></span> <span class='ocrx_word' id='word_1_485' title='bbox 721 5646 856 5702; x_wconf 87' lang='lat' dir='ltr'><strong>Deus</strong></span> <span class='ocrx_word' id='word_1_486' title='bbox 887 5663 1055 5700; x_wconf 87' lang='lat' dir='ltr'><strong>omnes</strong></span> <span class='ocrx_word' id='word_1_487' title='bbox 1085 5648 1169 5714; x_wconf 85' lang='lat' dir='ltr'><strong>qui</strong></span> <span class='ocrx_word' id='word_1_488' title='bbox 1210 5654 1372 5697; x_wconf 82' lang='lat' dir='ltr'><strong>tecum</strong></span> <span class='ocrx_word' id='word_1_489' title='bbox 1411 5643 1645 5708; x_wconf 77' lang='lat' dir='ltr'><strong>navigant</strong></span> <span class='ocrx_word' id='word_1_490' title='bbox 1678 5640 1811 5706; x_wconf 78' lang='lat' dir='ltr'><strong>(Act.</strong></span> <span class='ocrx_word' id='word_1_491' title='bbox 1839 5639 1930 5694; x_wconf 71' lang='grc'><strong>27.</strong></span> <span class='ocrx_word' id='word_1_492' title='bbox 1960 5639 2186 5712; x_wconf 68' lang='grc'><strong>22-24).</strong></span> 
     </span>
    </p>
   </div>
   <div class='ocr_carea' id='block_1_60' title="bbox 608 5729 2188 5808">
    <p class='ocr_par' dir='ltr' id='par_1_60' title="bbox 608 5729 2188 5808">
     <span class='ocr_line' id='line_1_60' title="bbox 608 5729 2188 5808; baseline -0.002 -22"><span class='ocrx_word' id='word_1_493' title='bbox 608 5733 796 5793; x_wconf 72' lang='lat' dir='ltr'><strong>Vidisti</strong></span> <span class='ocrx_word' id='word_1_494' title='bbox 822 5735 1090 5808; x_wconf 84' lang='lat' dir='ltr'><strong>quomodo</strong></span> <span class='ocrx_word' id='word_1_495' title='bbox 1117 5736 1280 5790; x_wconf 85' lang='lat' dir='ltr'><strong>virtus</strong></span> <span class='ocrx_word' id='word_1_496' title='bbox 1308 5731 1404 5787; x_wconf 84' lang='lat' dir='ltr'><strong>viri</strong></span> <span class='ocrx_word' id='word_1_497' title='bbox 1450 5731 1677 5786; x_wconf 87' lang='lat' dir='ltr'><strong>salutem</strong></span> <span class='ocrx_word' id='word_1_498' title='bbox 1722 5729 1826 5784; x_wconf 84' lang='lat' dir='ltr'><strong>illis</strong></span> <span class='ocrx_word' id='word_1_499' title='bbox 1846 5729 2188 5787; x_wconf 82' lang='lat' dir='ltr'><strong>conciliavit?</strong></span> 
     </span>
    </p>
   </div>
   <div class='ocr_carea' id='block_1_61' title="bbox 1311 351 3129 419">
    <p class='ocr_par' dir='ltr' id='par_1_61' title="bbox 1311 351 3129 419">
     <span class='ocr_line' id='line_1_61' title="bbox 1311 351 3129 419; baseline -0.003 -2"><span class='ocrx_word' id='word_1_500' title='bbox 1311 361 1366 418; x_wconf 91' lang='lat' dir='ltr'><strong>S.</strong></span> <span class='ocrx_word' id='word_1_501' title='bbox 1407 359 1682 417; x_wconf 73' lang='lat' dir='ltr'><strong>JOANNIS</strong></span> <span class='ocrx_word' id='word_1_502' title='bbox 1717 351 2193 419; x_wconf 67' lang='lat' dir='ltr'><strong>CllRYSOSTO)&quot;</strong></span> <span class='ocrx_word' id='word_1_503' title='bbox 2237 353 2551 413; x_wconf 80' lang='lat' dir='ltr'><strong>ARCHIEP.</strong></span> <span class='ocrx_word' id='word_1_504' title='bbox 2593 355 3129 415; x_wconf 75' lang='lat' dir='ltr'><strong>CONSTANTINOP.</strong></span> 
     </span>
    </p>
   </div>
   <div class='ocr_carea' id='block_1_62' title="bbox 3763 360 3879 416">
    <p class='ocr_par' dir='ltr' id='par_1_62' title="bbox 3763 360 3879 416">
     <span class='ocr_line' id='line_1_62' title="bbox 3763 360 3879 416; baseline -0.017 0"><span class='ocrx_word' id='word_1_505' title='bbox 3763 360 3879 416; x_wconf 66' lang='grc' dir='ltr'>εινι</span> 
     </span>
    </p>
   </div>
   <div class='ocr_carea' id='block_1_63' title="bbox 2285 469 3872 538">
    <p class='ocr_par' dir='ltr' id='par_1_63' title="bbox 2285 469 3872 538">
     <span class='ocr_line' id='line_1_63' title="bbox 2285 469 3872 538; baseline 0.004 -17"><span class='ocrx_word' id='word_1_506' title='bbox 2285 469 2394 524; x_wconf 92' lang='lat' dir='ltr'><strong>imo</strong></span> <span class='ocrx_word' id='word_1_507' title='bbox 2447 486 2553 525; x_wconf 89' lang='lat' dir='ltr'><strong>non</strong></span> <span class='ocrx_word' id='word_1_508' title='bbox 2606 472 2776 526; x_wconf 88' lang='lat' dir='ltr'><strong>virtus</strong></span> <span class='ocrx_word' id='word_1_509' title='bbox 2803 481 3041 538; x_wconf 84' lang='lat' dir='ltr'><strong>tantum,</strong></span> <span class='ocrx_word' id='word_1_510' title='bbox 3079 471 3172 526; x_wconf 89' lang='lat' dir='ltr'><strong>sed</strong></span> <span class='ocrx_word' id='word_1_511' title='bbox 3225 479 3276 524; x_wconf 86' lang='lat' dir='ltr'><strong>et</strong></span> <span class='ocrx_word' id='word_1_512' title='bbox 3322 471 3599 526; x_wconf 86' lang='lat' dir='ltr'><strong>clementia</strong></span> <span class='ocrx_word' id='word_1_513' title='bbox 3633 472 3872 528; x_wconf 87' lang='lat' dir='ltr'><strong>Domii.</strong></span> 
     </span>
    </p>
   </div>
   <div class='ocr_carea' id='block_1_64' title="bbox 2279 559 3865 629">
    <p class='ocr_par' dir='ltr' id='par_1_64' title="bbox 2279 559 3865 629">
     <span class='ocr_line' id='line_1_64' title="bbox 2279 559 3865 629; baseline 0.002 -14"><span class='ocrx_word' id='word_1_514' title='bbox 2279 559 2446 615; x_wconf 87' lang='lat' dir='ltr'><strong>Simili</strong></span> <span class='ocrx_word' id='word_1_515' title='bbox 2498 562 2658 618; x_wconf 88' lang='lat' dir='ltr'><strong>modo</strong></span> <span class='ocrx_word' id='word_1_516' title='bbox 2696 573 2752 617; x_wconf 88' lang='lat' dir='ltr'><strong>et</strong></span> <span class='ocrx_word' id='word_1_517' title='bbox 2794 562 2894 618; x_wconf 86' lang='lat' dir='ltr'><strong>hoc</strong></span> <span class='ocrx_word' id='word_1_518' title='bbox 2942 562 3057 616; x_wconf 79' lang='lat' dir='ltr'><strong>loco</strong></span> <span class='ocrx_word' id='word_1_519' title='bbox 3087 561 3282 616; x_wconf 81' lang='lat' dir='ltr'><strong>factum</strong></span> <span class='ocrx_word' id='word_1_520' title='bbox 3308 571 3425 626; x_wconf 80' lang='lat' dir='ltr'><strong>est.</strong></span> <span class='ocrx_word' id='word_1_521' title='bbox 3459 571 3510 616; x_wconf 87' lang='lat' dir='ltr'><strong>et</strong></span> <span class='ocrx_word' id='word_1_522' title='bbox 3541 560 3654 615; x_wconf 72' lang='lat' dir='ltr'><strong>luce</strong></span> <span class='ocrx_word' id='word_1_523' title='bbox 3694 564 3865 629; x_wconf 80' lang='lat' dir='ltr'><strong>prima</strong></span> 
     </span>
    </p>
   </div>
   <div class='ocr_carea' id='block_1_65' title="bbox 2279 653 3873 710">
    <p class='ocr_par' dir='ltr' id='par_1_65' title="bbox 2279 653 3873 710">
     <span class='ocr_line' id='line_1_65' title="bbox 2279 653 3873 710; baseline 0.001 -6"><span class='ocrx_word' id='word_1_524' title='bbox 2279 667 2436 706; x_wconf 81' lang='lat' dir='ltr'><strong>causa</strong></span> <span class='ocrx_word' id='word_1_525' title='bbox 2468 653 2563 709; x_wconf 86' lang='lat' dir='ltr'><strong>luit</strong></span> <span class='ocrx_word' id='word_1_526' title='bbox 2591 672 2604 709; x_wconf 89' lang='lat'><strong>:</strong></span> <span class='ocrx_word' id='word_1_527' title='bbox 2632 654 2795 710; x_wconf 85' lang='lat' dir='ltr'><strong>altera</strong></span> <span class='ocrx_word' id='word_1_528' title='bbox 2824 671 2952 710; x_wconf 88' lang='lat' dir='ltr'><strong>vero</strong></span> <span class='ocrx_word' id='word_1_529' title='bbox 3006 658 3103 710; x_wconf 85' lang='lat' dir='ltr'><strong>ista</strong></span> <span class='ocrx_word' id='word_1_530' title='bbox 3133 674 3148 709; x_wconf 86' lang='lat'><strong>:</strong></span> <span class='ocrx_word' id='word_1_531' title='bbox 3178 655 3388 710; x_wconf 85' lang='lat' dir='ltr'><strong>volebat</strong></span> <span class='ocrx_word' id='word_1_532' title='bbox 3431 654 3747 709; x_wconf 79' lang='lat' dir='ltr'><strong>fermentum</strong></span> <span class='ocrx_word' id='word_1_533' title='bbox 3769 654 3873 708; x_wconf 82' lang='lat' dir='ltr'><strong>sli-</strong></span> 
     </span>
    </p>
   </div>
   <div class='ocr_carea' id='block_1_66' title="bbox 2278 743 3865 814">
    <p class='ocr_par' dir='ltr' id='par_1_66' title="bbox 2278 743 3865 814">
     <span class='ocr_line' id='line_1_66' title="bbox 2278 743 3865 814; baseline 0.002 -20"><span class='ocrx_word' id='word_1_534' title='bbox 2278 743 2419 812; x_wconf 88' lang='lat' dir='ltr'><strong>quod</strong></span> <span class='ocrx_word' id='word_1_535' title='bbox 2451 753 2504 799; x_wconf 91' lang='lat' dir='ltr'><strong>et</strong></span> <span class='ocrx_word' id='word_1_536' title='bbox 2524 745 2752 800; x_wconf 82' lang='lat' dir='ltr'><strong>radicem</strong></span> <span class='ocrx_word' id='word_1_537' title='bbox 2779 747 2845 800; x_wconf 90' lang='lat' dir='ltr'><strong>ad</strong></span> <span class='ocrx_word' id='word_1_538' title='bbox 2875 745 3202 814; x_wconf 88' lang='lat' dir='ltr'><strong>posteritatis</strong></span> <span class='ocrx_word' id='word_1_539' title='bbox 3224 745 3652 800; x_wconf 86' lang='lat' dir='ltr'><strong>constitutionem</strong></span> <span class='ocrx_word' id='word_1_540' title='bbox 3693 743 3865 800; x_wconf 82' lang='lat' dir='ltr'><strong>relin-</strong></span> 
     </span>
    </p>
   </div>
   <div class='ocr_carea' id='block_1_67' title="bbox 2277 825 3868 907">
    <p class='ocr_par' dir='ltr' id='par_1_67' title="bbox 2277 825 3868 907">
     <span class='ocr_line' id='line_1_67' title="bbox 2277 825 3868 907; baseline 0.001 -20"><span class='ocrx_word' id='word_1_541' title='bbox 2277 851 2442 906; x_wconf 88' lang='lat' dir='ltr'><strong>quere</strong></span> <span class='ocrx_word' id='word_1_542' title='bbox 2474 854 2486 888; x_wconf 90' lang='lat'><strong>:</strong></span> <span class='ocrx_word' id='word_1_543' title='bbox 2520 854 2624 892; x_wconf 92' lang='lat' dir='ltr'><strong>non</strong></span> <span class='ocrx_word' id='word_1_544' title='bbox 2643 838 2782 907; x_wconf 86' lang='lat' dir='ltr'><strong>quod</strong></span> <span class='ocrx_word' id='word_1_545' title='bbox 2803 825 3128 906; x_wconf 80' lang='lat' dir='ltr'><strong>impossibile</strong></span> <span class='ocrx_word' id='word_1_546' title='bbox 3152 835 3424 891; x_wconf 85' lang='lat' dir='ltr'><strong>essetDeo</strong></span> <span class='ocrx_word' id='word_1_547' title='bbox 3444 836 3635 891; x_wconf 85' lang='lat' dir='ltr'><strong>iterum</strong></span> <span class='ocrx_word' id='word_1_548' title='bbox 3666 836 3868 889; x_wconf 79' lang='lat' dir='ltr'><strong>larina-</strong></span> 
     </span>
    </p>
   </div>
   <div class='ocr_carea' id='block_1_68' title="bbox 2277 926 3865 998">
    <p class='ocr_par' dir='ltr' id='par_1_68' title="bbox 2277 926 3865 998">
     <span class='ocr_line' id='line_1_68' title="bbox 2277 926 3865 998; baseline 0 -18"><span class='ocrx_word' id='word_1_549' title='bbox 2277 942 2334 981; x_wconf 90' lang='lat' dir='ltr'><strong>re</strong></span> <span class='ocrx_word' id='word_1_550' title='bbox 2358 926 2647 989; x_wconf 81' lang='lat' dir='ltr'><strong>hominem.</strong></span> <span class='ocrx_word' id='word_1_551' title='bbox 2675 939 2730 983; x_wconf 89' lang='lat' dir='ltr'><strong>et</strong></span> <span class='ocrx_word' id='word_1_552' title='bbox 2746 946 2813 985; x_wconf 79' lang='lat' dir='ltr'><strong>ex</strong></span> <span class='ocrx_word' id='word_1_553' title='bbox 2842 944 2947 984; x_wconf 88' lang='lat' dir='ltr'><strong>uno</strong></span> <span class='ocrx_word' id='word_1_554' title='bbox 2968 928 3177 998; x_wconf 85' lang='lat' dir='ltr'><strong>generis</strong></span> <span class='ocrx_word' id='word_1_555' title='bbox 3206 928 3394 982; x_wconf 85' lang='lat' dir='ltr'><strong>iterum</strong></span> <span class='ocrx_word' id='word_1_556' title='bbox 3411 937 3753 998; x_wconf 84' lang='lat' dir='ltr'><strong>augmentum</strong></span> <span class='ocrx_word' id='word_1_557' title='bbox 3785 927 3865 980; x_wconf 63' lang='lat' dir='ltr'><strong>lac</strong></span> 
     </span>
    </p>
   </div>
   <div class='ocr_carea' id='block_1_69' title="bbox 2275 1017 3863 1088">
    <p class='ocr_par' dir='ltr' id='par_1_69' title="bbox 2275 1017 3863 1088">
     <span class='ocr_line' id='line_1_69' title="bbox 2275 1017 3863 1088; baseline 0.001 -17"><span class='ocrx_word' id='word_1_558' title='bbox 2275 1031 2419 1080; x_wconf 86' lang='lat' dir='ltr'><strong>cere;</strong></span> <span class='ocrx_word' id='word_1_559' title='bbox 2437 1019 2528 1072; x_wconf 87' lang='lat' dir='ltr'><strong>sed</strong></span> <span class='ocrx_word' id='word_1_560' title='bbox 2555 1019 2676 1088; x_wconf 87' lang='lat' dir='ltr'><strong>quia</strong></span> <span class='ocrx_word' id='word_1_561' title='bbox 2701 1021 2780 1076; x_wconf 89' lang='lat' dir='ltr'><strong>sic</strong></span> <span class='ocrx_word' id='word_1_562' title='bbox 2807 1020 2903 1088; x_wconf 90' lang='lat' dir='ltr'><strong>ipsi</strong></span> <span class='ocrx_word' id='word_1_563' title='bbox 2934 1018 3102 1072; x_wconf 86' lang='lat' dir='ltr'><strong>visum</strong></span> <span class='ocrx_word' id='word_1_564' title='bbox 3117 1028 3201 1072; x_wconf 82' lang='lat' dir='ltr'><strong>est</strong></span> <span class='ocrx_word' id='word_1_565' title='bbox 3215 1032 3311 1086; x_wconf 89' lang='lat' dir='ltr'><strong>pro</strong></span> <span class='ocrx_word' id='word_1_566' title='bbox 3333 1017 3488 1072; x_wconf 82' lang='lat' dir='ltr'><strong>solita</strong></span> <span class='ocrx_word' id='word_1_567' title='bbox 3515 1017 3863 1086; x_wconf 72' lang='lat' dir='ltr'><strong>benignitate.</strong></span> 
     </span>
    </p>
   </div>
   <div class='ocr_carea' id='block_1_70' title="bbox 2347 1106 3864 1178">
    <p class='ocr_par' dir='ltr' id='par_1_70' title="bbox 2347 1106 3864 1178">
     <span class='ocr_line' id='line_1_70' title="bbox 2347 1106 3864 1178; baseline -0.001 -16"><span class='ocrx_word' id='word_1_568' title='bbox 2347 1108 2402 1162; x_wconf 84' lang='lat'><strong>5.</strong></span> <span class='ocrx_word' id='word_1_569' title='bbox 2445 1107 2672 1162; x_wconf 79' lang='lat' dir='ltr'><strong>Attende</strong></span> <span class='ocrx_word' id='word_1_570' title='bbox 2701 1108 2861 1178; x_wconf 87' lang='lat' dir='ltr'><strong>igitur</strong></span> <span class='ocrx_word' id='word_1_571' title='bbox 2895 1107 2987 1161; x_wconf 89' lang='lat' dir='ltr'><strong>Dei</strong></span> <span class='ocrx_word' id='word_1_572' title='bbox 3015 1107 3304 1163; x_wconf 82' lang='lat' dir='ltr'><strong>bonitatem</strong></span> <span class='ocrx_word' id='word_1_573' title='bbox 3332 1106 3488 1161; x_wconf 86' lang='lat' dir='ltr'><strong>etiam</strong></span> <span class='ocrx_word' id='word_1_574' title='bbox 3527 1120 3621 1172; x_wconf 85' lang='lat' dir='ltr'><strong>per</strong></span> <span class='ocrx_word' id='word_1_575' title='bbox 3645 1121 3708 1160; x_wconf 88' lang='lat' dir='ltr'><strong>ea</strong></span> <span class='ocrx_word' id='word_1_576' title='bbox 3739 1121 3864 1175; x_wconf 69' lang='lat' dir='ltr'><strong>quae</strong></span> 
     </span>
    </p>
   </div>
   <div class='ocr_carea' id='block_1_71' title="bbox 2277 1189 3862 1265">
    <p class='ocr_par' dir='ltr' id='par_1_71' title="bbox 2277 1189 3862 1265">
     <span class='ocr_line' id='line_1_71' title="bbox 2277 1189 3862 1265; baseline -0.001 -17"><span class='ocrx_word' id='word_1_577' title='bbox 2277 1207 2590 1264; x_wconf 81' lang='lat' dir='ltr'><strong>sequuntur.</strong></span> <span class='ocrx_word' id='word_1_578' title='bbox 2645 1197 2777 1250; x_wconf 84' lang='lat' dir='ltr'><strong>Nam</strong></span> <span class='ocrx_word' id='word_1_579' title='bbox 2831 1197 2966 1250; x_wconf 89' lang='lat' dir='ltr'><strong>sient</strong></span> <span class='ocrx_word' id='word_1_580' title='bbox 3015 1189 3407 1251; x_wconf 77' lang='lat' dir='ltr'><strong>interminando</strong></span> <span class='ocrx_word' id='word_1_581' title='bbox 3453 1209 3686 1265; x_wconf 63' lang='lat' dir='ltr'><strong>pinnam.</strong></span> <span class='ocrx_word' id='word_1_582' title='bbox 3737 1210 3862 1249; x_wconf 88' lang='lat' dir='ltr'><strong>cum</strong></span> 
     </span>
    </p>
   </div>
   <div class='ocr_carea' id='block_1_72' title="bbox 2278 1284 3863 1355">
    <p class='ocr_par' dir='ltr' id='par_1_72' title="bbox 2278 1284 3863 1355">
     <span class='ocr_line' id='line_1_72' title="bbox 2278 1284 3863 1355; baseline 0 -16"><span class='ocrx_word' id='word_1_583' title='bbox 2278 1285 2552 1340; x_wconf 86' lang='lat' dir='ltr'><strong>hominum</strong></span> <span class='ocrx_word' id='word_1_584' title='bbox 2584 1302 2778 1354; x_wconf 73' lang='lat' dir='ltr'><strong>genere</strong></span> <span class='ocrx_word' id='word_1_585' title='bbox 2805 1295 2862 1342; x_wconf 88' lang='lat' dir='ltr'><strong>et</strong></span> <span class='ocrx_word' id='word_1_586' title='bbox 2886 1288 3148 1355; x_wconf 86' lang='lat' dir='ltr'><strong>juntenta.</strong></span> <span class='ocrx_word' id='word_1_587' title='bbox 3181 1294 3234 1342; x_wconf 86' lang='lat' dir='ltr'><strong>et</strong></span> <span class='ocrx_word' id='word_1_588' title='bbox 3263 1286 3491 1354; x_wconf 87' lang='lat' dir='ltr'><strong>reptilia.</strong></span> <span class='ocrx_word' id='word_1_589' title='bbox 3519 1295 3575 1340; x_wconf 89' lang='lat' dir='ltr'><strong>et</strong></span> <span class='ocrx_word' id='word_1_590' title='bbox 3600 1284 3863 1348; x_wconf 82' lang='lat' dir='ltr'><strong>volatilia.</strong></span> 
     </span>
    </p>
   </div>
   <div class='ocr_carea' id='block_1_73' title="bbox 2277 1378 3864 1447">
    <p class='ocr_par' dir='ltr' id='par_1_73' title="bbox 2277 1378 3864 1447">
     <span class='ocr_line' id='line_1_73' title="bbox 2277 1378 3864 1447; baseline -0.001 -16"><span class='ocrx_word' id='word_1_591' title='bbox 2277 1386 2332 1431; x_wconf 91' lang='lat' dir='ltr'><strong>et</strong></span> <span class='ocrx_word' id='word_1_592' title='bbox 2358 1378 2496 1433; x_wconf 79' lang='lat' dir='ltr'><strong>feras</strong></span> <span class='ocrx_word' id='word_1_593' title='bbox 2533 1378 2761 1444; x_wconf 80' lang='lat' dir='ltr'><strong>peritura</strong></span> <span class='ocrx_word' id='word_1_594' title='bbox 2793 1379 2962 1432; x_wconf 78' lang='lat' dir='ltr'><strong>dixit:</strong></span> <span class='ocrx_word' id='word_1_595' title='bbox 2993 1380 3062 1431; x_wconf 88' lang='lat' dir='ltr'><strong>ita</strong></span> <span class='ocrx_word' id='word_1_596' title='bbox 3091 1387 3145 1432; x_wconf 92' lang='lat' dir='ltr'><strong>et</strong></span> <span class='ocrx_word' id='word_1_597' title='bbox 3174 1379 3260 1432; x_wconf 82' lang='lat' dir='ltr'><strong>ltic</strong></span> <span class='ocrx_word' id='word_1_598' title='bbox 3288 1387 3505 1447; x_wconf 88' lang='lat' dir='ltr'><strong>propter</strong></span> <span class='ocrx_word' id='word_1_599' title='bbox 3524 1379 3727 1447; x_wconf 86' lang='lat' dir='ltr'><strong>justum</strong></span> <span class='ocrx_word' id='word_1_600' title='bbox 3761 1378 3864 1431; x_wconf 77' lang='lat' dir='ltr'><strong>im-</strong></span> 
     </span>
    </p>
   </div>
   <div class='ocr_carea' id='block_1_74' title="bbox 2278 1466 3866 1537">
    <p class='ocr_par' dir='ltr' id='par_1_74' title="bbox 2278 1466 3866 1537">
     <span class='ocr_line' id='line_1_74' title="bbox 2278 1466 3866 1537; baseline 0.001 -17"><span class='ocrx_word' id='word_1_601' title='bbox 2278 1477 2447 1536; x_wconf 87' lang='lat' dir='ltr'><strong>perat.</strong></span> <span class='ocrx_word' id='word_1_602' title='bbox 2478 1479 2533 1522; x_wconf 89' lang='lat' dir='ltr'><strong>ut</strong></span> <span class='ocrx_word' id='word_1_603' title='bbox 2564 1470 2925 1523; x_wconf 77' lang='lat' dir='ltr'><strong>introdttcatur</strong></span> <span class='ocrx_word' id='word_1_604' title='bbox 2962 1469 3012 1522; x_wconf 91' lang='lat' dir='ltr'><strong>in</strong></span> <span class='ocrx_word' id='word_1_605' title='bbox 3041 1483 3218 1522; x_wconf 83' lang='lat' dir='ltr'><strong>arcam</strong></span> <span class='ocrx_word' id='word_1_606' title='bbox 3257 1484 3322 1522; x_wconf 72' lang='lat' dir='ltr'><strong>ea</strong></span> <span class='ocrx_word' id='word_1_607' title='bbox 3371 1482 3693 1537; x_wconf 89' lang='lat' dir='ltr'><strong>unoquoque</strong></span> <span class='ocrx_word' id='word_1_608' title='bbox 3740 1466 3866 1521; x_wconf 85' lang='lat' dir='ltr'><strong>illo-</strong></span> 
     </span>
    </p>
   </div>
   <div class='ocr_carea' id='block_1_75' title="bbox 2278 1541 3866 1632">
    <p class='ocr_par' dir='ltr' id='par_1_75' title="bbox 2278 1541 3866 1632">
     <span class='ocr_line' id='line_1_75' title="bbox 2278 1541 3866 1632; baseline 0.001 -20"><span class='ocrx_word' id='word_1_609' title='bbox 2278 1574 2392 1612; x_wconf 87' lang='lat' dir='ltr'><strong>rum</strong></span> <span class='ocrx_word' id='word_1_610' title='bbox 2423 1541 2618 1628; x_wconf 70' lang='lat' dir='ltr'><strong>genere</strong></span> <span class='ocrx_word' id='word_1_611' title='bbox 2641 1575 2735 1629; x_wconf 85' lang='lat' dir='ltr'><strong>par</strong></span> <span class='ocrx_word' id='word_1_612' title='bbox 2755 1576 2940 1627; x_wconf 85' lang='lat' dir='ltr'><strong>unum,</strong></span> <span class='ocrx_word' id='word_1_613' title='bbox 2967 1569 3022 1612; x_wconf 89' lang='grc' dir='ltr'><strong>ιιι</strong></span> <span class='ocrx_word' id='word_1_614' title='bbox 3045 1561 3116 1615; x_wconf 83' lang='lat' dir='ltr'><strong>sit</strong></span> <span class='ocrx_word' id='word_1_615' title='bbox 3140 1575 3321 1614; x_wconf 82' lang='lat' dir='ltr'><strong>semen</strong></span> <span class='ocrx_word' id='word_1_616' title='bbox 3345 1569 3395 1613; x_wconf 87' lang='lat' dir='ltr'><strong>et</strong></span> <span class='ocrx_word' id='word_1_617' title='bbox 3413 1560 3660 1632; x_wconf 61' lang='lat' dir='ltr'><strong>primitias</strong></span> <span class='ocrx_word' id='word_1_618' title='bbox 3679 1559 3866 1614; x_wconf 83' lang='lat' dir='ltr'><strong>multi-</strong></span> 
     </span>
    </p>
   </div>
   <div class='ocr_carea' id='block_1_76' title="bbox 2280 1648 3870 1718">
    <p class='ocr_par' dir='ltr' id='par_1_76' title="bbox 2280 1648 3870 1718">
     <span class='ocr_line' id='line_1_76' title="bbox 2280 1648 3870 1718; baseline -0.001 -17"><span class='ocrx_word' id='word_1_619' title='bbox 2280 1648 2478 1701; x_wconf 85' lang='lat' dir='ltr'><strong>tudinis</strong></span> <span class='ocrx_word' id='word_1_620' title='bbox 2505 1659 2684 1718; x_wconf 79' lang='lat' dir='ltr'><strong>postea</strong></span> <span class='ocrx_word' id='word_1_621' title='bbox 2715 1648 2923 1703; x_wconf 71' lang='lat' dir='ltr'><strong>futurze.</strong></span> <span class='ocrx_word' id='word_1_622' title='bbox 2963 1649 3046 1705; x_wconf 79' lang='lat' dir='ltr'><strong>l9.</strong></span> <span class='ocrx_word' id='word_1_623' title='bbox 3086 1649 3150 1701; x_wconf 80' lang='lat' dir='ltr'><strong>Et</strong></span> <span class='ocrx_word' id='word_1_624' title='bbox 3175 1665 3240 1702; x_wconf 79' lang='lat' dir='ltr'><strong>ea:</strong></span> <span class='ocrx_word' id='word_1_625' title='bbox 3263 1648 3512 1712; x_wconf 79' lang='lat' dir='ltr'><strong>omnibus,</strong></span> <span class='ocrx_word' id='word_1_626' title='bbox 3555 1648 3750 1716; x_wconf 86' lang='lat' dir='ltr'><strong>inquit.</strong></span> <span class='ocrx_word' id='word_1_627' title='bbox 3774 1648 3870 1718; x_wconf 66' lang='lat' dir='ltr'><strong>juo</strong></span> 
     </span>
    </p>
   </div>
   <div class='ocr_carea' id='block_1_77' title="bbox 2279 1739 3870 1808">
    <p class='ocr_par' dir='ltr' id='par_1_77' title="bbox 2279 1739 3870 1808">
     <span class='ocr_line' id='line_1_77' title="bbox 2279 1739 3870 1808; baseline 0.001 -16"><span class='ocrx_word' id='word_1_628' title='bbox 2279 1742 2475 1805; x_wconf 79' lang='lat' dir='ltr'><strong>utentis,</strong></span> <span class='ocrx_word' id='word_1_629' title='bbox 2517 1749 2562 1794; x_wconf 82' lang='lat' dir='ltr'><strong>et</strong></span> <span class='ocrx_word' id='word_1_630' title='bbox 2591 1757 2654 1796; x_wconf 83' lang='lat' dir='ltr'><strong>ea:</strong></span> <span class='ocrx_word' id='word_1_631' title='bbox 2687 1741 2915 1794; x_wconf 84' lang='lat' dir='ltr'><strong>omnibus</strong></span> <span class='ocrx_word' id='word_1_632' title='bbox 2952 1742 3094 1808; x_wconf 81' lang='lat' dir='ltr'><strong>feris,</strong></span> <span class='ocrx_word' id='word_1_633' title='bbox 3127 1749 3171 1792; x_wconf 89' lang='lat' dir='ltr'><strong>et</strong></span> <span class='ocrx_word' id='word_1_634' title='bbox 3198 1755 3260 1793; x_wconf 83' lang='lat' dir='ltr'><strong>ea:</strong></span> <span class='ocrx_word' id='word_1_635' title='bbox 3287 1739 3425 1792; x_wconf 87' lang='lat' dir='ltr'><strong>omni</strong></span> <span class='ocrx_word' id='word_1_636' title='bbox 3452 1755 3624 1803; x_wconf 77' lang='lat' dir='ltr'><strong>carne,</strong></span> <span class='ocrx_word' id='word_1_637' title='bbox 3654 1739 3775 1792; x_wconf 79' lang='lat' dir='ltr'><strong>bina</strong></span> <span class='ocrx_word' id='word_1_638' title='bbox 3802 1753 3870 1793; x_wconf 67' lang='lat' dir='ltr'><strong>ex</strong></span> 
     </span>
    </p>
   </div>
   <div class='ocr_carea' id='block_1_78' title="bbox 2279 1832 3870 1902">
    <p class='ocr_par' dir='ltr' id='par_1_78' title="bbox 2279 1832 3870 1902">
     <span class='ocr_line' id='line_1_78' title="bbox 2279 1832 3870 1902; baseline -0.001 -15"><span class='ocrx_word' id='word_1_639' title='bbox 2279 1833 2506 1887; x_wconf 82' lang='lat' dir='ltr'><strong>omnibus</strong></span> <span class='ocrx_word' id='word_1_640' title='bbox 2527 1833 2732 1887; x_wconf 75' lang='lat' dir='ltr'><strong>inducet</strong></span> <span class='ocrx_word' id='word_1_641' title='bbox 2758 1834 2808 1884; x_wconf 86' lang='lat' dir='ltr'><strong>in</strong></span> <span class='ocrx_word' id='word_1_642' title='bbox 2828 1849 3020 1890; x_wconf 86' lang='lat' dir='ltr'><strong>arcam.</strong></span> <span class='ocrx_word' id='word_1_643' title='bbox 3049 1843 3103 1886; x_wconf 88' lang='lat' dir='ltr'><strong>ut</strong></span> <span class='ocrx_word' id='word_1_644' title='bbox 3129 1848 3308 1902; x_wconf 76' lang='lat' dir='ltr'><strong>pastas</strong></span> <span class='ocrx_word' id='word_1_645' title='bbox 3333 1832 3475 1902; x_wconf 87' lang='lat' dir='ltr'><strong>apud</strong></span> <span class='ocrx_word' id='word_1_646' title='bbox 3491 1840 3538 1883; x_wconf 85' lang='lat' dir='ltr'><strong>te</strong></span> <span class='ocrx_word' id='word_1_647' title='bbox 3562 1846 3579 1893; x_wconf 87' lang='grc'><strong><em>;</em></strong></span> <span class='ocrx_word' id='word_1_648' title='bbox 3608 1832 3870 1885; x_wconf 68' lang='lat' dir='ltr'><strong>taurulus</strong></span> 
     </span>
    </p>
   </div>
   <div class='ocr_carea' id='block_1_79' title="bbox 2279 1921 3870 1993">
    <p class='ocr_par' dir='ltr' id='par_1_79' title="bbox 2279 1921 3870 1993">
     <span class='ocr_line' id='line_1_79' title="bbox 2279 1921 3870 1993; baseline -0.001 -17"><span class='ocrx_word' id='word_1_649' title='bbox 2279 1933 2323 1976; x_wconf 89' lang='lat' dir='ltr'><strong>et</strong></span> <span class='ocrx_word' id='word_1_650' title='bbox 2345 1925 2529 1993; x_wconf 75' lang='lat' dir='ltr'><strong>femina</strong></span> <span class='ocrx_word' id='word_1_651' title='bbox 2551 1933 2711 1975; x_wconf 85' lang='lat' dir='ltr'><strong>erunt.</strong></span> <span class='ocrx_word' id='word_1_652' title='bbox 2729 1921 2818 1976; x_wconf 72' lang='lat'><strong>20.</strong></span> <span class='ocrx_word' id='word_1_653' title='bbox 2832 1921 2910 1976; x_wconf 66' lang='lat' dir='ltr'><strong>Ex</strong></span> <span class='ocrx_word' id='word_1_654' title='bbox 2930 1923 3160 1977; x_wconf 83' lang='lat' dir='ltr'><strong>omnibus</strong></span> <span class='ocrx_word' id='word_1_655' title='bbox 3181 1922 3354 1976; x_wconf 80' lang='lat' dir='ltr'><strong>avibus</strong></span> <span class='ocrx_word' id='word_1_656' title='bbox 3374 1922 3663 1976; x_wconf 79' lang='lat' dir='ltr'><strong>volatilibus</strong></span> <span class='ocrx_word' id='word_1_657' title='bbox 3689 1938 3870 1977; x_wconf 80' lang='lat' dir='ltr'><strong>secun—</strong></span> 
     </span>
    </p>
   </div>
   <div class='ocr_carea' id='block_1_80' title="bbox 2280 2013 3869 2086">
    <p class='ocr_par' dir='ltr' id='par_1_80' title="bbox 2280 2013 3869 2086">
     <span class='ocr_line' id='line_1_80' title="bbox 2280 2013 3869 2086; baseline 0 -18"><span class='ocrx_word' id='word_1_658' title='bbox 2280 2016 2400 2069; x_wconf 82' lang='lat' dir='ltr'><strong>dum</strong></span> <span class='ocrx_word' id='word_1_659' title='bbox 2428 2032 2602 2086; x_wconf 84' lang='lat' dir='ltr'><strong>genus,</strong></span> <span class='ocrx_word' id='word_1_660' title='bbox 2627 2025 2673 2067; x_wconf 89' lang='lat' dir='ltr'><strong>et</strong></span> <span class='ocrx_word' id='word_1_661' title='bbox 2702 2030 2763 2067; x_wconf 74' lang='lat' dir='ltr'><strong>ex</strong></span> <span class='ocrx_word' id='word_1_662' title='bbox 2788 2015 3015 2068; x_wconf 85' lang='lat' dir='ltr'><strong>omnibus</strong></span> <span class='ocrx_word' id='word_1_663' title='bbox 3035 2015 3281 2083; x_wconf 84' lang='lat' dir='ltr'><strong>jrttttentis</strong></span> <span class='ocrx_word' id='word_1_664' title='bbox 3309 2013 3584 2068; x_wconf 84' lang='lat' dir='ltr'><strong>secundum</strong></span> <span class='ocrx_word' id='word_1_665' title='bbox 3616 2030 3794 2084; x_wconf 62' lang='lat' dir='ltr'><strong>genus.</strong></span> <span class='ocrx_word' id='word_1_666' title='bbox 3817 2022 3869 2068; x_wconf 84' lang='lat' dir='ltr'><strong>et</strong></span> 
     </span>
    </p>
   </div>
   <div class='ocr_carea' id='block_1_81' title="bbox 2279 2105 3866 2175">
    <p class='ocr_par' dir='ltr' id='par_1_81' title="bbox 2279 2105 3866 2175">
     <span class='ocr_line' id='line_1_81' title="bbox 2279 2105 3866 2175; baseline -0.001 -15"><span class='ocrx_word' id='word_1_667' title='bbox 2279 2123 2340 2160; x_wconf 74' lang='lat' dir='ltr'><strong>ex</strong></span> <span class='ocrx_word' id='word_1_668' title='bbox 2368 2106 2596 2160; x_wconf 84' lang='lat' dir='ltr'><strong>omnibus</strong></span> <span class='ocrx_word' id='word_1_669' title='bbox 2621 2105 2877 2174; x_wconf 81' lang='lat' dir='ltr'><strong>reptilibus</strong></span> <span class='ocrx_word' id='word_1_670' title='bbox 2903 2105 3186 2175; x_wconf 83' lang='lat' dir='ltr'><strong>repentibus</strong></span> <span class='ocrx_word' id='word_1_671' title='bbox 3203 2121 3353 2175; x_wconf 83' lang='lat' dir='ltr'><strong>super</strong></span> <span class='ocrx_word' id='word_1_672' title='bbox 3369 2116 3552 2160; x_wconf 88' lang='lat' dir='ltr'><strong>terram</strong></span> <span class='ocrx_word' id='word_1_673' title='bbox 3581 2107 3866 2159; x_wconf 77' lang='lat' dir='ltr'><strong>secundum</strong></span> 
     </span>
    </p>
   </div>
   <div class='ocr_carea' id='block_1_82' title="bbox 2278 2197 3873 2267">
    <p class='ocr_par' dir='ltr' id='par_1_82' title="bbox 2278 2197 3873 2267">
     <span class='ocr_line' id='line_1_82' title="bbox 2278 2197 3873 2267; baseline -0.001 -18"><span class='ocrx_word' id='word_1_674' title='bbox 2278 2214 2454 2267; x_wconf 79' lang='lat' dir='ltr'><strong>genus.</strong></span> <span class='ocrx_word' id='word_1_675' title='bbox 2496 2197 2613 2250; x_wconf 80' lang='lat' dir='ltr'><strong>bina</strong></span> <span class='ocrx_word' id='word_1_676' title='bbox 2649 2214 2712 2252; x_wconf 66' lang='lat' dir='ltr'><strong>at;</strong></span> <span class='ocrx_word' id='word_1_677' title='bbox 2753 2197 2981 2251; x_wconf 86' lang='lat' dir='ltr'><strong>omnibus</strong></span> <span class='ocrx_word' id='word_1_678' title='bbox 3015 2199 3275 2251; x_wconf 82' lang='lat' dir='ltr'><strong>intrabunt</strong></span> <span class='ocrx_word' id='word_1_679' title='bbox 3309 2197 3376 2248; x_wconf 80' lang='lat' dir='ltr'><strong>ad</strong></span> <span class='ocrx_word' id='word_1_680' title='bbox 3405 2206 3472 2260; x_wconf 85' lang='lat' dir='ltr'><strong>te,</strong></span> <span class='ocrx_word' id='word_1_681' title='bbox 3505 2207 3560 2248; x_wconf 86' lang='lat' dir='ltr'><strong>ut</strong></span> <span class='ocrx_word' id='word_1_682' title='bbox 3587 2205 3873 2264; x_wconf 77' lang='lat' dir='ltr'><strong>pascantur</strong></span> 
     </span>
    </p>
   </div>
   <div class='ocr_carea' id='block_1_83' title="bbox 2279 2284 3872 2358">
    <p class='ocr_par' dir='ltr' id='par_1_83' title="bbox 2279 2284 3872 2358">
     <span class='ocr_line' id='line_1_83' title="bbox 2279 2284 3872 2358; baseline -0.001 -18"><span class='ocrx_word' id='word_1_683' title='bbox 2279 2287 2418 2358; x_wconf 82' lang='lat' dir='ltr'><strong>apud</strong></span> <span class='ocrx_word' id='word_1_684' title='bbox 2457 2289 2790 2353; x_wconf 80' lang='lat' dir='ltr'><strong>temetipsum.</strong></span> <span class='ocrx_word' id='word_1_685' title='bbox 2834 2285 3089 2342; x_wconf 81' lang='lat' dir='ltr'><strong>masculus</strong></span> <span class='ocrx_word' id='word_1_686' title='bbox 3125 2295 3172 2340; x_wconf 88' lang='lat' dir='ltr'><strong>et</strong></span> <span class='ocrx_word' id='word_1_687' title='bbox 3201 2286 3407 2357; x_wconf 73' lang='lat' dir='ltr'><strong>femina.</strong></span> <span class='ocrx_word' id='word_1_688' title='bbox 3440 2284 3516 2340; x_wconf 84' lang='lat' dir='ltr'><strong>Ne</strong></span> <span class='ocrx_word' id='word_1_689' title='bbox 3542 2284 3717 2340; x_wconf 82' lang='lat' dir='ltr'><strong>obiter</strong></span> <span class='ocrx_word' id='word_1_690' title='bbox 3749 2285 3872 2339; x_wconf 74' lang='lat' dir='ltr'><strong>btcc</strong></span> 
     </span>
    </p>
   </div>
   <div class='ocr_carea' id='block_1_84' title="bbox 2280 2373 3875 2448">
    <p class='ocr_par' dir='ltr' id='par_1_84' title="bbox 2280 2373 3875 2448">
     <span class='ocr_line' id='line_1_84' title="bbox 2280 2373 3875 2448; baseline -0.001 -18"><span class='ocrx_word' id='word_1_691' title='bbox 2280 2377 2620 2448; x_wconf 66' lang='lat' dir='ltr'><strong>prmterieris.</strong></span> <span class='ocrx_word' id='word_1_692' title='bbox 2644 2377 2874 2442; x_wconf 86' lang='lat' dir='ltr'><strong>dilecte;</strong></span> <span class='ocrx_word' id='word_1_693' title='bbox 2904 2376 3077 2446; x_wconf 87' lang='lat' dir='ltr'><strong>cogita</strong></span> <span class='ocrx_word' id='word_1_694' title='bbox 3107 2385 3361 2444; x_wconf 87' lang='lat' dir='ltr'><strong>quantum</strong></span> <span class='ocrx_word' id='word_1_695' title='bbox 3389 2377 3696 2444; x_wconf 83' lang='lat' dir='ltr'><strong>pepercrint</strong></span> <span class='ocrx_word' id='word_1_696' title='bbox 3720 2373 3875 2440; x_wconf 89' lang='lat' dir='ltr'><strong>justo</strong></span> 
     </span>
    </p>
   </div>
   <div class='ocr_carea' id='block_1_85' title="bbox 2279 2464 3875 2538">
    <p class='ocr_par' dir='ltr' id='par_1_85' title="bbox 2279 2464 3875 2538">
     <span class='ocr_line' id='line_1_85' title="bbox 2279 2464 3875 2538; baseline -0.003 -14"><span class='ocrx_word' id='word_1_697' title='bbox 2279 2483 2525 2524; x_wconf 85' lang='lat' dir='ltr'><strong>curarum</strong></span> <span class='ocrx_word' id='word_1_698' title='bbox 2565 2468 2872 2534; x_wconf 86' lang='lat' dir='ltr'><strong>tumultum,</strong></span> <span class='ocrx_word' id='word_1_699' title='bbox 2911 2468 3163 2538; x_wconf 76' lang='lat' dir='ltr'><strong>mgitanti</strong></span> <span class='ocrx_word' id='word_1_700' title='bbox 3197 2467 3336 2536; x_wconf 87' lang='lat' dir='ltr'><strong>apud</strong></span> <span class='ocrx_word' id='word_1_701' title='bbox 3377 2482 3433 2521; x_wconf 81' lang='lat' dir='ltr'><strong>se.</strong></span> <span class='ocrx_word' id='word_1_702' title='bbox 3469 2476 3722 2535; x_wconf 82' lang='lat' dir='ltr'><strong>quantam</strong></span> <span class='ocrx_word' id='word_1_703' title='bbox 3751 2464 3875 2519; x_wconf 77' lang='lat' dir='ltr'><strong>lucc</strong></span> 
     </span>
    </p>
   </div>
   <div class='ocr_carea' id='block_1_86' title="bbox 2279 2556 3872 2629">
    <p class='ocr_par' dir='ltr' id='par_1_86' title="bbox 2279 2556 3872 2629">
     <span class='ocr_line' id='line_1_86' title="bbox 2279 2556 3872 2629; baseline -0.003 -14"><span class='ocrx_word' id='word_1_704' title='bbox 2279 2560 2456 2616; x_wconf 84' lang='lat' dir='ltr'><strong>omnia</strong></span> <span class='ocrx_word' id='word_1_705' title='bbox 2480 2575 2659 2615; x_wconf 81' lang='lat' dir='ltr'><strong>curam</strong></span> <span class='ocrx_word' id='word_1_706' title='bbox 2687 2559 2981 2629; x_wconf 80' lang='lat' dir='ltr'><strong>exigerent.</strong></span> <span class='ocrx_word' id='word_1_707' title='bbox 3011 2557 3131 2614; x_wconf 80' lang='lat' dir='ltr'><strong>Non</strong></span> <span class='ocrx_word' id='word_1_708' title='bbox 3159 2558 3302 2613; x_wconf 89' lang='lat' dir='ltr'><strong>enim</strong></span> <span class='ocrx_word' id='word_1_709' title='bbox 3337 2556 3640 2615; x_wconf 77' lang='lat' dir='ltr'><strong>sufﬁciebat</strong></span> <span class='ocrx_word' id='word_1_710' title='bbox 3665 2556 3714 2612; x_wconf 81' lang='lat' dir='ltr'><strong>ei</strong></span> <span class='ocrx_word' id='word_1_711' title='bbox 3737 2570 3872 2612; x_wconf 84' lang='lat' dir='ltr'><strong>cura</strong></span> 
     </span>
    </p>
   </div>
   <div class='ocr_carea' id='block_1_87' title="bbox 2233 2648 3874 2722">
    <p class='ocr_par' dir='ltr' id='par_1_87' title="bbox 2233 2648 3874 2722">
     <span class='ocr_line' id='line_1_87' title="bbox 2233 2648 3874 2722; baseline -0.002 -16"><span class='ocrx_word' id='word_1_712' title='bbox 2233 2665 2237 2668; x_wconf 87' lang='grc'><strong>·</strong></span> <span class='ocrx_word' id='word_1_713' title='bbox 2281 2651 2520 2722; x_wconf 78' lang='lat' dir='ltr'><strong>mulieris</strong></span> <span class='ocrx_word' id='word_1_714' title='bbox 2556 2661 2611 2706; x_wconf 89' lang='lat' dir='ltr'><strong>et</strong></span> <span class='ocrx_word' id='word_1_715' title='bbox 2649 2649 2898 2715; x_wconf 77' lang='lat' dir='ltr'><strong>ﬁliorum,</strong></span> <span class='ocrx_word' id='word_1_716' title='bbox 2946 2658 3002 2704; x_wconf 88' lang='lat' dir='ltr'><strong>et</strong></span> <span class='ocrx_word' id='word_1_717' title='bbox 3036 2665 3290 2713; x_wconf 80' lang='lat' dir='ltr'><strong>neruum.</strong></span> <span class='ocrx_word' id='word_1_718' title='bbox 3331 2649 3426 2704; x_wconf 87' lang='lat' dir='ltr'><strong>sed</strong></span> <span class='ocrx_word' id='word_1_719' title='bbox 3459 2659 3516 2704; x_wconf 88' lang='lat' dir='ltr'><strong>et</strong></span> <span class='ocrx_word' id='word_1_720' title='bbox 3558 2648 3874 2704; x_wconf 87' lang='lat' dir='ltr'><strong>sollicitudo</strong></span> 
     </span>
    </p>
   </div>
   <div class='ocr_carea' id='block_1_88' title="bbox 2281 2738 3872 2810">
    <p class='ocr_par' dir='ltr' id='par_1_88' title="bbox 2281 2738 3872 2810">
     <span class='ocr_line' id='line_1_88' title="bbox 2281 2738 3872 2810; baseline -0.002 -13"><span class='ocrx_word' id='word_1_721' title='bbox 2281 2752 2358 2798; x_wconf 89' lang='lat' dir='ltr'><strong>tot</strong></span> <span class='ocrx_word' id='word_1_722' title='bbox 2382 2742 2654 2796; x_wconf 79' lang='lat' dir='ltr'><strong>bnttorum</strong></span> <span class='ocrx_word' id='word_1_723' title='bbox 2679 2749 2735 2795; x_wconf 91' lang='lat' dir='ltr'><strong>et</strong></span> <span class='ocrx_word' id='word_1_724' title='bbox 2762 2739 3008 2794; x_wconf 89' lang='lat' dir='ltr'><strong>educatio</strong></span> <span class='ocrx_word' id='word_1_725' title='bbox 3031 2738 3346 2795; x_wconf 83' lang='lat' dir='ltr'><strong>addebatur.</strong></span> <span class='ocrx_word' id='word_1_726' title='bbox 3371 2740 3564 2796; x_wconf 74' lang='lat' dir='ltr'><strong>Verum</strong></span> <span class='ocrx_word' id='word_1_727' title='bbox 3591 2740 3872 2810; x_wconf 69' lang='lat' dir='ltr'><strong>paulisper</strong></span> 
     </span>
    </p>
   </div>
   <div class='ocr_carea' id='block_1_89' title="bbox 2279 2828 3875 2900">
    <p class='ocr_par' dir='ltr' id='par_1_89' title="bbox 2279 2828 3875 2900">
     <span class='ocr_line' id='line_1_89' title="bbox 2279 2828 3875 2900; baseline -0.003 -14"><span class='ocrx_word' id='word_1_728' title='bbox 2279 2837 2550 2900; x_wconf 78' lang='lat' dir='ltr'><strong>exspecta,</strong></span> <span class='ocrx_word' id='word_1_729' title='bbox 2601 2829 2910 2899; x_wconf 84' lang='lat' dir='ltr'><strong>videbisque</strong></span> <span class='ocrx_word' id='word_1_730' title='bbox 2956 2829 3050 2884; x_wconf 86' lang='lat' dir='ltr'><strong>Dei</strong></span> <span class='ocrx_word' id='word_1_731' title='bbox 3103 2829 3418 2893; x_wconf 83' lang='lat' dir='ltr'><strong>bonitatem,</strong></span> <span class='ocrx_word' id='word_1_732' title='bbox 3463 2828 3735 2899; x_wconf 87' lang='lat' dir='ltr'><strong>quomodo</strong></span> <span class='ocrx_word' id='word_1_733' title='bbox 3778 2829 3875 2882; x_wconf 83' lang='lat' dir='ltr'><strong>in-</strong></span> 
     </span>
    </p>
   </div>
   <div class='ocr_carea' id='block_1_90' title="bbox 2278 2918 3871 2990">
    <p class='ocr_par' dir='ltr' id='par_1_90' title="bbox 2278 2918 3871 2990">
     <span class='ocr_line' id='line_1_90' title="bbox 2278 2918 3871 2990; baseline -0.003 -14"><span class='ocrx_word' id='word_1_734' title='bbox 2278 2923 2616 2978; x_wconf 84' lang='lat' dir='ltr'><strong>cumbentem</strong></span> <span class='ocrx_word' id='word_1_735' title='bbox 2641 2920 2787 2990; x_wconf 84' lang='lat' dir='ltr'><strong>justo</strong></span> <span class='ocrx_word' id='word_1_736' title='bbox 2815 2934 2999 2975; x_wconf 88' lang='lat' dir='ltr'><strong>curam</strong></span> <span class='ocrx_word' id='word_1_737' title='bbox 3029 2920 3186 2974; x_wconf 81' lang='lat' dir='ltr'><strong>levet.</strong></span> <span class='ocrx_word' id='word_1_738' title='bbox 3211 2920 3304 2976; x_wconf 70' lang='lat'><strong>2|.</strong></span> <span class='ocrx_word' id='word_1_739' title='bbox 3335 2918 3412 2972; x_wconf 82' lang='lat' dir='ltr'><strong>Tu</strong></span> <span class='ocrx_word' id='word_1_740' title='bbox 3433 2930 3600 2974; x_wconf 82' lang='lat' dir='ltr'><strong>autem</strong></span> <span class='ocrx_word' id='word_1_741' title='bbox 3622 2919 3871 2986; x_wconf 80' lang='lat' dir='ltr'><strong>accipies,</strong></span> 
     </span>
    </p>
   </div>
   <div class='ocr_carea' id='block_1_91' title="bbox 2281 3009 3872 3083">
    <p class='ocr_par' dir='ltr' id='par_1_91' title="bbox 2281 3009 3872 3083">
     <span class='ocr_line' id='line_1_91' title="bbox 2281 3009 3872 3083; baseline -0.003 -17"><span class='ocrx_word' id='word_1_742' title='bbox 2281 3015 2468 3083; x_wconf 85' lang='lat' dir='ltr'><strong>inquit.</strong></span> <span class='ocrx_word' id='word_1_743' title='bbox 2515 3012 2603 3066; x_wconf 86' lang='lat' dir='ltr'><strong>tibi</strong></span> <span class='ocrx_word' id='word_1_744' title='bbox 2627 3012 2726 3080; x_wconf 80' lang='lat' dir='ltr'><strong>ipsi</strong></span> <span class='ocrx_word' id='word_1_745' title='bbox 2751 3011 2819 3065; x_wconf 85' lang='lat' dir='ltr'><strong>de</strong></span> <span class='ocrx_word' id='word_1_746' title='bbox 2847 3012 3076 3065; x_wconf 84' lang='lat' dir='ltr'><strong>omnibus</strong></span> <span class='ocrx_word' id='word_1_747' title='bbox 3104 3011 3246 3076; x_wconf 80' lang='lat' dir='ltr'><strong>cibis,</strong></span> <span class='ocrx_word' id='word_1_748' title='bbox 3274 3011 3336 3063; x_wconf 85' lang='lat' dir='ltr'><strong>de</strong></span> <span class='ocrx_word' id='word_1_749' title='bbox 3358 3009 3534 3080; x_wconf 84' lang='lat' dir='ltr'><strong>quibus</strong></span> <span class='ocrx_word' id='word_1_750' title='bbox 3566 3009 3831 3064; x_wconf 71' lang='lat' dir='ltr'><strong>comeditis</strong></span> <span class='ocrx_word' id='word_1_751' title='bbox 3851 3050 3872 3074; x_wconf 87' lang='lat'><strong>,</strong></span> 
     </span>
    </p>
   </div>
   <div class='ocr_carea' id='block_1_92' title="bbox 2279 3099 3871 3174">
    <p class='ocr_par' dir='ltr' id='par_1_92' title="bbox 2279 3099 3871 3174">
     <span class='ocr_line' id='line_1_92' title="bbox 2279 3099 3871 3174; baseline -0.004 -16"><span class='ocrx_word' id='word_1_752' title='bbox 2279 3116 2323 3158; x_wconf 77' lang='lat' dir='ltr'><strong>et</strong></span> <span class='ocrx_word' id='word_1_753' title='bbox 2355 3103 2684 3174; x_wconf 82' lang='lat' dir='ltr'><strong>congregabis</strong></span> <span class='ocrx_word' id='word_1_754' title='bbox 2708 3108 2846 3169; x_wconf 73' lang='lat' dir='ltr'><strong>apud</strong></span> <span class='ocrx_word' id='word_1_755' title='bbox 2876 3103 3115 3170; x_wconf 84' lang='lat' dir='ltr'><strong>teipsunt.</strong></span> <span class='ocrx_word' id='word_1_756' title='bbox 3145 3111 3190 3154; x_wconf 81' lang='lat' dir='ltr'><strong>et</strong></span> <span class='ocrx_word' id='word_1_757' title='bbox 3211 3111 3358 3154; x_wconf 82' lang='lat' dir='ltr'><strong>erunt</strong></span> <span class='ocrx_word' id='word_1_758' title='bbox 3395 3101 3484 3154; x_wconf 78' lang='lat' dir='ltr'><strong>tibi</strong></span> <span class='ocrx_word' id='word_1_759' title='bbox 3509 3109 3559 3154; x_wconf 86' lang='lat' dir='ltr'><strong>et</strong></span> <span class='ocrx_word' id='word_1_760' title='bbox 3584 3100 3688 3154; x_wconf 87' lang='lat' dir='ltr'><strong>illis</strong></span> <span class='ocrx_word' id='word_1_761' title='bbox 3712 3099 3764 3152; x_wconf 85' lang='lat' dir='ltr'><strong>in</strong></span> <span class='ocrx_word' id='word_1_762' title='bbox 3785 3100 3871 3152; x_wconf 78' lang='lat' dir='ltr'><strong>ci-</strong></span> 
     </span>
    </p>
   </div>
   <div class='ocr_carea' id='block_1_93' title="bbox 2282 3191 3873 3261">
    <p class='ocr_par' dir='ltr' id='par_1_93' title="bbox 2282 3191 3873 3261">
     <span class='ocr_line' id='line_1_93' title="bbox 2282 3191 3873 3261; baseline -0.005 -10"><span class='ocrx_word' id='word_1_763' title='bbox 2282 3201 2416 3251; x_wconf 86' lang='lat' dir='ltr'><strong>bum.</strong></span> <span class='ocrx_word' id='word_1_764' title='bbox 2447 3196 2523 3252; x_wconf 80' lang='lat' dir='ltr'><strong>Ne</strong></span> <span class='ocrx_word' id='word_1_765' title='bbox 2552 3194 2847 3259; x_wconf 83' lang='lat' dir='ltr'><strong>existimes.</strong></span> <span class='ocrx_word' id='word_1_766' title='bbox 2884 3192 3076 3261; x_wconf 87' lang='lat' dir='ltr'><strong>inquit,</strong></span> <span class='ocrx_word' id='word_1_767' title='bbox 3105 3192 3416 3248; x_wconf 87' lang='lat' dir='ltr'><strong>destitutum</strong></span> <span class='ocrx_word' id='word_1_768' title='bbox 3456 3203 3506 3246; x_wconf 91' lang='lat' dir='ltr'><strong>te</strong></span> <span class='ocrx_word' id='word_1_769' title='bbox 3537 3207 3655 3246; x_wconf 59' lang='lat' dir='ltr'><strong>mea</strong></span> <span class='ocrx_word' id='word_1_770' title='bbox 3688 3191 3873 3260; x_wconf 79' lang='lat' dir='ltr'><strong>provi-</strong></span> 
     </span>
    </p>
   </div>
   <div class='ocr_carea' id='block_1_94' title="bbox 2281 3282 3873 3353">
    <p class='ocr_par' dir='ltr' id='par_1_94' title="bbox 2281 3282 3873 3353">
     <span class='ocr_line' id='line_1_94' title="bbox 2281 3282 3873 3353; baseline -0.003 -15"><span class='ocrx_word' id='word_1_771' title='bbox 2281 3286 2454 3340; x_wconf 70' lang='lat' dir='ltr'><strong>dentia</strong></span> <span class='ocrx_word' id='word_1_772' title='bbox 2493 3286 2740 3353; x_wconf 89' lang='lat' dir='ltr'><strong>relinqui.</strong></span> <span class='ocrx_word' id='word_1_773' title='bbox 2788 3283 2921 3339; x_wconf 87' lang='lat' dir='ltr'><strong>Ecce</strong></span> <span class='ocrx_word' id='word_1_774' title='bbox 2961 3283 3101 3337; x_wconf 90' lang='lat' dir='ltr'><strong>enim</strong></span> <span class='ocrx_word' id='word_1_775' title='bbox 3133 3282 3402 3352; x_wconf 71' lang='lat' dir='ltr'><strong>prtccipio.</strong></span> <span class='ocrx_word' id='word_1_776' title='bbox 3432 3293 3490 3336; x_wconf 91' lang='lat' dir='ltr'><strong>ut</strong></span> <span class='ocrx_word' id='word_1_777' title='bbox 3516 3297 3636 3350; x_wconf 71' lang='lat' dir='ltr'><strong>qua:</strong></span> <span class='ocrx_word' id='word_1_778' title='bbox 3669 3290 3873 3334; x_wconf 70' lang='lat' dir='ltr'><strong>vestra</strong></span> 
     </span>
    </p>
   </div>
   <div class='ocr_carea' id='block_1_95' title="bbox 2281 3373 3866 3445">
    <p class='ocr_par' dir='ltr' id='par_1_95' title="bbox 2281 3373 3866 3445">
     <span class='ocr_line' id='line_1_95' title="bbox 2281 3373 3866 3445; baseline -0.006 -12"><span class='ocrx_word' id='word_1_779' title='bbox 2281 3379 2545 3434; x_wconf 74' lang='lat' dir='ltr'><strong>alimonia:</strong></span> <span class='ocrx_word' id='word_1_780' title='bbox 2574 3377 2862 3440; x_wconf 79' lang='lat' dir='ltr'><strong>sufﬁciunt.</strong></span> <span class='ocrx_word' id='word_1_781' title='bbox 2890 3384 2945 3430; x_wconf 91' lang='lat' dir='ltr'><strong>ct</strong></span> <span class='ocrx_word' id='word_1_782' title='bbox 2969 3374 3088 3445; x_wconf 65' lang='lat' dir='ltr'><strong>qua:</strong></span> <span class='ocrx_word' id='word_1_783' title='bbox 3114 3373 3178 3429; x_wconf 85' lang='lat' dir='ltr'><strong>ad</strong></span> <span class='ocrx_word' id='word_1_784' title='bbox 3206 3373 3394 3430; x_wconf 90' lang='lat' dir='ltr'><strong>alenda</strong></span> <span class='ocrx_word' id='word_1_785' title='bbox 3415 3373 3565 3429; x_wconf 84' lang='lat' dir='ltr'><strong>bruta</strong></span> <span class='ocrx_word' id='word_1_786' title='bbox 3597 3379 3866 3443; x_wconf 80' lang='lat' dir='ltr'><strong>spectant,</strong></span> 
     </span>
    </p>
   </div>
   <div class='ocr_carea' id='block_1_96' title="bbox 2281 3462 3868 3527">
    <p class='ocr_par' dir='ltr' id='par_1_96' title="bbox 2281 3462 3868 3527">
     <span class='ocr_line' id='line_1_96' title="bbox 2281 3462 3868 3527; baseline -0.005 -3"><span class='ocrx_word' id='word_1_787' title='bbox 2281 3470 2458 3524; x_wconf 87' lang='lat' dir='ltr'><strong>omnia</strong></span> <span class='ocrx_word' id='word_1_788' title='bbox 2490 3469 2540 3523; x_wconf 92' lang='lat' dir='ltr'><strong>in</strong></span> <span class='ocrx_word' id='word_1_789' title='bbox 2570 3482 2750 3522; x_wconf 88' lang='lat' dir='ltr'><strong>arcam</strong></span> <span class='ocrx_word' id='word_1_790' title='bbox 2780 3466 3106 3521; x_wconf 76' lang='lat' dir='ltr'><strong>inlerantur:</strong></span> <span class='ocrx_word' id='word_1_791' title='bbox 3137 3466 3206 3519; x_wconf 90' lang='lat' dir='ltr'><strong>ita</strong></span> <span class='ocrx_word' id='word_1_792' title='bbox 3234 3474 3287 3518; x_wconf 91' lang='lat' dir='ltr'><strong>ut</strong></span> <span class='ocrx_word' id='word_1_793' title='bbox 3314 3465 3512 3519; x_wconf 87' lang='lat' dir='ltr'><strong>nullam</strong></span> <span class='ocrx_word' id='word_1_794' title='bbox 3533 3463 3618 3519; x_wconf 86' lang='lat' dir='ltr'><strong>vel</strong></span> <span class='ocrx_word' id='word_1_795' title='bbox 3643 3462 3868 3527; x_wconf 72' lang='lat' dir='ltr'><strong>famem,</strong></span> 
     </span>
    </p>
   </div>
   <div class='ocr_carea' id='block_1_97' title="bbox 2283 3553 3867 3628">
    <p class='ocr_par' dir='ltr' id='par_1_97' title="bbox 2283 3553 3867 3628">
     <span class='ocr_line' id='line_1_97' title="bbox 2283 3553 3867 3628; baseline -0.006 -14"><span class='ocrx_word' id='word_1_796' title='bbox 2283 3561 2362 3614; x_wconf 81' lang='lat' dir='ltr'><strong>vel</strong></span> <span class='ocrx_word' id='word_1_797' title='bbox 2407 3559 2682 3628; x_wconf 85' lang='lat' dir='ltr'><strong>penuriam</strong></span> <span class='ocrx_word' id='word_1_798' title='bbox 2736 3554 3103 3626; x_wconf 79' lang='lat' dir='ltr'><strong>experiamini,</strong></span> <span class='ocrx_word' id='word_1_799' title='bbox 3155 3563 3210 3610; x_wconf 89' lang='lat' dir='ltr'><strong>et</strong></span> <span class='ocrx_word' id='word_1_800' title='bbox 3265 3569 3363 3610; x_wconf 84' lang='lat' dir='ltr'><strong>nec</strong></span> <span class='ocrx_word' id='word_1_801' title='bbox 3411 3553 3565 3608; x_wconf 89' lang='lat' dir='ltr'><strong>bruta</strong></span> <span class='ocrx_word' id='word_1_802' title='bbox 3613 3561 3867 3622; x_wconf 78' lang='lat' dir='ltr'><strong>pereant,</strong></span> 
     </span>
    </p>
   </div>
   <div class='ocr_carea' id='block_1_98' title="bbox 2283 3641 3868 3720">
    <p class='ocr_par' dir='ltr' id='par_1_98' title="bbox 2283 3641 3868 3720">
     <span class='ocr_line' id='line_1_98' title="bbox 2283 3641 3868 3720; baseline -0.006 -15"><span class='ocrx_word' id='word_1_803' title='bbox 2283 3659 2464 3720; x_wconf 85' lang='lat' dir='ltr'><strong>utpote</strong></span> <span class='ocrx_word' id='word_1_804' title='bbox 2491 3650 2668 3704; x_wconf 90' lang='lat' dir='ltr'><strong>cibum</strong></span> <span class='ocrx_word' id='word_1_805' title='bbox 2692 3663 2795 3701; x_wconf 92' lang='lat' dir='ltr'><strong>non</strong></span> <span class='ocrx_word' id='word_1_806' title='bbox 2821 3645 3072 3701; x_wconf 84' lang='lat' dir='ltr'><strong>habentia</strong></span> <span class='ocrx_word' id='word_1_807' title='bbox 3097 3645 3196 3699; x_wconf 85' lang='lat' dir='ltr'><strong>sibi</strong></span> <span class='ocrx_word' id='word_1_808' title='bbox 3218 3643 3644 3699; x_wconf 75' lang='lat' dir='ltr'><strong>convenientem.</strong></span> <span class='ocrx_word' id='word_1_809' title='bbox 3670 3643 3763 3697; x_wconf 74' lang='lat'><strong>22.</strong></span> <span class='ocrx_word' id='word_1_810' title='bbox 3800 3641 3868 3696; x_wconf 80' lang='lat' dir='ltr'><strong>Et</strong></span> 
     </span>
    </p>
   </div>
   <div class='ocr_carea' id='block_1_99' title="bbox 2282 3735 3868 3812">
    <p class='ocr_par' dir='ltr' id='par_1_99' title="bbox 2282 3735 3868 3812">
     <span class='ocr_line' id='line_1_99' title="bbox 2282 3735 3868 3812; baseline -0.004 -17"><span class='ocrx_word' id='word_1_811' title='bbox 2282 3743 2416 3812; x_wconf 81' lang='lat' dir='ltr'><strong>fecit,</strong></span> <span class='ocrx_word' id='word_1_812' title='bbox 2449 3741 2634 3811; x_wconf 87' lang='lat' dir='ltr'><strong>inquit,</strong></span> <span class='ocrx_word' id='word_1_813' title='bbox 2671 3737 2786 3792; x_wconf 87' lang='lat' dir='ltr'><strong>Noe</strong></span> <span class='ocrx_word' id='word_1_814' title='bbox 2816 3739 2987 3793; x_wconf 80' lang='lat' dir='ltr'><strong>omnia</strong></span> <span class='ocrx_word' id='word_1_815' title='bbox 3011 3753 3331 3806; x_wconf 68' lang='lat' dir='ltr'><strong>cumeumque</strong></span> <span class='ocrx_word' id='word_1_816' title='bbox 3363 3736 3457 3790; x_wconf 84' lang='lat' dir='ltr'><strong>sibi</strong></span> <span class='ocrx_word' id='word_1_817' title='bbox 3481 3737 3700 3807; x_wconf 69' lang='lat' dir='ltr'><strong>prlecepi</strong></span> <span class='ocrx_word' id='word_1_818' title='bbox 3716 3747 3720 3785; x_wconf 76' lang='grc' dir='ltr'><em>τ</em></span> <span class='ocrx_word' id='word_1_819' title='bbox 3754 3735 3868 3790; x_wconf 81' lang='lat' dir='ltr'><strong>Do-</strong></span> 
     </span>
    </p>
   </div>
   <div class='ocr_carea' id='block_1_100' title="bbox 2281 3825 3862 3901">
    <p class='ocr_par' dir='ltr' id='par_1_100' title="bbox 2281 3825 3862 3901">
     <span class='ocr_line' id='line_1_100' title="bbox 2281 3825 3862 3901; baseline -0.006 -15"><span class='ocrx_word' id='word_1_820' title='bbox 2281 3833 2446 3886; x_wconf 84' lang='lat' dir='ltr'><strong>minus</strong></span> <span class='ocrx_word' id='word_1_821' title='bbox 2473 3831 2628 3900; x_wconf 83' lang='lat' dir='ltr'><strong>Deus,</strong></span> <span class='ocrx_word' id='word_1_822' title='bbox 2644 3830 2714 3884; x_wconf 81' lang='lat' dir='ltr'><strong>sic</strong></span> <span class='ocrx_word' id='word_1_823' title='bbox 2735 3828 3074 3901; x_wconf 73' lang='lat' dir='ltr'><strong>fecit.Yideas</strong></span> <span class='ocrx_word' id='word_1_824' title='bbox 3097 3836 3147 3882; x_wconf 89' lang='lat' dir='ltr'><strong>et</strong></span> <span class='ocrx_word' id='word_1_825' title='bbox 3172 3825 3257 3882; x_wconf 82' lang='lat' dir='ltr'><strong>liic</strong></span> <span class='ocrx_word' id='word_1_826' title='bbox 3276 3841 3360 3882; x_wconf 74' lang='lat' dir='ltr'><strong>Clit</strong></span> <span class='ocrx_word' id='word_1_827' title='bbox 3379 3828 3576 3881; x_wconf 62' lang='lat' dir='ltr'><strong>emittm</strong></span> <span class='ocrx_word' id='word_1_828' title='bbox 3599 3841 3701 3895; x_wconf 62' lang='lat' dir='ltr'><strong>am]</strong></span> <span class='ocrx_word' id='word_1_829' title='bbox 3716 3826 3862 3879; x_wconf 70' lang='lat' dir='ltr'><strong>ilum.</strong></span> 
     </span>
    </p>
   </div>
   <div class='ocr_carea' id='block_1_101' title="bbox 2284 3916 3868 3994">
    <p class='ocr_par' dir='ltr' id='par_1_101' title="bbox 2284 3916 3868 3994">
     <span class='ocr_line' id='line_1_101' title="bbox 2284 3916 3868 3994; baseline -0.005 -16"><span class='ocrx_word' id='word_1_830' title='bbox 2284 3922 2447 3989; x_wconf 77' lang='lat' dir='ltr'><strong>Fecit,</strong></span> <span class='ocrx_word' id='word_1_831' title='bbox 2479 3922 2667 3994; x_wconf 83' lang='lat' dir='ltr'><strong>inquit,</strong></span> <span class='ocrx_word' id='word_1_832' title='bbox 2708 3921 2878 3975; x_wconf 86' lang='lat' dir='ltr'><strong>omnia</strong></span> <span class='ocrx_word' id='word_1_833' title='bbox 2909 3934 3235 3990; x_wconf 65' lang='lat' dir='ltr'><strong>quacumque</strong></span> <span class='ocrx_word' id='word_1_834' title='bbox 3261 3920 3500 3989; x_wconf 72' lang='lat' dir='ltr'><strong>prcrcepit</strong></span> <span class='ocrx_word' id='word_1_835' title='bbox 3530 3918 3576 3972; x_wconf 78' lang='lat' dir='ltr'><strong>ei</strong></span> <span class='ocrx_word' id='word_1_836' title='bbox 3607 3916 3691 3971; x_wconf 91' lang='lat' dir='ltr'><strong>Do</strong></span> <span class='ocrx_word' id='word_1_837' title='bbox 3716 3919 3868 3970; x_wconf 81' lang='lat' dir='ltr'><strong>uinus</strong></span> 
     </span>
    </p>
   </div>
   <div class='ocr_carea' id='block_1_102' title="bbox 2284 4007 3867 4082">
    <p class='ocr_par' dir='ltr' id='par_1_102' title="bbox 2284 4007 3867 4082">
     <span class='ocr_line' id='line_1_102' title="bbox 2284 4007 3867 4082; baseline -0.004 -14"><span class='ocrx_word' id='word_1_838' title='bbox 2284 4014 2440 4068; x_wconf 85' lang='lat' dir='ltr'><strong>Deus.</strong></span> <span class='ocrx_word' id='word_1_839' title='bbox 2478 4012 2594 4069; x_wconf 80' lang='lat' dir='ltr'><strong>Non</strong></span> <span class='ocrx_word' id='word_1_840' title='bbox 2634 4011 2774 4067; x_wconf 89' lang='lat' dir='ltr'><strong>aliud</strong></span> <span class='ocrx_word' id='word_1_841' title='bbox 2818 4011 3032 4082; x_wconf 82' lang='lat' dir='ltr'><strong>quidem</strong></span> <span class='ocrx_word' id='word_1_842' title='bbox 3058 4025 3221 4081; x_wconf 85' lang='lat' dir='ltr'><strong>opere</strong></span> <span class='ocrx_word' id='word_1_843' title='bbox 3259 4010 3670 4077; x_wconf 72' lang='lat' dir='ltr'><strong>exsequebatur,</strong></span> <span class='ocrx_word' id='word_1_844' title='bbox 3717 4007 3867 4062; x_wconf 86' lang='lat' dir='ltr'><strong>aliud</strong></span> 
     </span>
    </p>
   </div>
   <div class='ocr_carea' id='block_1_103' title="bbox 2244 4098 3867 4176">
    <p class='ocr_par' dir='ltr' id='par_1_103' title="bbox 2244 4098 3867 4176">
     <span class='ocr_line' id='line_1_103' title="bbox 2244 4098 3867 4176; baseline -0.002 -20"><span class='ocrx_word' id='word_1_845' title='bbox 2244 4170 2249 4176; x_wconf 26' lang='lat'><strong>.</strong></span> <span class='ocrx_word' id='word_1_846' title='bbox 2284 4111 2457 4158; x_wconf 89' lang='lat' dir='ltr'><strong>autem</strong></span> <span class='ocrx_word' id='word_1_847' title='bbox 2481 4103 2795 4172; x_wconf 83' lang='lat' dir='ltr'><strong>negligebat,</strong></span> <span class='ocrx_word' id='word_1_848' title='bbox 2833 4101 2925 4156; x_wconf 89' lang='lat' dir='ltr'><strong>sed</strong></span> <span class='ocrx_word' id='word_1_849' title='bbox 2959 4101 3135 4154; x_wconf 86' lang='lat' dir='ltr'><strong>omnia</strong></span> <span class='ocrx_word' id='word_1_850' title='bbox 3164 4116 3281 4169; x_wconf 67' lang='lat' dir='ltr'><strong>quae</strong></span> <span class='ocrx_word' id='word_1_851' title='bbox 3311 4110 3572 4169; x_wconf 71' lang='lat' dir='ltr'><strong>pnecepta</strong></span> <span class='ocrx_word' id='word_1_852' title='bbox 3599 4111 3754 4154; x_wconf 84' lang='lat' dir='ltr'><strong>erait</strong></span> <span class='ocrx_word' id='word_1_853' title='bbox 3789 4098 3867 4153; x_wconf 86' lang='lat' dir='ltr'><strong>l&#39;e-</strong></span> 
     </span>
    </p>
   </div>
   <div class='ocr_carea' id='block_1_104' title="bbox 2282 4191 3866 4263">
    <p class='ocr_par' dir='ltr' id='par_1_104' title="bbox 2282 4191 3866 4263">
     <span class='ocr_line' id='line_1_104' title="bbox 2282 4191 3866 4263; baseline -0.003 -15"><span class='ocrx_word' id='word_1_854' title='bbox 2282 4195 2374 4258; x_wconf 90' lang='lat' dir='ltr'><strong>cit.</strong></span> <span class='ocrx_word' id='word_1_855' title='bbox 2415 4203 2468 4247; x_wconf 88' lang='lat' dir='ltr'><strong>et</strong></span> <span class='ocrx_word' id='word_1_856' title='bbox 2505 4191 2593 4246; x_wconf 85' lang='lat' dir='ltr'><strong>Sic</strong></span> <span class='ocrx_word' id='word_1_857' title='bbox 2625 4193 2764 4263; x_wconf 79' lang='lat' dir='ltr'><strong>fecit,</strong></span> <span class='ocrx_word' id='word_1_858' title='bbox 2790 4201 2846 4245; x_wconf 93' lang='lat' dir='ltr'><strong>ut</strong></span> <span class='ocrx_word' id='word_1_859' title='bbox 2874 4199 3138 4261; x_wconf 58' lang='lat' dir='ltr'><strong>praecepta</strong></span> <span class='ocrx_word' id='word_1_860' title='bbox 3164 4201 3317 4246; x_wconf 81' lang='lat' dir='ltr'><strong>erant</strong></span> <span class='ocrx_word' id='word_1_861' title='bbox 3339 4191 3388 4246; x_wconf 88' lang='lat' dir='ltr'><strong>ei</strong></span> <span class='ocrx_word' id='word_1_862' title='bbox 3414 4208 3430 4256; x_wconf 88' lang='lat'><strong>;</strong></span> <span class='ocrx_word' id='word_1_863' title='bbox 3458 4191 3590 4245; x_wconf 86' lang='lat' dir='ltr'><strong>nihil</strong></span> <span class='ocrx_word' id='word_1_864' title='bbox 3618 4194 3691 4244; x_wconf 90' lang='lat' dir='ltr'><strong>int</strong></span> <span class='ocrx_word' id='word_1_865' title='bbox 3716 4191 3866 4245; x_wconf 66' lang='lat' dir='ltr'><strong>armi-</strong></span> 
     </span>
    </p>
   </div>
   <div class='ocr_carea' id='block_1_105' title="bbox 2285 4279 3869 4351">
    <p class='ocr_par' dir='ltr' id='par_1_105' title="bbox 2285 4279 3869 4351">
     <span class='ocr_line' id='line_1_105' title="bbox 2285 4279 3869 4351; baseline -0.003 -13"><span class='ocrx_word' id='word_1_866' title='bbox 2285 4286 2374 4351; x_wconf 74' lang='lat' dir='ltr'><strong>sit,</strong></span> <span class='ocrx_word' id='word_1_867' title='bbox 2412 4281 2503 4337; x_wconf 88' lang='lat' dir='ltr'><strong>sed</strong></span> <span class='ocrx_word' id='word_1_868' title='bbox 2532 4282 2710 4342; x_wconf 88' lang='lat' dir='ltr'><strong>omnia</strong></span> <span class='ocrx_word' id='word_1_869' title='bbox 2741 4279 2997 4350; x_wconf 87' lang='lat' dir='ltr'><strong>implevit.</strong></span> <span class='ocrx_word' id='word_1_870' title='bbox 3020 4291 3073 4335; x_wconf 91' lang='lat' dir='ltr'><strong>ct</strong></span> <span class='ocrx_word' id='word_1_871' title='bbox 3099 4280 3350 4350; x_wconf 82' lang='lat' dir='ltr'><strong>operibus</strong></span> <span class='ocrx_word' id='word_1_872' title='bbox 3374 4282 3486 4334; x_wconf 89' lang='lat' dir='ltr'><strong>suis</strong></span> <span class='ocrx_word' id='word_1_873' title='bbox 3516 4280 3691 4349; x_wconf 82' lang='lat' dir='ltr'><strong>proba</strong></span> <span class='ocrx_word' id='word_1_874' title='bbox 3721 4281 3786 4345; x_wconf 88' lang='lat' dir='ltr'><strong>it,</strong></span> <span class='ocrx_word' id='word_1_875' title='bbox 3811 4295 3869 4335; x_wconf 91' lang='lat' dir='ltr'><strong>se</strong></span> 
     </span>
    </p>
   </div>
   <div class='ocr_carea' id='block_1_106' title="bbox 2279 4369 3869 4445">
    <p class='ocr_par' dir='ltr' id='par_1_106' title="bbox 2279 4369 3869 4445">
     <span class='ocr_line' id='line_1_106' title="bbox 2279 4369 3869 4445; baseline -0.003 -17"><span class='ocrx_word' id='word_1_876' title='bbox 2279 4373 2422 4445; x_wconf 89' lang='lat' dir='ltr'><strong>juste</strong></span> <span class='ocrx_word' id='word_1_877' title='bbox 2447 4371 2817 4428; x_wconf 88' lang='lat' dir='ltr'><strong>benevolentia</strong></span> <span class='ocrx_word' id='word_1_878' title='bbox 2852 4369 2946 4425; x_wconf 84' lang='lat' dir='ltr'><strong>Dei</strong></span> <span class='ocrx_word' id='word_1_879' title='bbox 2973 4369 3246 4440; x_wconf 84' lang='lat' dir='ltr'><strong>dignatum</strong></span> <span class='ocrx_word' id='word_1_880' title='bbox 3289 4369 3470 4425; x_wconf 72' lang='lat' dir='ltr'><strong>fuisse.</strong></span> <span class='ocrx_word' id='word_1_881' title='bbox 3503 4370 3689 4436; x_wconf 53' lang='lat' dir='ltr'><strong>Quanti</strong></span> <span class='ocrx_word' id='word_1_882' title='bbox 3716 4385 3732 4424; x_wconf 83' lang='grc' dir='ltr'><strong>ι</strong></span> <span class='ocrx_word' id='word_1_883' title='bbox 3759 4384 3869 4424; x_wconf 84' lang='lat' dir='ltr'><strong>non</strong></span> 
     </span>
    </p>
   </div>
   <div class='ocr_carea' id='block_1_107' title="bbox 2283 4459 3868 4533">
    <p class='ocr_par' dir='ltr' id='par_1_107' title="bbox 2283 4459 3868 4533">
     <span class='ocr_line' id='line_1_107' title="bbox 2283 4459 3868 4533; baseline -0.001 -15"><span class='ocrx_word' id='word_1_884' title='bbox 2283 4463 2497 4519; x_wconf 86' lang='lat' dir='ltr'><strong>coronis</strong></span> <span class='ocrx_word' id='word_1_885' title='bbox 2516 4462 2732 4533; x_wconf 85' lang='lat' dir='ltr'><strong>dignum</strong></span> <span class='ocrx_word' id='word_1_886' title='bbox 2767 4459 2928 4516; x_wconf 80' lang='lat' dir='ltr'><strong>fuerit</strong></span> <span class='ocrx_word' id='word_1_887' title='bbox 2957 4461 3059 4515; x_wconf 90' lang='lat' dir='ltr'><strong>hoc</strong></span> <span class='ocrx_word' id='word_1_888' title='bbox 3087 4461 3471 4529; x_wconf 84' lang='lat' dir='ltr'><strong>testimonium,</strong></span> <span class='ocrx_word' id='word_1_889' title='bbox 3498 4477 3604 4531; x_wconf 91' lang='lat' dir='ltr'><strong>quo</strong></span> <span class='ocrx_word' id='word_1_890' title='bbox 3629 4477 3661 4515; x_wconf 83' lang='lat' dir='ltr'><strong>a</strong></span> <span class='ocrx_word' id='word_1_891' title='bbox 3716 4461 3868 4516; x_wconf 77' lang='lat' dir='ltr'><strong>livina</strong></span> 
     </span>
    </p>
   </div>
   <div class='ocr_carea' id='block_1_108' title="bbox 2283 4549 3866 4624">
    <p class='ocr_par' dir='ltr' id='par_1_108' title="bbox 2283 4549 3866 4624">
     <span class='ocr_line' id='line_1_108' title="bbox 2283 4549 3866 4624; baseline -0.001 -15"><span class='ocrx_word' id='word_1_892' title='bbox 2283 4554 2553 4624; x_wconf 85' lang='lat' dir='ltr'><strong>Scriptura</strong></span> <span class='ocrx_word' id='word_1_893' title='bbox 2593 4552 2786 4608; x_wconf 78' lang='lat' dir='ltr'><strong>fruitur</strong></span> <span class='ocrx_word' id='word_1_894' title='bbox 2809 4549 2984 4622; x_wconf 86' lang='lat' dir='ltr'><strong>justus</strong></span> <span class='ocrx_word' id='word_1_895' title='bbox 3012 4550 3140 4606; x_wconf 77' lang='lat' dir='ltr'><strong>ille?</strong></span> <span class='ocrx_word' id='word_1_896' title='bbox 3165 4551 3294 4618; x_wconf 81' lang='lat' dir='ltr'><strong>Quis</strong></span> <span class='ocrx_word' id='word_1_897' title='bbox 3323 4551 3426 4606; x_wconf 84' lang='lat' dir='ltr'><strong>hoc</strong></span> <span class='ocrx_word' id='word_1_898' title='bbox 3449 4551 3607 4607; x_wconf 82' lang='lat' dir='ltr'><strong>luerit</strong></span> <span class='ocrx_word' id='word_1_899' title='bbox 3635 4555 3685 4607; x_wconf 66' lang='lat' dir='ltr'><strong>b4</strong></span> <span class='ocrx_word' id='word_1_900' title='bbox 3716 4554 3866 4615; x_wconf 77' lang='lat' dir='ltr'><strong>itior.</strong></span> 
     </span>
    </p>
   </div>
   <div class='ocr_carea' id='block_1_109' title="bbox 2283 4641 3866 4715">
    <p class='ocr_par' dir='ltr' id='par_1_109' title="bbox 2283 4641 3866 4715">
     <span class='ocr_line' id='line_1_109' title="bbox 2283 4641 3866 4715; baseline -0.001 -18"><span class='ocrx_word' id='word_1_901' title='bbox 2283 4644 2374 4715; x_wconf 88' lang='lat' dir='ltr'><strong>qui</strong></span> <span class='ocrx_word' id='word_1_902' title='bbox 2405 4643 2586 4698; x_wconf 85' lang='lat' dir='ltr'><strong>omnia</strong></span> <span class='ocrx_word' id='word_1_903' title='bbox 2613 4656 2774 4712; x_wconf 81' lang='lat' dir='ltr'><strong>opera</strong></span> <span class='ocrx_word' id='word_1_904' title='bbox 2804 4641 3111 4708; x_wconf 72' lang='lat' dir='ltr'><strong>complevit,</strong></span> <span class='ocrx_word' id='word_1_905' title='bbox 3139 4657 3256 4710; x_wconf 79' lang='lat' dir='ltr'><strong>quae</strong></span> <span class='ocrx_word' id='word_1_906' title='bbox 3286 4642 3386 4696; x_wconf 87' lang='lat' dir='ltr'><strong>sibi</strong></span> <span class='ocrx_word' id='word_1_907' title='bbox 3407 4657 3435 4695; x_wconf 88' lang='lat' dir='ltr'><strong>a</strong></span> <span class='ocrx_word' id='word_1_908' title='bbox 3459 4641 3569 4696; x_wconf 90' lang='lat' dir='ltr'><strong>Deo</strong></span> <span class='ocrx_word' id='word_1_909' title='bbox 3598 4657 3682 4712; x_wconf 85' lang='lat' dir='ltr'><strong>pr:</strong></span> <span class='ocrx_word' id='word_1_910' title='bbox 3716 4653 3866 4713; x_wconf 86' lang='lat' dir='ltr'><strong>cepta</strong></span> 
     </span>
    </p>
   </div>
   <div class='ocr_carea' id='block_1_110' title="bbox 2286 4731 3864 4801">
    <p class='ocr_par' dir='ltr' id='par_1_110' title="bbox 2286 4731 3864 4801">
     <span class='ocr_line' id='line_1_110' title="bbox 2286 4731 3864 4801; baseline -0.003 -11"><span class='ocrx_word' id='word_1_911' title='bbox 2286 4735 2514 4799; x_wconf 76' lang='lat' dir='ltr'><strong>inerant,</strong></span> <span class='ocrx_word' id='word_1_912' title='bbox 2572 4741 2624 4788; x_wconf 88' lang='lat' dir='ltr'><strong>et</strong></span> <span class='ocrx_word' id='word_1_913' title='bbox 2679 4742 2878 4786; x_wconf 87' lang='lat' dir='ltr'><strong>tantam</strong></span> <span class='ocrx_word' id='word_1_914' title='bbox 2917 4731 2971 4785; x_wconf 88' lang='lat' dir='ltr'><strong>in</strong></span> <span class='ocrx_word' id='word_1_915' title='bbox 3022 4731 3089 4785; x_wconf 89' lang='lat' dir='ltr'><strong>iis</strong></span> <span class='ocrx_word' id='word_1_916' title='bbox 3125 4746 3244 4801; x_wconf 67' lang='lat' dir='ltr'><strong>quae</strong></span> <span class='ocrx_word' id='word_1_917' title='bbox 3282 4731 3384 4787; x_wconf 85' lang='lat' dir='ltr'><strong>sibi</strong></span> <span class='ocrx_word' id='word_1_918' title='bbox 3419 4731 3679 4800; x_wconf 87' lang='lat' dir='ltr'><strong>imperata</strong></span> <span class='ocrx_word' id='word_1_919' title='bbox 3716 4743 3864 4788; x_wconf 87' lang='lat' dir='ltr'><strong>erant</strong></span> 
     </span>
    </p>
   </div>
   <div class='ocr_carea' id='block_1_111' title="bbox 2286 4821 3865 4892">
    <p class='ocr_par' dir='ltr' id='par_1_111' title="bbox 2286 4821 3865 4892">
     <span class='ocr_line' id='line_1_111' title="bbox 2286 4821 3865 4892; baseline -0.003 -11"><span class='ocrx_word' id='word_1_920' title='bbox 2286 4822 2643 4880; x_wconf 71' lang='lat' dir='ltr'><strong>obedientiam</strong></span> <span class='ocrx_word' id='word_1_921' title='bbox 2673 4821 3005 4876; x_wconf 83' lang='lat' dir='ltr'><strong>declaravit?</strong></span> <span class='ocrx_word' id='word_1_922' title='bbox 3038 4821 3102 4876; x_wconf 86' lang='lat' dir='ltr'><strong>Et</strong></span> <span class='ocrx_word' id='word_1_923' title='bbox 3132 4829 3190 4874; x_wconf 88' lang='lat' dir='ltr'><strong>ut</strong></span> <span class='ocrx_word' id='word_1_924' title='bbox 3232 4821 3372 4876; x_wconf 71' lang='lat' dir='ltr'><strong>scias</strong></span> <span class='ocrx_word' id='word_1_925' title='bbox 3403 4831 3599 4892; x_wconf 86' lang='lat' dir='ltr'><strong>quanta</strong></span> <span class='ocrx_word' id='word_1_926' title='bbox 3623 4836 3677 4875; x_wconf 86' lang='grc' dir='ltr'>οι</span> <span class='ocrx_word' id='word_1_927' title='bbox 3721 4823 3865 4877; x_wconf 85' lang='lat' dir='ltr'><strong>nium</strong></span> 
     </span>
    </p>
   </div>
   <div class='ocr_carea' id='block_1_112' title="bbox 2285 4909 3867 4983">
    <p class='ocr_par' dir='ltr' id='par_1_112' title="bbox 2285 4909 3867 4983">
     <span class='ocr_line' id='line_1_112' title="bbox 2285 4909 3867 4983; baseline -0.003 -13"><span class='ocrx_word' id='word_1_928' title='bbox 2285 4913 2540 4970; x_wconf 89' lang='lat' dir='ltr'><strong>Conditor</strong></span> <span class='ocrx_word' id='word_1_929' title='bbox 2575 4912 2673 4982; x_wconf 84' lang='lat' dir='ltr'><strong>ipsi</strong></span> <span class='ocrx_word' id='word_1_930' title='bbox 2710 4909 2921 4983; x_wconf 74' lang='lat' dir='ltr'><strong>prtel&#39;ari</strong></span> <span class='ocrx_word' id='word_1_931' title='bbox 2946 4910 3193 4980; x_wconf 85' lang='lat' dir='ltr'><strong>dignatus</strong></span> <span class='ocrx_word' id='word_1_932' title='bbox 3217 4911 3306 4976; x_wconf 88' lang='lat' dir='ltr'><strong>sit,</strong></span> <span class='ocrx_word' id='word_1_933' title='bbox 3337 4911 3458 4966; x_wconf 90' lang='lat' dir='ltr'><strong>audi</strong></span> <span class='ocrx_word' id='word_1_934' title='bbox 3484 4927 3604 4980; x_wconf 73' lang='lat' dir='ltr'><strong>qua:</strong></span> <span class='ocrx_word' id='word_1_935' title='bbox 3632 4929 3675 4966; x_wconf 78' lang='grc' dir='ltr'>ει</span> <span class='ocrx_word' id='word_1_936' title='bbox 3716 4928 3867 4983; x_wconf 76' lang='lat' dir='ltr'><strong>luun-</strong></span> 
     </span>
    </p>
   </div>
   <div class='ocr_carea' id='block_1_113' title="bbox 2289 4999 3871 5076">
    <p class='ocr_par' dir='ltr' id='par_1_113' title="bbox 2289 4999 3871 5076">
     <span class='ocr_line' id='line_1_113' title="bbox 2289 4999 3871 5076; baseline -0.002 -16"><span class='ocrx_word' id='word_1_937' title='bbox 2289 5014 2393 5060; x_wconf 90' lang='lat' dir='ltr'><strong>tur.</strong></span> <span class='ocrx_word' id='word_1_938' title='bbox 2423 5003 2564 5061; x_wconf 53' lang='grc' dir='ltr'><strong>μετ</strong></span> <span class='ocrx_word' id='word_1_939' title='bbox 2590 5002 2740 5069; x_wconf 76' lang='lat' dir='ltr'><strong>dixit,</strong></span> <span class='ocrx_word' id='word_1_940' title='bbox 2761 5002 2950 5072; x_wconf 82' lang='lat' dir='ltr'><strong>inquit,</strong></span> <span class='ocrx_word' id='word_1_941' title='bbox 2973 4999 3226 5056; x_wconf 86' lang='lat' dir='ltr'><strong>Dominus</strong></span> <span class='ocrx_word' id='word_1_942' title='bbox 3411 5003 3478 5054; x_wconf 79' lang='lat' dir='ltr'><strong>ad</strong></span> <span class='ocrx_word' id='word_1_943' title='bbox 3508 4999 3656 5055; x_wconf 81' lang='lat' dir='ltr'><strong>Noe:</strong></span> <span class='ocrx_word' id='word_1_944' title='bbox 3720 5019 3871 5074; x_wconf 75' lang='lat' dir='ltr'><strong>ngre-</strong></span> 
     </span>
    </p>
   </div>
   <div class='ocr_carea' id='block_1_114' title="bbox 2289 5089 3868 5163">
    <p class='ocr_par' dir='ltr' id='par_1_114' title="bbox 2289 5089 3868 5163">
     <span class='ocr_line' id='line_1_114' title="bbox 2289 5089 3868 5163; baseline 0 -15"><span class='ocrx_word' id='word_1_945' title='bbox 2289 5094 2407 5149; x_wconf 67' lang='grc' dir='ltr'><em>ἄρνε</em></span> <span class='ocrx_word' id='word_1_946' title='bbox 2428 5103 2481 5149; x_wconf 84' lang='lat' dir='ltr'><strong>tu</strong></span> <span class='ocrx_word' id='word_1_947' title='bbox 2509 5103 2552 5146; x_wconf 85' lang='lat' dir='ltr'><strong>et</strong></span> <span class='ocrx_word' id='word_1_948' title='bbox 2581 5094 2744 5146; x_wconf 88' lang='lat' dir='ltr'><strong>omnis</strong></span> <span class='ocrx_word' id='word_1_949' title='bbox 2765 5091 2948 5146; x_wconf 86' lang='lat' dir='ltr'><strong>domus</strong></span> <span class='ocrx_word' id='word_1_950' title='bbox 2974 5102 3060 5143; x_wconf 85' lang='lat' dir='ltr'><strong>tua</strong></span> <span class='ocrx_word' id='word_1_951' title='bbox 3088 5091 3142 5144; x_wconf 87' lang='lat' dir='ltr'><strong>in</strong></span> <span class='ocrx_word' id='word_1_952' title='bbox 3163 5106 3334 5144; x_wconf 85' lang='lat' dir='ltr'><strong>arcam</strong></span> <span class='ocrx_word' id='word_1_953' title='bbox 3358 5089 3521 5163; x_wconf 85' lang='lat' dir='ltr'><strong>(Cap.</strong></span> <span class='ocrx_word' id='word_1_954' title='bbox 3546 5091 3632 5161; x_wconf 90' lang='lat' dir='ltr'><strong>&#39;l).</strong></span> <span class='ocrx_word' id='word_1_955' title='bbox 3670 5092 3673 5114; x_wconf 75' lang='lat'><em>&quot;</em></span> <span class='ocrx_word' id='word_1_956' title='bbox 3716 5093 3868 5149; x_wconf 84' lang='lat' dir='ltr'><strong>einde</strong></span> 
     </span>
    </p>
   </div>
   <div class='ocr_carea' id='block_1_115' title="bbox 2293 5181 3865 5253">
    <p class='ocr_par' dir='ltr' id='par_1_115' title="bbox 2293 5181 3865 5253">
     <span class='ocr_line' id='line_1_115' title="bbox 2293 5181 3865 5253; baseline -0.001 -13"><span class='ocrx_word' id='word_1_957' title='bbox 2293 5196 2349 5240; x_wconf 89' lang='lat' dir='ltr'><strong>ut</strong></span> <span class='ocrx_word' id='word_1_958' title='bbox 2366 5187 2594 5240; x_wconf 88' lang='lat' dir='ltr'><strong>sciamus</strong></span> <span class='ocrx_word' id='word_1_959' title='bbox 2616 5186 2788 5253; x_wconf 83' lang='lat' dir='ltr'><strong>ipsum</strong></span> <span class='ocrx_word' id='word_1_960' title='bbox 2807 5197 2913 5237; x_wconf 85' lang='lat' dir='ltr'><strong>non</strong></span> <span class='ocrx_word' id='word_1_961' title='bbox 2934 5184 3100 5252; x_wconf 86' lang='lat' dir='ltr'><strong>gratia</strong></span> <span class='ocrx_word' id='word_1_962' title='bbox 3122 5181 3394 5237; x_wconf 79' lang='lat' dir='ltr'><strong>dumtaxat</strong></span> <span class='ocrx_word' id='word_1_963' title='bbox 3409 5182 3611 5252; x_wconf 88' lang='lat' dir='ltr'><strong>justum</strong></span> <span class='ocrx_word' id='word_1_964' title='bbox 3629 5199 3669 5237; x_wconf 78' lang='lat' dir='ltr'><strong>St</strong></span> <span class='ocrx_word' id='word_1_965' title='bbox 3716 5199 3865 5250; x_wconf 60' lang='lat' dir='ltr'><strong>vare,</strong></span> 
     </span>
    </p>
   </div>
   <div class='ocr_carea' id='block_1_116' title="bbox 2294 5270 3867 5343">
    <p class='ocr_par' dir='ltr' id='par_1_116' title="bbox 2294 5270 3867 5343">
     <span class='ocr_line' id='line_1_116' title="bbox 2294 5270 3867 5343; baseline -0.001 -14"><span class='ocrx_word' id='word_1_966' title='bbox 2294 5274 2384 5329; x_wconf 86' lang='lat' dir='ltr'><strong>sed</strong></span> <span class='ocrx_word' id='word_1_967' title='bbox 2434 5282 2488 5328; x_wconf 79' lang='lat' dir='ltr'><strong>et</strong></span> <span class='ocrx_word' id='word_1_968' title='bbox 2529 5273 2770 5328; x_wconf 85' lang='lat' dir='ltr'><strong>laborum</strong></span> <span class='ocrx_word' id='word_1_969' title='bbox 2822 5270 3099 5326; x_wconf 83' lang='lat' dir='ltr'><strong>mercedes</strong></span> <span class='ocrx_word' id='word_1_970' title='bbox 3136 5272 3258 5341; x_wconf 89' lang='lat' dir='ltr'><strong>ipsi,</strong></span> <span class='ocrx_word' id='word_1_971' title='bbox 3302 5281 3356 5326; x_wconf 91' lang='lat' dir='ltr'><strong>et</strong></span> <span class='ocrx_word' id='word_1_972' title='bbox 3400 5271 3612 5327; x_wconf 87' lang='lat' dir='ltr'><strong>virtutis</strong></span> <span class='ocrx_word' id='word_1_973' title='bbox 3653 5287 3667 5343; x_wconf 82' lang='grc' dir='ltr'><strong>ι</strong></span> <span class='ocrx_word' id='word_1_974' title='bbox 3716 5275 3867 5328; x_wconf 62' lang='lat' dir='ltr'><strong>armis</strong></span> 
     </span>
    </p>
   </div>
   <div class='ocr_carea' id='block_1_117' title="bbox 2296 5362 3866 5431">
    <p class='ocr_par' dir='ltr' id='par_1_117' title="bbox 2296 5362 3866 5431">
     <span class='ocr_line' id='line_1_117' title="bbox 2296 5362 3866 5431; baseline 0 -11"><span class='ocrx_word' id='word_1_975' title='bbox 2296 5367 2544 5429; x_wconf 86' lang='lat' dir='ltr'><strong>tribuere,</strong></span> <span class='ocrx_word' id='word_1_976' title='bbox 2589 5364 2737 5419; x_wconf 89' lang='lat' dir='ltr'><strong>dicit:</strong></span> <span class='ocrx_word' id='word_1_977' title='bbox 2780 5362 2908 5417; x_wconf 88' lang='lat' dir='ltr'><strong>ldeo</strong></span> <span class='ocrx_word' id='word_1_978' title='bbox 2948 5364 3038 5417; x_wconf 92' lang='lat' dir='ltr'><strong>tibi</strong></span> <span class='ocrx_word' id='word_1_979' title='bbox 3067 5365 3290 5431; x_wconf 85' lang='lat' dir='ltr'><strong>impero,</strong></span> <span class='ocrx_word' id='word_1_980' title='bbox 3320 5375 3376 5418; x_wconf 92' lang='lat' dir='ltr'><strong>ut</strong></span> <span class='ocrx_word' id='word_1_981' title='bbox 3407 5373 3459 5418; x_wconf 83' lang='lat' dir='ltr'><strong>tu</strong></span> <span class='ocrx_word' id='word_1_982' title='bbox 3489 5373 3541 5418; x_wconf 90' lang='lat' dir='ltr'><strong>et</strong></span> <span class='ocrx_word' id='word_1_983' title='bbox 3569 5364 3665 5419; x_wconf 82' lang='lat' dir='ltr'><strong>dor</strong></span> <span class='ocrx_word' id='word_1_984' title='bbox 3716 5382 3764 5421; x_wconf 69' lang='grc' dir='ltr'>ιδ</span> <span class='ocrx_word' id='word_1_985' title='bbox 3786 5377 3866 5420; x_wconf 89' lang='lat' dir='ltr'><strong>tua</strong></span> 
     </span>
    </p>
   </div>
   <div class='ocr_carea' id='block_1_118' title="bbox 2293 5451 3866 5523">
    <p class='ocr_par' dir='ltr' id='par_1_118' title="bbox 2293 5451 3866 5523">
     <span class='ocr_line' id='line_1_118' title="bbox 2293 5451 3866 5523; baseline -0.001 -13"><span class='ocrx_word' id='word_1_986' title='bbox 2293 5457 2469 5510; x_wconf 87' lang='lat' dir='ltr'><strong>omnis</strong></span> <span class='ocrx_word' id='word_1_987' title='bbox 2497 5455 2549 5508; x_wconf 90' lang='lat' dir='ltr'><strong>in</strong></span> <span class='ocrx_word' id='word_1_988' title='bbox 2579 5468 2756 5508; x_wconf 88' lang='lat' dir='ltr'><strong>arcam</strong></span> <span class='ocrx_word' id='word_1_989' title='bbox 2784 5451 3174 5522; x_wconf 85' lang='lat' dir='ltr'><strong>ingrediamini,</strong></span> <span class='ocrx_word' id='word_1_990' title='bbox 3211 5454 3342 5516; x_wconf 78' lang='lat' dir='ltr'><strong>Quia</strong></span> <span class='ocrx_word' id='word_1_991' title='bbox 3368 5464 3414 5506; x_wconf 88' lang='lat' dir='ltr'><strong>te</strong></span> <span class='ocrx_word' id='word_1_992' title='bbox 3433 5453 3534 5506; x_wconf 78' lang='lat' dir='ltr'><strong>uidi</strong></span> <span class='ocrx_word' id='word_1_993' title='bbox 3559 5455 3663 5523; x_wconf 83' lang='lat' dir='ltr'><strong>just</strong></span> <span class='ocrx_word' id='word_1_994' title='bbox 3716 5472 3759 5507; x_wconf 82' lang='lat' dir='ltr'><strong>nt</strong></span> <span class='ocrx_word' id='word_1_995' title='bbox 3783 5471 3866 5510; x_wconf 84' lang='lat' dir='ltr'><strong>co-</strong></span> 
     </span>
    </p>
   </div>
   <div class='ocr_carea' id='block_1_119' title="bbox 2293 5541 3866 5615">
    <p class='ocr_par' dir='ltr' id='par_1_119' title="bbox 2293 5541 3866 5615">
     <span class='ocr_line' id='line_1_119' title="bbox 2293 5541 3866 5615; baseline 0 -16"><span class='ocrx_word' id='word_1_996' title='bbox 2293 5559 2404 5600; x_wconf 83' lang='lat' dir='ltr'><strong>ram</strong></span> <span class='ocrx_word' id='word_1_997' title='bbox 2431 5561 2508 5599; x_wconf 75' lang='lat' dir='ltr'><strong>nte</strong></span> <span class='ocrx_word' id='word_1_998' title='bbox 2533 5543 2586 5598; x_wconf 85' lang='lat' dir='ltr'><strong>in</strong></span> <span class='ocrx_word' id='word_1_999' title='bbox 2618 5543 2936 5615; x_wconf 86' lang='lat' dir='ltr'><strong>generatione</strong></span> <span class='ocrx_word' id='word_1_1000' title='bbox 2970 5541 3089 5596; x_wconf 85' lang='lat' dir='ltr'><strong>ista.</strong></span> <span class='ocrx_word' id='word_1_1001' title='bbox 3128 5541 3374 5612; x_wconf 76' lang='lat' dir='ltr'><strong>Magnum</strong></span> <span class='ocrx_word' id='word_1_1002' title='bbox 3417 5551 3473 5598; x_wconf 87' lang='lat' dir='ltr'><strong>et</strong></span> <span class='ocrx_word' id='word_1_1003' title='bbox 3514 5541 3618 5599; x_wconf 79' lang='lat' dir='ltr'><strong>ﬁde</strong></span> <span class='ocrx_word' id='word_1_1004' title='bbox 3656 5566 3661 5591; x_wconf 66' lang='grc' dir='ltr'><strong>ι</strong></span> <span class='ocrx_word' id='word_1_1005' title='bbox 3716 5560 3866 5613; x_wconf 89' lang='lat' dir='ltr'><strong>gnum</strong></span> 
     </span>
    </p>
   </div>
   <div class='ocr_carea' id='block_1_120' title="bbox 2296 5633 3865 5707">
    <p class='ocr_par' dir='ltr' id='par_1_120' title="bbox 2296 5633 3865 5707">
     <span class='ocr_line' id='line_1_120' title="bbox 2296 5633 3865 5707; baseline -0.002 -12"><span class='ocrx_word' id='word_1_1006' title='bbox 2296 5637 2680 5694; x_wconf 88' lang='lat' dir='ltr'><strong>testimonium.</strong></span> <span class='ocrx_word' id='word_1_1007' title='bbox 2710 5633 2846 5704; x_wconf 85' lang='lat' dir='ltr'><strong>Quid</strong></span> <span class='ocrx_word' id='word_1_1008' title='bbox 2889 5634 3029 5690; x_wconf 86' lang='lat' dir='ltr'><strong>enim</strong></span> <span class='ocrx_word' id='word_1_1009' title='bbox 3072 5635 3172 5690; x_wconf 90' lang='lat' dir='ltr'><strong>boc</strong></span> <span class='ocrx_word' id='word_1_1010' title='bbox 3207 5636 3378 5704; x_wconf 89' lang='lat' dir='ltr'><strong>majus</strong></span> <span class='ocrx_word' id='word_1_1011' title='bbox 3415 5647 3579 5701; x_wconf 85' lang='lat' dir='ltr'><strong>esset.</strong></span> <span class='ocrx_word' id='word_1_1012' title='bbox 3605 5651 3659 5691; x_wconf 80' lang='lat' dir='ltr'><strong>ct</strong></span> <span class='ocrx_word' id='word_1_1013' title='bbox 3716 5653 3730 5690; x_wconf 87' lang='lat' dir='ltr'><strong>i</strong></span> <span class='ocrx_word' id='word_1_1014' title='bbox 3763 5638 3865 5707; x_wconf 86' lang='lat' dir='ltr'><strong>ipse</strong></span> 
     </span>
    </p>
   </div>
   <div class='ocr_carea' id='block_1_121' title="bbox 2298 5725 3866 5799">
    <p class='ocr_par' dir='ltr' id='par_1_121' title="bbox 2298 5725 3866 5799">
     <span class='ocr_line' id='line_1_121' title="bbox 2298 5725 3866 5799; baseline -0.007 -11"><span class='ocrx_word' id='word_1_1015' title='bbox 2298 5729 2572 5799; x_wconf 88' lang='lat' dir='ltr'><strong>Conditor,</strong></span> <span class='ocrx_word' id='word_1_1016' title='bbox 2601 5737 2657 5785; x_wconf 89' lang='lat' dir='ltr'><strong>et</strong></span> <span class='ocrx_word' id='word_1_1017' title='bbox 2680 5729 2770 5798; x_wconf 91' lang='lat' dir='ltr'><strong>qui</strong></span> <span class='ocrx_word' id='word_1_1018' title='bbox 2797 5742 2918 5784; x_wconf 90' lang='lat' dir='ltr'><strong>eum</strong></span> <span class='ocrx_word' id='word_1_1019' title='bbox 2945 5737 3166 5785; x_wconf 89' lang='lat' dir='ltr'><strong>utesset</strong></span> <span class='ocrx_word' id='word_1_1020' title='bbox 3197 5727 3463 5798; x_wconf 76' lang='lat' dir='ltr'><strong>produxit.</strong></span> <span class='ocrx_word' id='word_1_1021' title='bbox 3493 5728 3617 5783; x_wconf 88' lang='lat' dir='ltr'><strong>talia</strong></span> <span class='ocrx_word' id='word_1_1022' title='bbox 3643 5746 3657 5783; x_wconf 77' lang='grc' dir='ltr'><strong>ι</strong></span> <span class='ocrx_word' id='word_1_1023' title='bbox 3727 5725 3866 5795; x_wconf 83' lang='lat' dir='ltr'><strong>justo</strong></span> 
     </span>
    </p>
   </div>
  </div>
