4054 6312
289 348 396 403 215

291 452 451 522 ζηται
479 449 604 521 περὶ
631 449 725 502 :06
760 449 1002 516 δικαίου;
1035 449 1150 503 Ὀτι
1179 463 1272 514 σε,
1305 450 1472 520 φησὶν
1491 492 1507 516 ,
1536 447 1703 507 εἶδον
1722 447 1958 502 δίκαιον

289 539 566 592 ἀναντίον
590 537 758 607 ἐμοῦ.
800 539 867 592 Ἦ
904 538 1108 609 ἀληθὴς
1146 537 1316 608 ἀρετὴ
1350 537 1491 609 αὕτη
1511 579 1526 602 ,
1559 540 1688 592 ὅταν
1721 538 1960 590 ἐναντίον

295 623 389 678 τοῦ
408 623 545 677 Θεοῦ
577 641 661 688 τις
681 624 885 694 ταύτην
907 623 1290 690 ἐπιδείκνυται,
1318 625 1447 680 ὅταν
1474 627 1503 678 6
1523 625 1800 696 ὀφθαλμὸς
1825 625 1962 677 6st-

295 701 386 774 νος
422 712 452 764 ὀ
489 711 926 782 ἀπαραλόγιστος
967 709 1068 782 τὴν
1093 709 1273 781 ψῆφον
1301 711 1464 784 φέρῃ.
1522 708 1656 768 Εἶτα
1694 710 1962 766 διδάσκων

295 799 442 868 ἡμᾶς
467 798 496 850 6
520 797 896 867 φιλάνθρωπος
924 795 1058 862 Θεὸς
1085 797 1148 850 :6
1182 800 1380 868 μέτρον
1421 800 1524 870 τῆς
1553 799 1752 871 ἀρετῆς
1774 841 1790 865 ,
1823 799 1963 870 ὅπερ

293 884 494 955 ἀπῄτει
528 883 647 937 τότε
681 883 829 954 παρά
856 883 950 936 τοῦ
982 883 1192 938 δικαίου
1233 885 1333 954 (ού
1361 885 1470 957 γάρ
1515 888 1576 939 :6
1601 886 1733 939 αὑτὸ
1766 884 1962 955 μέτρον

295 971 426 1042 παρ’
452 970 682 1025 ἑκάστου
707 970 953 1042 βούλεται
986 973 1084 1042 τῆς
1111 973 1314 1044 ἀρετῆς
1337 974 1704 1045 εἰσφέρεσθαι,
1737 972 1872 1027 ἀλλά
1893 974 1960 1043 τῇ

292 1057 525 1130 διαφορᾷ
554 1057 662 1111 τῶν
695 1058 901 1129 χρόνων
931 1060 1026 1113 καὶ
1051 1058 1149 1129 την
1185 1058 1450 1131 διαφοράν
1479 1060 1576 1128 τῆς
1612 1059 1812 1131 ἀρετῆς
1841 1061 1962 1112 δπιο

295 1146 468 1218 ζητεῖ)
487 1185 503 1209 ,
536 1146 702 1216 φησὶν
725 1187 741 1211 ,
769 1147 900 1200 Ὅτι
941 1161 1018 1200 σε
1043 1141 1207 1200 εἶδον
1235 1144 1472 1202 δίκαιον
1493 1147 1772 1203 ἐναντίον
1815 1146 1962 1216 ἐμοῦ

295 1230 366 1285 ἐν
385 1230 460 1300 τῇ
480 1231 659 1300 γενεᾷ
685 1231 892 1299 ταύτῃ,
920 1231 999 1295 εἰς
1025 1232 1222 1286 κακίαν
1239 1231 1574 1304 ἀποκλινάση
1599 1231 1886 1302 τοσαύτην,
1905 1234 1964 1285 ἐν

293 1321 360 1391 τῇ
394 1320 555 1389 γενεᾷ
583 1317 756 1390 ταύτῃ
789 1319 855 1390 τῇ
910 1320 1156 1390 πονηρᾷ,
1197 1319 1293 1389 τὴν
1343 1320 1610 1390 τοσαύτην
1641 1320 1960 1390 ἀγνωμοσύ-

293 1423 392 1476 νην
438 1405 840 1480 ἐπιδειξαμένῃ.
875 1406 953 1460 Σὲ
995 1402 1161 1460 εἶδον
1202 1405 1466 1470 δίκαιον,
1503 1407 1562 1460 σὲ
1607 1409 1766 1478 μόνον
1806 1403 1964 1478 εὖρον

294 1491 634 1563 εὐγνώμονα,
652 1492 711 1546 σε
737 1488 877 1545 εἶδον
898 1492 995 1564 τῆς
1021 1492 1222 1563 ἀρετῆς
1241 1493 1408 1546 πολὺν
1430 1493 1748 1564 ποιούμενον
1773 1494 1930 1562 λόγον
1945 1513 1960 1527 ·

297 1581 363 1632 σὺ
400 1579 557 1650 μόνος
587 1579 826 1633 ἐναντίον
861 1574 960 1649 μου
988 1578 1194 1641 δίκαιος
1220 1577 1438 1650 ὤφθης,
1472 1579 1678 1634 τούτων
1707 1581 1965 1637 ἀπάντων

295 1665 684 1737 ἀπολλυμένων
707 1682 722 1698 ο
757 1665 816 1718 σέ
856 1665 1178 1736 προστάττω
1212 1665 1471 1720 εἰσελθεῖν
1519 1668 1657 1738 μετά
1685 1667 1782 1721 :06
1813 1669 1965 1722 οίκου

297 1768 390 1804 σου
422 1752 624 1815 παντὸς
654 1751 734 1814 εἰς
758 1751 861 1821 τὴν
893 1749 1126 1805 κισωτόν
1145 1767 1160 1782 ο
1207 1753 1318 1805 ἀπὸ
1343 1753 1400 1807 δὲ
1447 1753 1555 1808 τῶν
1597 1755 1809 1826 κτηνῶν
1857 1756 1966 1810 τῶν

295 1837 552 1910 καθαρῶν
573 1835 780 1890 κελεύω
814 1853 874 1891 σε
903 1838 1219 1907 εἰσαγαγεῖν
1241 1837 1383 1892 ἑπτὰ
1413 1841 1571 1894 ἐπτά.
1590 1841 1806 1912 Ἐπειδὴ
1830 1859 1963 1914 προ-

294 1921 472 1977 λαϐὼν
503 1922 833 1994 προσέταξεν
865 1922 1184 1994 ἀδιορίστως
1229 1925 1338 1979 ἀπὸ
1368 1927 1583 1981 πάντων
1623 1928 1752 1998 μίαν
1806 1927 1968 1995 συζυ-

295 2010 420 2079 γίαν
454 2001 808 2080 εἰσαχθῆναι·
841 2009 929 2063 διά
961 2008 1120 2063 τοῦτο
1167 2009 1263 2065 νῦν
1315 2029 1480 2083 φησιν
1502 2055 1520 2080 ,
1557 2014 1691 2070 Ἀπὸ
1733 2015 1804 2070 δὲ
1849 2015 1968 2071 τῶν

294 2099 569 2170 καθαρῶν
594 2100 746 2156 ἑκτὰ
775 2101 926 2156 ἑπτὰ
943 2139 960 2164 ,
1013 2100 1133 2156 ἀπὸ
1159 2100 1228 2154 δὲ
1267 2102 1388 2156 τῶν
1417 2103 1506 2172 μὴ
1539 2103 1813 2174 καθαρῶν
1856 2106 1968 2162 δύο

293 2188 425 2252 δύο,
453 2186 644 2258 ἄρσεν
667 2187 767 2241 καί
816 2186 996 2256 θῆλυ.
1020 2183 1153 2242 Εἰτα
1196 2188 1296 2258 τὴν
1330 2188 1506 2243 αἰτίαν
1549 2190 1816 2246 διδάσκων
1864 2195 1964 2247 ἐπ-

296 2279 490 2344 ήγαγε,
515 2276 831 2345 Διαθρέψαι
849 2273 1087 2344 σπέρμα
1110 2273 1209 2328 ἐπί
1233 2273 1441 2330 πᾶσαν
1469 2275 1584 2344 τὴν
1609 2277 1746 2348 γῆν.
1781 2280 1967 2346 Ἄξιον

290 2360 350 2415 δὲ
376 2360 612 2416 ενταῦθα
649 2361 992 2432 διερευνῆσαι
1022 2360 1116 2414 καὶ
1162 2359 1288 2415 ἰδεῖν
1309 2401 1324 2424 ,
1357 2361 1518 2415 πόθεν
1557 2364 1675 2434 ᾔδει
1705 2369 1733 2419 6
1759 2365 1966 2430 δίκαιος

293 2450 415 2502 τίνα
448 2447 547 2518 μὲν
574 2441 643 2519 ἦν
681 2446 919 2518 καθαρὰ,
947 2447 1069 2500 τίνα
1095 2447 1154 2501 δὲ
1179 2446 1486 2519 ἀκάθαρτα.
1519 2449 1744 2505 Οὐδέπω
1764 2453 1874 2523 γάρ
1899 2449 1968 2526 ῆν

294 2537 328 2603 ή
360 2531 782 2606 διαίρεσιςαὺτη
813 2533 1176 2604 γεγενημένη,
1208 2533 1276 2604 ῆν
1319 2533 1456 2606 μετά
1483 2534 1655 2590 ταῦτα
1681 2541 1709 2591 ὀ
1733 2538 1966 2611 Μωῡσῆς

296 2621 656 2693 ἐνομοθέτησε
692 2622 806 2684 τοῖς
849 2619 1145 2685 Ἰουδαίοις.
1194 2620 1364 2674 Πόθεν
1405 2618 1499 2676 οὖν
1545 2622 1689 2695 ᾔδει;
1717 2626 1964 2695 οίκοθεν,

297 2707 614 2776 κινούμενος
631 2705 740 2760 01:6
762 2707 861 2776 τῆς
889 2707 947 2758 έν
975 2708 1040 2776 τῇ
1070 2705 1228 2774 φύσει
1258 2708 1690 2779 ἐναποκειμένης
1715 2709 1967 2767 διδασκα-

296 2792 446 2858 λίας,
476 2792 614 2862 μετά
651 2791 708 2846 66
739 2792 943 2862 ταύτης
975 2793 1120 2846 x016
1144 2793 1403 2863 λογισμὸς
1440 2795 1834 2867 ὑπηγόρευσεν.
1871 2802 1968 2854 U6-

295 2878 384 2930 δὲν
426 2877 534 2948 γάρ
589 2875 896 2946 ἀκάθαρτον
928 2875 1037 2928 τῶν
1082 2876 1232 2946 παρὰ
1265 2877 1359 2929 :06
1398 2878 1531 2932 Θεοῦ
1564 2882 1964 2953 γεγενημένων.

297 2962 422 3027 ῐιῶς
451 2963 558 3034 γὰρ
586 2963 897 3034 ἀκάθαρτον
942 2961 1272 3033 καλέσαιμέν
1308 2980 1362 3016 τι
1393 2965 1502 3018 τῶν
1539 2965 1968 3041 δημιουργηθένο

295 3067 426 3116 των,
451 3050 598 3115 ἅπαξ
614 3050 712 3121 τῆς
737 3049 944 3104 ἀνωθεν
965 3049 1150 3120 ψήφου
1183 3051 1309 3121 περί
1337 3051 1517 3106 αὑτῶν
1540 3065 1567 3094 ι
1595 3060 1969 3132 γεγενημένης

297 3137 394 3190 καὶ
433 3135 691 3207 εἰπούσης
734 3137 829 3206 τῆς
882 3135 1032 3198 θείας
1083 3135 1344 3206 Γραφῆς,
1387 3136 1698 3194 ὃτιῈῙδεν
1748 3145 1782 3196 ό
1825 3145 1970 3213 Θεὸς

297 3223 494 3278 πάντα
524 3223 642 3278 ὅσα
677 3224 946 3291 ἐποίησε,
976 3223 1074 3277 καί
1112 3222 1242 3277 ἰδοὺ
1270 3224 1429 3303 κααᾲ
1457 3226 1601 3280 ..ἰίαν
1617 3243 1638 3292 ;
1676 3228 1836 3284 Ἀλλά
1861 3232 1970 3286 λοι-

297 3310 400 3364 πὸν
437 3313 470 3380 ἠ
506 3310 666 3381 φύσις
701 3310 796 3380 ἀφ’
830 3309 1030 3381 ἑαυτῆς
1076 3312 1367 3383 κινουμένη
1401 3314 1500 3384 τὴν
1533 3313 1805 3391 διάκρισιν
1842 3322 1942 3376 :06

297 3413 397 3469 την
440 3397 771 3462 ἐπεδείξατο.
803 3397 915 3451 K01
954 3398 1038 3451 ὅτι
1075 3396 1232 3452 τοῦτό
1273 3399 1422 3453 ἐστιν
1455 3401 1681 3472 ἀληθὲς,
1718 3406 1971 3479 ἐννόησόν

301 3502 391 3554 μοι
414 3483 491 3538 ἔτι
517 3485 612 3538 καί
642 3483 761 3548 νῦν,
790 3484 940 3559 ὅπως
967 3483 1024 3538 έν
1051 3501 1160 3538 τισι
1195 3486 1294 3555 μὲν
1317 3486 1503 3550 τόποις
1544 3490 1708 3545 τινῶν
1739 3493 1970 3566 ἀπέχονο

296 3587 389 3626 ται
419 3571 549 3624 ένιοι
585 3572 660 3634 ῶς
689 3570 1015 3641 ἀκαθάρτων
1045 3571 1140 3626 καὶ
1183 3573 1257 3643 μὴ
1287 3575 1708 3645 νενομισμένων,
1744 3579 1875 3635 ένιοι
1910 3585 1968 3639 δὲ

298 3661 501 3714 τούτων
530 3659 690 3712 πάλιν
725 3659 824 3728 τὴν
860 3657 1160 3729 μετάληψιν
1201 3658 1503 3721 ποιοῦνται,
1549 3662 1653 3734 τῆς
1682 3668 1968 3737 συνηθείας

299 3745 495 3807 αὑτοὺς
527 3745 620 3797 ἐπὶ
660 3743 817 3798 τοῦτο
843 3744 1102 3830 ἀγούσης.
1130 3744 1316 3810 Οὕτως
1341 3742 1435 3800 οὖν
1475 3749 1570 3802 καὶ
1600 3750 1719 3804 τότε
1749 3754 1888 3828 αὑτὴ
1933 3762 1966 3830 ἡ

300 3829 696 3901 ἐναποκειμένη
729 3831 929 3898 γνῶσις
962 3829 1040 3900 τῷ
1076 3830 1272 3901 δικαίῳ
1300 3831 1543 3887 ἐδίδασκε
1568 3872 1584 3894 ,
1615 3835 1736 3890 τίνα
1771 3839 1870 3907 μὲν
1900 3829 1970 3913 ἦν

301 3915 454 3988 [225]
487 3916 623 3988 πρὸς
655 3915 856 3988 βρῶσιν
889 3917 1199 3988 ἐπιτήδεια,
1228 3918 1347 3972 τίνα
1396 3918 1454 3972 δὲ
1503 3921 1787 3992 ἀκάθαρτα
1817 3966 1832 3990 ,
1870 3930 1971 3982 οὐκ

299 4008 430 4060 ὅντα
455 4048 470 4070 ,
517 4006 652 4062 ἀλλὰ
685 4005 1032 4078 νομιζόμενα.
1065 4007 1221 4070 Τίνος
1265 4007 1452 4062 ἕνεκεν
1473 4049 1488 4074 ,
1539 4012 1659 4064 εἰπέ
1691 4029 1814 4082 μοι,
1851 4016 2006 4068 δνονκ

297 4095 607 4166 ἀκάθαρτον
637 4095 918 4167 ἡγούμεθα
942 4133 958 4158 ,
987 4095 1160 4148 καίτοι
1196 4095 1348 4150 οὐδὲν
1377 4096 1563 4169 ἕτερον
1591 4101 1903 4171 σιτούμενον
1936 4105 1969 4176 ἢ

301 4183 592 4254 σπέρματα
612 4223 628 4250 ,
654 4182 816 4253 ιτερα
853 4183 908 4236 δὲ
941 4181 1050 4236 τῶν
1077 4183 1422 4255 τετραπόδων
1453 4185 1586 4256 πρὸς
1612 4187 1817 4259 βρῶσιν
1848 4192 1969 4245 ἐπι-

298 4271 485 4340 τήδεια
506 4269 821 4341 νομίζομεν,
847 4269 1022 4323 καίτοι
1042 4269 1354 4341 ἀκαθάρτου
1387 4276 1594 4344 τροφῆς
1623 4277 1971 4350 μεταλαμϐά-

297 4373 497 4422 νοντας
538 4357 723 4420 Οὑτως
763 4360 796 4428 ὴ
831 4357 981 4430 παρά
1012 4357 1107 4410 :06
1139 4357 1274 4410 Θεοῦ
1307 4361 1673 4430 χορηγηθεϊσα
1707 4367 1772 4435 τῇ
1807 4365 1968 4433 φύσει

298 4445 500 4514 γνῶσις
527 4444 734 4497 τούτων
765 4444 1082 4508 διδάσκαλος
1105 4445 1334 4511 ἐγίνετο.
1381 4447 1614 4520 Ἑτέρως
1636 4450 1693 4504 61-:
1721 4452 1868 4506 ἐστιν
1889 4457 1968 4508 εἰο-

297 4535 441 4596 πείν,
471 4533 555 4585 ὄτι
586 4533 679 4586 καί
701 4534 730 4586 6
752 4531 1058 4602 προστάξας
1080 4530 1209 4594 Θεὸς
1232 4534 1333 4604 τὴν
1363 4533 1562 4603 γνῶσιν
1590 4537 1739 4608 αύτῷ
1762 4540 1966 4595 τούτων

295 4619 462 4690 δήλην
491 4619 764 4690 ἐποίησεν.
810 4617 969 4672 Ἀλλά
997 4618 1124 4690 περὶ
1143 4619 1260 4690 ,μὲν
1289 4621 1398 4676 τῶν
1425 4619 1680 4696 καθαρῶν
1711 4628 1804 4680 καί
1829 4630 1966 4683 0x0-

299 4707 513 4778 θάρτων
544 4707 856 4778 ἀρκούντως
879 4707 1204 4777 εἰρήκαμεν.

371 4795 445 4859 ς’.
470 4795 635 4848 Πάλιν
655 4795 712 4848 δέ
727 4795 912 4865 ἕτερον
931 4795 1059 4865 ἡμῖν
1085 4792 1382 4850 ἀνακόπτει
1405 4795 1624 4869 ζήτημα
1645 4816 1656 4828 ·
1685 4802 1750 4854 Τί
1769 4804 1963 4875 δήποτε

297 4880 405 4934 01:6
441 4880 540 4951 μὲν
567 4880 676 4935 τῶν
707 4879 1030 4952 ἀκαθάρτων
1061 4880 1156 4934 δύο
1187 4881 1280 4934 δύο
1299 4921 1313 4945 ,
1343 4883 1452 4938 ἀπὸ
1481 4884 1538 4937 δὲ
1579 4887 1686 4940 τῶν
1714 4891 1966 4962 καθαρῶν

297 4968 436 5022 ἑπτά
464 4967 638 5033 ἐπτάς
668 4967 763 5019 καὶ
793 4967 953 5021 πάλιν
973 4983 986 4998 ·
1016 4968 1169 5029 Τίνος
1195 4968 1381 5022 ἕνεκεν
1405 4972 1503 5042 οὑχ
1535 4971 1594 5037 ἓξ
1613 5015 1627 5036 ,
1655 4975 1773 5030 οὑδὲ
1799 4977 1963 5044 ὀκτὼ,

294 5054 408 5108 ἀλλ’
429 5053 605 5116 έπτάς
624 5053 775 5124 Τάχα
799 5055 878 5118 εἰς
903 5054 1036 5108 πολὺ
1063 5057 1234 5124 μῆκος
1257 5057 1285 5107 ὁ
1307 5056 1462 5125 λόγος
1489 5059 1620 5129 ἡμῖν
1646 5063 1962 5119 ἐκτείνεται·

307 5145 411 5198 ιλλ’
441 5145 489 5197 εἰ
520 5143 596 5215 μὴ
620 5143 958 5214 άπεκάμετε,
992 5146 1085 5197 καὶ
1112 5144 1386 5215 βούλεσθε,
1413 5149 1690 5218 συντόμως
1719 5152 1812 5206 καὶ
1839 5156 1966 5227 περὶ

294 5232 498 5288 τούτων
545 5231 826 5301 διδάξομεν
864 5233 961 5302 τὴν
1014 5232 1285 5305 ὑμετέραν
1336 5237 1594 5306 ἀγάπην,
1629 5239 1773 5310 ἅπερ
1817 5240 1885 5295 ἂν
1932 5247 1964 5316 η

295 5320 388 5375 τοῦ
417 5318 553 5373 Θεοῦ
593 5320 754 5391 χάρις
783 5320 1085 5391 χορηγήσῃ.
1118 5321 1312 5376 Πολλοὶ
1349 5325 1455 5394 γὰρ
1490 5325 1660 5380 πολλὰ
1689 5330 1815 5400 περὶ
1844 5330 1966 5384 τού-

296 5425 402 5462 των
445 5405 842 5476 μυθολογοῦσι,
879 5406 974 5459 καὶ
1016 5407 1263 5461 ἐντεῦθεν
1315 5410 1568 5484 ἀφορμὴν
1598 5413 1965 5484 λαμϐάνοντες

295 5497 704 5566 παρατηρήσεις
743 5493 992 5566 ἀριθμῶν
1027 5493 1438 5552 ἐπιδείκνυνται.
1477 5499 1599 5554 ’Ὀτι
1630 5500 1685 5553 δὲ
1719 5503 1818 5556 οὑκ
1849 5503 1965 5558 ἔστι

297 5582 706 5654 παρατήρησις,
740 5581 912 5653 ἀλλ’ἢ
947 5582 1176 5653 ἄκαιρος
1218 5583 1698 5658 φιλοπραγμοσύνη
1729 5589 1836 5642 τῶν
1875 5592 1964 5644 ἀν-

354 5756 371 5777 ’
406 5756 495 5805 Ahi
521 5755 623 5816 περὶ
646 5741 818 5814 αὐτῶν,
844 5753 927 5802 alii
951 5752 1067 5817 ὑπὲρ
1089 5753 1264 5805 αὐτῶν.

1081 335 1137 393 S.
1173 333 1456 390 JOANNIS
1489 329 1979 390 CHRYSOSTOMI
2022 326 2344 388 ARCHIEP.
2385 328 2938 386 CONSTANTINOP.
3632 326 3721 380 ⁸2ἰεί

2062 444 2298 516 θρώπων
2351 444 2524 498 ταῦτα
2574 443 2938 498 ἀναπλάττειν
2993 443 3265 514 ἐπιχειρεῖ
3289 483 3304 508 ,
3367 440 3494 495 ὅθεν
3539 442 3632 493 καί
3676 443 3722 495 εἰ

2065 529 2278 595 πλείους
2301 533 2411 585 τῶν
2431 529 2698 602 αἰρέσεων
2732 531 3064 600 ἐτέχθησαν,
3094 530 3293 584 αὐτίκα
3325 529 3472 600 μάλα
3503 526 3724 583 είσεσθε.

2062 620 2172 673 K01
2203 620 2312 690 γάρ
2334 618 2411 683 ὡς
2429 619 2523 672 ἐπὶ
2551 618 2613 672 :6
2644 619 2895 672 πλεῖστον
2921 619 3032 689 (ἵνα
3055 617 3299 688 δόξωμεν
3329 617 3408 680 ὡς
3429 618 3497 670 ὲκ
3520 631 3726 688 περιου-

2064 707 2186 770 σίας
2226 706 2598 777 ἐπιστομίζειν
2639 707 2765 769 τοὺς
2805 707 2872 758 τὰ
2913 705 3024 760 01:6
3065 705 3174 761 τῶν
3207 705 3421 760 οἰκείων
3461 703 3726 775 λογισμῶν

2062 793 2508 866 ιπεισφέροντας)
2538 793 2867 864 εὑρίσκομεν
2898 796 2958 846 ἐν
2992 796 3114 857 ταῖς
3144 794 3390 864 Γραφαίς
3425 791 3628 864 μᾶλλον
3647 793 3728 847 τὸν

2061 881 2163 952 τῆς
2209 881 2471 951 συζυγίας
2501 880 2731 952 ἀριθμὸν
2761 878 3087 950 σωζόμενον.
3119 880 3232 934 K01
3273 881 3382 953 γάρ
3411 881 3578 950 ἡνίκα
3632 880 3729 934 ἀπ-

2063 967 2278 1022 έστελλε
2305 969 2434 1033 τοὺς
2462 967 2710 1040 μαθητὰς
2729 1008 2745 1033 ,
2781 967 2875 1022 δύο
2921 967 3016 1021 δύο
3044 967 3241 1030 αὑτοὺς
3281 966 3603 1031 ἀπέστελλε,
3645 967 3733 1021 καὶ

2063 1055 2217 1109 αὐτοὶ
2249 1055 2306 1109 δέ
2340 1053 2540 1118 πάντες
2563 1054 2774 1110 δώδεκα
2803 1051 2943 1127 ἦσαν
2969 1094 3004 1117 ,.
3029 1055 3124 1108 καὶ
3162 1053 3233 1108 τά
3264 1053 3571 1122 Εὑαγγέλια
3616 1054 3734 1106 τέσ-

2066 1159 2208 1214 σαρα
2253 1143 2345 1195 τὸν
2391 1141 2624 1214 ἀριθμόν
2655 1143 2821 1197 ἐστιν.
2873 1142 3034 1197 ’Δλλά
3059 1141 3234 1196 ταῦτα
3280 1141 3536 1214 περιττὸν
3567 1142 3733 1194 κινεῖν

2063 1231 2158 1283 ἐπὶ
2205 1233 2305 1302 τῆς
2360 1230 2636 1301 ὑμετέρας
2683 1231 2944 1302 ἀγάπης,
2991 1229 3378 1302 δεδιδαγμένης
3431 1229 3582 1296 ἀπαξ
3627 1232 3735 1294 τοῖς

2062 1317 2322 1380 τοιούτοις
2347 1317 2716 1388 ἀποφράττειν
2740 1316 2840 1380 τάς
2881 1317 3074 1381 ἀκοάς.
3128 1319 3452 1388 ’Δναγκαίον
3473 1317 3532 1372 δε
3555 1317 3736 1372 λοιπὸν

2066 1406 2261 1467 εἰπεῖν,
2289 1403 2435 1467 τίνος
2465 1403 2652 1457 ῑνεκεν
2681 1402 2823 1458 έπτά
2851 1403 2992 1458 ἐτι-τά
3036 1403 3147 1458 01:6
3187 1403 3298 1458 τῶν
3331 1403 3591 1479 καθδαρῶν
3627 1406 3738 1458 εἰσ-

2065 1490 2296 1561 ἀχθῆναι
2313 1492 2394 1555 εἰς
2411 1490 2508 1560 τὴν
2521 1490 2754 1545 κιϐωτὸν
2775 1490 3096 1564 προσέταξε.
3117 1491 3192 1546 T6
3210 1492 3310 1562 μὲν
3333 1491 3556 1546 πλείονα
3574 1509 3741 1563 1:000-

2064 1576 2222 1642 τάξαι
2245 1575 2356 1630 τῶν
2375 1576 2633 1647 καθαρῶν
2675 1577 3017 1648 εἰσαχθῆναι,
3042 1577 3134 1632 διὰ
3152 1577 3211 1631 :6
3237 1578 3596 1649 παραμυθίαν
3621 1581 3741 1633 τινὰ

2065 1663 2210 1734 ἔχειν
2238 1663 2333 1718 καὶ
2359 1663 2451 1717 τὸν
2477 1663 2703 1730 δίκαιον,
2728 1665 2822 1718 καί
2851 1665 2980 1728 τοὺς
3009 1665 3108 1718 σὺν
3131 1664 3283 1736 αὑτῶ
3303 1667 3404 1736 τῆς
3433 1665 3492 1732 ἐξ
3517 1666 3742 1719 ἐκείνων

2064 1750 2420 1816 ἀπολαύσεως
2455 1751 2781 1823 μετέχοντας
2855 1752 2917 1805 :6
2961 1753 3018 1806 δέ
3053 1751 3192 1806 ἑπτά
3238 1753 3380 1806 ἐτττά
3406 1792 3420 1816 ,
3463 1753 3560 1806 καὶ
3587 1753 3744 1808 τοῦτο

2065 1839 2249 1905 πάλιν,
2289 1840 2340 1892 εἰ
2361 1841 2460 1912 τὴν
2493 1839 2672 1893 αἰτίαν
2709 1838 2954 1910 μάθοιτε,
2985 1838 3262 1904 ἀπόδειξις
3285 1839 3352 1894 ἀν
3379 1841 3465 1910 είη
3508 1840 3741 1912 μεγίστη

2063 1927 2164 1999 τῆς
2207 1926 2456 1997 φιλοθέου
2499 1926 2727 1998 γνώμης
2769 1925 2863 1980 :06
2895 1926 3128 1982 δικαίου.
3171 1925 3392 2000 Ἐπειδὴ
3421 1927 3532 1999 γάρ
3566 1928 3685 2000 ⁴ᾔδει
3715 1929 3744 1982 6

2067 2013 2450 2085 φιλάνθρωπος
2481 2014 2614 2077 Θεὸς
2647 2013 2743 2066 :06
2770 2013 2964 2086 ἀνδρὸς
2993 2015 3098 2085 τὴν
3138 2014 3340 2086 ἀρετὴν
3362 2055 3378 2080 ,
3408 2015 3502 2069 καί
3530 2016 3616 2070 δτι
3661 2015 3744 2069 ὀί-

2066 2119 2220 2166 καιος
2244 2102 2357 2174 ῶν..
2376 2101 2472 2154 καί
2506 2101 2775 2174 τοσαύτης
2801 2101 3118 2166 ἀπολαύσας
3147 2103 3300 2173 παρὰ
3329 2100 3423 2156 τοῦ
3464 2103 3744 2157 Δεσπότου

2065 2188 2508 2260 φιλανθρωπίας,
2541 2189 2638 2242 καὶ
2664 2188 2759 2242 :06
2803 2189 3061 2254 τοσούτου
3113 2189 3408 2243 κλυδωνίου
3462 2189 3748 2258 διαφυγὼν

2065 2279 2163 2348 την
2189 2280 2418 2348 πεῖραν,
2452 2278 2653 2350 ἤμελλε
2706 2278 2845 2350 μετά
2887 2278 2987 2351 τὴν
3022 2279 3344 2352 ἀπαλλαγὴν
3379 2279 3490 2335 τῶν
3528 2279 3744 2343 δεινῶν.

2067 2366 2160 2418 καί
2187 2363 2250 2416 :6
2277 2364 2707 2436 ἐλευθερωθῆναι
2732 2365 2832 2436 τῆς
2857 2367 2916 2420 ἐν
2943 2367 3010 2437 τῇ
3039 2366 3259 2438 κιδωτῷ
3297 2367 3579 2439 διαγωγῆς
3599 2410 3614 2429 .
3647 2369 3748 2440 τὴν

2066 2450 2275 2504 οἰκείαν
2309 2452 2727 2522 εὐγνωμοσύνην
2758 2451 3184 2527 ἐπιδείκνυσθαι.
3209 2454 3305 2508 καὶ
3334 2453 3626 2524 βούλεσθαι
3653 2457 3748 2510 θυ-

2067 2539 2190 2598 σίας
2216 2538 2506 2607 ἀνενέγκαι
2543 2538 2685 2610 ὑπὲρ
2712 2539 3062 2611 εὐχαριστίας
3093 2539 3204 2595 τῶν
3236 2543 3623 2614 γεγενημένων
3653 2547 3750 2600 καὶ

2068 2625 2435 2696 ὑπηργμένων
2453 2626 2557 2680 αὑτ
2569 2628 2623 2695 ἶ),
2641 2627 2729 2680 ίνα
2754 2627 2828 2698 μὴ
2853 2626 3012 2681 τοῦτο
3037 2627 3208 2682 ποιῶν
3228 2629 3623 2704 ἀκρωτηριάσῃ
3647 2635 3750 2695 τάς

2070 2712 2327 2782 συζυγίας
2353 2753 2368 2776 ,
2399 2714 2488 2768 διά
2513 2713 2675 2768 τοῦτο
2697 2714 2965 2786 προειδὼς
2992 2715 3158 2770 αὑτοῦ
3191 2717 3290 2788 τῆς
3312 2719 3537 2790 γνώμης
3566 2722 3629 2774 :6
3657 2719 3751 2774 ἐῢ-

2069 2799 2326 2869 χάριστον
2371 2799 2586 2853 κελεύει
2637 2801 2776 2854 ἐτιτά
2827 2801 2969 2854 ἑπτὰ
3017 2801 3333 2871 εἰσάγεσθαι
3371 2805 3463 2872 ἀφ’
3509 2806 3782 2877 ἑκάστου

2067 2887 2257 2954 γένους
2306 2887 2415 2941 τῶν
2463 2888 2698 2960 ὀρνέων,
2739 2889 2828 2942 ίνα
2875 2891 2975 2958 τῆς
3027 2889 3403 2966 πανωλεθρίας
3457 2895 3749 2965 παυσαμέ-

2067 2989 2164 3042 νης
2207 2973 2304 3028 καὶ
2354 2974 2445 3029 τὸν
2493 2976 2692 3028 οἰκεῖον
2748 2975 2949 3028 σκοπὸν
2999 2975 3366 3048 ἐπιδείξηται,
3401 2982 3497 3033 καὶ
3524 2983 3592 3052 τῇ
3648 2998 3747 3034 συ-

2069 3059 2231 3130 ζυγία
2278 3060 2387 3112 τῶν
2433 3062 2693 3115 πετεινῶν
2739 3060 2835 3114 καὶ
2883 3061 2994 3118 τῶν
3036 3062 3242 3119 λοιπῶν
3286 3065 3489 3138 ὀρνέων
3536 3067 3615 3139 μὴ
3653 3069 3750 3124 λυ-

2073 3148 2308 3218 μήνηται
2333 3187 2349 3212 ,
2401 3147 2430 3200 6
2481 3147 2546 3218 δὴ
2603 3149 2699 3200 καὶ
2747 3149 3046 3220 προϊούσης
3094 3148 3211 3219 τῆς.
3247 3151 3598 3218 διδασκαλίας
3638 3150 3791 3226 μα-’

2069 3231 2302 3303 θήσεσθε
2338 3273 2355 3295 ,
2407 3233 2626 3288 ἐπειδάν
2681 3237 2762 3298 εἰς
2814 3235 2977 3290 αὑτὸν
3034 3237 3127 3290 τὸν
3196 3238 3361 3292 τόπον
3417 3243 3745 3313 παραγενὼ-

2073 3319 2233 3390 μεθα.
2289 3317 2443 3392 [226]
2493 3321 2728 3385 ὐψεσθε
2778 3323 2889 3395 γὰρ
2941 3323 3034 3378 τὸν
3082 3323 3290 3380 δίκαιον
3346 3326 3538 3384 τοῦτον
3586 3321 3748 3386 τοῦτο

2069 3410 2430 3480 πεποιηκότα.
2470 3411 2732 3481 Ἑμάθετε
2783 3413 2885 3483 τὴν
2932 3414 3147 3478 αἰτίαν,
3181 3414 3253 3467 δι’
3308 3417 3375 3487 ῆν
3403 3417 3546 3472 ἑπτὰ
3599 3420 3748 3476 ἐτττά

2069 3498 2384 3568 εἰσαγαγεῖν
2410 3497 2774 3569 προσετάχθη.
2792 3498 2999 3570 Μηκέτι
3019 3499 3203 3555 λοιπὸν
3225 3501 3484 3574 ἀνέχεσθε
3510 3505 3620 3561 τῶν
3645 3525 3748 3578 μυ·

2069 3583 2310 3654 θολογεῐν
2356 3585 2799 3657 ἐπιχειρούντων,
2851 3589 2947 3641 x01
2993 3591 3595 3661 καταστοιχειουμένων
3644 3595 3748 3667 τῆς

2069 3671 2218 3735 θείας
2247 3671 2489 3743 Γραφῆς,
2521 3673 2615 3726 καὶ
2641 3673 2708 3726 :0
2743 3674 2852 3728 ἀπὸ
2880 3673 2976 3727 :06
3005 3675 3208 3730 οἰκείου
3240 3677 3361 3742 νοὸς
3388 3681 3750 3754 ἐπεισφερόν-

2071 3774 2177 3812 των
2228 3760 2341 3822 τοῖς
2371 3758 2536 3822 θείοις
2581 3759 2927 3831 διδάγμασιν.
2972 3763 3194 3836 Ἐπειδὴ
3237 3766 3418 3819 τοίνυν
3464 3767 3750 3835 διετάξατο

2069 3845 2243 3899 πάντα
2271 3848 2479 3916 σαφῶς,
2505 3848 2599 3901 καὶ
2636 3848 2893 3920 περὶτῶν
2915 3851 3138 3922 ὀρνέων,
3170 3853 3264 3907 καὶ
3284 3855 3414 3926 περί
3436 3855 3546 3910 τῶν
3573 3858 3748 3913 καθα-

2074 3929 2202 4003 ρῶν,
2244 3935 2336 3988 καὶ
2367 3935 2496 4007 περὶ.
2520 3935 2628 3988 τῶν
2656 3936 3007 4006 ἀκαθάρτων,
3036 3941 3132 3994 καί
3175 3943 3276 4012 τῆς
3299 3942 3506 4006 τούτων
3529 3944 3748 4018 διατρο-

2071 4020 2196 4089 φῆς,
2249 4022 2382 4090 φησί
2421 4022 2557 4093 πρὸς
2583 4021 2675 4076 τὸν
2721 4023 2964 4078 δίκαιον·
3007 4027 3132 4080 Ἔτι
3157 4028 3269 4097 γὰρ
3299 4028 3538 4098 ἡμερῶν
3569 4034 3744 4100 ἑπτὰ,

2073 4105 2170 4159 καί
2219 4107 2346 4162 ἰδοὺ
2375 4107 2490 4178 ἐγὼ
2525 4110 2723 4178 ἐπάνω
2759 4113 2938 4168 ὑετὸν
2982 4113 3082 4168 ἐπί
3133 4115 3250 4185 τὴν
3301 4116 3420 4188 γῆν
3450 4122 3749 4192 τεσσαρά-

2077 4209 2263 4246 κοντα
2307 4194 2534 4264 ἡμέρας
2572 4199 2670 4250 καί
2705 4200 3165 4268 τεσσαράκοντα
3207 4205 3455 4273 νύκτας,
3502 4210 3602 4263 καί
3651 4211 3738 4275 ἐξ·

2071 4279 2306 4348 αλείψω
2333 4279 2542 4335 πᾶσαν
2567 4282 2682 4351 τὴν
2720 4285 3155 4354 ἐξανάστασιν,
3199 4289 3281 4358 ἢν
3306 4292 3587 4360 ἐποίησα,
3627 4297 3747 4352 ἀ.τύ

2070 4366 2396 4432 προσώπου
2453 4366 2563 4436 τῆς
2606 4367 2740 4439 γῆς,
2792 4372 2912 4427 ἀπὸ
2943 4373 3261 4444 ἀνθρώπου
3294 4377 3412 4452 ἕως,
3456 4381 3742 4450 κτήνους.

2070 4453 2270 4507 Σκόπει
2328 4472 2418 4525 μοι
2466 4457 2558 4510 καί
2605 4460 2670 4512 ἐκ
2707 4458 2818 4512 τῶν
2860 4459 2957 4514 νῦν
3021 4461 3330 4535 εἰρημένων
3393 4467 3495 4536 τῆς
3543 4469 3745 4538 ἀγαθό-

2066 4557 2231 4610 τητος
2274 4542 2440 4595 αὑτοῦ
2499 4544 2598 4615 τὴν
2667 4545 2993 4619 ὑπερϐολὴν,
3027 4549 3147 4614 πῶς
3213 4552 3352 4621 μετά
3435 4556 3534 4627 τὴν
3549 4559 3746 4612 τοσαύ-

2066 4646 2178 4719 την⁸
2209 4631 2594 4719 μακροθυμίαν
2611 4633 2702 4688 καί
2744 4635 2839 4689 νῦν
2874 4638 2982 4709 πρὸ
3027 4639 3166 4695 ἐπτά
3198 4643 3421 4716 ἡμερῶν
3461 4648 3744 4719 προλέγει,

2069 4715 2391 4809 βουλόμενος
2578 4721 2729 4793 φόϐῳ
2779 4728 3255 4800 σωφρονεστέρους
3316 4715 3521 4800 αὐτοὺς
3584 4715 3744 4809 ποιῆ-

2069 4819 2190 4868 σαι,
2247 4806 2343 4858 καὶ
2397 4807 2478 4870 εἰς
2535 4810 2826 4878 μετάνοιαν
2887 4813 3138 4883 ἀγαγεῖν.
3189 4819 3299 4872 Καὶ
3347 4821 3430 4874 ὅτι
3475 4823 3563 4876 διὰ
3589 4806 3746 4879 τοῦτο

2067 4892 2344 4962 προλέγει,
2363 4895 2450 4948 ἵνα
2473 4895 2546 4968 μὴ
2563 4899 2817 4971 ἐπαγάγῃ
2838 4901 2907 4954 :0
2925 4905 3057 4974 παρ’
3074 4905 3242 4959 αὑτοῦ
3265 4909 3554 4979 εἰρημένα,
3574 4893 3744 4966 ἐννόει

2070 4999 2159 5051 μοι
2189 4984 2313 5045 τοὺς
2350 4984 2660 5049 Νινευῖτας,
2705 4988 2799 5040 καὶ
2833 4989 2996 5058 βλέπε
3025 4991 3167 5063 πόση
3206 4995 3240 5065 ὴ
3276 4994 3509 5068 διαφορά
3537 4999 3744 5054 τούτων

2067 5069 2355 5126 κάκείνων.
2394 5072 2693 5145 Μετά“γάρ
2726 5076 2962 5131 τοσαῦτα
3009 5077 3106 5152 ἐτη
3151 5072 3488 5150 ἀκούσαντες
3535 5088 3616 5142 δτι
3649 5088 3745 5143 ἐπὶ

2067 5159 2260 5230 θύραις
2310 5163 2430 5214 ἐστί
2459 5163 2529 5217 :0
2561 5163 2730 5228 δεινά,
2765 5165 2884 5219 οὐδὲ
2934 5167 3079 5222 οὑτω
3106 5170 3206 5241 τῆς
3243 5173 3441 5238 κακίας
3483 5175 3738 5250 ἔστησαν.

2067 5247 2176 5338 ιισιι
2212 5248 2318 5322 μὴν
2347 5251 2619 5323 εἰῶθαμέν
2663 5270 2800 5319 πως,
2851 5255 3150 5328 μελλούσης
3198 5260 3298 5328 μὲν
3325 5261 3424 5334 τῆς
3450 5247 3739 5338 τιμωρίας,

2068 5336 2333 5424 ῥᾳθυμεῖν
2365 5339 2457 5424 καὶ
2486 5339 2931 5397 διαναϐάλλεσθαι
2950 5360 2963 5374 ⁸
2991 5345 3214 5398 ἐπειδὰν
3251 5345 3310 5401 δὲ
3339 5349 3570 5421 πλησίον
3590 5336 3742 5424 ὦμεν

2066 5423 2173 5475 τῶν
2195 5423 2384 5476 λυπεῖν
2413 5423 2747 5494 δυναμένων,
2792 5427 2913 5483 τότε
2949 5430 3336 5489 συστέλλεσθαι
3387 5438 3483 5490 καὶ
3538 5423 3741 5512 πολλὴν

2066 5508 2469 5563 ιπιδεικνυσθαι
2485 5511 2582 5579 τὴν
2602 5515 2933 5588 μεταϐολήνο
2959 5518 2988 5572 δ
3001 5519 3064 5589 δὴ
3097 5520 3189 5574 καί
3212 5523 3428 5578 ἐπὶτῶν
3445 5508 3736 5584 Νινευῖώ

2066 5595 2307 5683 γέγονεν.
2352 5593 2571 5683 Ἐπειδή
2621 5601 2729 5672 γάρ
2753 5602 3016 5672 ἧκουσαν,
3049 5607 3132 5660 ὅτι
3170 5610 3292 5662 Ἔτι
3322 5611 3475 5678 τρεῖς
3508 5614 3732 5683 ἡμέραν,

2067 5681 2163 5733 καί
2189 5679 2392 5734 [Vn-avt
2416 5689 2998 5758 καταστρηφήσεται,
3025 5695 3087 5747 ού
3122 5696 3281 5766 μόνον
3306 5697 3406 5751 ούκ
3439 5679 3740 5775 ἀπῆγέρευ.

2068 5785 2190 5831 σαν,
2225 5766 2361 5822 ἀλλὰ
2396 5769 2488 5824 καὶ
2509 5769 2861 5847 διανέστησαν
2892 5781 3022 5851 πρὸς
3067 5783 3126 5838 :6
3151 5785 3336 5858 ῥηθὲν,
3361 5787 3454 5843 καὶ
3661 5813 3740 5868 την
