4054 6312
217 412 335 468 9.ιῦ

218 521 571 592 pronuntiat?
605 520 741 588 Quia
779 528 826 573 te
862 515 960 569 vidi
995 513 1214 583 justum,
1266 508 1456 578 inquit,
1498 519 1670 558 coram
1714 516 1812 553 me.

227 619 265 669 ς’
273 629 370 671 era
421 614 538 670 haec
579 613 750 665 virtus
787 617 889 672 est,
922 603 1136 674 quando
1174 616 1356 656 coram
1391 597 1501 653 Deo
1529 597 1648 665 quis
1677 594 1832 647 illam

221 704 473 764 exhibet.
503 700 717 771 quando
760 696 946 752 oculus
981 694 1072 748 ille
1100 693 1189 762 qui
1222 688 1396 763 decipi
1428 686 1630 755 nequit,
1666 697 1820 737 suum

222 795 333 850 fert
363 792 652 848 calculum.
685 789 818 844 Exin
846 787 1044 841 docens
1078 796 1175 838 nos
1208 779 1467 849 benignus
1499 777 1637 830 Deus
1665 787 1817 826 tuen-

220 900 414 941 suram
453 883 684 945 virtutis,
712 889 905 950 quanta
933 887 1059 931 tunc
1083 875 1150 929 ab
1173 873 1319 943 justo
1346 867 1655 939 exigebatur
1677 864 1823 930 (non

223 977 376 1033 enim
419 962 663 1032 eamdem
701 970 910 1025 virtutis
949 979 1252 1022 mensuram
1282 961 1350 1016 ab
1375 958 1623 1016 omnibus
1647 954 1824 1010 θῆαι-τί

228 1070 366 1134 vult,
397 1068 492 1122 sed
521 1082 619 1136 pro
661 1064 918 1118 varietate
969 1069 1268 1125 temporum
1311 1050 1524 1107 virtutis
1567 1047 1826 1103 dilleren-

227 1162 360 1214 tiam
386 1156 655 1226 requirit),
684 1153 850 1209 dicit:
885 1149 1019 1217 Qui-2
1047 1158 1093 1201 te
1112 1144 1214 1199 vidi
1232 1151 1434 1215 justum
1469 1155 1641 1194 coram
1672 1152 1750 1190 me
1774 1136 1826 1189 in

229 1248 563 1320 generatione
590 1246 708 1308 ista,
739 1259 859 1313 qua:
887 1251 993 1294 tam
1024 1237 1183 1299 mala,
1216 1249 1333 1305 qua:
1365 1234 1416 1287 in
1450 1239 1649 1286 tantam
1678 1227 1830 1281 mali-

230 1344 362 1394 tiam
416 1334 723 1399 declinavit,
757 1347 876 1403 qua:
917 1340 1024 1385 tam
1067 1329 1334 1396 ingratum
1360 1323 1597 1377 animum
1627 1334 1737 1389 pra:
1772 1330 1830 1370 se

233 1431 356 1486 fert.
386 1428 464 1484 Te
489 1428 592 1481 vidi
612 1428 833 1498 justum,
865 1431 917 1477 te
943 1421 1115 1476 solum
1157 1416 1334 1472 inveni
1374 1422 1607 1485 gratum,
1645 1418 1698 1464 te
1723 1407 1830 1464 vidi

233 1521 451 1575 virtutis
493 1518 754 1574 rationem
787 1513 1019 1567 habere:
1052 1519 1107 1564 tu
1140 1508 1288 1562 solus
1326 1518 1508 1560 coram
1549 1516 1633 1555 me
1653 1499 1832 1570 justus

231 1611 553 1685 apparuisti,
598 1606 847 1664 omnibus
888 1603 1007 1658 aliis
1053 1598 1432 1670 pereuntibus,
1461 1591 1706 1662 tejubeo
1747 1590 1832 1644 in-

233 1704 388 1775 gredi
420 1717 542 1760 cum
567 1699 714 1755 omni
751 1697 911 1752 domo
949 1705 1036 1748 tua
1077 1693 1127 1746 in
1158 1705 1379 1750 arcam;
1413 1702 1478 1742 es
1514 1682 1832 1738 animalibus

236 1772 384 1864 puris
409 1793 575 1864 jubeo
605 1803 657 1845 te
686 1786 1025 1843 introducere
1067 1792 1308 1850 septena.
1339 1777 1472 1846 Quia
1504 1775 1649 1845 prius
1678 1772 1832 1828 iude-

238 1863 388 1941 linite
416 1863 752 1954 praeceperat
783 1893 852 1932 ex
905 1874 1155 1929 omnibus
1187 1886 1283 1942 par
1324 1883 1488 1924 unum
1527 1863 1832 1919 introduci:

240 1986 466 2050 propter
498 1975 600 2029 hoc
628 1986 770 2027 nunc
789 1969 949 2024 dicit:
978 1966 1034 2021 2.
1064 1964 1145 2019 Ea:
1167 1962 1307 2033 puris
1331 1970 1499 2014 autem
1518 1967 1746 2030 septena,
1774 1972 1837 2011 ea:

239 2068 456 2138 impuris
485 2080 600 2120 vero
638 2063 779 2127 bina,
831 2057 1112 2113 masculum
1152 2063 1200 2108 et
1233 2053 1494 2124 feminam.
1527 2049 1717 2105 Postea
1741 2063 1838 2103 au-

243 2173 350 2216 tem
395 2171 612 2214 causam
655 2153 876 2215 docens,
907 2147 1117 2202 subdit:
1150 2145 1203 2201 5.
1237 2141 1304 2199 Ut
1333 2144 1527 2196 nutrias
1552 2156 1719 2195 semen
1749 2155 1838 2192 su-

245 2270 331 2323 per
360 2265 561 2306 onmem
589 2258 796 2300 tetram.
846 2241 1036 2311 Opera:
1087 2236 1315 2307 pretium
1359 2243 1538 2288 autem
1579 2231 1683 2286 hoc
1717 2229 1839 2284 loco

246 2345 410 2401 fuerit
453 2341 723 2412 inquirere
764 2347 820 2393 et
863 2334 1045 2390 videre
1077 2329 1218 2385 unde
1245 2326 1454 2383 sciebat
1475 2325 1669 2395 justus,
1693 2338 1842 2393 qnce-

248 2454 372 2494 nam
405 2450 560 2506 pura,
593 2445 838 2503 quaenam
866 2427 1095 2496 impura.
1127 2421 1373 2478 Nondum
1415 2418 1560 2473 enim
1601 2424 1723 2471 erat
1749 2414 1836 2468 di-

249 2528 468 2584 stinctio
497 2527 611 2581 inec
639 2523 798 2586 facta,
828 2533 990 2590 quam
1020 2523 1204 2587 postea
1235 2511 1411 2566 Moses
1442 2507 1645 2567 Judzeis
1677 2507 1731 2560 in
1758 2506 1838 2560 le-

249 2622 408 2691 gibus
437 2617 550 2673 suis
577 2614 780 2670 statuit.
807 2610 959 2667 Unde
983 2623 1031 2663 ei
1046 2620 1112 2676 go
1142 2602 1377 2658 sciebat?
1400 2601 1442 2655 A
1465 2599 1668 2670 seipse,
1701 2594 1843 2651 etab

253 2688 413 2765 insita
450 2719 654 2762 natura:
702 2718 811 2759 snte
857 2699 1120 2762 doctrina,
1151 2710 1311 2765 quam
1342 2699 1397 2746 et
1434 2691 1571 2745 ratio
1600 2688 1839 2743 dictavit.

253 2802 392 2859 Nihil
422 2800 563 2854 enim
591 2794 920 2852 immundum
940 2806 1006 2846 ex
1039 2789 1102 2844 iis
1131 2801 1251 2856 qua:
1276 2785 1416 2839 Deus
1441 2780 1585 2837 fecit.
1611 2781 1728 2847 Quo
1749 2795 1843 2849 pa-

254 2906 341 2951 cto
374 2892 522 2948 enim
571 2884 898 2942 immundam
953 2891 1270 2934 vocaremus
1311 2875 1474 2929 ullam
1520 2885 1843 2935 creaturam,

255 3002 376 3058 quae
402 2981 571 3039 setncl
602 2992 833 3047 superne
860 2991 889 3029 a
915 2971 1204 3029 Conditore
1231 2966 1522 3037 approbata
1546 2962 1678 3018 fuit?
1707 2960 1849 3016 Dixit

254 3077 402 3133 enim
431 3074 609 3128 divina
637 3070 946 3139 Scriptura:
988 3062 1121 3114 Vidit
1153 3059 1288 3113 Deus
1323 3056 1495 3110 omnia
1522 3067 1850 3124 quantumque

257 3169 414 3240 fecit,
449 3175 494 3217 et
541 3178 652 3217 ecce
695 3160 824 3214 bona
868 3156 1016 3210 valde
1050 3151 1203 3220 (Gen.
1252 3151 1300 3204 l.
1352 3147 1466 3214 51).
1511 3143 1615 3200 Sed
1665 3148 1848 3212 postea

259 3232 449 3316 natura
480 3272 509 3310 a
537 3255 712 3323 seipsa
749 3251 888 3304 hanc
924 3245 1277 3302 dill'ereotiatn
1305 3237 1563 3296 exhibuit.
1598 3234 1664 3288 Et
1693 3241 1748 3287 ut
1772 3232 1848 3284 vi-

258 3352 392 3407 deas
431 3349 536 3402 hoc
587 3360 707 3400 esse
749 3356 957 3401 verum,
993 3336 1270 3394 considera
1305 3329 1574 3402 quomodo
1619 3327 1672 3380 in
1714 3341 1851 3378 non—

262 3445 427 3499 nullis
455 3441 586 3495 locis
607 3437 673 3490 ab
695 3433 959 3504 aliquibus
990 3430 1261 3484 abstinent
1289 3423 1450 3493 aliqui
1479 3429 1536 3474 nt
1562 3415 1852 3473 immundis

262 3546 319 3593 et
350 3551 457 3590 non
497 3530 754 3602 probatis,
787 3524 946 3593 aliqui
989 3522 1092 3575 illis
1135 3517 1262 3588 ipsis
1292 3521 1597 3576 vescuntur,
1626 3521 1854 3564 consue-

265 3627 454 3684 tudine
486 3625 626 3693 ipsos
658 3619 722 3673 ad
757 3618 858 3671 hoc
889 3613 1193 3669 inducente.
1239 3608 1328 3664 Sic
1374 3614 1430 3661 et
1479 3613 1603 3658 tunc
1643 3611 1857 3670 quoque

267 3720 382 3791 ipsa
412 3689 633 3772 scientia
661 3711 804 3782 justo
828 3709 1006 3770 insita,
1033 3702 1257 3756 docebat
1282 3710 1525 3769 quonam
1562 3691 1630 3747 ad
1672 3689 1854 3746 cibum

264 3786 634 3867 accommoda,
665 3811 720 3857 et
752 3813 871 3871 qua:
899 3793 1192 3858 immundi,
1225 3806 1330 3844 non
1361 3787 1502 3858 quod
1545 3786 1618 3838 ita
1647 3787 1855 3845 essent,

272 3902 370 3958 sed
390 3895 536 3967 quod
553 3910 650 3964 pro
669 3889 1329 3946 immundishaberentur.
1357 3881 1476 3948 Qua
1491 3875 1636 3932 enim
1649 3873 1715 3928 de
1737 3887 1863 3926 cau-

271 4006 356 4054 sa,
389 3989 494 4053 dic,
528 4001 647 4050 oro,
679 3985 887 4038 asinum
927 3975 1256 4032 imtnundnm
1285 3983 1586 4031 censemus,
1618 3963 1862 4036 quamvis

269 4053 570 4138 seminibus
600 4083 818 4129 tantum
842 4077 1109 4141 pascatur,
1139 4066 1237 4119 alia
1281 4071 1458 4116 autem
1499 4053 1859 4129 quadrupedia

271 4174 396 4230 cibo
442 4164 814 4226 convenientia
867 4169 1132 4230 putamus,
1185 4151 1396 4210 etiamsi
1441 4145 1717 4204 immundo
1762 4144 1863 4197 ali-

273 4269 461 4320 mento
485 4253 806 4329 pascantur?
827 4251 901 4306 lta
930 4248 1154 4303 scientia
1183 4260 1211 4298 a
1250 4246 1359 4299 Deo
1387 4250 1591 4296 natura:
1610 4235 1864 4306 suppedi-

275 4363 387 4410 tata
412 4325 531 4406 lucc
554 4347 800 4403 docebat.
839 4343 1025 4397 Posset
1065 4348 1240 4393 autem
1282 4344 1336 4389 et
1374 4333 1533 4386 aliter
1560 4329 1663 4384 dici
1692 4347 1703 4383 :
1733 4325 1866 4395 Quia

278 4446 422 4499 licus
448 4438 536 4511 qui
563 4430 1064 4507 precepcratJdem
1087 4427 1246 4481 etiam
1272 4425 1480 4478 illorum
1509 4419 1867 4488 cognitionem

274 4537 325 4590 ci
352 4509 565 4588 indidit.
595 4528 860 4584 Cancrum
890 4523 957 4578 de
982 4519 1198 4576 mundis
1224 4533 1287 4572 ac
1315 4512 1606 4570 immundis
1635 4512 1765 4565 satis
1791 4509 1862 4564 di—

277 4635 429 4681 clunt
458 4630 560 4676 est.

353 4717 407 4772 6.
455 4714 628 4780 Quare
645 4725 707 4764 ea:
726 4704 999 4761 immundis
1019 4701 1156 4765 bina,
1173 4715 1238 4753 ea:
1249 4697 1449 4751 mundis
1465 4704 1628 4748 autem
1645 4700 1870 4762 septena.

282 4811 574 4867 --\'erum
604 4804 814 4858 interim
846 4801 948 4853 alia
981 4813 1101 4853 sese
1140 4791 1298 4848 oll'crt
1334 4791 1558 4861 qtuestio
1585 4806 1598 4842 :
1621 4801 1787 4857 quare
1808 4799 1874 4839 ex

285 4898 581 4961 immundis
610 4895 754 4960 bina,
803 4907 869 4946 ex
900 4888 1109 4943 mundis
1127 4894 1304 4939 autem
1328 4889 1576 4951 septena;
1603 4878 1715 4931 hz‘cc
1745 4891 1877 4946 quo-

284 5009 391 5065 que
421 5010 434 5047 :
470 5002 638 5059 quare
666 4998 772 5053 non
801 4981 886 5035 vcl
915 4995 1038 5042 sex,
1073 4976 1155 5030 vel
1187 4971 1436 5037 octo,scd
1468 4980 1672 5036 St‘plem
1701 4966 1878 5035 paria?

288 5062 554 5144 Fortassis
581 5077 787 5147 longius
809 5071 1045 5129 excurrit
1062 5068 1234 5124 oratio
1259 5085 1270 5120 :
1295 5063 1386 5119 Sl'd
1416 5063 1460 5116 si
1497 5078 1600 5115 non
1632 5062 1792 5130 piget,
1825 5067 1880 5112 et

289 5183 330 5233 si
360 5175 546 5236 vultis,
579 5167 758 5239 paucis
802 5166 916 5218 haac
963 5161 1237 5216 caritatem
1270 5163 1499 5210 vestram
1529 5151 1839 5204 docebimus
1866 5189 1879 5213 ,

295 5286 356 5325 ea
387 5266 598 5321 scilicet
627 5275 745 5330 qua:
774 5256 929 5311 nobis
955 5252 1133 5306 divina
1166 5247 1333 5318 gratia
1361 5243 1704 5300 concesserit.
1736 5242 1881 5294 Multi

295 5360 440 5415 enim
469 5354 643 5408 varias
664 5349 731 5404 de
753 5347 817 5401 iis
847 5343 1050 5400 fabulas
1076 5349 1314 5401 narrant,
1340 5345 1396 5392 et
1427 5335 1549 5387 hinc
1601 5332 1885 5386 occasione

296 5457 531 5516 sumpta,
559 5437 958 5496 observationes
981 5444 1320 5487 numerorum
1351 5433 1640 5480 ostentant.
1675 5425 1740 5475 At
1781 5437 1884 5475 non

299 5534 630 5598 observatio,
666 5529 759 5584 sed
787 5525 1162 5594 intempestiva
1192 5518 1466 5572 hominum
1494 5513 1779 5569 curiositas
1806 5520 1856 5564 ta

302 5636 367 5688 lia
397 5631 600 5701 lingere
646 5622 883 5686 molitur,
915 5616 1054 5671 unde
1095 5624 1150 5669 et
1197 5612 1376 5666 muita:
1424 5609 1656 5663 haereses
1703 5618 1837 5661 ortae
1869 5646 1886 5671 ,

302 5724 443 5797 quod
471 5698 650 5778 statim
680 5712 878 5770 scietis.
916 5705 1130 5764 Etenim
1158 5705 1464 5774 frequenter
1493 5700 1509 5767 (
1531 5708 1589 5753 ut
1616 5698 1891 5753 videamur

303 5795 460 5889 quasi
480 5829 550 5872 ex
565 5803 891 5869 abundantia
915 5815 1028 5868 eos,
1057 5799 1143 5869 qui
1167 5814 1232 5856 ex
1255 5797 1365 5855 suis
1387 5795 1738 5867 Opinionibus
1753 5806 1888 5849 nova

1266 394 1329 450 IN
1367 390 1521 448 CAP.
1556 388 1643 444 VI.
1673 380 1916 442 GENES.
1956 379 2187 437 llOlllL.
2223 381 2412 436 XXIV.

3423 385 3526 441 ειη

1937 499 2186 566 εεσθνυηι,
2206 499 2591 573 compescere)
2613 503 2910 558 invenimus
2933 501 2985 554 ln
3008 501 3301 572 Scriptor-is
3323 506 3528 575 copulae

1933 607 2212 647 nmnerum
2241 602 2532 647 servatum.
2557 593 2765 663 Quippe
2788 592 3003 662 quando
3029 595 3170 662 misit
3196 595 3490 664 discipulos
3510 637 3524 656 ,

1934 684 2087 739 bin0s
2107 700 2200 739 eos
2223 687 2388 751 misit,
2417 686 2515 756 ipsi
2542 697 2719 740 autem
2745 701 2935 742 omnes
2955 685 3237 741 duodecim
3266 696 3446 751 erant,
3471 695 3524 739 et

1932 775 2223 848 Evangelia
2253 787 2482 848 quatuor
2508 792 2750 831 numero.
2789 779 2856 831 At
2886 791 3342 845 supervacaneum
3369 777 3530 830 fuerit

1936 869 2048 923 hinc
2070 867 2208 938 apud
2230 872 2506 923 caritatem
2531 876 2760 922 vestram
2787 882 3229 931 commemorare,
3252 883 3370 936 qua:
3393 867 3528 922 satis

1932 959 2117 1014 didicit
2147 959 2447 1029 ltujusmodi
2475 959 2632 1014 dictis
2659 962 2911 1014 obturare
2931 974 3089 1015 aures
3135 961 3236 1032 (a).
3266 958 3530 1014 Necessa-

1936 1054 2073 1107 rium
2096 1060 2272 1107 autem
2307 1063 2361 1105 ut
2384 1052 2606 1122 posthac
2630 1051 2938 1115 doceamus,
2984 1066 3149 1122 quare
3203 1060 3423 1121 septena
3459 1065 3523 1104 ex

1936 1143 2086 1214 puris
2115 1142 2382 1198 introduci
2412 1145 2464 1196 in
2495 1158 2672 1198 aream
2705 1144 3039 1213 prmccperit.
3095 1142 3251 1196 Plura
3305 1140 3523 1211 qnid'cm

1938 1235 2277 1302 prrcccpitex
2307 1233 2524 1288 mundis
2546 1234 2909 1298 iutroduci,ut
2953 1234 3127 1303 justus
3174 1232 3284 1297 ille,
3340 1242 3395 1287 et
3437 1232 3527 1300 qui

1935 1341 2059 1380 cum
2091 1325 2180 1380 illo
2199 1333 2372 1389 erant,
2397 1339 2462 1381 ex
2486 1325 2698 1380 illorum
2727 1341 2824 1380 usu
2845 1325 3076 1394 aliquam
3103 1323 3528 1378 consolationem

1935 1418 2241 1486 acciperent
2272 1433 2285 1472 :
2314 1417 2456 1488 quod
2500 1425 2676 1473 autem
2708 1428 2926 1486 septena
2965 1427 3020 1471 ct
3048 1427 3288 1485 septena,
3331 1425 3386 1470 et
3427 1395 3529 1470 hoc

1936 1527 2150 1582 quoque
2178 1512 2224 1566 si
2265 1525 2479 1567 causam
2513 1511 2825 1573 discerctis,
2855 1523 3121 1563 summum
3155 1507 3407 1561 indicium
3448 1517 3532 1560 est

1940 1607 2039 1672 pitu
2077 1605 2272 1659 mentis
2301 1603 2431 1674 justi
2472 1604 2592 1658 viri.
2642 1602 2773 1657 Nam
2814 1603 2937 1672 quia
2981 1601 3224 1672 cognovit
3270 1599 3531 1670 benignus

1939 1697 2081 1751 Deus
2111 1696 2207 1750 viri
2234 1694 2503 1759 virtutem,
2527 1703 2580 1750 et
2604 1693 2744 1764 quod
2762 1702 2822 1748 ut
2844 1694 3043 1763 justus,
3064 1701 3118 1747 et
3143 1700 3286 1746 tanta
3319 1691 3528 1745 Domini

1939 1789 2106 1847 fretus
2146 1787 2543 1853 misericordia,
2584 1788 2671 1843 ubi
2706 1797 2864 1840 tanta:
2902 1785 3234 1855 tempestatis
3261 1783 3532 1853 ell'ugissct

1942 1882 2256 1951 periculum,
2285 1881 2646 1950 liberatusque
2675 1878 2862 1934 fuisset
2889 1893 2919 1932 a
2942 1879 3199 1948 periculo,
3223 1887 3277 1932 et
3301 1876 3370 1931 ab
3385 1891 3525 1931 arca:

1940 1973 2296 2028 incommodis
2320 1972 2544 2038 solutus,
2571 1980 2777 2041 gratum
2803 1969 3038 2024 animum
3068 1967 3457 2031 declaraturus,
3477 1975 3533 2020 et

1944 2080 2040 2136 pro
2067 2064 2358 2134 gratiarum
2379 2062 2588 2117 actione
2611 2063 2810 2117 hostias
2854 2071 2908 2114 et
2953 2060 3214 2114 sacriﬁcia
3258 2059 3534 2112 oblaturus

1943 2165 2108 2222 esset,
2141 2167 2194 2211 ut
2225 2171 2292 2210 ne
2322 2157 2422 2208 hoc
2454 2154 2698 2209 faciendo
2727 2153 2998 2206 mutilaret
3029 2152 3172 2222 paria
3199 2167 3210 2202 :
3245 2148 3366 2204 ideo
3422 2147 3530 2202 Do-

1945 2249 2119 2302 minus
2161 2249 2417 2318 pra-scius
2461 2245 2616 2314 hujus
2663 2253 2828 2315 grata:
2870 2244 3082 2308 mentis,
3119 2241 3274 2312 jubet
3314 2247 3533 2305 septena

1945 2351 2000 2395 ct
2041 2350 2264 2411 septena
2305 2339 2568 2394 introduci
2616 2353 2680 2392 ex
2730 2336 2952 2406 singulis
2994 2335 3168 2388 avium
3207 2332 3533 2402 generibus,

1947 2444 2042 2495 ut.
2100 2449 2222 2488 cum
2274 2438 2515 2487 cessaret
2568 2429 2883 2484 universalis
2935 2426 3220 2491 interitus,
3278 2432 3334 2476 et
3382 2435 3534 2475 suam

1945 2535 2181 2581 mentem
2215 2524 2538 2587 declararet,
2571 2522 2716 2591 paria
2754 2519 3080 2580 volatilium,
3113 2526 3539 2583 ca‘lerorumque

1946 2618 2258 2671 animalium
2302 2632 2406 2669 non
2461 2614 2782 2668 lmdcrentur
2823 2628 2837 2664 :
2884 2611 2934 2665 id
2981 2607 3121 2679 quod
3175 2608 3228 2661 in
3274 2604 3540 2662 sermonis

1949 2723 2234 2780 progressu
2286 2707 2535 2773 discetis,
2589 2705 2678 2760 ubi
2727 2705 2780 2758 in
2825 2717 2946 2758 eum
2998 2703 3172 2755 locum
3232 2695 3540 2768 pervencri-

1950 2817 2088 2857 mus.
2118 2800 2375 2856 Videbitis
2399 2800 2541 2855 enim
2561 2797 2760 2868 justum
2788 2795 2937 2850 illum
2964 2793 3080 2847 haec
3107 2791 3312 2847 fecisse.
3341 2787 3540 2842 Didici-

1951 2896 2046 2951 stis
2092 2909 2308 2950 causam
2354 2893 2424 2948 ob
2464 2907 2623 2960 quam
2667 2899 2886 2959 septena
2932 2895 3150 2956 septena
3204 2881 3542 2937 introducere

1952 2997 2278 3061 prmceptum
2310 2986 2426 3042 fuit.
2458 2986 2536 3040 Ne
2562 2982 2784 3054 posthac
2808 2980 3046 3036 toleretis
3061 2994 3156 3034 eos
3170 2977 3261 3048 qui
3290 2975 3533 3033 fabulari.

1952 3083 2316 3150 adversusque
2341 3078 2575 3133 divinam
2601 3074 2931 3145 Scripturam
2981 3072 3274 3141 insurgere,
3320 3077 3374 3122 et
3425 3081 3545 3135 qua:

1953 3190 2017 3230 ex
2039 3189 2136 3228 suo
2152 3173 2324 3242 capite
2345 3170 2631 3232 finxerunt,
2660 3175 2717 3220 ut
2739 3178 2889 3220 sacra
2914 3163 3182 3232 dogmata,
3207 3156 3545 3214 introducere

1957 3267 2213 3321 nituntur.
2244 3263 2404 3333 igitur
2431 3270 2708 3330 postquam
2740 3255 2919 3311 omnia
2947 3255 3090 3309 clare
3138 3250 3386 3306 mandata
3436 3247 3548 3302 foe-

1957 3369 2102 3424 runt,
2131 3367 2186 3412 et
2210 3358 2277 3412 de
2304 3357 2512 3417 avibus,
2544 3352 2687 3409 etde
2714 3348 2949 3412 mundis,
2973 3355 3027 3401 et
3054 3345 3123 3400 de
3149 3340 3460 3406 immundis,
3490 3349 3546 3394 et

1958 3456 2025 3510 de
2046 3441 2336 3515 alimentis,
2365 3450 2489 3504 dicit
2511 3448 2656 3518 justo
2689 3463 2703 3498 :
2735 3445 2788 3499 4.
2822 3443 3000 3496 Adhuc
3036 3440 3169 3493 enim
3212 3447 3402 3505 septem
3445 3434 3552 3486 dies

1959 3558 2096 3613 sunt,
2125 3556 2172 3600 et
2195 3563 2286 3616 ego
2314 3543 2498 3598 induco
2527 3541 2751 3611 pluviam
2791 3552 2945 3603 super
2982 3544 3168 3588 terram
3213 3527 3553 3600 quadraginta

1961 3641 2134 3694 diebus
2164 3649 2206 3692 et
2233 3635 2573 3716 (Lugdraginta
2610 3629 2840 3684 noctibus
2860 3667 2874 3691 ,
2905 3635 2950 3680 et
2978 3624 3149 3678 delebo
3180 3636 3377 3675 omnem
3431 3617 3551 3683 sub-

1962 3731 2201 3787 stantiam
2234 3707 2384 3794 qitam
2410 3724 2526 3797 feci,
2556 3739 2586 3773 a
2607 3721 2737 3794 [acie
2765 3729 2933 3784 terra,
2961 3715 3020 3767 ab
3060 3713 3262 3767 nomine
3304 3723 3462 3776 usque
3488 3707 3556 3759 ad

1957 3825 2265 3893 jumentum.
2323 3814 2574 3879 Attende,
2602 3812 2849 3871 obsecro,
2881 3807 3043 3862 etiam
3073 3819 3138 3859 ex
3171 3804 3236 3857 iis
3262 3815 3381 3870 qua:
3412 3812 3554 3854 nunc

1964 3918 2105 3974 dicta
2140 3923 2263 3970 sunt
2308 3910 2559 3967 bonitatis
2606 3907 2801 3962 divina:
2847 3901 3241 3964 excellentiam,
3287 3893 3558 3965 quomodo

1968 4018 2088 4080 post
2119 4015 2319 4061 tantam
2351 3999 2686 4058 tolerantiam
2709 3997 2870 4052 etiam
2900 4007 3042 4047 nunc
3065 3999 3189 4044 ante
3213 3995 3418 4055 septem
3445 3982 3560 4036 dios

1971 4075 2212 4169 prrcdicit
2243 4113 2254 4148 :
2289 4095 2474 4148 volens
2504 4099 2647 4146 metu
2669 4084 3065 4142 emendatiores
3097 4082 3214 4134 illos
3252 4075 3480 4132 reddere
3507 4080 3562 4126 ct

1971 4165 2036 4247 ad
2068 4186 2434 4261 pmititentiam
2461 4182 2735 4238 reducere.
2768 4176 2898 4232 Nam
2929 4171 3068 4243 quod
3101 4171 3222 4224 ideo
3264 4165 3522 4237 prasdicat
3544 4203 3559 4227 ,

1973 4301 2038 4338 ne
2059 4297 2119 4337 ea
2146 4295 2265 4350 qua:
2286 4277 2434 4338 dicit,
2457 4287 2622 4342 super
2645 4284 2741 4324 eos
2784 4268 3018 4330 inducat,
3048 4260 3325 4317 considera
3354 4254 3560 4311 Ninivi-

1975 4386 2075 4438 tas,
2106 4347 2402 4427 et‘attende
2429 4374 2623 4436 quanta
2654 4361 2845 4416 horum
2890 4369 2942 4412 et
2971 4356 3178 4410 illorum
3209 4351 3279 4406 sit
3308 4347 3562 4403 diﬂ‘eren-

1977 4469 2066 4522 tia.
2097 4464 2229 4532 Quia
2258 4477 2376 4516 cum
2403 4467 2480 4512 tot
2505 4455 2660 4509 anuis
2682 4452 2978 4512 audissent,
3011 4453 3133 4502 ante
3161 4442 3303 4497 iores
3327 4453 3450 4495 esse
3477 4450 3560 4490 ca-

1978 4557 2262 4618 lamitates,
2292 4565 2463 4622 neque
2483 4548 2560 4601 sic
2580 4562 2607 4598 a
2633 4544 2835 4598 malitia
2863 4556 2957 4594 sua
2997 4543 3296 4592 eessnrnnt.
3355 4528 3568 4584 Etenim

1975 4647 2355 4704 consuevimus
2374 4638 2787 4711 negligentiorcs
2813 4648 2956 4695 esse,
2984 4627 3198 4698 quando
3247 4611 3490 4676 tlill‘crtnr
3518 4628 3572 4672 ct

1982 4739 2309 4812 protrahitur
2320 4734 2522 4806 punitio
2546 4750 2560 4797 °,
2583 4746 2645 4785 ac
2666 4743 2785 4783 cum
2810 4725 3050 4795 proxime
3071 4722 3270 4775 instant
3290 4726 3546 4770 terumna:
3561 4750 3578 4775 ,

1983 4843 2109 4888 tunc
2136 4827 2498 4889 humiliamur,
2530 4833 2584 4877 et
2614 4820 2900 4890 plurimam
2955 4823 3288 4868 Ostentamus
3340 4823 3571 4863 conver-

1983 4927 2188 4979 sionem
2221 4941 2233 4976 :
2265 4922 2316 4975 id
2343 4918 2484 4990 quod
2514 4924 2568 4970 ct
2597 4909 2912 4967 inNiuivitis
2940 4906 3182 4975 contigit.
3229 4900 3578 4972 Quandoqui-

1985 5017 2105 5071 dem
2136 5015 2223 5068 tibi
2240 4987 2540 5071 attdiertttit,
2563 5006 2742 5060 Adhuc
2766 5014 2864 5057 tres
2889 5003 3014 5064 dies,
3044 5009 3088 5051 et
3122 4996 3172 5050 Ν
3178 4998 3306 5050 inire
3327 4987 3579 5048 subverte-

1988 5121 2069 5162 tttr
2099 5107 2270 5179 (lana:
2293 5107 2345 5159 '5.
2361 5104 2415 5173 4)
2436 5103 2533 5174 (b),
2559 5115 2668 5154 non
2689 5098 2862 5155 solum
2889 5110 2994 5148 non
3017 5091 3456 5159 desperaverunt,
3482 5082 3578 5138 scd

1989 5210 2043 5256 et
2062 5200 2127 5253 ad
2150 5199 2350 5253 dictum
2391 5195 2491 5249 hoc
2533 5183 2911 5249 exsurrexere,
2968 5191 3276 5249 tantamque
3332 5172 3580 5228 vitiorum

2056 5460 2128 5522 (.t)
2162 5467 2258 5522 Non
2283 5457 2371 5522 abs
2387 5467 2448 5522 re
2467 5452 2545 5501 hic
2559 5448 2925 5521 chrysostomus
2944 5444 2990 5490 in
3015 5438 3124 5489 illos
3146 5437 3410 5490 invehitur,
3424 5432 3516 5504 qui
3540 5431 3589 5481 in

1996 5497 2725 5574 exitlicadda‘dixida'Scriptdra
2759 5513 3323 5574 magnamnumerorum
3347 5497 3584 5574 rationem

2474 5555 2734 5641 ervailltvnon
2751 5555 2894 5641 modo
2916 5565 3046 5614 Philo
3064 5569 3114 5611 ct
3127 5562 3354 5630 Clcntcns
3377 5555 3585 5641 Alsgtan-

2201 5617 2458 5690 setl'etiam
2482 5617 2923 5699 illisit—bittgaliqtlol
2941 5634 3160 5699 tutoris;
3187 5625 3283 5699 imo
3321 5630 3373 5668 et
3405 5617 3483 5665 alii
3508 5624 3583 5664 tta-

1999 5687 2252 5764 διῖεἶ
2268 5687 2331 5751 de
2356 5687 2413 5749 re
2437 5707 2664 5758 magnum
2689 5687 2866 5741 librum
2891 5687 3041 5739 edidit
3063 5693 3234 5734 Petrus
3256 5689 3462 5744 Bongos.

2063 5792 2137 5852 (ἡ)
2171 5791 2317 5838 vetus
2351 5783 2499 5832 lectio
2524 5780 2647 5832 LXX
2668 5778 3003 5840 lnterprclum
3031 5780 3130 5824 tres
3151 5778 3342 5824 tantum
3390 5772 3497 5820 dies
3524 5772 3584 5820 ad
