4054 6312
547 343 649 399 215

544 459 785 512 fecerunt
808 456 1216 528 abstinentiam,
1257 468 1310 513 et
1341 467 1446 521 tam
1489 459 1796 530 diiigentem
1827 462 2119 517 confessio-

544 561 664 599 nem
704 545 1086 611 exhibuernnt,
1123 557 1178 606 ut
1205 557 1259 602 et
1283 549 1347 603 ad
1379 549 1533 604 bruta
1570 567 1738 622 usque
1772 566 2122 610 extenuet-ent

541 626 602 693 ea
629 653 747 706 quas
777 638 1067 692 attinebant
1084 639 1148 693 ad
1169 638 1591 706 confessionem;
1622 657 1726 697 non
1775 644 1914 713 quod
1968 646 2118 700 bruta

541 727 833 782 animantia
885 729 1273 784 confessionem
1315 731 1616 788 ediderint:
1664 736 1930 803 quomodo
1973 737 2116 791 enim

540 827 776 885 possent,
809 833 927 871 cum
959 833 1204 873 sermone
1224 821 1479 874 eareant?
1505 822 1599 877 sed
1630 834 1686 878 ut
1715 840 1808 894 per
1834 826 1935 882 hoc
1958 827 2121 882 mise-

540 906 819 961 ricordiam
851 907 974 962 boni
1005 909 1213 964 Domini
1259 911 1361 964 sibi
1404 914 1772 971 c0neiliarent.
1825 917 2118 973 Przedieato

535 997 678 1052 enim
702 999 928 1068 jejunio,
960 1000 1150 1071 inquit,
1199 1017 1290 1057 rs:
1340 1005 1453 1072 ipse
1498 1007 1787 1073 mandavit,
1841 1018 1897 1062 ut
1944 1024 2116 1077 neque

541 1103 884 1159 oves,nequc
928 1091 1110 1159 boves,
1161 1109 1334 1164 neque
1384 1096 1487 1150 alia
1537 1097 1687 1152 bruta
1738 1100 1986 1168 pabulum
2032 1103 2114 1156 vel

534 1193 725 1249 aquam
763 1184 1063 1254 acciperem
1116 1184 1362 1256 (lome3.
1394 1188 1488 1257 7);
1520 1189 1612 1244 sed
1641 1206 1799 1245 omne
1839 1191 2112 1247 hominum

534 1286 701 1339 genus
718 1280 842 1330 tunc
863 1277 1032 1330 saccis
1055 1275 1330 1345 amictum,
1354 1288 1408 1334 ct
1428 1281 1541 1348 ipse
1560 1297 1771 1352 quoque
1791 1299 1881 1338 res
1901 1285 2110 1341 sublimi

527 1361 663 1415 solio
685 1365 901 1431 sedens,
934 1382 1178 1438 magnam
1201 1380 1252 1424 et
1285 1386 1464 1439 parem
1513 1389 1637 1428 cum
1663 1375 1783 1429 aliis
1809 1392 1968 1446 egere
1996 1393 2113 1448 pm-

530 1453 806 1509 nitentiam
837 1474 850 1508 :
881 1454 1232 1528 feceruntque
1259 1460 1394 1524 inre,
1425 1463 1548 1518 licet
1573 1466 1876 1534 ignorarent
1897 1484 1965 1522 an
1993 1484 2108 1539 pm-

531 1559 652 1598 nam
675 1549 880 1601 evasuri
911 1559 1112 1604 essent.
1139 1551 1393 1606 Dicebant
1411 1555 1553 1608 enim
1576 1576 1590 1611 :
1617 1555 1743 1622 Quis
1768 1560 1882 1624 scit,
1911 1560 1955 1614 si
1977 1565 2108 1632 forte

529 1639 765 1703 pomiteat
792 1637 927 1694 Deus
951 1656 1106 1707 super
1132 1643 1347 1708 malitia,
1372 1662 1522 1713 quam
1551 1658 1606 1702 ut
1632 1650 1774 1704 nobis
1801 1652 1979 1720 faciat,
2028 1656 2105 1710 lo—

525 1735 709 1793 quutus
731 1739 804 1781 est
823 1727 984 1796 (Ibid.
1015 1747 1063 1784 υ.
1085 1732 1185 1795 9)!

598 1815 648 1869 7.
693 1814 936 1872 Pra'dicit
967 1817 1121 1886 Deus,
1155 1839 1224 1885 ne,
1239 1825 1444 1879 inducat
1474 1830 1628 1882 mala.
1653 1859 1723 1872 --
1743 1831 1934 1889 Vidisti
1980 1835 2103 1892 bar-

527 1906 772 1968 barorum
812 1920 1018 1980 gratum
1067 1915 1341 1971 animum?
1391 1919 1566 1975 vidisti
1618 1926 1886 1992 quomodo
1935 1945 2105 2000 neque

523 1994 996 2068 diernm'angustia
1026 2006 1299 2073 segniores
1325 2006 1479 2072 fecit,
1512 2026 1688 2082 neque
1734 2014 1802 2069 ad
1847 1994 2102 2088 despera—

465 2131 472 2138 .
524 2087 719 2141 tionem
752 2088 988 2146 induxit?
1011 2092 1134 2148 Vide
1161 2105 1216 2150 et
1237 2096 1357 2151 illos
1378 2109 1496 2167 post
1518 2115 1798 2158 numerum
1829 2114 1906 2161 tot
1933 2087 2100 2164 anno-

522 2192 659 2241 rum,
689 2179 1104 2238 nbiaudiverunt
1132 2202 1146 2238 :
1172 2186 1358 2241 Adhuc
1374 2199 1578 2259 septem
1601 2191 1733 2258 dies,
1765 2206 1819 2250 et
1844 2194 2099 2256 diluvium

520 2263 812 2331 inducetur,
845 2285 1016 2342 neque
1040 2274 1117 2329 sic
1141 2289 1448 2344 conversos,
1479 2281 1572 2336 sed
1594 2284 1835 2353 stupidos
1881 2297 1936 2343 et
1979 2291 2095 2347 sine

515 2356 700 2414 dolore
726 2365 1015 2420 mansisse:
1043 2366 1184 2423 unde
1209 2369 1263 2422 in
1279 2373 1526 2428 confesso
1553 2375 1734 2445 fuerit,
1767 2382 2095 2440 voluntatem

514 2456 748 2502 nostram
775 2452 1035 2508 malorum
1066 2459 1304 2514 omnium
1334 2476 1548 2519 causam
1579 2481 1720 2522 esse.
1772 2471 1911 2527 Ecce
1954 2476 2094 2531 enim

515 2546 564 2590 et
592 2537 665 2605 hi,
690 2549 742 2593 et
773 2542 856 2596 isti
875 2543 1088 2603 fuerunt
1112 2549 1376 2619 homines,
1420 2565 1473 2610 et
1523 2558 1761 2627 ejusdem
1803 2565 1956 2634 cujus
2005 2569 2093 2623 alii

514 2638 739 2697 natura,
785 2634 880 2690 sed
919 2652 1022 2691 non
1050 2640 1290 2709 ejusdem
1323 2646 1630 2705 voluntatis.
1662 2651 1948 2723 Propterea
1997 2675 2095 2715 nec

511 2719 698 2774 eadem
725 2736 912 2780 eorum
943 2742 1060 2783 sors
1084 2729 1202 2797 fuit,
1256 2735 1351 2788 sed
1398 2736 1646 2795 Ninivita:
1689 2746 2092 2804 subversiom-m

508 2809 961 2884 subterfugerant,
987 2835 1107 2874 cmn
1139 2821 1310 2879 bonus
1339 2827 1478 2881 Deus
1508 2841 1724 2898 propter
1775 2851 1927 2891 suam
1979 2841 2090 2894 eli--

509 2903 760 2958 tnentiam
781 2921 967 2962 eorum
990 2921 1269 2969 contentus
1290 2930 1430 2971 esset
1478 2922 1785 2987 poenitentia
1818 2945 1831 2980 :
1859 2929 1957 2985 sed
2003 2931 2086 2985 isti

504 2990 787 3059 submersi,
807 2996 857 3049 in
881 3004 1148 3056 communi
1175 3003 1392 3061 interitu
1417 3011 1709 3076 perierunt.
1729 3017 1909 3071 Adhuc
1928 3023 2084 3087 enim,

506 3078 694 3148 inquit,
712 3095 899 3153 septem
922 3089 1050 3153 dies,
1080 3103 1127 3145 et
1149 3110 1239 3163 ego
1265 3096 1448 3150 induco
1465 3101 1684 3168 pluviam
1704 3123 1858 3174 super
1877 3120 2085 3166 terram.

509 3169 708 3226 Deinde
737 3184 794 3228 ut
840 3179 1008 3248 magis
1051 3194 1239 3253 augeat
1281 3194 1560 3255 terrorem,
1617 3169 1821 3264 inquit:
1854 3198 2088 3266 Quadra-

502 3265 642 3332 ginta
663 3267 834 3325 diebus
861 3281 909 3324 et
939 3273 1279 3346 quadraginta
1309 3284 1558 3339 noctibus.
1587 3285 1723 3353 Quid
1765 3265 1946 3348 enim?
1985 3312 2084 3350 an-

501 3369 605 3409 non
629 3368 853 3427 poterat,
887 3363 930 3417 si
961 3366 1231 3430 voluisset,
1267 3389 1372 3425 uno
1402 3375 1486 3429 die
1509 3386 1670 3432 totam
1716 3382 1945 3449 pluviam
2000 3388 2082 3440 in-

500 3445 736 3503 ducere?
759 3450 894 3518 Quid
925 3454 1043 3511 dico
1073 3473 1178 3512 uno
1203 3460 1334 3514 die?
1383 3464 1500 3520 Uno
1544 3445 1815 3526 momento
1862 3487 2076 3543 posset:

497 3537 590 3590 sed
623 3537 722 3594 hoc
745 3542 921 3598 dedita
951 3561 1110 3617 Opera
1135 3549 1279 3618 facit,
1309 3555 1493 3610 volens
1535 3559 1692 3615 simul
1738 3573 1789 3618 et
1830 3565 2076 3622 timorem

499 3628 753 3695 incutere,
784 3643 836 3687 et
861 3637 1195 3694 occasionem
1223 3654 1494 3712 praestare,
1545 3666 1648 3718 qua
1698 3666 1914 3723 possent
1967 3674 2079 3729 pm-

497 3734 642 3784 nam,
664 3737 783 3792 qua:
809 3725 918 3794 jam
948 3727 1001 3782 in
1033 3730 1235 3788 fotibus
1271 3748 1434 3806 esset,
1466 3740 1720 3812 elfugerc.
1757 3745 1822 3800 Et
1860 3725 2035 3805 delebo
2059 3793 2074 3819 ,

496 3809 687 3878 inquit,
716 3830 912 3869 onmem
937 3819 1289 3890 substantiam,
1319 3845 1470 3894 quam
1499 3835 1616 3899 feci,
1646 3851 1677 3887 a
1707 3835 1838 3904 facie
1878 3849 2025 3895 terra
2056 3884 2071 3908 ,

494 3904 556 3952 ob
580 3902 780 3958 homine
805 3922 961 3977 usque
979 3912 1046 3964 ad
1074 3927 1243 3980 pecus.
1278 3914 1408 3971 Vide
1437 3902 1715 3988 quonmdo
1733 3940 1786 3980 et
1815 3933 1980 3984 semel
2023 3902 2078 3987 et

496 3991 687 4047 iterum
717 3996 985 4066 przedicit,
1009 4011 1063 4054 et
1088 4019 1261 4072 neque
1281 4006 1357 4060 sic
1380 4007 1500 4064 illos
1528 4015 1711 4082 tangit.
1743 4019 1932 4072 Uninia
1977 4037 2075 4077 au-

492 4091 599 4138 tem
632 4084 746 4140 lucc
776 4087 1022 4158 faciebat,
1055 4103 1109 4147 ut
1132 4110 1227 4149 nos
1248 4096 1484 4165 doceret,
1519 4118 1577 4158 se
1596 4107 1742 4173 justo
1768 4110 1846 4164 eis
1873 4122 2072 4168 tantam

451 4171 457 4177 ’
491 4179 1015 4251 pmnaminﬂixisse;
1046 4193 1100 4241 et
1125 4197 1181 4241 ut
1222 4191 1394 4245 nullus
1441 4171 1797 4264 insipientiam
1848 4217 2075 4274 arguere

488 4275 544 4321 et
565 4268 746 4325 dicere
790 4283 1006 4341 posset:
1041 4277 1096 4332 Si
1156 4285 1669 4351 procrastinavisset,
1715 4289 1852 4348 forte
1903 4268 2075 4364 pumi-

491 4360 708 4414 tentiam
739 4365 991 4430 egissent,
1018 4369 1153 4424 forte
1179 4387 1209 4425 a
1236 4374 1375 4428 vitiis
1402 4376 1750 4447 abstitissent,
1790 4393 1846 4439 et
1865 4360 1933 4441 ad
1959 4389 2072 4443 vir-

493 4459 656 4505 tutem
689 4453 996 4511 rediissem.
1033 4459 1210 4529 anue
1255 4462 1323 4517 de
1374 4480 1533 4522 causa
1563 4485 1824 4529 annorum
1855 4491 2069 4547 quoque

485 4554 766 4597 numerum
799 4544 1089 4603 declaravit
1111 4551 1284 4617 nobis,
1315 4563 1365 4608 et
1394 4571 1571 4612 aream
1602 4559 1847 4619 fabricari
1873 4544 2066 4636 jussit.

485 4629 555 4685 Et
584 4643 704 4701 post
731 4633 844 4690 haec
867 4639 1045 4693 omnia
1075 4643 1235 4696 etiam
1265 4654 1390 4700 ante
1418 4646 1534 4704 dies
1563 4663 1768 4722 septem
1802 4629 2063 4727 praedicit,

485 4733 539 4776 ut
588 4726 824 4781 omnium
877 4737 1076 4785 temere
1113 4733 1441 4803 loquentium
1481 4739 1815 4811 impudentes
1859 4726 2066 4820 linguas

479 4827 805 4883 compescat.
835 4820 888 4874 5.
925 4820 986 4874 Et
1011 4823 1152 4891 fecit,
1180 4825 1371 4894 inquit,
1404 4827 1518 4884 Noe
1539 4835 1709 4887 omnia
1739 4853 2066 4911 quotcumque

484 4907 738 4960 mandavit
759 4910 801 4962 ei
821 4909 1069 4967 Dominus
1095 4913 1252 4970 Deus.
1288 4916 1421 4974 Vide
1447 4924 1716 4991 quomodo
1742 4937 1795 4981 et
1822 4907 2063 5000 nuncju-

479 4996 775 5068 stigratum
805 5001 1041 5057 animum
1071 5014 1125 5059 et
1160 5005 1518 5066 obedientiam
1565 5013 1742 5070 divina
1789 4996 2064 5091 Scriptura

477 5087 756 5156 praedicat,
786 5091 986 5149 docens
1015 5110 1111 5150 nos
1137 5113 1259 5151 eum
1290 5101 1417 5154 nihil
1444 5104 1581 5172 quod
1603 5087 1921 5178 imperatum
1946 5125 2062 5172 erat

478 5183 920 5248 pnetermisissc;
953 5184 1045 5240 sed
1076 5189 1324 5244 omnibus
1353 5192 1603 5263 impletis,
1624 5199 1781 5255 etiam
1814 5218 1906 5272 per
1933 5205 2054 5273 hoc,

476 5419 860 5493 resipiscendnm
899 5422 1113 5493 nidis-itis
1132 5424 1270 5493 datos
1308 5441 1650 5484 oonunemorat
1682 5450 1694 5484 :
1734 5437 1779 5487 iu
1822 5439 2056 5493 Hebraieo

475 5486 786 5558 fingatque
826 5483 875 5532 in
899 5484 1100 5558 Vulgata
1142 5491 1455 5558 quadraginta
1476 5494 1585 5558 dies
1623 5483 2056 5558 ιὶηξιίίῖιυῖίῦιῖἓξιῖ

475 5495 625 5539 testu,
639 5495 684 5530 at
720 5495 786 5531 ue
826 5495 875 5532 In
899 5495 1100 5546 vulgata
1143 5495 1455 5553 quadraginta
1476 5495 1585 5545 dies
1623 5496 1868 5558 humatur.
1895 5505 2054 5555 Libra-

897 5554 1099 5626 tn_t._x..\;
1128 5555 1489 5626 interpretibus
1521 5557 1635 5626 in.i_e
1677 5569 1812 5611 ortus
1842 5573 2054 5626 putatur,

473 5603 600 5685 quod
625 5611 730 5659 tres
747 5603 852 5678 dies
894 5614 1034 5685 tor-tas
1127 5603 1304 5685 ventre
1338 5617 1433 5685 ceti
1466 5603 1648 5685 egeri,

475 5663 666 5718 dierum
684 5669 939 5720 occasione
962 5669 1039 5721 hic
1057 5681 1158 5723 tres
1185 5678 1326 5724 etiam
1346 5663 1452 5728 dies

1246 339 1298 396 S.
1337 339 1612 397 JOANNIS
1647 341 2118 404 οίιιὶγδοδτοδιι
2158 347 2480 410 AllCHlEP.
2519 355 3054 422 CONS'I'ANTINOP.

3716 377 3838 434 216

2235 489 2444 546 virtutis
2466 507 2576 550 suae
2597 499 2870 568 specimen
2895 503 3206 572 pr:ebuis.se.

2303 583 2357 637 8.
2401 583 2616 641 Horati:
2635 589 2937 647 exhortatio.
2965 626 3037 636 —
3066 595 3217 662 illum
3246 599 3406 670 igitur
3425 613 3476 658 et
3504 617 3604 662 nos
3637 607 3826 665 imite-

2231 688 2352 729 mur
2376 677 2599 746 justum,
2652 692 2706 737 et
2733 685 2983 744 mandata
3009 704 3038 744 ι
3069 692 3180 746 Deo
3212 694 3402 750 tradita
3433 696 3657 768 implere
3701 714 3827 755 Sitt-

2227 764 2471 835 deamus,
2500 786 2564 827 ac
2599 774 2743 843 leges
2776 790 2805 831 a
2839 776 3052 835 Christo
3078 783 3230 838 nobis
3257 784 3392 842 latas
3420 803 3524 843 non
3553 788 3821 859 despiciao

2227 870 2379 926 mus;
2403 861 2498 916 sed
2521 877 2703 919 earnm
2733 879 3050 937 praesentem
3072 885 3348 931 servantes
3379 880 3712 942 memoriam,
3733 882 3820 938 fe-

2224 951 2485 1010 stinemus
2532 957 2597 1010 ad
2635 957 2770 1014 bona
2802 975 2983 1031 opera,
3039 979 3138 1020 nec
3190 981 3383 1036 segnes
3428 969 3598 1027 simus
3651 973 3702 1027 in
3751 975 3822 1028 iis

2229 1045 2519 1100 tractandis
2543 1063 2661 1117 qua:
2687 1053 2752 1104 ad
2771 1052 2995 1108 salutem
3018 1066 3252 1111 nostram
3272 1061 3562 1132 pertinent,
3580 1078 3815 1133 pratser-

2226 1132 2319 1186 tim
2349 1150 2469 1189 cum
2499 1153 2640 1193 nunc
2670 1141 2825 1212 longe
2870 1145 3042 1215 major
3072 1148 3278 1205 virtutis
3295 1167 3540 1208 mensura
3582 1132 3616 1208 ᾖ
3656 1157 3816 1214 nobis

2222 1224 2486 1293 exigatur,
2517 1241 2718 1297 quanto
2744 1241 2797 1286 et
2824 1236 3043 1290 meliora
3077 1238 3214 1293 b0na
3243 1243 3414 1297 sortiti
3441 1259 3647 1300 sumus.
3684 1243 3814 1305 Ideo

2219 1323 2273 1370 et
2295 1315 2540 1375 Christus
2582 1321 2786 1379 dicebat
2821 1343 2833 1378 :
2869 1327 2988 1382 Nisi
3033 1330 3365 1387 abundaverit
3393 1337 3598 1408 justitia
3644 1353 3812 1394 veslm

2218 1409 2336 1476 plus
2363 1427 2512 1480 quam
2531 1413 2808 1469 scribarum
2834 1428 2880 1470 et
2913 1416 3311 1490 Pltarisworum,
3336 1442 3436 1480 non
3455 1430 3706 1484 intrabitis
3757 1434 3813 1487 in

2217 1514 2425 1569 regnum
2453 1504 2689 1559 coriorum
2721 1506 2930 1577 (Matth.
2958 1511 3012 1565 5.
3044 1511 3160 1580 20).
3195 1514 3610 1573 Consideremns
3652 1521 3808 1590 igitur

2215 1591 2317 1642 hoc
2356 1591 2596 1657 dictum,
2639 1604 2694 1650 et
2739 1613 2845 1652 non
2896 1601 3255 1669 perfunctorie
3300 1615 3655 1674 transeamus,
3715 1614 3808 1666 sed

2214 1683 2509 1751 cogitemus
2551 1696 2747 1756 quanta
2771 1705 2925 1758 pinna
2979 1694 3153 1748 futura
3206 1697 3270 1750 sit
3319 1714 3505 1754 eorum
3556 1704 3644 1772 qui
3700 1719 3807 1760 non

2212 1773 2383 1826 solum
2435 1790 2542 1830 non
2584 1793 2802 1848 Operam
2834 1782 2961 1837 dant
2987 1795 3042 1838 ut
3064 1785 3184 1842 illos
3213 1804 3489 1860 superent,
3518 1792 3614 1848 sed
3641 1797 3808 1852 etiam

2211 1864 2385 1918 minus
2401 1881 2558 1935 quam
2585 1869 2659 1925 illi
2688 1885 2942 1943 prmstant
2968 1893 2981 1940 ;
3011 1893 3182 1948 neque
3201 1892 3392 1936 cavent
3437 1894 3496 1939 nt
3541 1885 3674 1940 iram
3724 1905 3799 1945 re-

2212 1957 2424 2012 mittant
2471 1963 2734 2031 proximo,
2785 1967 2862 2021 vel
2889 1967 3120 2039 linguam
3151 1986 3179 2024 a
3222 1972 3541 2042 juramentis
3589 1992 3808 2038 servent

2211 2062 2417 2117 puram,
2449 2053 2528 2105 vel
2550 2055 2763 2110 oculum
2786 2059 3026 2116 muttiant
3045 2079 3076 2118 a
3105 2067 3406 2132 pernicioso
3454 2073 3806 2145 spectaculo:

2206 2149 2262 2196 et
2287 2154 2408 2194 cum
2437 2140 2695 2200 Dominus
2718 2151 3016 2220 praacipiat,
3045 2169 3152 2210 non
3197 2159 3376 2214 solum
3399 2158 3613 2218 fortiter
3661 2140 3806 2221 ferre

2204 2231 2247 2283 si
2293 2247 2396 2302 qua
2445 2232 2636 2302 injuria
2680 2237 2940 2298 fuerimus
2979 2245 3175 2313 all‘ecti,
3212 2249 3660 2311 sedetbenellcia
3703 2258 3804 2313 ini-

2205 2313 2356 2378 micis
2381 2325 2600 2396 largiter
2621 2331 2891 2399 praebere;
2923 2336 2997 2390 ait
3017 2339 3177 2404 enim,
3212 2336 3282 2395 Et
3309 2344 3397 2413 qui
3449 2355 3614 2400 tecum
3662 2349 3802 2415 udi.

2204 2417 2282 2468 cio
2312 2420 2614 2474 contendere
2632 2433 2679 2474 et
2708 2426 2931 2480 tunicam
2951 2431 3126 2485 tollere
3140 2435 3266 2500 vult,
3284 2435 3482 2492 dimitte
3495 2448 3541 2493 et
3583 2443 3799 2511 pallium

2201 2507 2490 2577 (Matt/L5.
2509 2514 2621 2583 ιο).
2645 2515 2755 2572 Nos
2782 2529 2960 2574 autem
2989 2536 3132 2593 sazpe
3157 2526 3403 2594 proximo
3429 2507 3680 2601 injuriain
3711 2535 3794 2588 in-

2205 2601 2343 2658 ferre
2389 2605 2627 2672 nitimur,
2660 2618 2751 2662 aut
2777 2610 3060 2668 lmdentetn
3107 2617 3310 2685 ulcisci,
3358 2622 3602 2690 quamvis
3641 2627 3798 2680 nobis

2204 2692 2526 2760 imperatum
2565 2699 2636 2751 sit
2668 2714 2773 2753 non
2805 2701 2978 2756 solum
3008 2703 3294 2774 diligentes
3344 2710 3571 2782 diligere
3607 2713 3631 2787 ί
3658 2715 3794 2771 Nam

2199 2785 2312 2849 hoc,
2345 2785 2535 2854 inquit,
2567 2796 2613 2841 et
2643 2791 2900 2858 publicani
2925 2793 3117 2863 faciunt
3144 2797 3357 2869 (Matth.
3378 2803 3431 2859 5.
3451 2785 3718 2879 46)];st
3740 2821 3794 2866 et

2197 2877 2334 2932 bene
2363 2885 2417 2930 et
2443 2880 2613 2935 amice
2635 2881 2856 2938 allectos
2885 2900 3005 2942 esse
3035 2888 3087 2942 in
3116 2903 3211 2944 eos
3240 2893 3328 2960 qui
3378 2910 3477 2950 nos
3524 2877 3796 2958 hostiliter

2197 2969 2448 3024 infestant
2478 2991 2489 3024 :
2527 2988 2623 3027 nos
2654 2984 2832 3030 tamen
2861 2993 2927 3032 ne
2953 2981 3139 3035 amicis
3169 2985 3386 3053 quidem
3415 3003 3597 3056 parem
3645 2997 3791 3049 cari-

2194 3070 2355 3116 tatem
2384 3065 2721 3120 exbibemus.
2750 3069 3047 3141 Eapropter
3067 3073 3224 3130 doleo
3246 3086 3300 3131 et
3331 3079 3504 3150 lugeo,
3536 3087 3662 3152 quia
3695 3088 3776 3140 vi-

2192 3154 2294 3208 deo
2326 3157 2377 3210 in
2400 3158 2554 3213 nobis
2572 3166 2774 3216 tantam
2792 3162 3005 3220 virtutis
3038 3172 3350 3238 raritatem;
3381 3174 3637 3230 malitiam
3690 3195 3785 3234 au-

2193 3256 2300 3302 tem
2346 3251 2586 3320 quotidie
2632 3253 2959 3313 invalescere
2991 3277 3004 3312 :
3036 3276 3214 3331 neque
3255 3277 3496 3322 moratur
3519 3269 3788 3339 gehennw

2193 3339 2353 3396 timor
2381 3353 2622 3397 nostrum
2654 3346 2704 3399 in
2730 3348 2869 3402 mala
2890 3364 3126 3416 cursum,
3155 3369 3328 3426 neque
3375 3361 3519 3429 regni
3567 3361 3786 3420 deside-

2190 3434 2325 3485 rium
2345 3433 2549 3503 ineitat,
2573 3444 2624 3490 ut
2651 3437 2704 3491 in
2719 3438 2800 3492 via
2824 3441 3033 3497 virtutis
3048 3444 3386 3501 ambulemus
3413 3468 3425 3504 :
3456 3451 3550 3505 sed
3569 3468 3782 3518 omnes,

2188 3531 2245 3576 ut
2271 3523 2343 3577 ita
2375 3525 2573 3592 dicam,
2594 3542 2725 3597 quas
2773 3532 3006 3599 pecudes
3031 3534 3348 3592 abducimur
3374 3557 3386 3591 :
3420 3550 3472 3595 et
3497 3558 3674 3614 neque
3693 3562 3782 3601 co-

2186 3614 2417 3683 gitamus
2440 3617 2730 3675 terribilem
2759 3620 2902 3676 illam
2932 3623 3139 3692 horam,
3172 3629 3257 3683 vel
3315 3630 3460 3703 leges
3488 3650 3517 3688 a
3552 3635 3782 3692 Domino

2189 3707 2344 3762 nobis
2373 3708 2526 3764 datas
2559 3729 2572 3764 :
2605 3713 2698 3767 sed
2726 3729 2915 3770 omnes
2942 3716 3007 3770 ad
3040 3718 3316 3775 hominum
3344 3725 3630 3793 Opiniones
3650 3745 3777 3800 spc-

2185 3807 2413 3864 ctamus,
2442 3809 2496 3854 et
2525 3801 2802 3872 gloriolam
2825 3806 2896 3860 ab
2926 3807 3027 3861 illis
3052 3824 3330 3876 venamur,
3362 3830 3537 3885 neque.
3586 3819 3778 3878 audire

2185 3889 2426 3944 volumus
2458 3889 2812 3962 Evangelium
2844 3895 3029 3952 dicens
3070 3918 3083 3953 :
3129 3901 3395 3965 Quomodo
3442 3923 3528 3962 vos
3569 3915 3777 3979 potestis

2185 3983 2388 4037 credere
2414 3985 2625 4054 gloriam
2649 3985 2711 4039 alt
2743 3987 3027 4045 hominibus
3043 3994 3361 4062 accipientes,
3415 4009 3460 4052 et
3513 4001 3730 4070 gloriam
3755 4047 3771 4071 ,

2179 4093 2292 4145 qua'
2313 4093 2343 4129 a
2365 4076 2472 4130 solo
2507 4076 2611 4132 Deo
2627 4089 2719 4144 est,
2743 4098 2842 4135 non
2860 4096 3135 4153 querentes
3149 4085 3327 4152 (Joan.
3347 4091 3402 4145 5.
3422 4092 3514 4162 44)
3536 4093 3771 4160 ?Quem-

2181 4166 2467 4222 admodum
2499 4171 2640 4223 enim
2669 4173 2758 4239 qui
2790 4173 2934 4227 illam
2978 4175 3264 4233 humanam
3307 4179 3636 4249 desiderant,
3689 4185 3771 4240 di-

2185 4258 2309 4312 vina
2339 4272 2560 4327 prorsus
2581 4261 2831 4316 excidunt
2863 4280 2875 4314 :
2909 4263 2978 4316 ita
3008 4267 3096 4334 qui
3121 4267 3354 4323 divinam
3375 4275 3632 4328 continuo
3678 4293 3767 4333 sc-

2183 4357 2418 4415 ctantur,
2442 4365 2615 4418 neque
2640 4351 2737 4406 hac
2756 4353 2862 4422 prii
2876 4366 3052 4411 antur.
3077 4356 3130 4410 ld
3157 4359 3298 4428 quod
3323 4363 3436 4432 ipse
3465 4365 3610 4434 prius
3641 4385 3765 4439 pro-

2177 4440 2322 4494 tnisit
2348 4457 2360 4493 :
2390 4441 2609 4509 Quwrite
2629 4445 2848 4513 priurum
2865 4448 2880 4477 ⁸
2908 4463 3117 4517 regnans
3142 4448 3255 4517 Dei,
3286 4463 3331 4506 et
3362 4455 3469 4509 lucc
3495 4461 3667 4514 omnia
3681 4479 3764 4517 νο·
3819 4457 3824 4464 ’

2175 4531 2250 4586 bis
2267 4533 2570 4604 adﬁcientur
2597 4536 2615 4604 (
2635 4535 2822 4591 Matth.
2851 4539 2901 4591 6.
2935 4537 3027 4609 5'5)
3055 4555 3073 4592 .'
3101 4543 3297 4597 etenim
3325 4563 3445 4601 eum
3477 4552 3570 4618 qui
3609 4551 3765 4625 hujus

2174 4624 2444 4682 desiderio
2476 4637 2703 4701 leuetur,
2737 4641 3033 4698 sequuntur
3075 4633 3189 4688 lucc
3241 4641 3441 4693 omnia.
3499 4643 3631 4698 Nam
3675 4624 3762 4716 qui

2173 4717 2299 4773 illuc
2317 4720 2508 4775 mentis
2529 4734 2642 4775 sese
2667 4721 2768 4776 alis
2784 4723 3076 4780 instrui-tus
3101 4728 3262 4791 vniat,
3281 4749 3497 4788 oiitnem
3523 4752 3760 4804 prasen-

2175 4817 2280 4862 tetn
2309 4812 2716 4881 prosperitatem
2739 4815 2888 4883 quasi
2914 4831 3018 4869 non
3049 4830 3214 4882 esset,
3243 4827 3559 4880 contemnit.
3605 4828 3756 4887 Oculi

2170 4899 2310 4953 enim
2342 4899 2487 4967 lltlei,
2521 4902 2735 4970 quando
2765 4904 2942 4959 vident
2999 4908 3282 4965 incﬂ’abilia
3317 4914 3403 4968 illa
3462 4916 3600 4974 bona
3625 4962 3640 4986 ,
3695 4937 3764 4977 no

2168 5001 2403 5046 sentiunt
2421 4992 2636 5063 quidem
2667 4993 2783 5050 haec
2811 4996 3034 5052 visibilia
3064 5015 3076 5052 :
3111 5009 3315 5057 tantum
3360 5006 3519 5062 inter
3549 5011 3666 5069 hac
3707 5025 3763 5069 ct

2168 5079 2257 5136 illa
2278 5082 2520 5138 interest.
2548 5084 2651 5139 Sed
2675 5086 2942 5141 netninem
2969 5089 3124 5146 video
3151 5093 3240 5162 qui
3264 5093 3547 5154 invisibilia
3577 5101 3750 5160 visibi-

2168 5171 2303 5226 libus
2330 5168 2598 5242 praeferat.
2626 5174 2826 5230 Idcirco
2851 5180 2979 5233 mihi
3012 5197 3212 5239 maeror
3235 5196 3338 5252 est,
3357 5199 3412 5244 et
3439 5192 3752 5254 indesinens

2166 5262 2317 5318 dolor
2347 5265 2495 5321 cordi
2523 5280 2682 5321 meo:
2713 5269 2836 5338 quia
2883 5287 2988 5326 non
3018 5288 3198 5330 rerum
3239 5282 3571 5349 experientia
3611 5290 3751 5345 docti

2163 5371 2368 5421 sumus,
2421 5372 2595 5428 neque
2642 5359 2735 5414 Dei
2789 5363 3194 5434 promissiones,
3244 5385 3418 5442 neque
3465 5390 3747 5435 munerum

2163 5449 2492 5520 magnitudo,
2521 5451 2671 5524 regni
2703 5451 3025 5513 desiderium
3047 5466 3104 5513 et
3126 5474 3368 5516 amonem
3397 5465 3550 5522 nobis
3597 5461 3744 5531 iuxe-

2168 5616 2246 5728 Μ’
2278 5615 2403 5677 vos,
2427 5614 2635 5678 primum
2664 5618 2911 5680 (πρῶτον),
2941 5618 3079 5670 deest
3115 5619 3164 5669 in
3200 5617 3350 5668 Savil.
3385 5625 3440 5671 et
3465 5623 3515 5670 in
3549 5626 3740 5684 septem

2215 5691 2282 5728 ss.

2215 5691 2282 5728 88.
