4054 6312
378 359 480 415 217

380 473 476 529 τοῦ
508 471 774 542 παρόντος
808 468 925 539 βίου
953 467 1079 521 λτῶν
1124 466 1498 535 ἀτελευτήτων
1523 462 1739 518 αἰώνων
1787 459 2037 528 ἐκείνων.

383 558 513 614 Οἶδα
547 561 629 613 ὃτι
658 558 846 612 δάκνει
875 559 974 628 τὴν
1007 554 1173 625 ἀκοὴν
1200 572 1358 607 ταυτι
1382 568 1452 606 τα
1479 554 1723 623 ῥήματα,
1746 547 1883 602 ἀλλά
1912 545 2047 615 σύγ-ο

384 664 580 714 γνωτε.
609 644 922 716 Ἐπιθυμῶν
942 643 1039 714 τὴν
1060 642 1213 712 ὑμῶν
1236 642 1510 712 σωτηρίαν
1527 639 1698 693 ταῦτα
1715 634 2046 705 φθέγγομαι,

387 734 482 787 καὶ
537 731 857 802 βουλόμενος
904 726 1138 782 ἐνταῦθα
1188 728 1384 798 μικρὸν
1432 727 1577 795 ὑμᾶς
1608 723 1908 795 δηχθέντας
1948 718 2047 792 την

384 819 602 875 αἰώνιον
633 818 851 872 κόλασιν
880 815 1232 886 διαφυγεῖν,ἢ
1266 814 1402 885 πρὸς
1422 813 1601 880 ὀλίγον
1618 806 2051 881 ψυχαγωγηθέν-

389 923 491 969 τας
540 904 762 977 διηνεκῆ
794 904 895 972 τὴν
926 902 1195 974 τιμωρίαν
1226 901 1466 971 ὑπέχειν.
1504 900 1566 951 Εἰ
1599 897 1708 969 γὰρ
1734 892 2046 965 ἀνάσχησθε

384 992 493 1046 τῶν
519 991 666 1063 ἐμῶν
697 990 891 1059 λόγων,
942 991 1037 1043 καὶ
1065 990 1165 1059 τὴν
1216 985 1594 1060 προλαϐοῦσαν
1641 981 1881 1054 ἀθυμίαν
1910 982 2049 1035 ἀπο-

387 1081 629 1133 σείσεσθε
674 1091 733 1145 ι,
773 1078 869 1132 καὶ
924 1077 1157 1148 μάλιστα
1194 1075 1289 1128 νῦν
1325 1074 1400 1139 ὡς
1440 1073 1520 1128 ἐτι
1557 1075 1587 1127 6
1635 1072 1837 1145 βραχὺς
1891 1062 2049 1132 οῦτος

386 1170 576 1239 καιρὸς
625 1168 725 1238 τῆς
775 1166 937 1234 ἀγίας
984 1165 1111 1235 ὑμῖν
1142 1161 1528 1216 ὑπολέλειπται
1559 1157 2044 1231 τεσσαρακοστῆς,

382 1253 677 1325 δυνήσεσθε
713 1252 806 1306 καὶ
833 1252 902 1306 τά
927 1250 1295 1322 ἡμαρτημένα
1321 1246 1708 1317 ἀπονίψασθαι,
1737 1247 1830 1299 καὶ
1850 1244 2048 1314 πολλὴν

383 1342 535 1415 παρὰ
560 1338 654 1394 τοῦ
701 1338 834 1392 Θεοῦ
872 1337 969 1409 τὴν
1006 1336 1418 1408 φιλανθρωπίαν
1464 1332 1897 1395 ἐπισπάσασθαι,
1927 1330 2047 1385 οὐδὲ

384 1430 492 1501 γὰρ
533 1426 745 1482 πολλῶν
792 1425 1021 1497 ἡμερῶν
1048 1425 1219 1478 δεῖται
1248 1424 1277 1476 ὁ
1328 1424 1625 1491 Δεσπότης,
1668 1421 1791 1475 οὐδὲ
1832 1418 2046 1491 χρόνου,

385 1517 498 1570 ἀλλ’
532 1515 628 1568 ἐὰν
653 1514 983 1584 θελήσωμεν
1013 1512 1107 1564 καὶ
1139 1514 1196 1564 ἐν
1219 1512 1339 1571 ταῖς
1364 1509 1483 1561 δυσὶ
1511 1509 1753 1570 ταύταις.
1787 1506 2047 1575 ἑϐδομάσι

387 1606 587 1677 πολλὴν
629 1604 725 1676 τὴν
784 1599 934 1674 [229]
972 1599 1261 1670 διόρθωσιν
1318 1597 1425 1651 τῶν
1479 1596 1861 1667 ἐπταισμένων
1916 1597 2047 1666 ἡμῖν

387 1692 747 1763 ποιησόμεθα.
781 1691 843 1742 Εἰ
878 1690 986 1759 γάρ
1014 1690 1140 1751 τοὺς
1160 1687 1469 1749 Νινευϊτας,
1497 1686 1683 1757 ἐπειδὴ
1719 1683 1888 1756 τριῶν
1908 1685 2047 1753 ἡμε-

388 1780 497 1853 ρῶν
526 1778 623 1848 τὴν
656 1776 947 1848 μετάνοιαν
994 1774 1339 1838 ἐπεδείξαντο
1364 1812 1379 1835 ,
1422 1772 1689 1844 τοσαύτης
1726 1770 1928 1840 ἠξίωσε
1959 1786 2047 1839 φι-

385 1864 758 1937 λανθρωπίας,
796 1863 978 1934 πολλῷ
1027 1862 1093 1933 δὴ
1149 1863 1351 1933 μᾶλλον
1382 1865 1531 1933 ἡμᾶς
1575 1862 1639 1915 ού
1684 1859 2047 1932 περιόψεταιο

389 1956 550 2025 μόνον
584 1952 679 2005 ἐὰν
716 1951 814 2022 τὴν
844 1950 1021 2021 ἀληθῆ
1052 1950 1340 2020 μετάνοιαν
1386 1947 1804 2019 ἐπιδειξώμεθα,
1829 1946 1922 1999 καὶ
1952 1945 2051 2016 τῆς

388 2040 587 2103 κακίας
615 2038 950 2100 ἀποστάντες
979 2036 1248 2107 ἁψώμεθα
1279 2038 1377 2107 τῆς
1394 2038 1486 2089 ἐπὶ
1507 2035 1605 2107 τὴν
1625 2034 1823 2105 ἀρετὴν
1852 2033 2049 2104 φερού-

389 2145 488 2198 σης
516 2126 657 2181 ὁδοῦ.
700 2126 811 2179 Καὶ
839 2125 947 2195 γὰρ
972 2124 1098 2194 περὶ
1133 2124 1382 2185 ἐκείνων,
1413 2122 1521 2176 τῶν
1552 2121 1849 2177 Νινευῖτῶν
1881 2119 2044 2188 λέγω,

388 2212 741 2284 μαρτυροῦσα
767 2213 799 2281 ἡ
824 2210 946 2264 θεία
961 2210 1172 2281 Γραφὴ,
1188 2208 1345 2263 τοῦτό
1367 2226 1551 2280 φησιν,
1567 2211 1650 2262 ὅτι
1665 2205 1886 2262 Εϊδενό
1904 2207 2049 2274 Θεὸς

384 2302 474 2354 ὅτι
507 2301 743 2367 ἀπέστη
782 2298 1042 2364 ἕκαστος
1064 2296 1183 2351 ἀπὸ
1211 2296 1323 2366 τῆς
1346 2296 1487 2351 ὀδοῦ
1511 2295 1697 2350 αὐτοῦ
1728 2293 1836 2361 τῆς
1866 2308 2050 2359 πονη-

377 2388 513 2457 ρᾶς.
554 2388 680 2441 Ἐὰν
718 2387 898 2440 τοίνυν
929 2386 1027 2444 καὶ
1068 2385 1216 2455 ἡμᾶς
1270 2384 1355 2456 ἴδῃ
1404 2383 1879 2454 μεταταξαμένους
1913 2382 2050 2451 πρὸς

386 2477 486 2543 τὴν
526 2476 751 2547 ἀρετὴν,
782 2476 877 2527 καὶ
916 2472 1268 2535 ἐκκλίναντας
1301 2472 1402 2541 μὲν
1433 2472 1541 2525 ἀπὸ
1577 2472 1674 2541 τῆς
1705 2471 1923 2533 κακίας,
1957 2469 2049 2520 ἐπὶ

386 2563 443 2616 δέ
482 2563 583 2634 τὴν
618 2562 728 2616 τῶν
761 2562 982 2627 ἀγαθῶν
1014 2561 1277 2633 ἐργασίαν
1313 2558 1659 2622 σπεύδοντας,
1694 2558 1904 2624 δέξεται
1953 2556 2049 2607 καὶ

382 2649 545 2720 ἡμῶν
589 2650 689 2719 τὴν
724 2650 1083 2719 ἐπιστροφὴν.
1131 2647 1223 2701 καὶ
1258 2647 1368 2700 τῶν
1410 2646 1643 2716 φορτίων
1677 2642 2049 2714 ἐλευθερώσας

388 2737 498 2789 τῶν
533 2736 947 2807 ἁμαρτημάτων
988 2731 1216 2805 παρέξει
1253 2735 1351 2796 τὰς
1392 2734 1524 2804 παρ’
1571 2731 1767 2785 ἐαυτοῦ
1815 2731 2047 2801 δωρεάς.

385 2824 524 2877 (ἰύδέ
551 2824 658 2893 γὰρ
685 2825 844 2893 ἡμεῖς
872 2821 1013 2874 οὕτω
1033 2821 1131 2892 τῆς
1151 2820 1261 2874 τῶν
1281 2819 1697 2891 ἁμαρτημάτων
1727 2816 2050 2886 ἀπαλλαγῆς

386 2909 784 2980 ἐπιθυμοῦμεν,
815 2911 911 2961 καὶ
940 2908 1217 2979 σωτηρίας
1245 2906 1625 2977 ἐφιέμεθα,ώς
1644 2906 1803 2967 αὐτὸς
1826 2904 2048 2957 σπεύδει

388 2999 481 3052 καὶ
510 2995 791 3063 ἐπείγεται
823 2994 1094 3048 κάκείνων
1132 2996 1263 3063 ἡμῖν
1297 2994 1395 3064 τὴν
1450 2992 1771 3062 ἀπαλλαγὴν
1798 2990 2047 3062 δωρήσα-

388 3084 535 3147 σθαι,
560 3084 653 3137 καὶ
689 3083 789 3152 τῆς
819 3082 1094 3151 σωτηρίας
1122 3080 1219 3152 τὴν
1266 3079 1569 3133 ἀπόλαυσιν
1596 3078 1917 3150 παρασχεῖν.
1951 3076 2051 3129 Διά

385 3172 567 3237 τοῦτο,
590 3168 912 3242 παρακαλῶ,
934 3168 1286 3239 διεγείρωμεν
1315 3167 1525 3221 ἐαυτῶν
1548 3166 1638 3219 τὸν
1660 3164 1941 3234 λογισμὸν,
1956 3164 2052 3217 καὶ

386 3259 615 3320 ἕκαστος
663 3254 953 3326 ἐξεταστὴς
1001 3254 1179 3324 ἐαυτῷ
1225 3252 1480 3322 γινέσθω,
1536 3251 1590 3304 ετ
1616 3268 1668 3305 τι
1710 3250 1875 3303 πλέον
1901 3248 2051 3319 αὐτῷ

387 3344 745 3417 κατώρθωται
799 3346 855 3397 ἐν
884 3343 962 3413 τῷ
1000 3341 1323 3412 παρελθόντι
1374 3340 1573 3412 χρόνῳ,
1627 3339 1681 3391 εἴ
1711 3355 1834 3391 τινα
1864 3337 2049 3407 ὄνησιν

384 3435 542 3504 ἔσχεν
571 3436 634 3486 ἐκ
664 3433 763 3504 τῆς
798 3430 1058 3501 συνεχοῦς
1092 3430 1297 3500 ταύτης
1321 3426 1691 3491 διδασκαλίας,
1718 3424 1771 3478 εί
1796 3443 1847 3478 τι
1878 3426 2049 3494 ἐκαρ-

388 3522 606 3577 πώσατο
635 3524 714 3585 εἰς
748 3522 846 3593 τὴν
872 3520 965 3575 τοῦ
1016 3520 1244 3592 πλησίον
1284 3519 1640 3581 κατάστασιν,
1694 3516 1746 3569 εί
1790 3533 1913 3569 τινα
1940 3516 2048 3568 τῶν

385 3609 779 3678 ἐλαττωμάτων
817 3606 1094 3678 διώρθωσε
1120 3606 1228 3658 τῶν
1253 3605 1470 3666 ἐαυτοῦ,
1504 3606 1556 3657 εἰ
1578 3621 1700 3659 τινα
1736 3604 1874 3675 πρὸς
1901 3602 2049 3671 φιλορ

388 3695 581 3765 σοφίαν
620 3693 933 3765 προτροπὴν
966 3692 1182 3756 ἐδέξατο
1232 3694 1297 3745 ἐκ
1326 3694 1423 3761 τῆς
1465 3691 1841 3761 καθημερινῆς
1889 3688 2047 3759 ἡμῶν

388 3782 791 3855 παραινέσεως*
824 3781 918 3834 καὶ
966 3782 1079 3841 τοῖς
1110 3780 1207 3849 μὲν
1260 3779 1362 3848 ⁸ἤδη
1389 3777 1842 3849 κατωρθωμένοις
1878 3793 2049 3845 προσ-

387 3869 559 3940 οὴκην
611 3868 916 3931 ἐπινοείτω,
966 3868 1059 3919 καὶ
1107 3865 1377 3937 μηδέποτε
1428 3864 1682 3917 παυέσθω
1733 3862 1833 3931 τῆς
1879 3864 2051 3929 καλῆς

387 3955 590 4024 ταύτης
616 3954 898 4025 ἐργασίας.
928 3953 990 4005 Εἰ
1022 3952 1075 4004 δέ
1099 3969 1180 4014 τις
1210 3951 1315 4004 ὑπὸ
1335 3951 1431 4021 τῆς
1461 3949 1752 4020 συνηθείας
1779 3950 1876 4018 τῆς
1924 3950 2052 4020 περὶ

387 4041 546 4095 αὐτὸν
576 4041 983 4111 κεκρατημένος
1004 4040 1105 4109 ὁρᾷ
1134 4039 1328 4091 ἐαυτὸν
1352 4040 1464 4101 τοῖς
1488 4037 1674 4100 αὐτοῖς
1702 4036 2047 4107 ἐπιμένοντα,

388 4128 663 4198 βιασάσθω
725 4126 921 4180 ἐαυτοῦ
970 4126 1057 4177 τὸν
1101 4126 1382 4195 λογισμὸν.
1424 4124 1581 4195 δίκην
1604 4123 1919 4193 ἀπαιτήσας
1952 4122 2050 4192 τῆς

385 4215 652 4285 τοσαύτης
709 4213 1017 4285 ῥᾳθυμίας,
1073 4214 1169 4265 καὶ
1217 4213 1291 4282 μὴ
1348 4212 1634 4281 ἀνάσχοιτο
1679 4210 1707 4250 δ
1746 4210 2052 4281 περαιτέρω

388 4303 693 4375 προελθεῖν,
748 4301 884 4355 ἀλλά
938 4302 1097 4372 μέχρι
1128 4300 1319 4355 τούτου
1347 4301 1551 4371 στήσας
1578 4299 1647 4354 τὰ
1676 4301 1774 4370 τῆς
1804 4298 2051 4369 πονηρᾶς

389 4390 678 4459 συνηθείας
706 4427 720 4451 ,
772 4390 1084 4441 ἐκκοπτέτω
1116 4386 1211 4458 τὴν
1249 4386 1445 4457 ὁρμὴν,
1503 4384 1903 4455 ἀναχαιτιζέτω
1959 4385 2050 4438 τὸν

387 4476 664 4545 λογισμὸν,
690 4476 769 4537 εἰς
788 4474 993 4526 ἔννοιαν
1020 4475 1209 4527 ἐαυτὸν
1234 4474 1411 4539 ἀγέτω
1434 4473 1532 4541 τῆς
1565 4473 1802 4543 φοϐερᾶς
1836 4472 2051 4542 ἐκείνης

389 4561 618 4631 ἡμέρας,
653 4557 1054 4625 ἀναλογιζέσθω
1102 4558 1203 4626 τῆς
1253 4560 1485 4627 φρικτῆς
1537 4558 1742 4627 ταύτης
1774 4557 2051 4627 τραπέζης

388 4648 485 4716 τὴν
511 4648 825 4709 ἀπόλαυσιν,
859 4648 951 4699 καὶ
978 4644 1068 4698 τοῦ
1090 4644 1338 4699 ἐντεῦθεν
1374 4644 1721 4714 ἐκπηδῶντος
1758 4636 1928 4714 πυρὸς
1952 4643 2053 4712 τὴν

390 4734 743 4805 φαιδρότητα,
774 4734 868 4785 καὶ
891 4733 986 4803 τὴν
1020 4733 1317 4801 καυστικὴν
1347 4730 1594 4800 δύναμιν,
1620 4730 1712 4782 καὶ
1742 4730 1861 4783 οἷαν
1886 4731 2053 4783 άπαι-

389 4822 471 4874 τεί
512 4820 607 4873 τοῦ
655 4820 967 4890 προσιόντος
997 4814 1132 4871 εἶναι
1184 4819 1281 4887 τὴν
1308 4817 1568 4879 διάνοιαν,
1623 4817 1819 4880 παντὸς
1854 4816 2049 4885 ῥύπου,

389 4908 571 4977 πάσης
595 4906 805 4976 κηλῖδος
837 4904 1267 4974 καθαρεύουσαν.
1286 4906 1377 4956 καί
1401 4904 1506 4957 τῶν
1532 4904 1747 4956 ἀτόπων
1776 4903 2052 4972 λογισμῶν

387 4994 486 5064 τὴν
520 4994 803 5046 συνουσίαν
834 4991 1262 5062 ἐκτρεπομένην,
1296 4992 1359 5044 ἵν’
1387 4992 1558 5055 οὕτως
1608 4993 1833 5054 ἑαυτοὺς
1865 4993 2053 5061 εὐτρε-

389 5082 646 5143 πίσαντες
676 5083 794 5143 ταῖς
827 5079 1028 5143 μεταξὺ
1060 5078 1283 5140 ταύταις
1306 5078 1536 5148 ἡμέραις
1552 5079 1893 5150 δυνηθῶμεν,
1929 5079 2053 5130 καθ’

389 5170 509 5221 ὅσον
537 5164 646 5221 οἷόν
680 5185 739 5219 τε
774 5165 1177 5235 ἐκκαθάραντες
1222 5166 1464 5228 ἐαυτοῦς,
1518 5168 1609 5219 καὶ
1652 5166 1750 5233 τῆς
1803 5166 2050 5218 ἐντεῦθεν

390 5252 738 5315 ἀπολαύσεως
793 5253 1102 5321 μετασχεῖν,
1156 5253 1249 5304 καὶ
1294 5252 1402 5303 τῶν
1452 5252 1779 5323 ἀπορρήτων
1824 5252 2052 5305 ἐκείνων

390 5339 609 5407 ἀγαθῶν
634 5338 953 5408 ἀξιωθῆναι,
984 5330 1059 5389 ὧν
1089 5339 1452 5406 ἐπηγγείλατο
1476 5342 1589 5400 τοῖς
1636 5339 1924 5403 ἀγαπῶσιν
1954 5359 2051 5393 αυ-

390 5427 501 5489 τὺν,
539 5427 719 5496 χάριτι
750 5426 843 5479 καὶ
874 5424 1255 5494 φιλανθρωπία
1286 5425 1376 5477 τοῦ
1420 5424 1622 5495 Κύριου
1676 5425 1832 5494 ἡμῶν
1875 5426 2043 5495 Ἰησοῐ

391 5511 665 5584 Χριστοῦ,
702 5512 817 5581 μεθ’
866 5507 931 5567 οὗ
971 5511 1049 5581 τῷ
1094 5512 1267 5582 Πατρὶ
1311 5514 1426 5580 ἆμα
1472 5512 1547 5583 τῷ
1590 5511 1729 5582 ἀγίῳ
1775 5512 2049 5583 Πνεύματι

387 5634 819 5745 ἁπ¹Ἷ⁷ῗῗέἐὶῢεροηῇ.
857 5630 1097 5697 ῥαθυμίαν.
1123 5634 1257 5683 Idem
1284 5632 1333 5683 in
1358 5641 1494 5684 textu
1517 5637 1795 5695 ἀπώσησθε,
1817 5635 1864 5685 in
1900 5650 2047 5699 matg.

420 5711 717 5744 ποσεισεσυε.

436 5762 478 5830 ἰ)
504 5759 650 5830 διετῆ).
682 5757 909 5830 λογισμόχ
946 5757 1078 5811 δίκην
1121 5756 1360 5830 ἀπαιτήσῃ
1403 5764 1485 5815 τῆς
1524 5758 1757 5830 τοσαύτης
1812 5758 2049 5820 ῥᾳθυμίας,

390 5816 828 5880 μήτεάνάσχῃται.
872 5817 982 5880 Duq
1012 5829 1124 5880 lll_SS_.
1159 5816 1399 5880 λογισμὸν.
1428 5822 1504 5875 Μὴ
1545 5821 1678 5876 δίκην
1702 5816 1942 5880 ἀπαιτῆσῄ
1969 5827 2051 5875 τῆς

388 5874 622 5931 τοσαῦτης
645 5874 882 5940 ῥᾳθυμίας,
906 5877 986 5923 καὶ
1010 5877 1070 5936 μή
1095 5874 1372 5938 ἀνάσχηται.

1175 350 1233 411 3..
1270 345 1554 406 JOANNIS
1590 339 2071 402 CHRYSOSTOMI
2112 338 2433 395 ARCHIEP.
2472 334 3019 395 CONSTANTINOP.

3720 328 3841 389 218

2150 455 2298 522 δόξα,
2322 455 2544 526 κράτος,
2558 456 2717 526 τιμὴ,
2734 454 2832 508 νῦν
2856 453 2952 507 καὶ
2976 452 3086 517 ἀεὶ,
3122 450 3213 504 καὶ
3235 451 3315 514 εἰς
3341 452 3466 515 τοὺς
3493 450 3695 516 αἰῶνας
3718 451 3842 504 τῶν

2150 545 2384 599 αιώνων.
2419 544 2615 613 Ἀμήν.
2776 612 2797 613 η
2816 611 2826 613 _
2844 610 2858 613 _
2910 610 2928 613 Α
2942 611 2961 613 _
2978 610 3020 613 __
3040 611 3047 613 ,
3070 594 3119 613 ,;

2710 610 2860 682 [250]
2897 609 3141 663 ΟΜΙΛΙΛ
3173 609 3300 661 κει.

2151 698 2280 754 Νῶε
2309 700 2378 755 δὲ
2406 696 2487 772 ἦν
2508 698 2661 772 ἐτῶν·
2688 697 3053 772 ἑξακοσίων,
3080 696 3178 772 καὶ
3200 700 3235 772 ὸ
3254 695 3683 772 κατακλυσμὸς
3713 695 3834 750 τοῦ

2184 824 2213 830 .,
2430 764 2441 772 ’
2524 769 2746 836 ὕδατος
2771 767 3008 836 ἐγένετο
3029 764 3129 819 ἐπὶ
3159 765 3272 833 τῆς
3310 764 3443 835 γῆς.

2222 860 2290 909 α’.
2319 857 2433 928 Τῆς
2463 856 2777 927 ὑποθέσεως
2802 854 3061 927 βούλομαι
3119 852 3282 907 πάλιν
3307 852 3569 923 ἅψασθαι,
3602 854 3732 924 περὶ
3758 847 3837 925 ἧς

2150 942 2346 1014 πρώην
2396 942 2678 1014 διελέχθην
2710 941 2867 1013 ὑμῶν
2897 944 2964 1012 τῇ
2995 940 3184 1010 ἀγάπῃ
3207 977 3226 1003 ,
3273 940 3368 993 καὶ
3416 938 3515 1010 τὴν
3548 938 3691 992 κατά
3735 938 3838 992 τὸν

2148 1030 2356 1085 δίκαιον
2396 1029 2522 1083 Νῶε
2558 1030 2721 1084 πάλιν
2757 1020 3005 1097 ἶστορίαν
3040 1029 3121 1090 εἰς
3163 1028 3327 1097 μέσον
3365 1028 3615 1096 ἀγαγεῖν.
3650 1025 3837 1089 Πολὺς

2150 1117 2259 1186 γὰρ
2286 1119 2315 1170 ὁ
2346 1116 2446 1187 τῆς
2486 1116 2688 1187 ἀρετῆς
2725 1114 2820 1169 τοῦ
2866 1115 3076 1169 δικαίου
3114 1113 3342 1176 πλοῦτος
3366 1154 3379 1175 ,
3432 1114 3528 1168 καί⁵
3557 1114 3839 1185 προσήκει

2152 1205 2299 1276 ἡμᾶς
2318 1203 2462 1259 κατά
2482 1203 2710 1274 δύναμιν
2731 1203 3004 1274 ἡμετέραν
3027 1200 3204 1254 πάντα
3230 1202 3373 1254 κατά
3402 1201 3600 1272 μικρὸν
3619 1202 3841 1274 διερευ-

2152 1291 2492 1362 νησαμένους
2524 1290 2727 1362 πολλὴν
2750 1291 2880 1360 ὑμῖν
2909 1290 3010 1360 τὴν
3037 1287 3297 1358 εὐπορίαν
3344 1287 3596 1341 ἐντεῦθεν
3644 1304 3837 1359 παρα-

2153 1380 2319 1446 σχεῖν.
2368 1376 2530 1431 Ἃλλά
2557 1378 2872 1430 συντείνατε
2899 1393 3010 1446 μοι,
3062 1374 3388 1445 παρακαλῶ,
3432 1374 3533 1446 τὴν
3558 1374 3832 1437 διάνοιαν,

2152 1462 2239 1516 ῖνα
2298 1464 2466 1535 μηδὲν
2494 1464 2641 1535 ὑμᾶς
2673 1462 2913 1534 διαφύγῃ
2939 1471 2962 1500 ο
3001 1461 3109 1516 τῶν
3143 1461 3483 1532 ἐγκειμένων
3514 1462 3831 1532 νοημάτων.

2165 1550 2488 1619 Ἀναγκαῖον
2516 1552 2575 1605 δέ
2607 1552 2872 1621 πρότερον
2903 1550 3211 1619 ὑπομνῆσαι
3244 1548 3399 1619 ὑμῶν
3441 1548 3539 1619 τὴν
3566 1550 3793 1620 ἀγάπην
3816 1590 3833 1612 ,

2156 1635 2320 1708 μέχρι
2352 1637 2497 1701 τίνος
2529 1640 2661 1709 ἡμῖν
2698 1635 2893 1708 πρώην
2930 1633 3088 1705 ἔληξε
3117 1635 3187 1689 τὰ
3215 1635 3316 1705 τῆς
3347 1634 3722 1700 διδασκαλίας,
3742 1634 3837 1689 ἴνα

2154 1724 2364 1777 ἐκεῖθεν
2398 1722 2580 1777 πάλινδ
2594 1722 2957 1787 ἀναλαϐόντες
2986 1724 3228 1794 σήμερον
3258 1722 3352 1775 τὸν
3402 1722 3567 1790 λόγον
3588 1761 3605 1786 ,
3657 1721 3837 1785 οὕτως

2153 1812 2446 1882 ὑφάνωμεν
2475 1812 2588 1874 τοῖς
2617 1810 2931 1882 εἰρημένοις
2955 1811 3048 1863 καὶ
3071 1810 3140 1863 τά
3169 1808 3264 1863 νῦν
3291 1809 3556 1880 μέλλοντα
3590 1808 3837 1881 ρηθὴσε-

2157 1898 2300 1952 σθαι.
2363 1897 2520 1951 Οὕτω
2567 1896 2678 1968 γάρ
2730 1898 2860 1966 ὑμῖν
2909 1895 3216 1949 εύσύνοπτα
3271 1895 3424 1949 ἐσται
3473 1896 3571 1949 καί
3618 1897 3687 1950 τὰ
3734 1893 3837 1947 νῦν

2154 1985 2444 2065 λεγόμενα.
2482 1982 2594 2038 Ποῦ
2621 1980 2714 2037 οὖν
2740 1984 2802 2036 τὸ
2826 1984 2978 2047 τέλος
2998 1984 3156 2053 ἔσχεν
3185 1984 3317 2065 ἡμῖν
3338 1982 3540 2065 τάῗτῆς
3566 1982 3837 2065 διδασκαο

2154 2065 2273 2130 λίας
2297 2085 2313 2133 ;
2340 2063 2508 2129 Εἷπε,
2549 2067 2703 2136 φησὶ,
2736 2067 2958 2134 Κύριος
2987 2069 3020 2120 ὀ
3052 2065 3195 2132 Θεὸς
3229 2063 3309 2130 τῷ
3350 2064 3476 2119 Νῶε
3506 2082 3521 2095 ο
3572 2063 3839 2118 [Nai-.2108

2155 2152 2236 2206 σὺ
2264 2152 2362 2207 καὶ
2376 2151 2497 2218 πᾶς
2522 2156 2555 2205 ό
2578 2149 2742 2216 οἶκός
2759 2168 2877 2206 σου
2893 2154 2981 2218 εἰς
3014 2152 3130 2220 τὴν
3150 2150 3421 2215 κιϐωτὸν,
3455 2152 3544 2205 ὅτι
3571 2168 3647 2204 σε
3666 2147 3837 2205 εἶδον

2152 2241 2387 2295 δίκαιον
2411 2240 2691 2293 ἐναντίον
2725 2237 2873 2308 ἐμοῦ
2911 2238 3076 2306 ἐντιῇ
3110 2236 3286 2307 γενεᾷ
3334 2238 3521 2305 ταύτῃ
3544 2254 3560 2269 ο
3607 2237 3730 2291 ἀπὸ
3762 2236 3837 2290 δὲ

2152 2327 2269 2381 τῶν
2321 2324 2560 2395 κτηνῶν
2603 2323 2725 2378 τῶν
2748 2323 3025 2393 καθαρῶν
3063 2325 3347 2392 εἰσάγαγε
3388 2322 3539 2393 πρὸς
3566 2322 3643 2377 σὲ
3678 2323 3835 2377 ἑπτὰ

2152 2414 2319 2479 ἑπτὰ,
2341 2414 2438 2468 καὶ
2460 2413 2580 2468 ἀπὸ
2615 2412 2734 2466 τῶν
2758 2411 2995 2479 κτηνῶν
3020 2409 3137 2465 τῶν
3156 2412 3243 2481 μὴ
3271 2410 3543 2479 καθαρῶν
3562 2410 3676 2465 δύο
3694 2410 3831 2464 δύο.

2157 2502 2285 2555 Ἔτι
2320 2502 2431 2570 γὰρ
2470 2498 2621 2554 ἑπτὰ
2649 2497 2902 2569 ἡμερῶν,
2937 2496 3138 2568 ἐπάγω
3189 2497 3368 2551 ὑετὸν
3406 2498 3506 2552 ἐπὶ
3563 2497 3681 2564 τὴν
3712 2496 3835 2566 γῆν

2152 2588 2603 2656 τεσσαράκοντα
2650 2589 2877 2657 ἡμέρας
2923 2586 3022 2639 καί
3084 2585 3543 2653 τεσσαράκοντα
3578 2586 3830 2649 νύκτας,

2155 2676 2252 2729 καὶ
2274 2674 2575 2743 ἐξαλείψω
2596 2672 2795 2728 πᾶσαν
2838 2671 2953 2740 τὴν
2971 2672 3405 2737 ἐξανάστασιν,
3440 2669 3522 2739 ἢν
3545 2671 3831 2738 ἐποίησα,

2152 2761 2272 2815 ἀπὸ
2312 2758 2635 2828 προσώπου
2670 2757 2781 2827 τῆς
2821 2757 2950 2829 γῆς,
3005 2758 3124 2813 ἀπὸ
3173 2757 3489 2826 ἀνθρώπου
3527 2758 3638 2823 ἓως
3688 2758 3831 2824 κτή-

2153 2868 2321 2917 νους.
2344 2849 2453 2906 Καὶ
2484 2848 2733 2913 ἐποίησε
2761 2844 2891 2901 Νῶε
2920 2848 3118 2899 πάντα
3150 2846 3268 2899 ὅσα
3297 2846 3638 2900 ἐνετείλατο
3666 2844 3831 2911 αὐτῷ

2153 2939 2374 3004 Κύριος
2410 2938 2444 2989 ὁ
2474 2934 2636 2999 Θεός.
2665 2933 2844 3005 Μέχρι
2882 2933 3073 2986 τούτου
3106 2934 3403 3003 στήσαντες
3434 2932 3526 2985 τὸν
3565 2932 3721 3000 λόγον
3744 2933 3832 2984 ἐν-

2152 3024 2330 3080 ταῦθα
2363 3021 2792 3093 κατεπαύσαμεν
2836 3020 2937 3092 τὴν
2981 3020 3352 3074 διδασκαλίαν.
3382 3019 3681 3091 Μέμνησθε
3712 3020 3830 3090 γάρ

2156 3110 2285 3172 ἴσως
2333 3109 2427 3162 καὶ
2462 3108 2635 3169 αὐτοὶ,
2670 3109 2757 3161 ὅτε
2806 3107 2904 3178 τὴν
2951 3107 3130 3160 αἰτίαν
3189 3106 3494 3177 εἰρήκαμεν
3548 3104 3706 3175 ὑμῶν
3758 3109 3827 3176 τῇ

2154 3197 2361 3267 ἀγάπῃ,
2403 3197 2545 3257 τίνος
2577 3195 2763 3247 ἐνεκεν
2788 3194 2896 3247 ἀπὸ
2933 3193 3032 3262 μὲν
3061 3193 3171 3246 τῶν
3197 3192 3453 3264 καθαρῶν
3481 3192 3623 3246 ἐπτά
3652 3209 3825 3263 προσ-

2154 3284 2339 3350 έταξεν
2369 3280 2706 3352 εἰσαχθῆναι,
2735 3278 2844 3334 ἀπὸ
2874 3279 2931 3333 δὲ
2955 3280 3061 3334 τῶν
3087 3279 3416 3352 ἀκαθάρτων
3440 3277 3534 3333 δύο
3559 3278 3828 3349 δύο.Φέρε

2152 3366 2245 3425 οῦν
2275 3370 2460 3424 λοιπὸν
2489 3370 2727 3439 σήμερον
2748 3370 2861 3430 τοῖς
2890 3366 3018 3436 ἐξῆς
3059 3366 3487 3434 ἀναγνωσθεῖσιν
3519 3365 3821 3430 ἐπεξέλθωο

2155 3474 2276 3528 μεν,
2302 3456 2397 3510 καὶ
2447 3455 2645 3525 ἴδωμεν
2673 3454 2724 3506 τί
2756 3454 3026 3525 διηγεῖται
3057 3454 3189 3523 ἡμῖν
3214 3455 3248 3524 ἡ
3281 3451 3401 3505 θεία
3448 3451 3643 3523 Γραφὴ
3684 3453 3828 3521 μετά

2150 3545 2251 3615 τὴν
2285 3542 2489 3596 εἴσοδον
2516 3539 2611 3594 τοῦ
2648 3540 2772 3593 Νῶε
2811 3541 2891 3602 εἰς
2923 3540 3019 3611 τὴν
3048 3538 3302 3594 κιϐωτόν.
3340 3538 3455 3592 Νῦν
3491 3539 3621 3611 γὰρ,
3657 3539 3705 3590 εί
3732 3539 3828 3591 καί

2157 3648 2288 3685 ποτε
2312 3630 2526 3692 ἄλλοτε,
2557 3628 2790 3699 μάλιστα
2818 3626 3017 3696 πολλὴν
3068 3623 3477 3682 ἐπιδείκνυσθαι
3499 3625 3647 3695 ἡμᾶς
3664 3640 3828 3695 προσ-

2154 3720 2277 3789 ήκει
2311 3719 2409 3787 τὴν
2444 3717 2701 3785 σπουδὴν,
2735 3715 2823 3768 ὅτε
2854 3715 2941 3769 διά
2963 3715 3055 3768 τὸν
3098 3714 3198 3785 τῆς
3227 3712 3483 3783 νηστείας
3509 3712 3703 3783 καιρὸν
3736 3715 3829 3766 καὶ

2153 3805 2253 3873 τῆς
2288 3804 2510 3875 ἡδίστης
2534 3803 2687 3873 ὑμῶν
2721 3800 3013 3871 συντυχίας
3040 3800 3279 3870 συνεχῶς
3310 3797 3681 3869 ἀπολαύομεν,
3733 3801 3827 3853 καὶ
3933 3808 3936 3811 ‘

2153 3891 2253 3960 τῆς
2302 3892 2429 3960 περὶ
2482 3892 2579 3959 τὴν
2625 3888 2838 3961 τρυφὴν
2887 3887 3195 3959 ἀδηφαγίας
3256 3886 3682 3957 ἀπηλλάγμεθα,
3734 3890 3827 3940 καὶ

2155 3976 2592 4048 διεγηγερμένων
2624 3977 2839 4046 ἔχοντες
2894 3976 2985 4028 τὸν
3034 3974 3295 4046 λογισμὸν
3350 3972 3631 4044 δυνάμεθα
3690 3975 3827 4044 μετά

2156 4063 2443 4134 ἀκριϐείας
2469 4064 2757 4132 προσέχειν
2784 4068 2900 4127 τοῖς
2938 4063 3276 4133 λεγομένοις.
3305 4061 3477 4115 Πόθεν
3506 4057 3600 4115 οὖν
3630 4062 3765 4133 ἡμῖν
3795 4064 3826 4132 ἡ

2157 4152 2300 4223 ἀρχὴ
2345 4151 2537 4219 γέγονε
2570 4151 2679 4202 τῶν
2728 4151 2969 4221 σήμερον
3006 4149 3490 4218 ἀναγνωσθέντων,
3524 4151 3827 4219 ἀναγκαῖον

2158 4242 2353 4293 εἰπεῖν.
2377 4238 2503 4293 Νῶε
2533 4236 2600 4291 δὲ
2624 4234 2703 4306 ἦν
2730 4238 2882 4292 ἐτῶν
2912 4237 3266 4300 ἑξακοσίων,
3284 4236 3438 4304 φησὶ,
3464 4235 3562 4289 καί
3586 4241 3619 4289 ὁ
3651 4253 3828 4290 acuta-

2156 4322 2433 4392 κλυσμὸς
2452 4322 2561 4376 τοῦ
2590 4322 2809 4388 ὕδατος
2835 4322 3073 4391 ἐγένετο
3096 4322 3194 4374 ἐπὶ
3223 4320 3333 4389 τῆς
3348 4319 3479 4389 τῆς.
3501 4322 3824 4392 Προσέχετε,

2156 4410 2477 4484 παρακαλῶ,
2510 4411 2602 4464 καὶ
2628 4413 2701 4482 μὴ
2734 4410 2919 4473 ἁπλῶς
2936 4410 3383 4482 παραδράμωμεν
3409 4409 3470 4461 τὸ
3498 4412 3791 4481 εἰρημένον
3809 4426 3823 4439 ·

2155 4495 2267 4566 ἔχει
2297 4496 2406 4563 γάρ
2426 4510 2547 4545 τινα
2573 4491 2802 4546 πλοῦτον
2832 4494 3281 4563 ἐγκεκρυμμένον
3302 4495 3463 4545 ταυτί
3483 4492 3552 4569 τὰ
3577 4493 3824 4565 βραχέαά

2158 4583 2398 4651 ρἡατα,
2433 4580 2529 4633 καί⁷
2555 4580 2651 4632 ἐὰν
2692 4584 3056 4649 συντείνωμεν
3112 4579 3268 4649 ἡμῶν
3293 4581 3394 4650 τὴν
3439 4580 3704 4646 διάνοιαν,
3736 4586 3823 4636 καὶ

2156 4666 2215 4732 ἐξ
2234 4666 2397 4720 αὐτοῦ
2430 4666 2620 4719 τούτου
2648 4664 2993 4735 δυνησόμεθα
3034 4665 3375 4735 καταμαθεῖν
3403 4667 3501 4737 τῆς
3534 4684 3592 4719 τε
3643 4670 3821 4736 φιλαν-

2158 4753 2401 4824 θρωπίας
2433 4753 2527 4807 τοῦ
2550 4753 2819 4807 Δεσπότου
2854 4754 2953 4823 τὴν
2984 4753 3086 4805 ὑπε
3096 4752 3311 4823 ρϐολὴν,
3331 4754 3427 4806 καὶ
3454 4753 3554 4823 τῆς
3575 4755 3687 4806 τῶν
3710 4758 3823 4808 τότε

2155 4841 2456 4912 ἀνθρώπων
2502 4841 2702 4904 κακίας
2749 4840 2849 4910 τὴν
2904 4838 3104 4908 πολλὴν
3145 4840 3415 4893 ἐπίτασιν.
3469 4838 3597 4893 Νῶε
3640 4840 3710 4894 δὲ
3752 4837 3824 4911 ἦν

2156 4926 2323 4991 ἑτῶν,
2349 4928 2535 4997 φησὶν,
2554 4927 2908 4991 ἑξακοσίων.
2948 4927 3061 4996 Οὐχ
3088 4923 3274 4989 ἁπλῶς
3309 4928 3456 4996 ἡμᾶς
3476 4927 3566 4979 τδν
3595 4928 3824 4999 ἀριθμὸν

2155 5014 2261 5066 τῶν
2298 5016 2432 5067 ἐτῶν
2467 5012 2673 5077 ἐδίδαξε
2713 5012 2806 5066 τοῦ
2830 5014 3063 5078 δικαίου,
3104 5013 3226 5066 οὺδέ
3254 5014 3340 5067 ἵνα
3373 5013 3503 5066 αὐτὸ
3525 5014 3687 5068 τοῦτο
3722 5016 3823 5085 μά-

2156 5101 2360 5171 θωμεν,
2417 5101 2599 5153 πόσων
2648 5096 2715 5170 ἦν
2747 5100 2879 5153 ἐτῶν
2933 5102 2961 5152 6
3008 5099 3249 5163 δίκαιος,
3305 5099 3418 5151 ἀλλ’
3449 5099 3603 5171 [231]
3639 5100 3823 5170 ἐπειδὴ

2157 5186 2504 5258 προλαϐοῦσα
2535 5183 2769 5250 ἐδίδαξεν
2803 5190 2947 5257 ἡμᾶς
2979 5188 3011 5257 ἡ
3045 5187 3165 5239 θεία
3200 5186 3393 5257 Γραφὴ
3438 5187 3540 5257 ῆδη
3572 5187 3819 5250 εἰποῦσα,

2153 5281 2236 5333 δτι
2264 5277 2387 5335 Νῶε
2408 5278 2475 5330 δὲ
2501 5277 2580 5344 ἦν
2603 5275 2753 5329 ἑτῶν
2771 5276 3208 5341 πεντακοσίων,
3251 5277 3346 5329 καὶ
3379 5276 3515 5345 μετά
3538 5276 3600 5328 τὸ
3631 5276 3819 5345 γνώρι-

2158 5384 2256 5435 μον
2282 5364 2415 5434 ἡμῖν
2432 5366 2653 5434 ποιῆσαι
2674 5364 2787 5415 τῶν⁴
2810 5364 2946 5414 ἐτῶν
2974 5362 3063 5416 τὸν
3092 5363 3349 5434 ἀριθμὸν,
3378 5364 3500 5417 τότε
3526 5363 3823 5433 διηγήσατο

2154 5455 2262 5508 τῶν
2291 5453 2589 5523 ἀνθρώπων
2619 5451 2717 5522 τὴν
2745 5452 2947 5522 πολλὴν
2983 5451 3112 5523 περὶ
3137 5453 3238 5523 τὴν
3277 5451 3478 5506 κακίαν
3507 5451 3710 5523 ῥοπὴν,
3731 5450 3823 5506 καὶ

2152 5541 2241 5594 ὅτι
2274 5538 2517 5606 ἔγκειται
2546 5539 2578 5607 ἡ
2616 5538 2822 5590 διάνοια
2854 5536 2948 5591 τοῦ
2985 5537 3271 5609 ἀνθρώπου
3302 5537 3577 5608 ἐπιμελῶς
3611 5538 3706 5589 ἐπὶ
3754 5539 3820 5590 τὰ

2157 5624 2368 5696 πονηρὰ
2396 5625 2463 5677 ἐκ
2489 5624 2738 5695 νεότητος
2761 5641 2776 5656 ο
2809 5625 2889 5678 διό
2929 5642 3095 5696 φησιν
3139 5628 3167 5679 6
3213 5625 3375 5690 Θεὸς,
3411 5627 3492 5678 Οὐ
3521 5625 3608 5695 μὴ
3640 5641 3789 5679 κατα

2150 5715 2329 5783 μείνῃ
2359 5711 2427 5763 τὸ
2466 5711 2705 5781 Πνεῦμά
2732 5731 2852 5781 μου
2902 5713 2972 5766 ἐν
3020 5713 3146 5778 τοῖς
3195 5713 3529 5780 ἀνθρώποις
3564 5714 3821 5779 τούτοις,

2220 5818 2242 5882 (ξ
2275 5814 2360 5882 Sic
2387 5814 2544 5882 §a\'_i_l.
2571 5821 2622 5862 et
2642 5823 2833 5877 ευριοω
2859 5829 2972 5882 mss.
2999 5815 3062 5882 At
3089 5814 3259 5882 Mpre}.
3286 5816 3482 5882 ἐκφύγῃ.

2218 5876 2246 5913 ιι
2272 5878 2349 5923 Sic
2384 5875 2532 5923 Savil.
2570 5884 2621 5924 ει
2643 5875 2725 5924 διε
2763 5891 2877 5924 mss.
2919 5876 2969 5923 In
3001 5875 3171 5927 Morel.
3198 5875 3376 5940 βραχέα
3398 5875 3560 5925 deest».
