4054 6312
1021 238 1067 288 Ὗ

248 338 359 395 2|?

245 463 446 511 nerant
471 474 485 511 :
515 468 703 511 verum
728 450 902 509 adhuc
923 448 1068 504 humi
1093 452 1364 516 reptantes
1388 438 1723 510 prtct‘erimus
1738 444 1849 489 ter—

245 563 379 602 rena
402 547 733 611 earlestibus,
755 539 1039 614 praesentia
1072 530 1303 592 futuris:
1340 542 1395 589 et
1430 546 1493 587 ea
1546 544 1668 599 quae
1704 526 1852 597 prius

241 639 491 706 avolant,
526 648 687 708 quam
717 639 1049 707 spectentur,
1080 630 1147 685 iis
1198 644 1319 699 quae
1358 622 1611 679 omnibus
1655 619 1852 674 durant

239 731 462 784 smenlis
488 746 502 782 :
531 737 589 786 et
617 737 1019 798 temporaueam
1050 723 1375 790 voluptatem
1423 722 1697 787 perpetum
1752 724 1848 764 vo-

240 820 441 890 luptati
485 838 499 869 =
563 821 786 875 brevem
844 817 981 871 hanc
1031 811 1313 884 praesentis
1364 809 1487 863 vita:
1532 803 1846 861 felicitatem

238 912 469 966 πίοι-υἷε
494 912 619 979 illis,
652 920 707 967 et
735 910 840 967 fine
877 905 1183 965 carentibus
1237 902 1470 958 smculis.
1516 898 1643 954 Scio
1688 907 1849 949 aures

239 1013 455 1059 vestras
489 1004 573 1059 his
623 1004 803 1067 verbis
855 999 1117 1064 vellicari,
1173 996 1268 1052 sed
1314 992 1592 1065 ignoscite.
1639 986 1848 1044 Avidus

242 1106 442 1152 vestrm
461 1097 651 1154 salutis
675 1097 791 1151 haec
815 1093 1031 1165 loquor,
1072 1088 1278 1146 malens
1304 1104 1400 1143 vos
1425 1086 1510 1140 hic
1535 1080 1848 1152 aliquantis-
1908 1090 1913 1093 ‘

240 1205 338 1261 per
368 1192 670 1246 lanciuatos
698 1197 957 1245 teternam
984 1199 1196 1257 pinnam
1228 1182 1486 1250 etl‘ugcre,
1512 1190 1671 1247 quam
1718 1186 1842 1227 cum

240 1295 411 1352 parva
437 1281 823 1338 refocillatione
851 1286 1164 1348 perpetuam
1186 1273 1326 1329 ferre
1351 1284 1586 1341 pinnam.
1614 1265 1746 1321 Nam
1798 1262 1843 1317 si

236 1388 431 1429 sermo
459 1388 613 1429 meus
633 1373 684 1427 in
710 1370 863 1427 vobis
889 1370 1136 1441 proficit,
1182 1370 1614 1436 przeconceptum
1644 1370 1846 1412 mer-

236 1480 357 1521 rem
378 1465 667 1536 rcpelletis,
682 1473 736 1519 et
754 1478 891 1518 nunc
905 1462 1135 1517 maxime
1149 1459 1277 1515 dum
1292 1456 1467 1512 adhuc.
1483 1461 1684 1508 sanctae
1701 1452 1843 1517 Qua-

236 1556 561 1628 dragesimae
595 1567 805 1629 tempus
832 1554 985 1610 vobis
1009 1542 1275 1622 reliquum
1324 1558 1409 1605 est
1444 1546 1695 1619 pusillum
1724 1543 1802 1614 (a)
1824 1582 1838 1607 ,

236 1649 487 1718 poteritis
517 1658 730 1718 peccata
754 1647 1093 1717 absterget-e,
1134 1657 1486 1714 magnamque
1511 1654 1539 1693 a
1568 1639 1679 1694 Deo
1732 1636 1839 1691 cle-

234 1742 493 1795 mentiam
534 1739 687 1794 vobis
728 1738 1034 1794 conciliare.
1074 1737 1187 1790 Non
1225 1735 1368 1789 enim
1418 1731 1601 1787 multis
1648 1728 1841 1784 diebus

233 1845 374 1901 opus
398 1831 558 1885 habet
587 1828 865 1894 Dominus,
893 1842 1067 1897 neque
1101 1836 1346 1894 tempore
1372 1842 1384 1876 :
1413 1822 1507 1877 sed
1531 1822 1575 1875 si
1599 1818 1841 1873 volueri-

233 1938 377 1988 mus,
401 1922 527 1977 etin
550 1920 754 1976 duabus
782 1920 929 1975 hisce
948 1916 1299 1973 hebdomadis
1326 1914 1597 1985 corrigere
1622 1921 1838 1982 peccata

235 2026 418 2069 nostra
440 2014 753 2083 poterimus.
781 2012 914 2068 Nam
937 2012 979 2067 si
1007 2009 1268 2066 Ninivitas
1290 2008 1450 2063 trium
1489 2006 1698 2062 dierum
1727 2018 1840 2074 pm-

235 2106 519 2160 niteutiam
548 2114 770 2176 agentes
795 2112 938 2159 tanta
986 2102 1238 2171 dignatus
1284 2108 1367 2155 est
1416 2095 1784 2153 misericordia
1818 2134 1835 2161 ,

235 2197 405 2253 multo
426 2198 597 2268 magis
625 2211 723 2252 nos
747 2210 851 2251 non
884 2195 1177 2266 despiciet:
1204 2202 1407 2248 tantum
1440 2190 1482 2245 si
1511 2205 1639 2245 vere
1661 2188 1833 2258 poeni-

237 2300 468 2357 teamus,
497 2299 552 2343 et
568 2288 893 2345 desistentes
917 2301 947 2341 a
981 2294 1221 2356 peccato,
1252 2286 1392 2338 viam
1432 2298 1553 2353 qua:
1578 2281 1643 2336 ad
1665 2283 1836 2334 virtu-

236 2392 347 2441 tetu
368 2383 515 2439 ducit
540 2382 925 2454 ingrediamur.
957 2380 1251 2436 Enimvero
1279 2379 1346 2433 de
1388 2378 1512 2442 illis,
1566 2374 1835 2431 Ninivitas

234 2473 377 2540 dico,
401 2473 677 2544 Scriptura
706 2483 949 2537 testatur,
967 2472 1154 2527 dicens
1186 2489 1200 2526 :
1234 2470 1369 2539 Quia
1383 2470 1507 2525 vidit
1532 2468 1674 2523 Deus
1702 2467 1837 2538 quod

236 2566 464 2622 discessit
490 2567 833 2637 unusquisque
856 2583 888 2620 a
917 2566 998 2620 via
1023 2582 1117 2620 sua
1138 2565 1276 2621 mala
1308 2562 1455 2639 (Jan.
1488 2563 1541 2617 5.
1574 2560 1697 2634 IO).
1733 2560 1831 2631 Igi-

238 2668 327 2710 tur
349 2655 394 2711 si
420 2656 633 2723 viderit,
666 2656 808 2727 quod
835 2666 891 2712 et
918 2670 1018 2711 nos
1040 2671 1184 2711 nunc
1227 2654 1407 2709 virtuti
1455 2652 1833 2722 junxcrimus,

236 2756 289 2801 et
312 2762 340 2801 a
372 2747 512 2802 malo
538 2748 942 2815 destiterimus,
994 2746 1413 2815 festiuemusque
1457 2744 1523 2799 ad
1570 2744 1833 2799 bonorum

237 2839 629 2907 operationem,
659 2838 981 2910 approbabit
1023 2847 1261 2893 nostram
1293 2837 1725 2899 conversionem,
1779 2844 1835 2891 et

237 2932 445 2985 sarcina
464 2939 803 3001 peccatorum
832 2930 1072 2986 liberatis
1093 2944 1189 2985 sua
1216 2931 1471 2999 largietur
1515 2928 1677 2983 dona.
1724 2926 1834 2982 Ne-

236 3038 341 3092 que
361 3038 458 3077 nos
480 3023 557 3077 sic
578 3030 918 3092 peccatorum
945 3021 1307 3091 expiationem
1330 3028 1386 3075 ct
1405 3018 1633 3074 salutem
1677 3018 1831 3089 cupi-

236 3130 379 3181 mus,
410 3117 547 3170 sicut
567 3115 683 3185 ipse
710 3114 859 3184 cupit
880 3121 935 3169 et
955 3112 1147 3168 adesse
1163 3112 1402 3179 festinat,
1430 3123 1486 3167 ut
1510 3121 1564 3167 et
1609 3111 1678 3168 ab
1726 3110 1833 3165 illis

236 3205 436 3262 liberos
465 3221 562 3262 nos
589 3205 771 3273 faciat,
803 3214 860 3261 et
906 3205 1080 3262 salute
1120 3205 1279 3277 potiri
1308 3204 1588 3261 comedat.
1624 3204 1862 3273 Eapro-‘

236 3306 375 3369 pter,
405 3298 652 3365 obsecro,
679 3299 975 3353 excitemus
1004 3308 1217 3352 nostras
1241 3305 1471 3363 mentes,
1495 3307 1550 3352 et
1575 3297 1659 3351 sui
1680 3296 1831 3364 quis-

232 3405 341 3461 quc
361 3398 627 3445 scrutator
652 3389 744 3456 sit,
771 3386 973 3460 anquid
1001 3389 1233 3458 amplius
1252 3403 1281 3442 a
1309 3403 1368 3444 se
1397 3389 1673 3457 prmterito
1705 3397 1834 3451 tem-

231 3496 369 3553 pore
392 3498 511 3537 cum
537 3481 695 3538 laude
716 3490 926 3553 gestum
953 3480 1045 3548 sit,
1072 3481 1155 3536 vel
1182 3496 1342 3551 quam
1394 3481 1678 3535 utilitatem
1730 3479 1831 3535 ha-

234 3575 413 3631 buerit
438 3590 507 3631 ex
542 3574 795 3630 continua
830 3574 930 3629 hac
949 3573 1195 3629 doctrina
1223 3594 1234 3628 :
1262 3576 1307 3628 si
1344 3573 1493 3643 quid,
1526 3572 1669 3644 quod
1704 3587 1834 3643 pro-

232 3667 383 3722 ximo
404 3666 622 3730 serviat,
645 3664 915 3721 fructuum
937 3665 1235 3736 collegerit,
1259 3665 1304 3719 si
1325 3665 1568 3736 quasdam
1588 3665 1715 3720 vitia
1738 3680 1833 3719 sua

230 3757 566 3823 correxerit;
613 3757 659 3812 si
700 3757 845 3828 quod
871 3756 940 3812 ad
964 3772 1147 3813 veram
1176 3757 1571 3829 philosophiam
1625 3757 1835 3813 adeun-

228 3848 361 3905 dam
394 3849 799 3904 incitamentum
827 3864 893 3904 ex
917 3850 1003 3905 his
1027 3850 1227 3905 neatris
1252 3851 1581 3922 quotidianis
1603 3866 1831 3921 accepe-

231 3943 306 3997 rit
324 3940 799 3996 admonitionibus.
829 3941 989 3998 Bonis
1017 3942 1231 4014 quidem
1260 3945 1515 4014 operibus
1562 3945 1833 3999 accessio-

231 4033 836 4101 nemticricuraudum,
866 4043 922 4090 ot
972 4051 1263 4106 numquam
1307 4037 1693 4105 quiescendum
1748 4048 1833 4092 est

230 4128 304 4183 ab
329 4129 434 4184 hoc
463 4128 607 4184 bono
631 4128 823 4198 agendi
845 4128 1129 4184 instituto:
1162 4138 1217 4183 at
1246 4131 1291 4183 si
1322 4131 1441 4199 quis
1468 4129 1663 4184 viderit
1704 4143 1834 4183 eon-

230 4222 575 4279 suetudinem
596 4236 747 4277 suam
773 4220 950 4278 adhuc
976 4222 1290 4292 praevalere,
1324 4232 1379 4277 et
1432 4238 1494 4277 se
1542 4223 1594 4277 in
1642 4221 1832 4277 iisdem

232 4328 611 4385 perseverare,
633 4321 794 4384 cogat
820 4323 1060 4370 mentem
1083 4329 1235 4368 suam
1258 4328 1370 4368 smn
1391 4314 1615 4369 desidia:
1669 4317 1837 4371 ratio-

232 4423 360 4463 nem
388 4405 618 4478 reddere
644 4421 657 4458 :
688 4420 788 4459 nec
804 4406 948 4460 sinat
976 4405 1225 4476 progredi
1257 4407 1504 4472 ulterius,
1530 4408 1627 4463 sed
1655 4422 1832 4478 pravae

229 4470 643 4553 consuetudinis
672 4494 831 4551 tinem
855 4481 1048 4563 fac’iat;
1078 4496 1358 4551 exscindat
1379 4470 1838 4568 impetum-coer-

231 4597 357 4644 ceat
401 4587 778 4657 cogitationes,
802 4587 854 4641 in
878 4598 1061 4643 mente
1080 4588 1324 4644 revolvat
1338 4588 1667 4645 horrendum
1687 4590 1836 4645 illum

232 4679 405 4743 diem,
426 4678 626 4749 cogitet
652 4692 853 4747 mensa:
878 4677 1038 4748 hujus
1060 4680 1355 4735 tremendze
1372 4682 1835 4752 participationem

228 4780 286 4826 et
302 4769 650 4843 splendorem
677 4769 814 4840 ignis
838 4757 965 4825 inde
982 4769 1275 4826 resilientis
1300 4771 1395 4843 (ὁ),
1418 4788 1480 4827 ac
1498 4773 1836 4845 conﬂagrau-

230 4872 347 4918 tem
376 4862 580 4925 vim,et
605 4860 816 4932 qualem
862 4862 1147 4939 conveniat
1171 4876 1293 4917 esse
1336 4864 1640 4921 accedentis
1686 4883 1839 4921 men-

231 4962 381 5017 tem;
410 4951 670 5007 abomni
719 4966 913 5022 nempe
965 4952 1196 5021 macula,
1232 4954 1607 5029 abomnilabe
1626 4973 1835 5029 puram,

231 5058 292 5105 et
305 5047 613 5103 illicitarum
627 5048 1009 5125 cogitationum
1028 5046 1382 5119 frequentiam
1395 5026 1798 5109 subvertentem
1823 5072 1836 5108 :

232 5150 297 5195 ut
316 5139 399 5194 sic
419 5136 632 5193 interim
658 5137 851 5193 diebus
874 5139 992 5193 istis
1010 5140 1258 5209 nosipsos
1288 5153 1677 5211 praeparantes,
1710 5160 1842 5216 pns-

236 5232 433 5295 simus,
482 5240 774 5302 expurgem
812 5248 908 5302 pro
935 5233 1079 5289 virili
1125 5234 1302 5288 anima
1328 5239 1842 5310 nostra,partieipes

238 5324 357 5381 ﬁeri
382 5322 667 5393 prtesentis
699 5323 854 5378 istius
880 5325 1227 5392 sumptionis,
1259 5336 1316 5382 et
1345 5328 1713 5384 iuetl'abilibus
1733 5331 1840 5385 illis

246 5418 411 5475 bonis
432 5417 618 5489 petiri,
652 5424 779 5488 qutu‘
800 5418 1048 5488 promisit
1066 5418 1417 5491 diligentibus
1441 5436 1534 5487 se;
1572 5422 1741 5493 gratia
1789 5432 1846 5481 et

306 5573 378 5645 (a)
404 5574 573 5623 Habita
591 5572 761 5645 concio
777 5586 888 5623 cum
904 5572 1016 5625 duas
1040 5579 1224 5627 tantum
1247 5578 1636 5645 Quadrageshme
1659 5582 1851 5635 hebdo—

242 5636 395 5687 madas
410 5640 756 5697 superessent.

304 5698 376 5761 (ὁ)
410 5694 612 5768 Saviliu's
637 5696 1011 5768 suspicaturhic
1046 5700 1213 5768 ignem
1251 5703 1538 5768 sensibttem
1584 5707 1634 5756 in
1679 5721 1849 5760 mensa

244 5757 375 5810 sacra
394 5760 611 5822 positum
626 5757 941 5823 subindicari,
955 5757 1135 5825 nempe
1158 5760 1409 5815 lucernam
1425 5765 1636 5819 altumve
1662 5757 1846 5837 Ignem:

1455 320 1522 378 IN
1560 315 1715 376 CAP.
1760 315 1873 371 VII.
1915 311 2160 371 GENES.
2204 314 2432 373 IIOMIL.
2477 317 2643 374 XXV.

3463 304 3572 360 ‘ZI8

1968 433 2299 504 benignitate
2331 437 2537 491 Domini
2568 437 2736 493 nostri
2768 435 2896 492 Jcsu
2920 434 3144 501 Christi,
3168 450 3293 490 cum
3327 448 3436 504 quo
3461 431 3565 487 Pa-

1964 530 2054 593 tri,
2084 526 2327 583 simulet
2358 530 2582 599 Spiritui
2635 541 2826 586 sancto
2865 529 2938 585 sit
2989 528 3183 600 gloria,
3234 525 3564 597 imperium.

1963 619 2157 685 honor,
2188 637 2331 677 nunc
2379 634 2434 678 et
2470 635 2733 693 semper,
2787 630 2844 677 et
2890 621 2944 676 in
2992 620 3190 676 saecula
3220 618 3565 674 sarculotum.

1963 714 2156 767 Amen.

2508 826 2785 883 IIOMIUA
2839 826 3008 882 XXV.

1960 938 2077 995 Noe
2120 952 2288 994 autem
2337 960 2587 997 annorum
2627 952 2733 998 erat
2785 951 3173 1003 sexcentarum,
3224 949 3271 993 et
3314 938 3563 992 diluvium

2136 1049 2283 1100 aqua:
2305 1038 2494 1105 factum
2520 1045 2591 1088 est
2618 1051 2771 1105 super
2798 1042 2985 1089 terram
3016 1029 3170 1102 (Gen.
3205 1031 3258 1085 7.
3304 1029 3382 1100 6).

2030 1174 2079 1227 I.
2123 1174 2508 1243 Argumentum
2538 1171 2606 1225 de
2627 1186 2733 1241 quo
2761 1171 2876 1225 heri
2914 1168 3126 1225 caritati
3159 1176 3351 1223 vestrm
3391 1162 3565 1221 disse-

1954 1267 2057 1330 rui,
2082 1265 2258 1321 denuo
2287 1266 2566 1335 attingam,
2600 1273 2655 1319 et
2675 1264 2803 1335 justi
2836 1263 2945 1318 Noe
2975 1262 3253 1317 historiam
3286 1259 3479 1315 iterum
3509 1260 3561 1313 in

1954 1357 2186 1412 medium
2214 1356 2453 1411 aﬂ’cram.
2497 1355 2700 1425 Magna:
2729 1357 2875 1410 enim
2903 1355 3158 1408 virtutum
3195 1352 3325 1421 juS'i
3360 1350 3559 1403 divitiae

1952 1458 2098 1513 sunt,
2149 1448 2426 1517 nostrique.
2474 1446 2636 1500 ofticii
2681 1457 2765 1500 cst
2803 1446 3053 1500 omnibus
3078 1459 3176 1513 pro
3202 1455 3383 1497 nostra
3417 1440 3559 1496 virili

1951 1540 2267 1611 disquisitis,
2300 1555 2490 1594 curare
2516 1548 2573 1593 ut
2604 1549 2795 1594 vestrae
2819 1554 2951 1609 opes
2974 1537 3097 1591 hinc
3118 1535 3389 1590 auctiores
3408 1535 3556 1587 fiant.

1949 1634 2237 1694 thtcrtuu,
2274 1632 2520 1690 obsecro.
2553 1640 2749 1685 attenta
2781 1638 2961 1685 mente
3004 1628 3192 1683 adsitis
3215 1671 3230 1694 ,
3259 1618 3322 1681 ut
3344 1641 3409 1679 ne
3431 1640 3559 1679 seu-

1952 1726 2129 1780 teutire
2155 1724 2242 1779 hic
2265 1723 2556 1778 recondita:
2578 1738 2608 1777 a
2633 1722 2783 1777 vobis
2798 1721 3095 1791 ditl‘ugiant.
3117 1720 3305 1789 Operm
3326 1716 3556 1787 pretium

1946 1828 2128 1871 autem
2182 1816 2362 1880 fuerit,
2410 1814 2562 1886 prius
2596 1814 2806 1868 caritati
2864 1822 3061 1868 vestra:
3105 1823 3555 1872 commemorare,

1949 1905 2164 1960 ubinam
2198 1905 2313 1960 heri
2345 1904 2572 1960 docendi
2596 1906 2756 1960 tinem
2786 1904 3072 1961 fecerimus
3095 1944 3109 1965 ,
3142 1912 3198 1956 ut
3245 1900 3366 1955 inde
3398 1899 3559 1954 hodie

1947 2012 2201 2053 sermone
2241 1997 2503 2073 repetito,
2526 1996 2749 2051 dicenda
2790 1997 2948 2051 dictis
2985 2004 3132 2050 recte
3180 2004 3555 2050 contesamus.

1945 2089 2035 2145 Sic
2059 2092 2203 2145 enim
2224 2085 2592 2144 manifestiora
2616 2089 2771 2143 nobis
2797 2098 2959 2142 erunt
2988 2086 3153 2142 etiam
3180 2101 3240 2139 ea
3268 2102 3387 2155 qua:
3414 2097 3557 2138 nunc

1944 2182 2216 2238 dicuntur.
2250 2181 2352 2239 Ubi
2375 2197 2505 2252 ergo
2529 2198 2646 2253 qum
2668 2180 2995 2235 ﬂorebamus
3018 2179 3153 2242 lteri,
3182 2178 3341 2234 ﬁnem
3361 2177 3556 2232 habue-

1946 2273 2109 2327 runt?
2142 2272 2305 2339 Dixit,
2330 2264 2523 2342 inquit,
2558 2270 2808 2325 Dominus
2834 2269 2973 2325 Deus
3001 2269 3071 2322 ad
3099 2268 3215 2321 Noe
3244 2266 3558 2338 :lngredere

1947 2374 2021 2430 tu,
2049 2373 2094 2417 et
2134 2363 2299 2417 omnis
2328 2363 2510 2416 domus
2533 2372 2622 2414 tua
2648 2361 2700 2414 in
2730 2376 2903 2413 aream
2933 2375 2952 2414 :
2980 2360 3100 2430 quia
3126 2369 3173 2412 te
3218 2358 3321 2411 vidi
3352 2357 3556 2427 justum

1944 2472 2116 2510 coram
2142 2471 2220 2508 me
2244 2455 2297 2508 in
2328 2454 2651 2526 generatione
2674 2453 2790 2508 ista.
2816 2450 2901 2506 Ex
2917 2450 3172 2521 jumentii
3207 2466 3323 2504 rero
3353 2447 3557 2501 mundis

1942 2548 2099 2602 induc
2151 2546 2221 2600 ad
2266 2555 2314 2601 te
2354 2558 2561 2615 scp'eua
2593 2560 2611 2598 :
2641 2554 2685 2598 et
2732 2560 2798 2599 ea:
2833 2543 3105 2614 jumentis,
3135 2557 3250 2613 qua:
3288 2557 3390 2595 non
3436 2548 3556 2593 sunt

1942 2640 2155 2702 munda,
2189 2639 2327 2693 bina.
2360 2639 2539 2692 Aditur
2582 2638 2715 2691 enim
2760 2646 2951 2705 septem
2981 2635 3121 2699 dies,
3172 2650 3264 2706 ego
3312 2632 3555 2687 inducam

1942 2733 2167 2804 pluviam
2196 2746 2347 2801 super
2372 2740 2556 2783 terram
2586 2728 2923 2799 quadraginta
2944 2726 3120 2780 diebus
3140 2736 3185 2780 et
3210 2723 3553 2797 quadraginta

1942 2822 2168 2877 noctibus
2196 2863 2212 2887 ,
2239 2829 2286 2875 et
2313 2819 2487 2875 delebo
2507 2834 2705 2872 onmem
2727 2817 3058 2871 substantiam
3077 2832 3228 2886 quant
3261 2815 3380 2885 feci,
3406 2830 3439 2866 a
3474 2814 3555 2878 fa-

1940 2915 2017 2968 cie
2040 2924 2206 2976 tet-rw,
2250 2912 2313 2966 ab
2369 2911 2573 2964 homine
2608 2925 2768 2974 usque
2814 2908 2882 2961 ad
2918 2924 3088 2979 pecus.
3144 2907 3209 2960 Et
3266 2905 3384 2978 fecit
3441 2903 3557 2959 Noe

1941 3006 2112 3060 omnia
2141 3019 2254 3073 quae
2279 3011 2584 3074 prteceperat
2608 3003 2702 3055 sibi
2731 3000 2980 3054 Dominus
3030 2997 3164 3052 Deus
3194 2997 3346 3067 (Gen.
3396 2996 3449 3050 7.
3496 2996 3555 3051 1-

1943 3096 2025 3167 5).
2057 3094 2344 3164 Hucusquc
2374 3091 2704 3163 procedebat
2742 3105 2956 3155 sermo,
2992 3087 3077 3143 hic
3117 3085 3343 3142 docendi
3388 3088 3551 3140 tinctu

1943 3186 2293 3242 faciebamus.
2319 3182 2591 3238 Fortassis
2615 3182 2759 3237 enim
2789 3191 2844 3236 et
2870 3182 2969 3251 ipsi
2990 3178 3313 3235 meministis
3332 3176 3549 3249 quando

1940 3277 2153 3333 caritati
2184 3284 2380 3331 vestra:
2431 3289 2650 3329 causam
2680 3272 3035 3336 reddidimus,
3094 3285 3263 3341 quare
3296 3270 3437 3324 Deus
3483 3284 3548 3323 ex

1942 3365 2159 3423 mundis
2186 3373 2429 3442 septena,
2457 3378 2525 3420 ex
2555 3362 2849 3418 immundis
2875 3362 2997 3437 bina
3016 3359 3279 3416 introduci
3305 3360 3548 3429 jusserit.

1942 3460 2056 3532 Age
2086 3474 2216 3529 ergo
2263 3456 2427 3512 hodie
2456 3455 2781 3511 accedamus
2805 3454 2872 3510 ad
2916 3470 2979 3509 ea
3006 3469 3125 3523 qua:
3155 3459 3553 3521 consequenter

1941 3551 2079 3605 lecta
2107 3556 2253 3614 sunt,
2281 3557 2337 3602 et
2376 3546 2653 3603 videamus
2694 3545 2823 3616 quid
2867 3545 3022 3599 nobis
3052 3544 3237 3600 divina
3273 3542 3551 3613 Scriptura

1943 3642 2231 3712 dicatpost
2256 3640 2558 3711 ingressum
2582 3637 2697 3694 Noe
2728 3638 2782 3694 in
2806 3652 3010 3692 arcam.
3061 3636 3217 3692 Nunc
3254 3635 3400 3692 enim
3439 3650 3553 3689 ma-

1942 3733 2106 3797 xime,
2140 3731 2186 3787 si
2213 3731 2323 3787 ullo
2348 3729 2456 3785 alio
2501 3739 2767 3800 tempore,
2812 3728 2968 3783 decet
3007 3735 3067 3783 ut
3095 3727 3425 3798 amplinssit
3454 3740 3554 3780 no-

1943 3835 2115 3881 strum
2143 3824 2401 3888 studium,
2430 3836 2553 3877 cum
2583 3822 2655 3877 ob
2680 3822 2867 3894 jejunii
2897 3831 3110 3892 tempus
3150 3830 3202 3876 et
3241 3820 3551 3876 dulcissima

1944 3932 2119 3975 vestra
2168 3916 2560 3974 consuetudine
2605 3915 2775 3985 magis
2828 3913 3074 3979 fruimur,
3122 3923 3175 3968 et
3220 3928 3248 3965 a
3280 3913 3556 3981 voluptate

1944 4009 2181 4080 crapulae
2208 4007 2522 4072 liberamur,
2556 4006 2909 4074 excitatisque
2936 4004 3227 4067 mentibus,
3256 4003 3415 4057 dictis
3442 4003 3557 4057 dili-

1943 4111 2130 4171 genter
2185 4097 2463 4155 attendere
2507 4110 2813 4167 possumus.
2864 4092 3159 4150 Dicendum
3206 4094 3367 4164 igitur
3415 4094 3557 4147 unde

1947 4195 2106 4249 hodie
2129 4193 2290 4248 lectio
2315 4198 2489 4261 empta
2512 4197 2614 4244 est.
2670 4192 2724 4242 6.
2760 4186 2877 4241 Noe
2923 4196 3096 4242 autem
3139 4195 3246 4239 erat
3301 4201 3555 4239 annorum

1945 4294 2327 4349 sexcentarum,
2350 4281 2541 4351 inquit,
2566 4290 2611 4333 et
2640 4279 2887 4333 diluvium
2909 4293 3055 4349 aquae
3079 4278 3271 4345 factum
3302 4286 3374 4330 est
3404 4292 3554 4345 super

1946 4388 2150 4433 terram.
2194 4374 2491 4438 Attendite,
2514 4375 2764 4438 obsecro,
2791 4382 2847 4428 et
2868 4387 2935 4426 ne
2962 4371 3326 4439 perfunctorie
3352 4371 3554 4425 dictum

1946 4482 2461 4542 prtetercurramus;
2507 4470 2518 4519 I
2546 4468 2711 4521 aheut
2734 4466 2876 4520 enim
2905 4464 3555 4519 latentesdivitiasbrevia

1949 4565 2065 4619 lure
2090 4564 2292 4623 verba;
2323 4560 2462 4631 quod
2496 4560 2540 4613 si
2571 4569 2805 4614 mentem
2829 4557 3240 4622 inlcudvrinms,
3276 4556 3459 4610 licebit
3490 4572 3555 4611 ex

1947 4656 2053 4710 isto
2083 4655 2197 4723 ipso
2234 4651 2617 4708 miSericordia:
2650 4650 2858 4706 Domini
2885 4649 3282 4714 excellentiam,
3312 4648 3560 4703 malitia:-

1949 4762 2054 4816 que
2080 4746 2388 4809 hominum,
2420 4742 2511 4813 qui
2553 4752 2679 4797 tunc
2709 4749 2884 4807 erant,
2907 4741 3340 4811 exsuperantiam
3369 4740 3560 4810 depre-

1950 4837 2206 4893 hendere.
2236 4834 2352 4890 Noe
2372 4842 2540 4888 autem
2553 4849 2803 4887 annorum
2819 4841 2947 4897 erat,
2972 4832 3161 4901 inquit,
3186 4839 3558 4886 sexcentarum.

1948 4927 2065 4983 Non
2099 4927 2303 4996 absque
2326 4940 2488 4981 causa
2514 4938 2780 4978 annorum
2798 4923 2928 4994 justi
2956 4938 3238 4978 numerum
3259 4939 3357 4978 nos
3379 4922 3563 4978 docuit

1950 5020 2133 5076 divina
2161 5018 2462 5089 Scriptura,
2518 5032 2696 5085 neque
2754 5025 2813 5070 ut
2856 5014 2996 5070 istud
3045 5016 3220 5085 ipsum
3269 5014 3557 5080 discamus,

1950 5121 2081 5184 quot
2105 5126 2369 5166 annorum
2401 5108 2557 5165 fuerit
2589 5108 2700 5173 ille,
2731 5105 2827 5162 sed
2870 5106 2995 5177 quia
3036 5106 3185 5175 prius
3228 5119 3328 5160 nos
3381 5103 3566 5161 docuit

1952 5208 2227 5278 Scriptura
2264 5205 2449 5260 dicens
2474 5245 2488 5268 ,
2523 5200 2639 5256 Noe
2661 5212 2830 5254 autent
2856 5208 2962 5254 erat
2988 5190 3238 5253 cunarum
3260 5198 3565 5270 quingento-

1951 5318 2066 5356 rum
2097 5299 2251 5373 (Geu.
2280 5296 2335 5352 5.
2365 5296 2460 5365 ’51)
2486 5312 2497 5346 ;
2523 5302 2577 5349 et
2626 5299 2909 5363 postquam
2968 5291 3121 5346 nobis
3162 5306 3428 5345 annorum
3474 5290 3568 5345 de-

1950 5391 2176 5449 claravit
2221 5402 2531 5451 numerum,
2564 5395 2693 5440 tuuc
2737 5382 2977 5441 narravit
3006 5383 3348 5439 immodicam
3394 5381 3565 5437 homi-

1952 5499 2084 5540 num
2117 5484 2170 5538 in
2202 5482 2398 5537 malum
2432 5478 2870 5551 propensionem,
2901 5486 2955 5531 et
2982 5476 3104 5547 quia
3134 5475 3397 5531 incumbit
3423 5490 3565 5544 cogi-

1956 5587 2089 5634 tatto
2118 5581 2392 5632 hominum
2411 5577 2694 5646 diligenter
2716 5576 2769 5628 in
2788 5575 3310 5644 malaajuventute;
3340 5574 3569 5642 ideoque

1950 5664 2093 5724 dixit
2117 5669 2293 5736 Deus,
2326 5669 2446 5729 Non
2481 5668 2791 5739 permanebit
2821 5668 3049 5739 Spiritus
3076 5683 3215 5721 meus
3250 5668 3308 5721 in
3342 5667 3565 5721 homini-

1957 5766 2051 5822 bus
2070 5759 2208 5831 istis,
2237 5777 2295 5818 ea
2320 5768 2454 5832 quod
2480 5757 2578 5831 ipsi
2607 5760 2708 5816 sint
2738 5775 2916 5814 carnes
2943 5757 3098 5832 (Gen.
3127 5760 3176 5814 6.
3203 5758 3290 5829 Z);
3314 5773 3567 5830 prtenun~
