4054 6312
560 350 665 409 Si?

563 465 742 521 tiando
768 462 846 519 cis
886 457 1259 532 indignationis
1305 468 1404 507 sua
1452 449 1898 521 magnitudinem;
1926 443 2048 499 dein
2075 451 2132 496 ut

564 557 715 611 daret
742 554 818 609 eis
850 552 1097 609 idoneum
1126 559 1333 616 tempus
1351 586 1367 611 ,
1396 542 1536 615 quod
1565 540 1834 601 sufﬁceret
1854 537 1919 592 ad
1950 533 2136 603 resipi.

563 648 817 703 scendum
838 686 854 711 ,
878 654 938 699 ut
958 641 1370 711 indignationem
1400 649 1505 691 non
1535 632 1936 701 experirentur,
1964 624 2091 680 dicit
2118 640 2131 676 :

568 737 727 792 Erunt
748 747 913 789 autem
928 732 1033 786 dies
1046 746 1217 787 eorum
1229 728 1349 780 anni
1363 735 1557 781 ceruum
1576 734 1623 777 et
1634 722 1807 794 viginti
1821 717 1970 791 (Gen.
1987 716 2041 772 6.
2056 715 2134 785 3):

565 833 664 884 hoc
686 835 787 886 est.
819 825 1002 879 Adhuc
1048 818 1447 892 procrastinabo
1471 818 1631 872 etiam
1661 826 1780 885 post
1824 812 2137 882 quingentos

524 922 527 925 ’
564 917 682 970 illos
726 929 914 979 annus,
965 912 1015 965 in
1066 909 1256 980 quibus
1296 908 1469 978 justus
1494 908 1592 961 iste
1624 920 1720 958 suo
1744 901 1961 957 nomine
2007 898 2137 954 satis

561 1019 751 1058 omnes
778 1003 894 1055 illos
918 1000 1235 1054 admonebat
1256 1007 1310 1052 et
1336 995 1640 1061 inducebat,
1659 991 1938 1062 siquidem
1968 995 2139 1041 atten-

563 1099 694 1153 dere
724 1095 1032 1151 voluissent.
1063 1100 1119 1155 ut
1167 1100 1222 1146 et
1265 1104 1293 1143 a
1348 1087 1545 1144 malitia
1606 1085 1944 1147 desisterent,
1970 1088 2025 1135 et
2070 1076 2137 1132 ad

563 1190 814 1243 virtutem
843 1201 902 1239 se
930 1181 1293 1238 transferrent.
1327 1180 1699 1234 Verumtamen
1726 1182 1781 1229 et
1810 1185 1949 1226 nunc
1986 1168 2139 1241 polli-

563 1294 690 1335 ceor
719 1293 807 1333 me
847 1290 1025 1331 annos
1065 1280 1276 1328 centum
1328 1270 1510 1339 viginti
1560 1265 1638 1340 (η)
1688 1266 2053 1326 toleraturum,
2081 1269 2141 1316 ut

566 1380 811 1441 tempore
859 1365 999 1437 quod
1041 1363 1336 1421 intercedet
1363 1403 1380 1425 .
1426 1357 1869 1431 quemadmodum
1921 1371 2017 1424 par
2057 1362 2142 1411 est

566 1470 803 1523 utantur,
835 1460 1192 1528 malitiamque
1220 1454 1440 1523 fugiant,
1479 1461 1535 1507 et
1561 1452 1809 1504 virtutem
1834 1446 2143 1515 amplexen—

566 1562 674 1607 tur.
729 1551 797 1606 Et
821 1564 927 1605 non
953 1548 1127 1604 solum
1173 1554 1455 1601 contentus
1490 1541 1585 1596 fuit
1625 1547 1836 1595 centum
1877 1544 1931 1591 et
1957 1535 2140 1604 viginti

567 1654 826 1696 annorum
869 1638 1248 1708 promissione,
1284 1633 1378 1687 sed
1419 1632 1563 1701 justo
1604 1627 1849 1698 princepit
1877 1633 1936 1679 ut
1962 1638 2141 1679 arcam

564 1738 915 1793 construeret,
949 1743 1050 1801 quo
1073 1737 1128 1782 et
1152 1726 1263 1795 ipse
1288 1734 1529 1791 aspectus
1542 1736 1681 1779 arcte
1706 1721 1771 1775 iis
1791 1718 2138 1773 sufﬁcientem

566 1822 880 1878 memoriam
903 1826 1228 1889 suggereret,
1249 1826 1299 1871 et
1328 1814 1503 1871 nullus
1540 1814 1806 1883 ignoraret
1852 1807 2143 1864 inferenda:

569 1927 741 1985 ptume
766 1909 1199 1981 magnitudinem.
1227 1906 1359 1964 Nam
1389 1903 1523 1960 istud
1565 1902 1767 1973 ipsum,
1796 1899 1935 1970 quod
1966 1896 2144 1967 justus

569 2006 684 2070 ille,
711 2014 764 2059 et
789 2005 877 2073 qui
906 2004 959 2056 in
984 2015 1251 2056 summum
1277 1998 1487 2053 virtutis
1515 2000 1827 2066 pervenerat
1848 1990 2139 2059 fastigium,

570 2105 716 2159 tanto
741 2092 1248 2149 studio-entmelnt
1271 2102 1451 2142 aream
1475 2126 1492 2149 ,
1523 2076 1652 2138 satis
1675 2096 1794 2138 esse
1817 2079 2046 2135 debebat
2072 2076 2141 2131 ad

570 2185 915 2254 injiciendum
946 2182 1228 2246 omnibus,
1269 2178 1462 2248 quibus
1509 2190 1662 2231 meus
1704 2181 1820 2227 erat
1845 2210 1861 2237 ,
1889 2181 2139 2238 angorem

569 2285 626 2332 et
667 2274 1023 2337 formidinem,
1067 2282 1122 2326 et
1166 2268 1583 2341 persuadendum
1614 2275 1672 2318 ut
1720 2262 1989 2330 placarent
2034 2268 2139 2312 tam

572 2373 902 2422 mansuetum
929 2374 981 2417 et
1019 2362 1337 2417 clementem
1374 2354 1673 2410 Dominum.
1707 2350 1837 2406 Nam
1868 2350 1910 2404 si
1933 2347 2140 2434 barbari

570 2458 646 2514 illi
669 2455 762 2528 (ὁ),
803 2454 1061 2511 Ninivitas
1078 2452 1197 2507 dico
1219 2491 1235 2519 ,
1261 2465 1395 2519 quos
1417 2448 1607 2503 iterum
1636 2446 1689 2499 in
1710 2442 1943 2498 medium
1978 2439 2144 2493 addu-

575 2560 704 2601 cere
731 2559 908 2614 operte
934 2541 1160 2612 pretium
1187 2547 1288 2605 est,
1318 2547 1379 2593 ut
1396 2536 1553 2592 etiam
1584 2534 1683 2588 hac
1728 2535 1933 2587 ratione
1976 2530 2144 2599 magis

572 2634 965 2690 demonstretur
1010 2640 1065 2688 et
1100 2629 1291 2684 borum
1336 2629 1522 2697 ingens
1570 2624 1787 2685 malitia,
1821 2631 1877 2677 et
1928 2621 2140 2675 illorum

574 2740 762 2795 magna
792 2722 1043 2793 probitas.
1085 2719 1293 2776 Etenim
1342 2716 1597 2773 Dominus
1633 2722 1813 2768 noster
1847 2712 1900 2764 in
1935 2710 2022 2764 die
2053 2709 2144 2763 illo

574 2817 818 2881 terribili,
836 2813 1040 2885 iudicii,
1074 2813 1312 2882 inquam,
1339 2822 1525 2866 servos
1549 2814 1603 2862 et
1622 2796 1805 2861 servos
1829 2804 1879 2858 in
1910 2802 2142 2857 medium

566 2910 906 2980 *producens,
952 2907 1033 2961 sic
1076 2903 1568 2959 condemnationem
1614 2896 1878 2968 proferet,
1934 2892 2146 2965 quando

573 2997 1009 3053 monstrabantur
1056 2996 1090 3049 ii
1122 2996 1207 3063 qui
1249 2991 1455 3048 eadem
1482 2992 1620 3048 bona
1661 2987 1835 3044 sortiti
1878 2994 2051 3049 erant,
2094 2993 2149 3037 et

573 3086 883 3143 eorumdem
905 3084 1163 3140 bonorum
1192 3080 1471 3152 participes
1494 3095 1602 3135 non
1626 3077 1866 3136 eamdem
1881 3088 2143 3130 exercue-

579 3188 699 3233 rant
743 3178 1036 3231 virtutem:
1075 3188 1219 3245 sa~po
1262 3183 1438 3227 autem
1487 3173 1650 3228 etiam
1690 3185 1755 3225 ex
1801 3166 2148 3238 inmqualibus

580 3264 1006 3337 comparationes
1039 3259 1167 3320 facit
1191 3303 1210 3329 ,
1246 3269 1309 3318 ut
1350 3262 1607 3331 majorem
1650 3258 2148 3315 condemnationem

580 3359 782 3428 ignavis
807 3356 1016 3413 inferat.
1054 3359 1387 3431 Quapropter
1408 3363 1467 3421 et
1493 3355 1545 3408 in
1579 3351 1659 3407 Ev
1693 3352 1866 3419 ngelio
1893 3350 2102 3405 dicebat
2130 3363 2146 3403 :

582 3436 697 3495 Viri
718 3435 765 3491 Ν
771 3434 1260 3501 iniritcezsurgeut
1283 3432 1544 3496 aquilicia
1557 3447 1677 3486 cum
1706 3436 2159 3502 generationeltac,

578 3537 627 3580 et
676 3526 1073 3583 condemnabam
1119 3540 1230 3579 eam
1246 3565 1265 3590 ,
1304 3524 1424 3595 quia
1464 3526 1805 3594 penitentiam
1851 3536 2055 3599 egerunt
2100 3528 2154 3581 in

582 3613 939 3683 prwdicntione
962 3614 1109 3669 laute
1130 3630 1147 3668 .'
1164 3625 1208 3669 et
1230 3631 1339 3669 ecce
1355 3617 1470 3685 plus
1481 3632 1632 3686 quam
1650 3615 1812 3672 Jonas
1839 3618 1918 3671 hic
1938 3617 2151 3687 (Matth.

586 3704 673 3759 12.
703 3702 795 3774 Μ)
822 3721 834 3755 :
860 3705 1008 3773 quasi
1056 3704 1535 3760 diceretzBarbari
1578 3722 1799 3776 quorum
1845 3709 1981 3761 nulla
2026 3724 2153 3763 cura

582 3805 663 3848 est
680 3792 877 3857 habita,
897 3794 984 3864 qui
1016 3795 1387 3862 prophetarum
1408 3796 1701 3849 doctrinam
1723 3811 1827 3850 non
1852 3798 2151 3863 audierunt,

584 3883 674 3953 qui
700 3883 845 3953 signa
873 3898 977 3937 non
1003 3881 1266 3947 viderunt,
1294 3884 1380 3951 qui
1403 3884 1653 3938 miracula
1682 3882 1785 3938 non
1810 3897 2112 3955 spectarunt
2135 3926 2150 3951 ,

584 3971 677 4027 sed
700 3972 894 4027 auditis
922 3983 1122 4027 tantum
1153 3974 1305 4028 unius
1329 3974 1557 4029 hominis
1579 3974 1629 4027 in
1661 3974 1934 4045 naufragio
1960 3978 2156 4031 servati

581 4064 759 4118 verbis
778 4106 791 4126 ,
820 4079 938 4134 qua:
987 4078 1109 4127 eos,
1135 4079 1377 4134 magnam
1404 4050 1823 4134 desperationem
1846 4065 2154 4130 .aﬂ'eiendo,

581 4152 789 4207 consilii
822 4155 1004 4222 inopes
1022 4153 1194 4208 facere
1223 4162 1482 4223 poterant,
1506 4156 1574 4209 ita
1597 4158 1827 4212 utetiam
1844 4166 2157 4213 contemne-

583 4254 702 4298 rent
748 4262 866 4314 qua)
922 4244 1250 4310 dicebantur,
1281 4263 1385 4300 non
1436 4247 1607 4301 solum
1649 4264 1751 4301 non
1803 4248 2158 4319 despexerunt

584 4335 858 4403 prophetze
882 4337 1069 4400 verba,
1096 4337 1186 4390 sed
1239 4346 1291 4391 et
1346 4338 1397 4392 in
1449 4339 1607 4393 trium
1660 4339 1865 4396 dierum
1916 4339 2157 4412 angustia

583 4426 927 4493 deprehensi,
957 4438 1062 4481 tam
1109 4428 1413 4496 diligentem
1441 4439 1496 4484 et
1531 4429 1819 4485 studiosam
1845 4429 2017 4486 iecere
2043 4448 2158 4501 pm-

584 4515 882 4579 nitentiani,
913 4524 1047 4571 utet
1098 4519 1411 4572 sententiam
1458 4518 1665 4574 Domini
1713 4532 2041 4576 revocarent.
2091 4522 2155 4577 lli

582 4606 761 4675 igitur,
814 4608 1014 4675 inquit,
1065 4608 1493 4663 condemnabam
1538 4615 1929 4678 generationem
1982 4613 2154 4683 hanc,

581 4697 723 4751 circa
751 4712 907 4767 quam
938 4709 1080 4753 tanta
1107 4714 1230 4753 cura
1264 4698 1361 4754 fuit
1380 4700 1769 4771 adhibita,qu:e
1786 4703 2157 4775 prophetarum

585 4786 736 4842 libris
764 4791 990 4843 cuutrita
1028 4798 1130 4855 est,
1159 4806 1278 4861 qum
1325 4791 1472 4861 signa
1524 4800 1579 4846 et
1624 4794 1875 4849 miracula
1924 4796 2159 4865 quotidie

584 4880 863 4949 spectavit.
910 4881 1106 4936 Deinde
1128 4893 1183 4936 ut
1208 4892 1258 4937 et
1289 4884 1506 4937 istorum
1529 4899 1772 4955 magnam
1818 4886 2159 4941 incredulita-

586 4971 653 5025 tis
678 4971 1020 5025 eminentiam
1049 4972 1387 5047 ostenderet.
1418 4978 1580 5028 etiam
1604 4976 1813 5031 illorum
1841 4976 2159 5032 ineﬂ'abilctn

587 5060 902 5130 probitatem
930 5062 1107 5116 subdit
1138 5080 1152 5118 :
1184 5063 1313 5127 Quia
1344 5065 1680 5132 pwnitentiam
1709 5076 1914 5135 egerunt
1936 5068 2005 5119 ad
2030 5082 2161 5130 pra:-

589 5151 885 5205 dictrtiourm
915 5151 1061 5207 λοιπε
1088 5196 1103 5217 ,
1130 5166 1174 5206 et
1203 5170 1310 5207 erce
1339 5156 1452 5223 plus
1480 5172 1630 5223 quant
1658 5153 1816 5209 Jonas
1850 5158 1921 5210 liii.
1961 5173 1979 5210 ε
2005 5157 2159 5211 Nini-

646 5330 717 5390 (a)
752 5330 867 5379 \ide
888 5344 997 5392 qua:
1020 5332 1243 5393 superius
1261 5332 1469 5382 diximus
1496 5331 1588 5382 col.
1614 5332 1719 5391 190,
1745 5335 1868 5383 circa
1914 5333 2020 5383 illos
2041 5348 2159 5384 cen-

587 5397 689 5453 tum
714 5393 881 5453 viginti
906 5406 1069 5440 annos.

647 5452 717 5512 (b)
748 5452 1023 5502 (irationem
1044 5452 1171 5501 solet
1192 5452 1548 5519 chrysostomus
1566 5453 1854 5519 frequenter
1872 5455 2155 5519 interpella-

584 5525 658 5565 re.
676 5525 1105 5576 actionnumquavn
1128 5522 1224 5561 tam
1246 5514 1415 5576 longas
1438 5515 1616 5564 inducit
1634 5514 1970 5576 parenthescs,
1996 5514 2049 5565 ut
2070 5532 2159 5567 ste-

581 5586 645 5639 pe
671 5573 890 5622 videatur
911 5572 1082 5639 prioris
1104 5576 1251 5639 seriei
1278 5572 1454 5623 oblitus
1471 5589 1483 5630 ;
1501 5576 1586 5623 sed
1606 5572 1771 5624 nescio
1787 5590 1846 5624 an
1862 5579 2045 5638 uSpiam
2062 5591 2156 5627 ma-
2230 5598 2237 5603 ·

578 5636 735 5701 joretn
754 5647 894 5692 quam
919 5636 994 5683 hic
1013 5636 1326 5697 parenthesin
1354 5639 1619 5685 adhibuerit
1648 5652 1657 5681 :
1684 5638 1902 5698 paginam
1924 5636 2056 5688 cnim
2080 5638 2158 5689 iila

580 5704 683 5751 fere
708 5704 948 5761 integtam
971 5706 1185 5768 gecupat.

1251 339 1309 398 S.
1348 332 1623 395 JOANNIS
1658 321 2134 387 ςηηπερετοδιι
2172 322 2490 384 ARCHIEP.
2529 323 3062 383 CONSTANTINOP.

3718 320 3832 379 220

2244 443 2367 497 vitm
2388 442 2623 512 quidem,
2674 444 2865 513 inquit,
2916 443 3031 498 viso
3068 442 3278 511 abiecto
3326 441 3538 501 homine
3584 441 3741 509 ictis,
3771 458 3823 502 et

2239 534 2355 603 ejus
2392 546 2741 603 Susceperunt
2764 536 3217 607 prmdicationeut.
3264 544 3321 590 et
3369 536 3825 591 accuratissitnatn

2242 624 2477 685 fecerunt
2523 625 2887 694 pmnitentiam
2939 643 2952 678 :
3005 625 3092 679 isti
3138 636 3316 680 autem
3370 625 3611 680 videntes
3657 627 3828 681 multo

2241 717 2494 784 majorem
2517 731 2673 784 quam
2693 715 2856 771 Jonas
2880 726 2991 769 erat
3022 757 3035 778 ,
3070 716 3345 786 ipsumque
3375 716 3604 772 universi
3647 717 3825 771 Domi-

2242 822 2368 861 num
2396 821 2579 862 secum
2606 805 2768 861 simul
2790 817 3109 872 versantem,
3137 816 3390 876 tantaque
3412 821 3475 884 ac
3500 807 3622 861 talia
3650 807 3827 877 quoti-

2242 896 2329 953 die
2350 898 2604 953 miracula
2633 908 2963 968 operantem.
2993 898 3233 970 leprosos
3262 900 3606 955 mandantem
3627 940 3645 965 ,
3676 912 3818 952 more

2242 996 2362 1042 tuos
2402 989 2745 1045 suscitantem
2772 1028 2790 1053 ,
2820 989 2944 1043 vitia
2970 999 3172 1044 natura:
3199 989 3595 1059 corrigentem,
3622 988 3827 1043 ἀει-ηιθ-

2243 1092 2338 1133 nes
2366 1079 2744 1147 expellentem,
2770 1080 2989 1137 morbos
3035 1090 3333 1143 curantem,
3365 1087 3627 1147 potestate
3658 1077 3824 1134 multa

2241 1180 2577 1237 peccatorum
2604 1171 2969 1226 remissionem
2986 1169 3308 1237 praibcntem
3330 1184 3347 1224 :
3375 1184 3478 1225 non
3502 1170 3647 1224 illam
3662 1184 3825 1240 quant

2243 1260 2449 1315 barbari
2483 1259 2642 1313 iidem
2665 1261 3038 1316 exhibuerunt.

2311 1350 2365 1405 2.
2410 1350 2663 1403 Patientia
2714 1359 2760 1402 et
2804 1350 3084 1419 benignitas
3106 1349 3197 1405 Dei
3250 1349 3303 1401 in
3348 1350 3462 1418 ipso
3489 1348 3721 1410 diluvio;
3766 1361 3836 1402 ea:

2244 1441 2472 1509 praesenti
2511 1456 2657 1510 prona
2695 1440 3012 1508 peccantibus
3046 1438 3190 1493 illata
3240 1437 3481 1492 minuitur
3509 1451 3720 1492 interm.
3745 1464 3821 1478 -—

2248 1528 2441 1583 Verum
2472 1530 2536 1582 ad
2565 1529 2829 1584 sermonis
2859 1528 3026 1584 nostri
3074 1528 3269 1582 seriem
3313 1526 3608 1590 redeamus,
3634 1535 3692 1580 ut
3739 1524 3830 1579 vi-

2243 1618 2372 1674 deas
2412 1634 2571 1686 quam
2616 1618 2894 1672 immodica
2941 1617 3162 1672 istorum
3203 1616 3358 1671 fuerit
3382 1616 3725 1684 improbitas,
3772 1625 3829 1670 ct

2246 1697 2403 1777 quam
2440 1706 2699 1760 laboriosa
2746 1706 2954 1761 illorum
3000 1707 3361 1775 resipisccutia
3386 1705 3669 1764 :Ninivitto
3703 1705 3829 1777 qui-

2244 1798 2365 1853 dem
2392 1798 2443 1852 in
2486 1797 2717 1851 triduum
2756 1797 3030 1865 coarctati,
3055 1811 3232 1868 neque
3279 1797 3359 1851 sic
3406 1796 3475 1851 de
3518 1798 3692 1852 salute
3731 1809 3830 1851 sua

2243 1890 2611 1960 desperarunt,
2634 1888 2806 1943 sedad
2830 1889 3193 1957 ptenitentiam
3215 1897 3577 1963 properantes,
3610 1894 3830 1958 peccata

2248 1983 2543 2045 abluerunt,
2570 1981 3037 2050 misericordiaque
3065 1980 3274 2035 Domini
3299 1970 3421 2037 sese
3456 1978 3649 2051 dignos
3673 1978 3832 2033 exiti-

2248 2076 2475 2127 buerunt
2502 2090 2517 2126 :
2550 2074 2635 2125 isti
2661 2081 2842 2128 autem
2866 2112 2881 2134 .
2904 2071 2972 2128 de
2998 2071 3190 2142 quibus
3216 2086 3354 2128 nunc
3382 2086 3588 2136 sermo,
3616 2081 3833 2139 tempus

2243 2173 2458 2221 centum
2487 2173 2541 2219 et
2568 2162 2752 2236 viginti
2788 2178 3049 2218 annorum
3096 2162 3163 2217 ad
3195 2163 3556 2235 penitentiam
3600 2177 3835 2231 accepe-

2244 2265 2388 2319 rant,
2410 2271 2580 2329 neque
2608 2255 2802 2325 aliquid
2834 2254 2958 2310 inde
2984 2253 3375 2310 literifecerunt.
3403 2252 3631 2309 Proinde
3651 2253 3836 2308 Domi-

2247 2362 2348 2402 nus
2371 2346 2556 2401 videus
2578 2347 2628 2400 in
2658 2344 2877 2400 multam
2905 2344 3023 2403 illos
3041 2344 3303 2398 excidisse
3338 2343 3655 2414 nequitiam,
3682 2341 3834 2398 cele—

2247 2454 2361 2494 rem
2384 2437 2514 2506 ipsis
2539 2436 2737 2491 inducit
2771 2435 3153 2489 eorrectionem
3177 2474 3191 2497 ,
3216 2431 3495 2501 aboletque
3515 2443 3565 2488 et
3597 2446 3628 2487 e
3649 2430 3835 2486 medio

2250 2528 2390 2582 tollit
2420 2526 2543 2580 mali
2591 2542 2776 2582 eorum
2826 2523 3071 2579 fermcnti
3126 2523 3334 2578 vitium.
3363 2521 3485 2578 Ideo
3512 2522 3682 2577 dicit:
3717 2521 3837 2575 Noe

2247 2628 2417 2671 autem
2463 2625 2570 2669 erat
2613 2631 2861 2669 annorum
2905 2624 3247 2670 sexcentarum
3266 2654 3282 2678 ,
3308 2623 3354 2667 et
3393 2614 3636 2668 diluvium
3680 2628 3836 2685 aqua

2248 2710 2433 2779 factum
2455 2717 2525 2775 est
2554 2722 2705 2774 super
2724 2717 2930 2759 terram.
2961 2704 3077 2760 lam
3102 2703 3384 2760 didicimus
3407 2746 3423 2767 ,
3447 2702 3661 2774 quando
3686 2702 3838 2758 indi-

2245 2779 2533 2871 gnatio‘ct
2582 2796 2852 2864 praedictio
2899 2796 3107 2851 Domini
3164 2795 3297 2851 facta
3351 2804 3452 2859 est,
3504 2793 3615 2849 Noe
3667 2795 3837 2849 fuisse

2246 2905 2505 2943 annorum
2536 2889 2947 2956 quingentorum
2972 2903 2985 2939 :
3015 2885 3228 2956 quando
3251 2896 3429 2939 autem
3458 2884 3727 2939 inductum
3748 2894 3837 2938 est

2247 2979 2519 3041 diluvium,
2544 2989 2913 3032 sevi-emortum
2987 2974 3057 3029 ita
3088 2974 3316 3029 interccs
3345 2980 3501 3029 erunt
3541 2974 3664 3027 anni
3693 2973 3838 3026 inter

2253 3070 2685 3138 prardieationem
2717 3078 2770 3123 et
2789 3068 3043 3124 diluvium
3077 3078 3287 3121 centum
3322 3082 3335 3118 :
3363 3074 3418 3121 et
3468 3066 3522 3121 in
3569 3064 3635 3120 iis
3674 3064 3833 3119 annis

2254 3177 2318 3223 ne
2345 3161 2608 3216 tantillum
2636 3159 2849 3229 quidem
2881 3158 3239 3229 profecerunt,
3272 3159 3395 3212 licet
3423 3167 3696 3229 tantopere
3734 3157 3839 3212 do-

2250 3259 2497 3305 cerentur
2524 3264 2554 3303 a
2584 3248 2693 3303 Noe
2717 3263 2896 3302 arcam
2925 3247 3237 3302 fabricante.
3276 3246 3381 3302 Sed
3426 3246 3654 3303 fortasse
3680 3263 3836 3317 qum-

2212 3354 2215 3359 '
2252 3351 2333 3393 ret
2380 3338 2569 3408 aliquis
2598 3354 2611 3390 :
2636 3340 2807 3407 Quare
2848 3353 2966 3391 eum
3021 3334 3219 3391 dixerit
3274 3334 3571 3406 οοηιίιιυς,
3617 3336 3885 3394 Cerrinus:

2260 3425 2745 3496 vigintiannierunt
2772 3427 2885 3482 dies
2897 3441 3113 3490 eorum;
3132 3429 3547 3503 promiscritqne
3574 3446 3635 3485 se
3682 3441 3841 3485 tanto

2259 3528 2498 3587 tempore
2524 3519 2811 3597 tolerantia
2853 3533 3093 3583 usurum,
3134 3528 3420 3588 antequam
3476 3522 3835 3592 implerentnr

2256 3610 2382 3664 anni
2410 3608 2656 3677 promissi
2671 3649 2685 3670 .
2715 3609 3018 3665 universale
3040 3608 3324 3665 introducit
3338 3610 3639 3667 excidium?
3660 3613 3840 3668 Etiam

2259 3697 2360 3754 hoc
2407 3700 2568 3768 ipsius
2596 3697 2894 3753 clementizc
2941 3696 3229 3751 maximum
3262 3707 3346 3753 est
3381 3712 3753 3770 argumentum
3787 3717 3842 3759 et

2260 3789 2531 3845 indicium.
2566 3788 2696 3843 Nam
2723 3786 2970 3859 quoniam
3012 3788 3143 3843 vidit
3189 3788 3424 3857 quotidie
3475 3793 3845 3849 inenrabiiitcr

2260 3882 2377 3936 illos
2406 3893 2645 3950 peccore,
2670 3888 2727 3933 et
2758 3894 2863 3934 non
2912 3878 3084 3933 solum
3128 3880 3257 3933 nihil
3286 3896 3352 3934 ex
3402 3882 3654 3937 ineﬂiabili
3695 3884 3840 3939 tole-

2260 3973 2425 4025 rantia
2480 3984 2573 4025 sua
2628 3968 2905 4039 proiicere,
2956 3968 3053 4023 sed
3103 3978 3159 4024 et
3209 3970 3581 4025 incrudescere
3629 3973 3840 4036 ulcera,

2262 4071 2537 4131 propterea
2567 4057 2791 4113 succidit
2810 4068 3042 4127 tempus,
3060 4068 3207 4111 utne
3234 4057 3419 4128 majori
3445 4058 3645 4113 scilicet
3663 4074 3845 4129 ptume

2260 4164 2319 4205 se
2346 4149 2604 4204 obnoxios
2630 4147 2885 4202 iacerent.
2920 4148 2985 4201 Et
3011 4162 3130 4216 qua:
3147 4189 3163 4215 ,
3185 4148 3325 4203 dicet
3353 4148 3564 4217 aliquis,
3592 4148 3693 4204 hac
3718 4166 3844 4204 ma-

2256 4239 2345 4309 jor
2362 4247 2505 4295 esset
2526 4237 2715 4306 poma?
2740 4238 2832 4293 Est
2860 4236 3034 4306 plane.
3063 4247 3146 4291 est
3164 4278 3180 4304 ,
3201 4234 3395 4292 dilecte
3412 4277 3427 4300 ,
3458 4251 3613 4309 pana
3643 4250 3699 4292 et
3719 4256 3839 4293 ma-

2254 4329 2363 4401 jor,
2391 4342 2444 4385 et
2470 4327 2770 4392 terribilior,
2798 4336 2852 4383 et
2880 4335 3152 4397 perpetua,
3184 4342 3377 4397 nempe
3410 4343 3528 4398 qua:
3566 4330 3620 4383 in
3658 4327 3847 4383 futuro

2261 4423 2479 4478 szeculo.
2509 4420 2733 4487 Quidam
2787 4420 2928 4474 enim
2957 4419 3165 4474 etiamsi
3208 4419 3293 4474 hic
3336 4432 3545 4489 pinnam
3588 4417 3844 4488 subeant,

2262 4514 2378 4569 iilic,
2392 4520 2569 4569 tamen
2629 4528 2736 4566 non
2762 4510 3017 4581 eii‘ugiunt
3047 4551 3062 4575 ,
3094 4509 3190 4564 sed
3236 4510 3486 4565 leviorem
3527 4511 3843 4576 sortientur,

2260 4603 2331 4659 ob
2348 4618 2464 4660 eam
2493 4617 2651 4673 qnam
2672 4601 2756 4657 hic
2773 4602 3005 4656 tulerunt
3021 4600 3436 4671 magnitudinem
3453 4601 3842 4671 suppliciorum

2262 4695 2387 4752 hinc
2410 4696 2724 4751 minuentes.
2754 4694 2891 4750 Audi
2916 4694 3187 4749 Christum
3206 4693 3495 4758 dicentem,
3516 4704 3570 4749 et
3589 4695 3843 4752 miseram

2263 4792 2539 4841 vocantem
2588 4783 2864 4840 Bethsaida
2896 4801 2911 4839 :
2947 4781 3035 4838 Vw
3064 4783 3186 4853 tibi,
3209 4783 3497 4853 Chortuim,
3534 4785 3723 4856 inquit,
3769 4801 3849 4843 ut

2263 4876 2370 4939 tibi,
2400 4873 2671 4929 Bethsaida
2691 4889 2711 4929 :
2733 4873 2852 4945 quia
2870 4874 2915 4929 si
2941 4874 2993 4927 in
3021 4874 3261 4928 Sodomis
3281 4877 3431 4945 facta
3454 4883 3616 4929 essent
3639 4876 3849 4930 virtutes

2262 4963 2368 5017 ῑιιω
2393 4979 2509 5033 qua
2537 4966 2685 5035 facta
2723 4961 2913 5018 suntin
2961 4962 3116 5027 vobis,
3145 4963 3266 5016 olim
3312 4964 3365 5016 in
3393 4979 3540 5020 sacco
3580 4976 3631 5018 et
3678 4966 3850 5021 cinere

2265 5052 2602 5119 ptznitentiam
2626 5054 2858 5123 egissent.
2902 5049 3029 5104 Ideo
3059 5051 3172 5105 dico
3213 5053 3352 5107 nobis
3379 5054 3498 5124 quia
3535 5056 3857 5111 tolerabilius

2263 5146 2357 5199 erit
2401 5155 2547 5199 terra
2591 5144 2931 5200 Sodomorum
2977 5152 3023 5197 et
3074 5141 3375 5199 Gomorrltrr
3416 5147 3471 5198 in
3513 5146 3599 5200 die
3636 5147 3843 5220 iudicii,

2263 5252 2414 5301 quam
2457 5234 2592 5287 vobis
2640 5234 2855 5305 (Matth.
2907 5232 2989 5287 H.
3042 5232 3133 5287 2L
3181 5232 3291 5300 29.;
3334 5232 3461 5289 Luc.
3492 5235 3578 5290 ω.
3610 5236 3699 5291 15.
3729 5237 3843 5305 η).

2270 5326 2449 5392 Vides,
2476 5325 2690 5391 dilecte,
2719 5325 2986 5394 quomodo
3010 5340 3128 5380 eum
3157 5326 3284 5381 dicit
3308 5368 3323 5391 ,
3348 5325 3681 5383 Tolerabilius
3708 5332 3803 5384 erit
3827 5372 3845 5398 ,

2265 5416 2500 5472 ostendit
2527 5417 2758 5472 eoslieet
2785 5425 2983 5470 tantam
3013 5417 3097 5471 hic
3138 5432 3350 5487 pinnam
3384 5419 3649 5486 dederint,
3678 5430 3733 5476 et
3762 5423 3845 5475 in-

2265 5508 2512 5563 ceudium
2553 5506 2679 5561 illud
2708 5521 2901 5561 novum
2928 5516 2982 5562 et
3014 5522 3192 5562 rarum
3220 5509 3437 5563 tulerint
3457 5552 3470 5575 ,
3504 5510 3611 5564 illic
3636 5527 3850 5583 quoque

2267 5616 2475 5671 pinnam
2499 5601 2700 5652 laturos
2731 5612 2869 5663 esse,
2904 5607 3271 5655 verumtamen
3291 5600 3540 5655 leviorem
3565 5643 3577 5663 .
3612 5618 3680 5657 eo
3707 5607 3850 5675 quod

2266 5689 2418 5761 prius
2437 5688 2525 5744 hie
2545 5699 2741 5746 tantam
2779 5688 2983 5760 experti
3009 5688 3110 5747 sint
3140 5689 3593 5761 indignationem?
3636 5691 3713 5750 Ne
3760 5696 3843 5749 ini-
