4054 6312
258 391 356 447 ιω

268 534 354 580 tur
385 536 440 580 et
476 525 514 581 ii
551 532 770 596 peccata
819 531 1219 587 coacervantes,
1252 521 1544 592 majoribus
1582 535 1641 575 se
1690 519 1864 590 pinnis

261 614 525 672 obnoxios
550 615 839 672 redderent
861 655 874 680 ,
908 614 1163 669 Dominus
1191 613 1362 669 bonus
1392 623 1444 667 et
1469 611 1730 682 benignus
1758 613 1864 666 du-

261 709 438 764 ritiam
462 710 677 765 illorum
702 709 966 778 pauiterc
994 706 1230 761 nesciam
1266 703 1486 771 videns,
1523 711 1734 773 tempus
1759 715 1866 772 quo

257 812 318 853 se
349 801 640 870 patientem
670 798 902 853 futurum
935 796 1218 868 promisit,
1251 794 1536 851 imminuit.
1561 792 1693 848 Nam
1725 791 1867 848 sicut

256 903 452 945 eorum
481 904 640 945 causa
672 888 760 958 qui
799 887 1255 944 admonitionibus
1309 885 1422 939 suis
1471 893 1717 954 prompte
1765 897 1864 954 pa-

255 989 404 1049 rent,
436 981 507 1035 ob
540 978 832 1035 bonitatem
876 978 977 1034 sibi
1023 977 1344 1048 peculiarem
1390 975 1688 1032 sententias
1738 988 1864 1029 suas

255 1081 512 1138 revocat,
539 1081 594 1126 et
618 1070 686 1126 ad
710 1086 770 1126 se
792 1083 1088 1127 conversos
1117 1067 1373 1134 admittit,
1399 1075 1562 1138 atque
1589 1066 1658 1121 ab
1687 1065 1867 1122 immi-

255 1172 427 1218 nente
446 1162 708 1234 supplicio
734 1162 926 1217 liberat
951 1176 966 1214 :
1000 1161 1072 1215 ita
1099 1173 1313 1230 quoque
1346 1172 1466 1213 cum
1487 1157 1750 1229 promittit
1777 1156 1863 1212 vel

253 1252 402 1309 bona
439 1254 613 1325 aliqua
643 1268 702 1309 se
749 1251 1120 1324 praibiturum,
1148 1251 1231 1307 vel
1259 1250 1588 1322 pauitantia:
1610 1258 1821 1321 tempus
1844 1291 1860 1317 ,

255 1345 406 1400 videt
432 1357 612 1400 autem
655 1345 777 1399 illos
818 1344 1079 1415 indignos,
1110 1343 1274 1398 etiam
1316 1351 1441 1397 tunc
1484 1355 1697 1412 quoque
1739 1354 1863 1396 snas

257 1437 653 1508 promissioues
677 1445 912 1497 revocat.
943 1435 1039 1503 Qu:
1063 1436 1204 1490 circa
1242 1443 1292 1488 et
1319 1448 1416 1503 per
1445 1431 1757 1503 prOpbetam
1782 1430 1862 1485 di-

252 1529 413 1584 cebat
440 1545 455 1581 :
487 1528 567 1581 Ad
591 1544 842 1582 summam
879 1527 1059 1596 loquar
1081 1542 1236 1595 super
1269 1533 1460 1596 gentes,
1507 1533 1556 1579 et
1598 1539 1751 1593 super
1778 1538 1863 1576 rc-

253 1633 383 1692 gna,
420 1627 474 1670 ut
501 1617 713 1687 perdam
738 1626 785 1670 et
815 1626 1030 1671 evertam
1069 1630 1090 1670 :
1115 1625 1162 1670 et
1187 1615 1232 1670 si
1267 1615 1612 1686 paenitentiam
1639 1614 1859 1685 egerint,

258 1722 414 1778 agam
443 1717 490 1760 et
528 1723 620 1786 ego
648 1708 989 1777 paenitentiam
1027 1723 1181 1776 super
1222 1707 1284 1761 iis
1316 1722 1432 1776 qua
1476 1705 1712 1775 loquutus
1748 1721 1862 1760 sum

255 1810 313 1853 ut
339 1803 559 1871 facerem
578 1801 650 1854 eis
673 1799 810 1872 (Jer.
836 1799 923 1855 18.
953 1800 1007 1854 7.
1039 1800 1098 1870 8)
1132 1808 1228 1854 :et
1248 1800 1441 1854 iterum
1466 1815 1479 1851 :
1505 1798 1584 1850 Ad
1612 1814 1863 1852 summam

253 1893 442 1965 loquar
464 1909 618 1962 super
643 1903 813 1964 gentes
837 1901 884 1946 et
913 1908 1065 1962 super
1089 1907 1264 1963 regna,
1297 1899 1353 1943 ut
1382 1890 1682 1958 retudi/ieeur
1708 1905 1726 1944 :
1750 1888 1863 1944 etsi

259 1986 576 2056 peccaverint
599 2026 615 2052 ,
652 1984 993 2056 paenitentiam
1015 1993 1062 2037 et
1083 1999 1174 2054 ego
1201 1999 1349 2054 agam
1375 1999 1528 2051 super
1551 1982 1613 2036 iis
1641 1998 1752 2053 qua
1780 1985 1860 2035 la-

263 2085 454 2146 guutus
493 2093 608 2130 sunt
649 2085 703 2130 ut
750 2075 966 2144 [acerem
1018 2076 1090 2129 eis
1123 2073 1281 2145 (Ibid.
1335 2089 1384 2130 υ.
1425 2074 1479 2128 9.
1527 2073 1639 2143 10).
1671 2073 1860 2128 Vidisti

253 2165 530 2236 quomodo
547 2181 578 2220 a
608 2165 762 2221 nobis
787 2165 1099 2221 occasiones
1118 2164 1309 2234 accipit
1326 2175 1432 2218 tam
1454 2162 1858 2229 misericordiae,

253 2273 419 2329 quam
441 2274 566 2327 erga
596 2273 695 2312 nos
714 2257 984 2317 declarat.
1016 2271 1177 2327 quam
1209 2255 1629 2326 indignationis?
1657 2254 1861 2310 idcirco

253 2352 418 2404 etiam
449 2365 592 2404 nunc
623 2360 833 2420 tempus
851 2348 1252 2417 resecat,cujus
1271 2348 1343 2402 illi
1371 2345 1702 2416 longitudine
1730 2345 1862 2401 abu-

253 2443 530 2499 tebantur.
571 2443 767 2498 Beatus
792 2457 1006 2513 quoque
1037 2440 1230 2495 Paulus
1257 2439 1323 2495 ad
1340 2437 1586 2509 stnpidos
1608 2437 1748 2505 illos,
1768 2438 1860 2507 qui

252 2533 482 2588 salutem
510 2547 606 2603 per
632 2532 997 2602 penitentiam
1023 2530 1178 2586 nobis
1203 2529 1382 2586 datam
1410 2545 1516 2584 non
1546 2529 1855 2596 admittunt,

251 2625 468 2682 dicebat
499 2641 514 2680 :
542 2625 622 2678 An
653 2625 855 2679 divitias
879 2624 1118 2678 bonitatis
1154 2625 1265 2694 ejus
1306 2632 1352 2676 et
1381 2621 1639 2691 patientia:
1675 2630 1720 2675 et
1741 2621 1854 2674 lon-

254 2715 565 2786 ganimitatis
590 2714 891 2781 contemnis,
917 2713 1158 2784 ignorans
1185 2714 1323 2783 quod
1345 2711 1632 2782 benignitas
1659 2709 1755 2763 Dei
1786 2711 1859 2763 ad

252 2806 596 2876 pituitmtiam
639 2815 686 2860 te
733 2803 1020 2876 provocat?
1066 2802 1361 2858 Secundum
1404 2810 1572 2855 autem
1617 2800 1858 2853 duritiam

253 2909 396 2952 main
415 2941 428 2961 ,
453 2907 501 2952 et
526 2899 841 2969 imptenitens
856 2913 963 2963 cor,
997 2895 1309 2949 thesaurizas
1339 2892 1630 2963 tibimetipsi
1649 2893 1781 2945 iram
1805 2892 1858 2944 in

251 2989 337 3043 die
363 2989 452 3043 ira:
475 2999 522 3042 et
551 2987 870 3043 reuelationis
887 2988 1020 3058 justi
1049 2985 1229 3049 iudicii
1257 2984 1353 3039 Dei
1389 2984 1564 3055 (Rom.
1592 2981 1644 3036 2.
1676 2983 1728 3037 4.
1756 2979 1857 3053 5)?

253 3077 450 3135 Vidisti
472 3078 744 3150 quomodo
795 3087 852 3134 et
875 3077 1106 3134 eximius
1146 3077 1234 3131 ille
1278 3076 1470 3131 doctor
1518 3074 1666 3129 orbis
1710 3073 1859 3130 clare

253 3185 354 3226 nos
382 3170 580 3239 docuit,
610 3184 705 3226 eos
729 3169 818 3240 qui
845 3169 1100 3240 patientia
1130 3167 1222 3222 Dei
1252 3166 1317 3220 ad
1347 3166 1722 3236 paenitentiam
1754 3179 1854 3218 no-

249 3260 338 3317 bis
389 3273 644 3316 conccssa
689 3261 1001 3325 abutuntur,
1033 3257 1222 3327 majori
1271 3271 1446 3328 paenae
1493 3265 1548 3310 et
1594 3254 1858 3326 supplicio

250 3353 572 3423 semetipsos
593 3351 863 3407 obnoxios
891 3349 1157 3406 reddere?
1182 3349 1253 3404 Et
1276 3350 1374 3404 hac
1398 3348 1465 3404 de
1493 3363 1652 3403 causa
1691 3347 1856 3403 etiam

250 3461 396 3501 nunc
428 3445 691 3516 benignus
719 3444 880 3510 Deus,
912 3443 1064 3514 quasi
1093 3456 1215 3499 sese
1249 3456 1487 3512 purgans
1507 3483 1522 3508 ,
1556 3442 1855 3496 rationem-

247 3552 360 3607 que
405 3535 670 3602 reddens,
718 3549 886 3605 quare
930 3545 1219 3604 antequam
1266 3533 1590 3603 promissum
1646 3543 1857 3604 tempus

248 3627 587 3697 impleretur,
617 3627 877 3683 diluvium
908 3625 1200 3692 induxerit,
1225 3641 1487 3681 annorum
1507 3625 1636 3695 justi
1667 3641 1858 3681 nume-

244 3731 370 3773 rum
421 3716 676 3784 declarat,
718 3725 774 3772 et
819 3716 1000 3772 dicit:
1055 3713 1171 3770 Noe
1217 3727 1387 3770 autem
1440 3726 1547 3770 erat
1603 3731 1856 3770 annorum

241 3818 620 3864 sescentorum.
665 3808 798 3864 Nam
823 3808 912 3880 qui
963 3809 1015 3864 in
1047 3818 1261 3864 centum
1292 3808 1448 3863 annis
1476 3811 1720 3864 converti
1749 3825 1851 3865 no-

243 3903 468 3968 iuerint,
502 3904 627 3976 quid
671 3905 900 3975 amplius
952 3904 1276 3973 proficerent
1317 3919 1383 3958 ex
1435 3902 1590 3958 annis
1643 3905 1850 3974 viginti,

241 4011 409 4065 quam
455 3995 599 4066 quod
656 3998 805 4066 plura
867 3995 1164 4066 adjicerent
1217 3993 1470 4063 peccata?
1524 3994 1679 4048 Enim
1723 4008 1854 4049 vero

243 4096 558 4140 monstrans
589 4085 910 4141 incll'sbilem
941 4100 1092 4139 suam
1117 4083 1542 4139 miscricordiam
1573 4094 1627 4139 et
1665 4084 1849 4141 excel-

239 4175 448 4230 lentem
477 4176 788 4240 bonitatem,
821 4191 928 4231 non
973 4175 1244 4231 recusavit
1300 4174 1461 4229 etiam
1500 4184 1623 4230 ante
1644 4184 1849 4244 septem

239 4264 366 4321 dies
392 4266 684 4336 praedicere
707 4265 787 4320 eis
810 4266 1070 4321 diluvium
1104 4279 1232 4320 mox
1267 4263 1654 4332 inducendum,
1680 4274 1736 4320 ut
1764 4265 1849 4320 vel

239 4360 492 4430 unguatia
555 4360 814 4432 temporis
870 4361 1108 4430 correpti
1151 4359 1564 4416 conversionem
1615 4359 1849 4431 aliquam

239 4450 617 4506 ostenderent.

321 4541 377 4596 5.
415 4539 550 4597 Deus
580 4541 808 4611 praedicit
833 4558 1032 4615 paenas,
1057 4558 1119 4596 ne
1144 4539 1352 4612 inferat.
1383 4572 1453 4582 --
1475 4540 1544 4596 Et
1567 4539 1689 4596 vide
1740 4540 1853 4596 cle-

240 4633 506 4689 mentiam
535 4633 767 4699 Domini,
799 4633 1068 4704 quomodo
1107 4632 1258 4704 quasi
1300 4632 1474 4688 bonus
1515 4632 1705 4702 aliquis
1731 4646 1849 4687 me-

237 4724 423 4790 dicus,
447 4724 609 4778 variis
637 4724 738 4779 viis
768 4724 1011 4779 morbum
1042 4739 1230 4779 eorum
1260 4739 1452 4778 curare
1495 4732 1684 4778 tentat.
1715 4723 1850 4779 Nam

238 4813 503 4885 quoniam
535 4814 844 4870 incurabilia
874 4830 1060 4870 eorum
1088 4822 1244 4870 erant
1275 4815 1520 4881 vulnera,
1549 4822 1657 4868 tam
1685 4814 1851 4884 proli-

240 4921 379 4962 xum
407 4905 485 4958 eis
515 4915 726 4973 tempus
753 4905 1100 4974 prmseripsit,
1129 4904 1515 4968 volcns,ctiam
1542 4904 1588 4955 si
1621 4904 1670 4955 in
1704 4913 1854 4958 tanto

241 5007 494 5066 tempore
515 4996 908 5066 resipiscerent,
923 4993 1570 5064 rcvoearciudignationis
1595 5009 1705 5048 sua:
1732 5010 1854 5048 sen-

241 5086 491 5142 tentiam.
522 5085 747 5157 Semper
775 5088 915 5141 enim
946 5100 1065 5140 mos
1093 5086 1209 5156 ejus
1235 5093 1342 5152 est,
1369 5086 1621 5155 quoniam
1654 5096 1852 5142 nostra:

241 5175 442 5231 salutis
455 5191 639 5229 curam
669 5177 798 5254 agit,
815 5175 1108 5244 prmdieere
1130 5191 1260 5246 quas
1283 5189 1470 5245 pinnas
1490 5175 1558 5229 sit
1584 5175 1852 5246 illaturus,

241 5269 326 5325 ob
358 5267 492 5322 lianc
533 5274 740 5322 tantum
779 5281 1018 5334 causam,
1046 5283 1114 5322 ne
1165 5267 1384 5332 inferat;
1413 5279 1546 5337 quas
1581 5268 1627 5321 si
1651 5266 1852 5324 interro

245 5359 448 5427 vellet,
474 5360 781 5429 neutiquam
828 5358 1073 5414 diceret:
1105 5357 1199 5414 sed
1237 5357 1477 5413 studiose
1514 5357 1777 5429 praedicit,
1802 5365 1858 5411 ut

246 5466 379 5509 cum
439 5465 540 5506 nos
591 5449 960 5516 didicerimus,
996 5451 1190 5504 timore
1245 5448 1643 5505 emcndatiores
1691 5449 1853 5517 facti,

248 5551 563 5598 avertamus
612 5539 780 5611 ipsius
820 5540 1259 5612 indignationem,
1287 5549 1343 5597 et
1366 5540 1658 5595 sententias
1681 5539 1860 5595 irritas

251 5632 539 5692 faciamus.
565 5631 707 5688 Nihil
735 5633 878 5687 enim
910 5640 1014 5698 est,
1045 5631 1189 5703 quod
1217 5632 1289 5687 ita
1320 5631 1470 5686 illum
1499 5630 1779 5692 exbilaret,
1805 5640 1862 5682 ut

253 5726 543 5784 conversio
573 5733 776 5792 nostra,
794 5734 850 5781 et
874 5741 902 5780 a
931 5733 1152 5796 peccato
1181 5725 1249 5781 ad
1276 5725 1530 5781 virtutem
1557 5739 1858 5796 regressus.

256 5808 648 5869 Animadverte
676 5816 823 5888 igitur
857 5817 1129 5891 quomodo
1155 5826 1211 5874 ct
1230 5817 1456 5874 istorum
1485 5820 1856 5892 aegritudinem

1289 383 1332 438 Ν
1370 383 1522 439 CAP.
1549 382 1659 438 Vll.
1702 380 1942 439 Gli‘l-iES.
1989 378 2218 436 llOBilL.
2263 376 2427 434 XXV.

3206 265 3221 310 i

3471 381 3578 437 22?.

1974 494 2230 550 industria
2262 494 2488 565 quadam
2513 508 2703 552 curare
2733 496 2920 552 nititur
2949 515 2965 556 :
2999 497 3174 568 primo
3208 506 3410 552 tantum
3434 510 3574 553 tem-

1971 586 2116 656 poris
2136 585 2202 640 ad
2228 585 2599 656 pmnitentiatn
2641 585 2822 653 dedit;
2857 586 2980 643 dein
3029 587 3119 643 ubi
3145 588 3277 644 vidit
3302 603 3396 645 eos
3421 591 3574 660 quasi

1972 675 2225 732 insensati
2275 687 2478 744 essent,
2525 677 2595 732 ita
2638 693 2697 733 sc
2741 693 2971 750 gerere,
3018 680 3259 752 nihilque
3310 683 3574 752 prolicere

1876 785 1885 790 -
1972 767 2233 836 temporis
2259 767 2610 839 longitudine,
2632 769 2744 839 jam
2769 785 2890 826 cum
2939 772 3328 841 propemodum
3360 772 3414 828 in
3441 774 3574 830 torio

1968 857 2068 912 bus
2112 859 2242 926 ipsis
2290 870 2434 915 esset
2478 859 2757 928 diluvium,
2806 861 2998 917 iterum
3046 865 3408 935 prmttuntiat,
3464 882 3573 920 non

1968 960 2094 1006 ante
2121 961 2228 1006 tres
2267 951 2404 1019 dies,
2451 953 2588 1008 sicut
2628 953 2893 1021 Ninivitis,
2935 956 3028 1012 sed
3075 967 3200 1012 ante
3245 968 3473 1028 septem.
3509 960 3572 1014 Et

1969 1040 2198 1112 ﬁdenter
2241 1042 2490 1112 dixerim,
2538 1047 2955 1116 magnitudinem
3000 1048 3307 1108 clementiae
3361 1051 3572 1108 Domini

1969 1146 2038 1186 no
2071 1132 2136 1187 tri
2162 1133 2359 1198 sciens,
2391 1136 2435 1189 si
2464 1137 2550 1191 vel
2575 1136 2628 1191 in
2648 1148 2852 1206 septem
2872 1138 3064 1195 diebus
3090 1155 3272 1196 veram
3303 1145 3573 1212 pmiaiten-

1970 1222 2097 1276 tiam
2127 1238 2287 1293 agere
2330 1225 2644 1290 voluissent,
2670 1226 2983 1298 etl‘ugisscnt
3012 1230 3192 1301 utique
3221 1231 3400 1286 diluvii
3433 1236 3574 1302 peri-

1967 1313 2167 1366 culum.
2202 1314 2384 1385 itaque
2429 1317 2684 1386 quoniam
2716 1334 2889 1389 neque
2929 1319 3214 1389 productio
3259 1326 3391 1378 tanti
3439 1334 3545 1378 tcm

1967 1402 2134 1471 puris,
2163 1417 2337 1474 neque
2355 1407 2648 1460 coarctatio
2672 1421 2702 1460 a
2735 1409 2888 1464 malis
2931 1424 3026 1466 eos
3072 1411 3338 1468 abducere
3379 1415 3572 1484 poruit,

1968 1495 2178 1550 induxit
2221 1497 2476 1553 diluvium
2506 1500 2558 1554 in
2588 1503 2981 1559 sexcentesimo
3027 1518 3169 1558 anno
3197 1504 3327 1560 Noe.
3360 1507 3416 1562 6.
3454 1506 3570 1562 Nae

1967 1601 2153 1653 autem,
2185 1587 2374 1658 inquit,
2418 1601 2766 1646 sescentorum
2807 1610 3060 1649 annorum
3097 1608 3223 1661 erat,
3253 1607 3301 1652 et
3326 1599 3572 1653 diluvium

1966 1693 2112 1748 aqua:
2141 1681 2331 1751 factum
2348 1689 2419 1735 est
2441 1696 2598 1751 super
2626 1691 2832 1757 terram.
2863 1684 3101 1754 Vidistis,
3131 1687 3332 1754 dilecti,
3358 1699 3572 1760 quanta:

1966 1769 2122 1824 nobis
2152 1770 2395 1826 utilitatis
2425 1773 2646 1828 materia
2679 1773 2817 1830 facta
2861 1776 2950 1842 sit,
2997 1787 3327 1848 cognoscere
3378 1797 3570 1837 nume-

1964 1877 2085 1915 rum
2131 1877 2392 1919 annorum
2435 1852 2588 1934 justi,
2617 1876 2668 1921 et
2709 1876 2842 1937 quot
2884 1883 3145 1925 annorum
3192 1880 3330 1938 erat,
3359 1873 3573 1944 quando

1964 1952 2221 2009 diluvium
2252 1956 2434 2011 venit?
2458 1958 2571 2027 Age
2599 1959 3004 2028 progrediamur
3031 1961 3096 2016 ad
3123 1977 3188 2019 ea
3233 1979 3352 2034 qua:
3373 1980 3570 2022 Conse-

1965 2056 2193 2116 qucntcr
2238 2047 2508 2103 dicuntur.
2539 2049 2672 2105 Nam
2706 2061 2762 2106 ut
2790 2053 2954 2123 cmpit
2981 2053 3258 2120 diluvium,
3291 2057 3485 2126 inquit,
3513 2060 3567 2113 7.

1966 2138 2237 2208 Ingressus
2274 2150 2347 2195 est
2377 2153 2548 2196 autem
2581 2141 2716 2211 Noe,
2751 2154 2798 2199 et
2825 2146 2925 2215 ﬁlii
2948 2147 3079 2218 ejus,
3105 2156 3150 2201 et
3176 2163 3306 2203 uxor
3339 2150 3498 2218 illius,
3525 2163 3570 2205 et

1964 2247 2146 2286 uxores
2171 2233 2393 2303 [illorum
2436 2237 2573 2290 illius
2598 2238 2648 2290 in
2671 2252 2867 2305 arcam;
2893 2250 3102 2311 propter
3144 2259 3330 2312 aquam
3369 2244 3567 2300 diluvii.

1963 2321 2018 2376 8.
2044 2322 2110 2376 Et
2139 2340 2204 2378 ea:
2231 2326 2518 2381 volatilibus
2560 2328 2763 2382 mundis
2793 2338 2839 2382 et
2866 2347 2930 2385 ea:
2959 2331 3242 2386 volatilibus
3271 2335 3566 2404 immundis,

1961 2423 2009 2467 et
2036 2429 2101 2467 ex
2139 2416 2405 2486 jumentis,
2457 2428 2504 2471 et
2543 2435 2606 2473 ea:
2651 2420 2918 2487 reptilibus
2961 2423 3100 2477 bina.
3128 2423 3182 2479 9.
3208 2423 3293 2479 Ea:
3337 2428 3568 2483 omnibus

1962 2506 2275 2589 intraverunt
2304 2509 2373 2563 ad
2396 2509 2525 2577 Noe,
2551 2512 2605 2565 in
2633 2527 2826 2577 arcam,
2855 2515 3108 2570 masculus
3137 2514 3438 2589 et'fosmina,
3469 2523 3568 2577 sic-

1961 2587 2346 2669 ut'prteceperat
2377 2601 2624 2658 Dominus
2649 2603 2784 2657 Noe.
2816 2605 2932 2660 Non
2959 2608 3163 2679 absque
3210 2587 3372 2666 causa
3411 2614 3567 2668 addi-

1960 2689 2057 2755 dit,
2082 2690 2228 2746 Sicut
2249 2704 2556 2764 prteeepemt
2587 2693 2836 2750 Dominus
2865 2697 2979 2753 Noe
3001 2715 3019 2752 :
3048 2700 3140 2756 sed
3168 2709 3227 2756 ut
3256 2701 3449 2758 iterum
3470 2721 3567 2760 au-

1961 2789 2111 2850 geret
2134 2782 2343 2838 laudem
2368 2784 2678 2856 justi,qnod
2707 2789 2884 2843 omnia
2914 2791 3234 2861 impleverit,
3254 2795 3392 2851 sicut
3423 2810 3562 2866 pra:-

1961 2884 2176 2942 ceperat
2208 2874 2485 2943 Dominus,
2516 2887 2570 2931 et
2589 2878 2731 2948 quod
2764 2879 2894 2935 nihil
2923 2895 2992 2936 ex
3021 2883 3178 2939 dictis
3206 2888 3566 2954 prtetermise~

1960 2965 2050 3018 rit.
2080 2965 2166 3018 ll).
2198 2964 2265 3018 Et
2293 2970 2486 3036 factum
2510 2977 2583 3022 est
2610 2978 2722 3038 post
2759 2970 2866 3026 dies
2890 2982 3100 3043 septem,
3133 2975 3273 3030 sicut
3299 2977 3565 3046 promisc-

1960 3062 2063 3119 rat,
2097 3055 2287 3126 inquit,
2323 3057 2609 3121 Dominus,
2650 3069 2696 3113 et
2716 3077 2850 3128 aqua
2890 3063 3072 3118 diluvii
3117 3067 3257 3136 facta
3293 3077 3367 3122 est
3413 3085 3567 3139 super

1962 3157 2169 3211 terram,
2202 3148 2289 3204 11.
2323 3150 2374 3202 in
2402 3152 2768 3206 sexcentesimo
2793 3169 2930 3208 anno
2976 3156 3029 3209 in
3071 3157 3171 3210 vita
3214 3157 3350 3225 Noe,
3398 3178 3567 3216 mense

1959 3241 2202 3307 secundo,
2247 3241 2481 3295 vicesimo
2509 3250 2555 3294 et
2580 3228 2795 3313 septimo
2843 3246 3048 3300 mensis.
3101 3245 3235 3304 Vide
3272 3249 3565 3321 Scriptura:

1962 3331 2337 3402 diligentiam,
2392 3333 2662 3403 quomodo
2712 3351 2819 3390 non
2867 3337 3042 3392 solum
3084 3353 3183 3395 nos
3234 3340 3418 3397 docuit
3461 3360 3566 3413 quo

1959 3435 2102 3474 anno
2147 3421 2445 3477 factum-sit
2479 3423 2764 3494 diluvium,
2792 3426 2888 3482 sed
2915 3437 2966 3482 et
2995 3444 3104 3499 quo
3148 3445 3335 3488 mense
3364 3443 3420 3489 et
3457 3436 3564 3491 die.

1964 3513 2164 3568 Deinde
2209 3523 2263 3568 ut
2306 3531 2370 3569 ex
2418 3517 2727 3574 narratione
2750 3519 3149 3578 emendatiorcs
3175 3523 3365 3580 reddat
3389 3538 3566 3597 poste—
3626 3543 3635 3554 '

1960 3621 2072 3669 ros,
2104 3615 2474 3678 terroremque
2505 3609 2581 3663 rei
2621 3619 2787 3680 gesta:
2823 3620 3032 3683 augeat,
3063 3614 3190 3668 dicit
3221 3633 3234 3670 :
3262 3615 3328 3669 In
3357 3619 3441 3672 die
3477 3620 3566 3673 illo

1959 3699 2095 3765 rupti
2124 3707 2241 3751 sunt
2266 3713 2439 3753 omnes
2469 3703 2634 3770 fontes
2662 3699 2850 3772 abyssi,
2871 3713 3207 3760 etcatamelaz
3229 3708 3343 3762 ccli
3371 3721 3566 3779 aperta:

1957 3797 2108 3854 sunt,
2155 3791 2241 3843 12.
2290 3800 2336 3843 et
2385 3792 2524 3860 facta
2571 3802 2644 3846 est
2690 3794 2863 3858 pluvia
2916 3813 3071 3865 super
3111 3808 3297 3852 terram
3336 3803 3562 3871 quadra-

1957 3883 2098 3951 ginta
2127 3882 2300 3936 diebus
2326 3892 2371 3937 et
2396 3884 2734 3956 quadraginta
2765 3888 3012 3944 noctibus.
3060 3888 3196 3946 Vide
3234 3902 3430 3962 quanta
3479 3895 3564 3950 di-

1958 3973 2110 4028 cendi
2139 3976 2584 4044 attemperatinnc
2627 3992 2768 4033 nunc
2797 3978 2959 4033 etiam
3008 3981 3174 4036 utitur
3217 3998 3374 4054 sacra
3414 3988 3562 4042 Scri-

1958 4076 2112 4135 ptura
2137 4084 2150 4120 :
2175 4068 2354 4121 omnia
2402 4069 2544 4123 enim
2577 4070 2870 4126 secundum
2899 4071 3189 4129 humanam
3219 4073 3565 4135 consuetudi-

1958 4173 2080 4213 nem
2120 4158 2370 4228 loquitur.
2417 4158 2533 4214 Non
2578 4161 2721 4231 quod
2756 4173 3039 4220 cataracta:
3059 4165 3168 4221 sint
3196 4168 3248 4223 in
3274 4170 3433 4236 caelo,
3467 4172 3562 4228 sed

1956 4250 2132 4303 omnia
2159 4265 2257 4320 per
2276 4251 2557 4306 familiaria
2581 4253 2736 4309 nobis
2765 4257 2928 4311 verba
2951 4257 3208 4327 loquitur,
3237 4263 3387 4332 quasi
3410 4263 3559 4320 dicc-

1957 4351 2039 4396 ret
2073 4359 2086 4395 :
2121 4341 2386 4412 Prtecepit
2427 4352 2630 4398 tantum
2673 4345 2951 4410 Dominus,
2996 4357 3050 4404 et
3075 4350 3258 4405 statim
3302 4366 3562 4422 aquarum

1957 4442 2146 4487 natura
2179 4432 2432 4488 mandato
2456 4435 2765 4492 Conditoris
2802 4437 3062 4506 obedivit,
3088 4447 3144 4496 et
3168 4450 3228 4497 ut
3263 4441 3524 4502 conﬂuxit
3545 4489 3562 4517 ,

1958 4535 2127 4581 totum
2152 4526 2338 4581 orbem
2364 4525 2658 4581 inundavit.
2678 4526 2796 4583 Jam
2828 4529 2969 4599 quod
2991 4531 3343 4603 quadraginta
3372 4534 3565 4594 diebus

1961 4619 2017 4667 et
2029 4611 2386 4683 quadraginta
2403 4613 2656 4670 noctibus
2669 4614 2949 4671 inductum
2967 4618 3402 4686 estdiluvium,ct
3415 4626 3560 4681 istud

1963 4696 2143 4768 ipsum
2163 4697 2431 4753 bonitatis
2449 4699 2749 4754 maximum
2770 4699 3046 4770 specimen
3063 4702 3562 4764 cst.Volebatenim

1965 4797 2188 4858 propter
2208 4803 2461 4860 magnam
2477 4788 3145 4859 miscricordiam,saltcm
3171 4796 3387 4869 aliquos
3404 4815 3469 4854 ex
3481 4801 3564 4856 eis

1965 4878 2268 4948 castigatos
2302 4881 2616 4950 generalem
2659 4883 2801 4939 hanc
2827 4883 3260 4943 internecionem
3299 4889 3559 4962 cll’ugere,

1963 4983 2089 5023 cum
2103 4978 2231 5024 ante
2247 4970 2440 5028 oculos
2463 4971 2714 5030 viderent
2727 4984 2779 5031 et
2791 4991 3129 5048 congeneres
3145 4996 3279 5038 suos
3297 4985 3561 5053 perire,et

1963 5062 2364 5119 immineresibi
2394 5081 2741 5123 connnuncm
2758 5069 3388 5132 interitum.Verisimile
3412 5078 3558 5134 enim

1961 5163 2046 5210 est
2061 5155 2240 5226 primo
2257 5157 2346 5213 die
2366 5159 2561 5214 bonam
2580 5160 2820 5232 aliquam
2846 5173 3058 5232 partem
3072 5165 3282 5223 diluvio
3303 5169 3557 5239 periisse,

1960 5254 2014 5300 et
2037 5247 2285 5301 secundo
2306 5248 2395 5305 die
2413 5251 2728 5306 accrevisse
2751 5252 2959 5323 aliquid
2977 5256 3168 5312 diluvii
3189 5267 3283 5314 εει
3304 5261 3561 5317 similiter

1961 5335 2051 5390 die
2080 5338 2266 5402 tertio,
2287 5348 2342 5394 et
2364 5340 2799 5413 reliquis.Atque
2827 5342 2949 5400 ideo
2972 5345 3026 5400 in
3051 5346 3417 5419 quadraginta
3439 5350 3561 5408 dies

1960 5436 2015 5480 et
2046 5427 2414 5498 quadraginta
2436 5439 2630 5487 noctes
2652 5433 2937 5502 produxit,
2957 5443 3019 5489 ut
3044 5452 3264 5494 omnem
3288 5438 3560 5495 delensio-

1962 5518 2050 5572 nis
2064 5519 2350 5574 obtentum
2377 5521 2662 5578 adimeret.
2685 5523 2821 5580 Nam
2852 5525 2898 5580 si
2919 5529 3187 5585 voluisset
3203 5541 3369 5601 atque
3394 5531 3562 5602 impe-

1960 5620 2158 5675 rasset,
2183 5613 2456 5682 potuisset
2482 5617 2748 5672 omniain
2787 5634 2897 5674 uno
2921 5631 3202 5675 momento
3239 5621 3511 5679 inundare
3542 5643 3558 5680 :

1962 5704 2056 5760 sed
2073 5717 2174 5774 pro
2193 5719 2294 5759 sua
2319 5705 2610 5762 clementia
2636 5717 2788 5765 tanta
2803 5710 3021 5766 dierum
3034 5711 3399 5770 diuturnitate
3423 5729 3560 5770 usus

1961 5805 2067 5854 est.
2102 5795 2308 5856 Deinde
2336 5799 2470 5856 dicit
2503 5819 2516 5855 :
2554 5801 2639 5857 13.
2670 5800 2736 5858 In
2770 5803 2856 5859 die
2881 5803 2981 5860 illa
3006 5804 3229 5863 intravit
3248 5807 3363 5863 Noe
3386 5806 3443 5862 in
3469 5824 3562 5862 ar-
