4054 6312
527 375 633 431 2-25

520 519 646 563 cum,
679 511 724 554 et
749 500 954 565 Sumat
979 500 1158 565 Clmm,
1189 509 1234 554 et
1253 498 1494 568 Japlretlt,
1531 506 1576 551 ct
1598 500 1724 551 uxor
1760 495 1892 559 Nec,
1923 505 1973 569 et
2004 505 2100 550 tres

522 607 699 646 uxores
740 592 964 660 ﬁliorum
1007 591 1176 657 illius,
1199 589 1283 644 li.
1328 599 1376 642 et
1418 603 1592 641 onmes
1625 585 1796 641 bestii:
1834 584 2088 641 secundem

519 699 695 752 genus,
729 684 813 738 lli.
849 685 980 737 sicut
1007 690 1312 752 prmccpcrat
1345 676 1587 734 Dominus
1615 678 1754 733 Deus
1775 677 1907 733 Noe.
1927 675 2104 745 Quan-

515 775 625 840 do,
674 775 877 844 inquit,
929 774 1088 840 erepit
1136 773 1391 827 diluvium
1435 770 1728 826 secundum
1779 777 2100 839 praeceptum

518 867 746 932 Domini,
782 865 992 921 intravit
1014 863 1125 921 Noe
1143 867 1192 919 in
1216 879 1392 920 arcam
1423 876 1540 917 cum
1572 863 1694 916 ﬁliis
1721 870 1774 917 et
1798 875 1962 916 uxore
1984 874 2099 923 sua,

513 967 568 1011 et
595 958 845 1013 uxoribus
874 955 1098 1010 ﬁliorum
1138 969 1374 1018 suorum,
1409 962 1462 1007 et
1487 967 1674 1008 onmes
1709 953 1890 1006 bestia:
1915 964 2102 1004 secun-

513 1047 640 1102 dum
666 1063 853 1118 genus.
890 1045 962 1101 Et
984 1047 1185 1111 clausit,
1214 1047 1404 1114 inquit,
1432 1044 1684 1097 Dominus
1730 1042 1868 1096 Deus
1913 1038 2100 1110 deforis

513 1138 620 1207 ejus
645 1154 838 1190 arcam.
2043 1179 2047 1183 .

573 1227 636 1281 ι.
669 1225 1044 1282 Animadverte
1090 1237 1249 1281 etiam
1281 1225 1366 1280 hic
1409 1225 1553 1280 verbi
1581 1224 1648 1279 ad
1680 1233 1915 1280 nostram
1947 1221 2099 1276 inﬁr-

515 1317 749 1372 mitatem
779 1317 1344 1372 aecommodationem.
1374 1315 1580 1370 Clausit
1618 1315 1757 1369 Deus
1805 1315 2099 1368 forinsecus

515 1407 654 1461 illius
675 1423 874 1472 arcam,
908 1417 964 1462 ut
1003 1407 1193 1462 doceat
1236 1422 1295 1461 se
1335 1409 1387 1461 in
1434 1420 1621 1475 magna
1668 1404 1950 1460 securitate
2002 1417 2101 1472 po-

513 1499 683 1555 suisse
727 1499 946 1570 justum.
980 1499 1104 1554 Ideo
1129 1500 1222 1564 ait,
1256 1498 1467 1564 Clausit,
1499 1506 1552 1553 et
1577 1496 1741 1561 addit,
1774 1495 1994 1565 Deforis,
2027 1495 2098 1549 ita

516 1600 700 1647 utnon
730 1600 909 1662 posset
933 1594 1113 1647 ridere
1135 1592 1312 1661 justus
1340 1590 1641 1660 generalem
1671 1588 1907 1642 omnium
1958 1587 2097 1641 inte-

515 1684 695 1749 ritum,
729 1683 868 1738 unde
904 1681 1091 1752 majori
1135 1681 1323 1736 dolore
1354 1681 1466 1750 ipse
1490 1677 1862 1733 conﬁceretur.
1889 1675 2023 1731 Nam
2051 1675 2099 1730 si

512 1789 692 1832 secum
719 1777 894 1830 animo
914 1782 1212 1844 reputasset
1233 1773 1618 1828 atrocissimam
1643 1771 1784 1824 illam
1809 1778 2098 1839 tempesu-

514 1864 1132 1934 tem,descripsissetquc
1178 1863 1231 1917 in
1258 1869 1439 1917 mente
1478 1860 1692 1915 humani
1723 1862 1935 1931 generis
1975 1873 2097 1929 per-

512 1957 789 2022 ditionem,
817 1969 1154 2011 communem
1177 1954 1450 2009 brutorum
1482 1953 1718 2017 omnium
1748 1951 2017 2007 interitum
2044 1963 2098 2006 et

514 2047 789 2102 hominum
831 2056 885 2100 et
923 2045 1306 2114 jumentorum,
1349 2053 1404 2099 et
1428 2043 1594 2112 ipsius
1621 2052 1797 2109 terrae,
1832 2050 1888 2096 ut
1918 2044 1990 2096 ita
2018 2043 2102 2096 di-

512 2153 654 2201 cam,
684 2137 1050 2201 abolitionem,
1083 2135 1335 2190 mmstitia
1376 2143 1673 2203 correptus,
1705 2142 1758 2188 et
1787 2134 1944 2189 valde
1989 2143 2100 2188 tur-

511 2229 665 2284 batus
708 2228 915 2283 fuisset.
962 2224 1289 2295 Quamquam
1337 2223 1476 2280 enim
1529 2232 1682 2278 erant
1725 2221 1979 2293 improbi,
2008 2222 2096 2291 qui

511 2322 775 2394 peribant,
812 2329 1047 2374 attamen
1096 2317 1355 2373 bonorum
1393 2317 1625 2371 virorum
1675 2316 1865 2370 anima:
1908 2329 2095 2386 magna

512 2412 976 2468 counniseratione
1017 2409 1155 2464 allici
1182 2408 1375 2476 solent,
1404 2407 1447 2462 si
1472 2405 1685 2477 quando
1717 2405 1897 2460 vident
1924 2405 2098 2475 puniri

515 2505 786 2567 homines;
815 2513 867 2558 et
890 2502 1128 2558 invenies
1155 2516 1341 2556 omnes
1373 2500 1656 2570 prOphctas
1684 2509 1737 2554 et
1757 2497 1932 2566 jnstos
1977 2497 2094 2567 plu-

514 2599 704 2652 rimum
732 2610 827 2665 pro
854 2595 959 2650 illis
990 2595 1098 2649 Deo
1127 2593 1450 2663 supplicare,
1495 2590 1634 2646 sicut
1674 2589 1970 2660 patriarcha
2003 2592 2098 2660 p’ro

511 2686 799 2744 Sodomitis
845 2683 1249 2758 laciehat(Gen.
1299 2683 1386 2739 18.
1434 2682 1547 2752 25),
1589 2680 1729 2735 sicut
1769 2681 1926 2736 etian:
1976 2694 2100 2750 pro-
2139 2687 2142 2694 '

511 2777 683 2847 pheta:
706 2777 958 2833 continuo
983 2775 1159 2830 facere
1185 2774 1442 2829 solebant.
1475 2772 1689 2827 Etenim
1717 2786 1854 2826 unus
1883 2771 2096 2840 quidem

509 2869 719 2926 dicebat
747 2887 762 2923 :
799 2866 848 2922 Η
856 2885 916 2921 eu
942 2867 1085 2930 mihi,
1113 2866 1347 2932 Domine,
1377 2864 1564 2927 deletis
1588 2873 1641 2918 tu
1665 2864 1902 2934 reliquias
1929 2862 2100 2918 Israel

509 2957 718 3031 (Escch.
747 2957 797 3014 9.
823 2957 916 3029 8)?
944 2958 1081 3012 alius
1103 2967 1280 3011 autem
1328 2956 1403 3010 ait
1432 2973 1443 3008 :
1476 2953 1656 3008 Facies
1703 2955 1926 3009 homines
1967 2955 2098 3008 sicut

513 3052 669 3119 pisces
696 3049 871 3115 maris,
896 3065 996 3102 non
1026 3048 1261 3101 habentes
1288 3048 1461 3100 ducem
1491 3045 1671 3116 (Abac.
1701 3047 1749 3101 1.
1783 3045 1871 3114 14)
1892 3044 1915 3097 ?
1939 3044 2099 3116 Igitur

509 3140 634 3210 quia
681 3140 909 3209 alioquin
952 3138 1128 3208 justus
1168 3137 1591 3192 coniundebatur
1610 3147 1808 3200 mente,
1837 3145 1890 3190 et
1921 3135 2100 3189 turba-

511 3232 685 3296 batur,
719 3249 784 3287 ne
812 3248 875 3286 ex
905 3233 1019 3287 visu
1041 3240 1093 3286 et
1113 3229 1420 3300 spectaculo
1447 3229 1634 3298 majori
1664 3229 1873 3283 tristitia
1923 3227 2100 3283 affice-

511 3337 676 3387 retur,
726 3324 777 3378 in
822 3339 942 3378 arca
987 3323 1132 3378 illum
1173 3323 1322 3392 quasi
1370 3323 1422 3376 in
1471 3335 1684 3376 carcere
1733 3321 1989 3380 includit,
2044 3333 2101 3373 ut

509 3431 579 3469 ne
602 3415 769 3469 oculis
792 3415 1206 3485 prospicientem
1253 3423 1425 3468 metus
1473 3412 1768 3467 invaderet.
1804 3411 2098 3466 Verisimile
2129 3401 2134 3405 ’

520 3507 665 3561 enim
695 3513 794 3566 est.
824 3505 869 3558 si
901 3505 1119 3558 vidisset
1161 3503 1557 3558 inundationem
1600 3511 1676 3556 tot
1701 3518 1976 3571 aquarum,
2005 3517 2100 3557 an-

513 3596 817 3658 :iuml'ore,
847 3611 914 3649 ne
941 3605 994 3648 et
1021 3597 1135 3663 ipse
1155 3595 1304 3665 aquis
1335 3593 1552 3664 periret.
1588 3594 1713 3663 Ejus
1741 3595 1898 3664 igitur
1918 3609 2098 3649 curam

511 3703 710 3759 gerens
731 3688 991 3758 benignus
1024 3687 1187 3751 Deus,
1223 3701 1329 3740 non
1359 3685 1597 3754 permisit
1626 3686 1797 3753 ipsum
1830 3686 1912 3739 vel
1939 3700 2101 3755 aqua-

513 3793 630 3835 rum
647 3789 888 3848 spectare
907 3777 1186 3840 saevitiem,
1208 3776 1291 3830 vel
1310 3775 1490 3830 ridere
1507 3774 1780 3829 hominum
1809 3776 2097 3842 excidium,

512 3879 569 3926 et
583 3883 917 3924 communem
932 3867 1082 3926 orbis
1096 3865 1536 3921 internecionem.
1560 3867 1668 3936 Ego
1689 3876 1863 3922 autem
1887 3867 2100 3937 quando

515 3970 702 4030 mputo
728 3974 937 4015 mecum
975 3959 1102 4027 justi
1129 3958 1290 4026 hujus
1319 3958 1478 4012 vitam
1512 3959 1561 4011 in
1589 3972 1712 4011 arca
1735 3998 1750 4023 ,
1783 3957 2100 4026 obstupesco

515 4063 567 4106 et
593 4053 781 4117 miror,
811 4052 1110 4120 iterumque
1137 4050 1229 4105 Dei
1273 4049 1574 4105 clementia:
1622 4058 1790 4104 totum
1831 4049 2097 4105 adscribo.

515 4145 646 4201 Nam
675 4145 894 4200 nisian
919 4143 1289 4203 conﬁrmasset
1318 4142 1456 4196 illius
1501 4150 1756 4210 mentem,
1787 4151 1837 4198 et
1867 4141 2100 4198 difﬁcilia

517 4235 650 4288 letia
693 4233 930 4299 iecisset,
981 4231 1270 4299 quomodo,
1319 4230 1424 4298 dic,
1476 4246 1593 4297 oro,
1644 4232 1779 4287 ferre
1823 4233 2099 4302 potuisset,

518 4325 588 4380 ibi
617 4323 851 4380 inclusus
875 4323 1024 4392 quasi
1057 4321 1108 4374 iu
1140 4320 1379 4376 custodia
1407 4320 1630 4390 quadam
1659 4332 1712 4375 et
1741 4323 1791 4376 in
1826 4332 1960 4377 tetro
1984 4338 2102 4377 car-

517 4419 680 4472 cere?
727 4414 1023 4486 quomodo,
1074 4428 1277 4482 ιιιιωεο,
1322 4413 1582 4482 potuisset
1623 4412 1877 4469 advenas
1925 4423 2102 4470 tantos

517 4506 770 4561 ﬂuctuum
821 4508 1048 4574 impetus
1087 4503 1380 4559 obsistere?
1427 4503 1678 4556 llom‘nes
1724 4503 1864 4558 enim
1913 4506 2000 4572 qui
2047 4505 2097 4557 in

518 4600 636 4653 nari
667 4605 810 4663 sunt,
838 4610 893 4652 et
929 4597 1048 4652 velo
1097 4605 1334 4659 utuntur,
1383 4602 1439 4650 et
1465 4595 1869 4664 gubernatorem
1901 4595 1965 4648 ad
1997 4596 2102 4649 cla-

521 4703 644 4742 vum
692 4687 963 4743 sedentum
1013 4683 1193 4740 vident
1220 4724 1233 4747 ,
1285 4693 1340 4737 et
1385 4698 1489 4738 sua
1519 4694 1634 4738 arte
1679 4692 1956 4739 ventorum
1987 4686 1999 4717 ¹
2033 4685 2080 4738 ri

516 4778 861 4833 obsistt-intem
888 4818 902 4841 ,
944 4775 1200 4846 siquando
1258 4774 1512 4828 ﬂuctuum
1558 4774 1736 4828 rident
1795 4775 2052 4829 insaniam
2083 4817 2096 4838 ,

520 4880 810 4924 enecantnr
832 4879 1004 4933 metu,
1031 4876 1086 4922 et
1112 4868 1179 4923 de
1225 4867 1396 4921 salute
1445 4880 1538 4919 sua
1578 4868 1958 4935 propemodum
2002 4863 2101 4924 de;-

519 4968 782 5030 sperant:
825 4959 950 5026 quid
999 4958 1156 5028 igitur
1203 4957 1400 5012 dixerit
1433 4957 1624 5026 aliquis
1644 4956 1723 5011 de
1760 4951 1907 5025 justo
1951 4957 2102 5014 hoc?

516 5050 648 5108 Nam
689 5050 840 5120 quasi
881 5050 932 5102 i
972 5064 1207 5111 carcere,
1242 5058 1298 5102 ut
1325 5047 1457 5112 dixi,
1499 5047 1713 5113 sedens,
1759 5048 1881 5104 hinc
1898 5057 1952 5105 et
1979 5051 2102 5105 inde

519 5141 1014 5204 circumiercbatur,
1043 5154 1216 5209 neque
1241 5140 1427 5195 caelum
1467 5140 1650 5194 videre
1672 5180 1686 5204 ,
1711 5155 1880 5210 neque
1925 5141 2102 5211 aliquo

521 5235 701 5289 oculos
750 5242 959 5286 vertere
988 5230 1191 5295 valens,
1224 5231 1318 5286 sed
1351 5231 1491 5284 intus
1531 5231 1828 5298 tenebatur,
1867 5232 2101 5302 nihilque

522 5339 739 5394 prorsus
766 5322 946 5377 videre
977 5329 1202 5391 poterat,
1235 5322 1373 5389 quod
1411 5322 1825 5377 consolationem
1867 5323 2100 5379 ati‘erret.

527 5415 590 5466 Et
620 5414 650 5466 ii
678 5411 889 5483 quidem
919 5411 1006 5481 qui
1044 5411 1094 5464 in
1135 5412 1266 5465 mari
1310 5412 1593 5482 navigant,
1619 5413 1827 5467 etiamsi
1858 5415 1910 5468 in
1935 5415 2100 5469 altum

513 5511 806 5574 exsurgant
845 5505 1033 5558 ﬂuctus
1055 5542 1070 5567 ,
1109 5513 1329 5572 possmtt
1365 5503 1588 5558 subinde
1620 5504 1670 5557 in
1700 5505 1888 5559 Caelum
1932 5507 2104 5576 suspi-

522 5610 664 5658 cere,
689 5606 743 5649 et
771 5593 1044 5650 cacumina
1064 5595 1322 5650 montium
1342 5595 1541 5662 videre,
1558 5603 1612 5651 et
1626 5597 1866 5652 civitates
1885 5612 2102 5668 magnas

525 5695 764 5755 spectare
786 5724 801 5749 ,
848 5684 1029 5754 sicque
1067 5686 1387 5752 aliquantam
1423 5687 1840 5744 consolationem
1870 5701 2098 5760 capere;

589 5799 603 5830 ι
634 5804 777 5856 unus,
801 5797 1072 5858 turdarum;
1095 5795 1239 5852 alius.
1260 5796 1504 5857 ﬂuctuum.

1241 379 1296 436 S.
1344 375 1612 436 FOANNIS
1647 375 2126 434 οιιιιγεοδτοιιι
2168 372 2480 431 ABCHIEP.
2523 372 3061 431 CONSTANTINOP.

3703 372 3810 430 Ri

2210 493 2352 563 quod
2373 495 2416 549 si
2439 494 2652 565 gravior
2675 505 2727 548 et
2752 492 3132 549 iutolerabilior
3158 489 3314 548 fuerit
3342 501 3652 561 tempestas,
3682 502 3808 564 post

2210 584 2391 642 decem
2421 585 2503 641 vel
2531 585 2687 655 paulo
2714 587 2892 656 plures
2911 585 3046 649 dies,
3072 595 3124 640 et
3151 594 3270 655 post
3295 584 3490 641 multas
3515 584 3634 641 illas
3665 597 3806 642 tem-

2211 684 2442 744 pestates
2475 686 2532 733 et
2567 677 2800 748 pericula
2825 716 2840 740 ,
2875 679 2928 732 in
2972 685 3170 730 terram
3210 675 3364 745 ejecti
3390 717 3405 742 ,
3442 684 3498 733 et
3527 676 3804 745 paululum

2208 767 2393 824 reiecti
2417 810 2434 836 ,
2476 769 2714 824 omnium
2749 767 2956 824 illarum
2996 766 3359 823 molestiarum
3391 766 3801 822 obliviscuntur.

2207 858 2305 914 Hic
2328 869 2506 914 autem
2538 859 2672 915 nihil
2700 861 2824 924 tale,
2850 859 2942 914 sed
2972 874 3115 912 anno
3140 866 3250 914 toto
3279 874 3472 914 novum
3499 868 3554 913 et
3581 869 3802 929 stupen-

2207 952 2332 1006 dum
2359 951 2507 1006 illum
2539 967 2808 1009 carcerem
2841 950 3194 1017 inbabitabat,
3218 967 3390 1021 neque
3416 966 3595 1007 aerem
3625 951 3800 1019 respi-

2207 1058 2329 1098 rare
2358 1045 2562 1098 valeus.
2604 1043 2884 1111 Quomodo
2907 1043 3049 1098 enim
3082 1042 3384 1113 potuisset,
3413 1056 3535 1096 cum
3563 1042 3803 1111 undique

2204 1150 2326 1191 arca
2342 1137 2521 1192 clausa
2543 1137 2724 1192 esset?
2745 1135 3042 1204 Quomodo,
3063 1149 3264 1203 quaeso,
3282 1133 3477 1190 restitit
3491 1133 3515 1186 ?
3529 1133 3803 1204 quomodo

2202 1226 2457 1282 duravit?
2496 1225 2628 1284 nam
2667 1228 2711 1282 si
2755 1227 2928 1282 ferrea
2971 1237 3024 1281 et
3056 1225 3395 1281 adamantina
3435 1225 3542 1279 illis
3572 1226 3805 1280 fuissent

2206 1334 2430 1389 corpora
2457 1360 2470 1385 ,
2499 1319 2768 1390 quomodo
2805 1321 3140 1389 potuissent,
3172 1319 3262 1389 qui
3294 1333 3468 1388 neque
3499 1331 3622 1372 aere
3653 1315 3802 1370 frue-

2203 1410 2396 1465 bantur
2421 1425 2593 1480 neque
2622 1420 2782 1464 vento
2803 1450 2819 1476 ,
2849 1410 2938 1478 qui
2969 1425 3078 1464 nrn
3109 1398 3281 1464 minus
3305 1424 3463 1478 quam
3492 1423 3585 1462 aer
3612 1407 3678 1461 ad
3712 1423 3802 1460 re-

2205 1501 2486 1558 tocillanda
2529 1517 2754 1573 corpora
2801 1514 2980 1557 nostra
3023 1500 3196 1557 factus
3236 1509 3320 1556 est
3345 1542 3359 1564 ,
3408 1515 3581 1570 neque
3611 1500 3803 1554 oculos

2204 1606 2426 1663 pascere
2455 1603 2742 1660 poterant,
2773 1603 2862 1648 aut
2892 1592 3007 1648 ca-li
3031 1633 3047 1658 ,
3079 1601 3171 1648 aut
3201 1600 3361 1647 terra:
3392 1590 3610 1646 ﬂoribus
3641 1590 3802 1660 pieLe

2203 1685 2549 1755 spectaculo?
2573 1684 2852 1754 Quornodo
2874 1700 2980 1744 non
3004 1686 3256 1742 enataui
3286 1683 3429 1740 oculi
3452 1698 3634 1738 eorum
3659 1725 3675 1750 ,
3704 1682 3804 1753 qui

2205 1776 2403 1831 tamdiu
2427 1777 2496 1831 ibi
2519 1776 2782 1848 egerunt?
2805 1774 2940 1832 Etsi
2966 1774 3215 1831 humanis
3239 1773 3540 1829 rationibds
3568 1772 3682 1828 haec
3701 1770 3804 1828 de-

2204 1866 2539 1934 prehendere
2569 1869 2813 1922 volumus
2837 1907 2851 1929 ,
2883 1879 2937 1920 et
2964 1864 3090 1921 illud
3118 1865 3456 1935 cogitandum
3481 1904 3499 1928 ,
3527 1861 3670 1918 unde
3696 1861 3803 1916 lln-

2203 1958 2354 2014 vialis
2381 1969 2434 2013 et
2463 1957 2711 2028 potabilis
2737 1972 2888 2028 aqua:
2921 1957 3130 2026 copiam
3166 1954 3436 2011 habebant
3475 1953 3526 2007 in
3557 1968 3681 2008 arca
3721 1953 3804 2006 vi-

2202 2061 2405 2108 ventes.
2441 2051 2506 2105 Et
2535 2058 2592 2105 ut
2621 2050 2735 2106 haec
2763 2057 3099 2120 praeteream,
3127 2047 3397 2120 quomodo
3427 2046 3596 2116 potuit
3619 2045 3806 2114 justus

2203 2143 2292 2200 ille
2314 2159 2436 2199 cum
2461 2143 2583 2198 liliis
2604 2151 2659 2198 et
2681 2143 2933 2198 uxoribus
2957 2141 3419 2197 conversationem
3441 2142 3564 2192 cum
3593 2137 3720 2193 teris
3745 2148 3804 2192 et

2201 2234 2318 2288 aliis
2347 2232 2664 2288 animalibus
2695 2234 2876 2288 terre?
2903 2231 3176 2301 quomodo
3202 2231 3320 2285 tulit
3346 2229 3594 2284 faetorem
3615 2228 3636 2279 τ
3659 2241 3798 2298 quo-

2201 2322 2362 2379 modo
2382 2322 2499 2377 tulit
2521 2322 2621 2378 coh
2660 2320 3008 2378 bitationem?
3029 2319 3096 2376 Et
3114 2336 3210 2377 cur
3227 2321 3328 2376 ista
3347 2319 3501 2374 dico?
3516 2318 3804 2386 Quomodo

2202 2413 2354 2469 bruta
2387 2413 2497 2483 ipsa
2532 2421 2818 2482 potuerunt
2847 2412 3074 2479 durare,
3108 2420 3162 2468 et
3199 2427 3305 2466 non
3346 2409 3522 2481 perire
3556 2411 3608 2464 in
3651 2417 3800 2464 tanta

2202 2503 2454 2572 temporis
2485 2501 2836 2572 longitudine.
2861 2517 2980 2572 qua:
3001 2518 3175 2574 neque
3204 2516 3383 2557 aerem
3411 2501 3680 2556 atzrahere
3707 2514 3806 2555 va-

2201 2594 2401 2657 lebant.
2433 2609 2605 2666 neque
2630 2595 2854 2660 moveri,
2886 2594 2978 2648 sed
3011 2593 3064 2649 in
3089 2608 3198 2649 uno
3225 2593 3344 2648 loco
3371 2590 3760 2647 coercebantur
3778 2591 3806 2646 2

2202 2685 2363 2741 Scitis
2394 2687 2534 2740 enim
2559 2727 2573 2752 ,
2609 2694 2662 2739 et
2694 2684 2857 2754 probe
2887 2685 3037 2741 scitis
3067 2684 3227 2740 talem
3252 2696 3372 2739 esse
3399 2690 3638 2738 ηοοιτιιιι
3666 2681 3805 2737 bru-

2203 2785 2484 2846 torumque
2511 2787 2774 2841 naturam,
2806 2786 2862 2831 ut
2888 2776 3097 2831 etiamsi
3126 2790 3252 2832 aere
3277 2774 3538 2840 fruamur,
3568 2773 3805 2843 aliisque

2201 2869 2448 2924 omnibus
2472 2911 2487 2935 ,
2509 2869 2765 2924 continuo
2797 2877 2975 2924 autem
3013 2866 3068 2922 in
3090 2881 3199 2922 uno
3230 2867 3350 2923 loco
3375 2867 3544 2921 simus
3567 2863 3802 2925 inclusi.

2201 2959 2333 3014 nihil
2367 2959 2644 3029 prohibeat
2681 2958 2964 3029 quominus
2993 2971 3291 3028 pommus.
3325 2955 3481 3012 Unde
3510 2955 3670 3026 igitur
3697 2967 3801 3025 po-

2202 3050 2299 3104 tuit
2320 3048 2493 3117 justus
2513 3063 2636 3104 cum
2661 3049 2911 3104 omnibus
2939 3048 3028 3118 qui
3068 3048 3122 3102 in
3158 3060 3282 3103 arca
3311 3055 3466 3102 erant
3488 3085 3505 3111 ,
3528 3054 3678 3102 tanto
3701 3044 3808 3100 du-

2202 3155 2320 3194 rare
2347 3151 2586 3210 tempore
2607 3141 2629 3193 ’ἰ
2653 3139 2768 3194 Non
2799 3133 3014 3195 aliunde
3038 3154 3199 3210 quam
3225 3153 3292 3194 ex
3326 3153 3555 3210 superna
3587 3138 3755 3210 gratia
3781 3179 3805 3204 .

2203 3231 2287 3285 cui
2318 3231 2494 3285 omnia
2525 3239 2650 3285 sunt
2679 3230 2974 3301 possibilia.
3006 3232 3198 3285 Annon
3233 3245 3412 3285 arcam
3441 3229 3564 3286 hinc
3590 3242 3643 3285 et
3673 3228 3808 3286 inde

2203 3323 2427 3388 moveri,
2451 3331 2504 3378 et
2529 3339 2631 3377 non
2660 3323 2926 3395 submergi
2950 3338 2980 3378 a
3002 3332 3147 3378 tanta
3168 3338 3422 3393 aquarum
3447 3323 3518 3389 vi,
3541 3338 3665 3378 cum
3683 3322 3809 3377 nul-

2204 3417 2286 3472 lus
2311 3425 2455 3473 esset
2497 3417 2842 3488 gubernator,
2875 3433 3122 3489 superna:
3162 3427 3273 3472 erat
3304 3418 3464 3486 epis?
3498 3416 3617 3471 Non
3655 3418 3807 3472 enim

2201 3509 2380 3565 dicere
2423 3520 2573 3579 potes
2619 3511 2781 3566 fuisse
2815 3525 2993 3564 arcam
3027 3510 3092 3564 ad
3135 3511 3351 3564 modqu
3384 3511 3534 3564 navis
3559 3551 3572 3574 ,
3605 3518 3660 3563 ut
3686 3517 3810 3563 arte

2202 3601 2428 3670 quadam
2470 3602 2611 3663 illius
2656 3600 2758 3655 iter
2786 3599 2940 3671 dirigi
2973 3601 3223 3669 potuerit.
3256 3602 3392 3655 Arca
3423 3612 3540 3656 erat
3565 3599 3810 3672 undique

2205 3693 2402 3746 munita
2431 3703 2517 3746 :et
2545 3700 2760 3762 pr0pter
2792 3699 3114 3761 preceeptum
3132 3688 3458 3756 Conditoris,
3488 3705 3593 3746 non
3624 3691 3808 3746 solum

2204 3801 2320 3839 eam
2343 3783 2540 3839 laidere
2567 3799 2671 3837 non
2699 3783 2868 3851 potuit
2894 3795 3151 3852 aquarum
3180 3782 3433 3851 impetus.
3463 3782 3556 3839 sed
3587 3791 3641 3836 et
3670 3781 3807 3836 sub-

2205 3877 2382 3932 limior
2453 3876 2558 3931 illis
2622 3873 2760 3930 facta
2809 3873 3166 3931 inhabitantes
3214 3872 3502 3928 admodum
3579 3888 3810 3928 securos

2204 3967 2453 4024 reddidit.

2275 4058 2525 4112 Creatoris
2557 4056 2777 4126 potentia
2798 4054 3634 4124 incomprehensibilis.—-Quando
3661 4055 3810 4110 Deus

2205 4156 2459 4218 operatur
2482 4148 2681 4218 aliquid
2705 4189 2721 4213 ,
2753 4147 2970 4215 dilecte,
2995 4148 3103 4202 noli
3135 4147 3366 4202 humana
3400 4145 3809 4202 ratiocinatione

2205 4239 2321 4308 ejus
2359 4253 2527 4307 Opera
2573 4239 2854 4305 exquirere
2897 4256 2910 4292 :
2945 4237 3330 4293 transcendunt
3374 4237 3517 4294 enim
3563 4245 3806 4292 mentem

2207 4339 2478 4394 nostram,
2509 4337 2564 4384 et
2589 4345 2877 4400 tnunquam
2906 4337 3081 4400 potest
3107 4329 3335 4382 humana
3367 4328 3618 4398 cogitatio
3645 4328 3810 4384 attin-

2205 4439 2332 4494 gere
2372 4431 2428 4478 et
2453 4422 2912 4492 comprehendere
2950 4436 3134 4476 eorum
3161 4461 3176 4487 ,
3222 4435 3340 4491 qua:
3379 4434 3408 4472 a
3442 4420 3548 4474 Deo
3586 4418 3806 4474 condita

2205 4522 2347 4580 sunt,
2377 4514 2654 4569 rationem.

2276 4610 2330 4663 5.
2374 4607 2598 4662 Proinde
2625 4623 2718 4676 par
2739 4616 2840 4672 est,
2873 4619 2971 4660 nos
2998 4605 3275 4661 audientes
3301 4604 3441 4676 quod
3470 4604 3607 4659 Deus
3635 4605 3809 4674 impc-

2213 4702 2438 4764 ravcrit,
2472 4699 2688 4754 obedire
2729 4708 2783 4755 et
2811 4699 3034 4752 credere
3066 4698 3132 4751 iis
3158 4713 3279 4767 qtun
3322 4697 3388 4750 ab
3415 4697 3505 4751 illo
3532 4695 3806 4753 dicnutur.

2205 4791 2335 4845 Nam
2364 4806 2482 4845 cum
2513 4790 2767 4844 Conditor
2796 4789 2861 4842 sit
2907 4797 3109 4841 natura:
3135 4828 3148 4850 ,
3181 4787 3357 4841 omnia
3396 4795 3710 4841 trmismutat
3752 4796 3806 4841 et

2209 4882 2543 4942 transformat
2574 4888 2732 4950 prout
2779 4878 2879 4933 sibi
2929 4878 3153 4934 videtur.
3212 4877 3278 4932 Et
3323 4879 3506 4932 clausit
3554 4877 3807 4935 Dominus

2207 4974 2344 5028 Deus
2387 4973 2577 5041 deforis
2627 4971 2766 5024 illius
2805 4985 2996 5024 arcam.
3033 4969 3216 5039 Magna
3264 4969 3421 5039 hujus
3459 4970 3588 5038 justi
3635 4972 3808 5026 virtus

2209 5064 2338 5128 fuit,
2367 5075 2419 5119 et
2446 5064 2565 5118 lidei
2597 5063 2930 5118 excellentia.
2970 5061 3056 5115 Illa
3090 5063 3202 5130 ipsa
3228 5063 3372 5116 enim
3394 5101 3410 5125 ,
3440 5070 3496 5114 ut
3522 5076 3644 5116 arca
3668 5077 3804 5119 con-

2206 5165 2499 5212 strueretur
2517 5195 2533 5222 ,
2564 5154 2639 5209 eti
2667 5155 2757 5218 cit,
2785 5162 2841 5206 ut
2862 5153 3016 5208 talem
3044 5149 3422 5208 habitationem
3449 5168 3601 5223 mque
3621 5155 3808 5209 animo

2208 5248 2406 5302 ferrent
2431 5246 2972 5313 coarotationemque,
2996 5253 3052 5298 et
3077 5244 3235 5297 vitam
3260 5259 3382 5297 cum
3402 5244 3532 5298 feris
3558 5245 3804 5315 reliquiso

2207 5354 2308 5408 que
2334 5339 2504 5394 brutis
2530 5336 2848 5391 animalibus
2873 5336 3217 5390 sustinerent.
3248 5334 3382 5388 lliuc
3401 5343 3484 5388 est
3507 5336 3647 5403 quod
3676 5337 3806 5391 bea-

2210 5441 2294 5483 tus
2321 5428 2515 5490 Paulus
2545 5427 2660 5495 ejus
2699 5427 2966 5480 mentione
2993 5425 3125 5479 facta
3155 5424 3450 5493 prmdieans
3479 5425 3626 5480 illum
3653 5467 3665 5489 ,
3695 5428 3804 5492 clu-

2209 5521 2387 5574 mabat
2413 5519 2596 5572 dicens
2626 5535 2639 5571 :
2672 5516 2806 5572 Fide
2830 5517 3035 5570 oraculo
3059 5517 3349 5571 admonitus
3377 5516 3491 5570 Noe
3523 5519 3585 5570 de
3607 5518 3669 5570 iis
3691 5534 3808 5586 qua:

2208 5611 2435 5667 nondum
2464 5608 2777 5675 ridebantur,
2811 5620 3030 5663 metuens
3055 5609 3247 5678 aptavit
3282 5624 3452 5660 arcam
3483 5607 3553 5660 ad
3585 5610 3806 5663 salutem

2209 5701 2389 5758 domus
2413 5717 2560 5766 sure;
2588 5717 2676 5769 per
2705 5717 2857 5770 quam
2907 5699 3254 5754 condemnavit
3291 5697 3532 5751 nnmdum
3556 5739 3569 5764 ,
3618 5710 3665 5753 cl
3694 5702 3806 5768 ejus

2209 5811 2323 5868 qua
2377 5792 2651 5850 scentulum
2716 5791 2869 5860 ﬁdem
2917 5800 2988 5847 est
3019 5789 3248 5860 justitin:
3309 5793 3474 5862 [actus
3533 5805 3606 5850 cst
3662 5801 3805 5850 lieres
