4054 6312
349 394 453 449 2‘25

349 507 572 574 κόσμον,
603 500 698 555 καὶ
725 500 821 570 τῆς
849 498 990 554 κατά
1030 496 1212 551 πίστιν
1241 493 1582 566 δικαιοσύνης
1622 492 1836 561 ἐγένετο
1870 491 1999 562 κληρ

350 592 593 662 ρονόμος.
638 583 788 649 Εἶδες
828 585 1021 654 πῶςιή
1056 583 1237 646 πίστις
1276 585 1310 654 ή
1350 583 1428 646 εἰς
1467 582 1559 638 τὸν
1591 580 1723 633 Θεὸν
1755 578 1997 648 καθάπερ

347 678 564 745 ἄγκυρά
600 691 683 736 τις
716 671 960 742 ἀσφαλὴς
1000 669 1406 742 παρεσκεύασεν
1441 667 1622 731 αὑτὸν,
1656 667 1748 721 καὶ
1792 665 1889 737 τῆς
1916 682 1992 718 κι-

347 762 520 817 ϐωτοῦ
568 760 675 834 τὴν
711 756 1048 829 κατασκευήν
1089 756 1434 828 ποιήσασθαι,
1469 755 1562 809 καὶ
1604 756 1704 825 τῆς
1743 754 2001 824 οἰκήσεως

346 850 707 922 ἀνασχέσθαι;
743 845 897 918 Αὕτη
913 846 1024 917 γὰρ
1045 846 1192 916 αὐτῷ
1216 845 1310 898 καὶ
1330 845 1427 915 τῆς
1453 844 1725 913 σωτηρίας
1754 841 1999 904 ὑπόθεσις

347 940 560 1008 γέγονε,
595 954 614 988 ι
651 936 728 988 Δι’
750 928 837 1004 ἧς,
883 931 1038 1003 φησὶ,
1077 931 1365 1003 κατέκρινε
1397 929 1487 982 τὸν
1533 929 1760 999 κόσμον,
1787 927 1999 996 καὶτῆς

347 1026 489 1081 κατά
559 1023 740 1077 πίστιν
784 1019 1126 1090 δικαιοσύνης
1178 1019 1390 1086 ἐγένετο
1441 1016 1798 1087 κληρονόμοςο
1836 1031 1854 1066 ι
1903 1014 1997 1068 οὐκ

347 1112 531 1184 ἐπειδὴ
577 1109 738 1174 αὐτὸς
791 1106 963 1180 [238]
1005 1106 1236 1180 ἔκρινεν,
1277 1104 1393 1158 ἀλλ’
1425 1103 1613 1173 ἐπειδὴ
1662 1103 1690 1154 6
1727 1101 1997 1170 Δεσπότης

346 1197 681 1269 συγκρίσεως
731 1194 830 1266 τήν
876 1191 1205 1264 κατάκρισιν
1249 1191 1478 1261 ἐπάγει·
1537 1188 1643 1241 τῶν
1673 1187 1781 1257 γὰρ
1823 1186 1997 1240 αὐτῶν

341 1283 746 1346 ἀπολαύσαντες
778 1281 855 1352 τῷ
884 1281 1098 1352 δικαίῳ,
1127 1281 1186 1333 ού
1217 1279 1317 1348 τὴν
1345 1276 1514 1348 αὐτὴν
1545 1275 1693 1346 αύτῷ
1739 1273 2000 1346 μετῆλθον

341 1374 440 1443 τῆς
473 1371 675 1442 ἀρετῆς
705 1370 824 1422 ὀδόν
850 1386 860 1398 ·
894 1367 984 1422 διὰ
1009 1369 1107 1440 τῆς
1132 1367 1366 1428 πίστεως
1398 1365 1493 1436 μὲν
1517 1374 1539 1397 ⁸
1571 1359 1684 1426 οὖν,
1709 1364 1774 1433 ἣν
1797 1359 2002 1413 ἐπεδεί-

343 1463 492 1530 ξατο,
542 1460 861 1530 κατέκρινεν
901 1457 1142 1519 ἐκείνους
1187 1457 1312 1518 τοὺς
1361 1452 1558 1524 πολλὴν
1604 1453 1704 1524 τὴν
1748 1449 2001 1504 ἀπιστίαν

342 1548 808 1618 ἐπιδειξαμένους,
867 1545 964 1598 καὶ
1003 1543 1078 1614 μὴ
1121 1542 1515 1603 πιστεύσαντας
1561 1542 1627 1611 τῇ
1676 1538 1996 1610 προρρήσει.

354 1634 495 1704 Ἐγὼ
531 1635 588 1688 δέ
642 1634 782 1704 μετά
825 1631 1040 1686 πάντων
1081 1629 1174 1682 καὶ
1227 1628 1320 1681 τοῦ
1375 1627 1583 1700 δικαίου
1629 1625 2001 1694 ἐκπλήττομαι

340 1723 440 1794 τὴν
477 1721 696 1791 ἀρετὴν,
733 1722 827 1774 καὶ
856 1718 946 1771 τοῦ
979 1717 1248 1769 Δεσπότου
1290 1715 1386 1785 τήν
1424 1713 1732 1782 ἀτεοαθότητα
1772 1710 1864 1764 καὶ
1901 1708 2001 1778 τὴν

339 1811 544 1880 ἄφατον
560 1805 985 1878 φιλανθρωπίαν,
999 1805 1124 1857 ὅταν
1148 1805 1383 1873 ἐννοήσω
1405 1802 1520 1864 πῶς
1539 1798 1777 1871 ήδυνήθη
1798 1797 2000 1868 μεταξὺ

337 1896 448 1950 τῶν
479 1895 680 1966 θηρίων
729 1894 957 1961 διάγειν,
994 1891 1103 1945 τῶν
1135 1891 1363 1944 λεόντων
1391 1889 1555 1956 λέγω,
1589 1887 1685 1942 καὶ
1716 1885 1826 1940 τῶν
1860 1901 2001 1954 παρ-

338 1982 560 2046 δάλεων,
591 1983 683 2036 καὶ
728 1981 838 2034 τῶν
868 1980 1106 2053 ἄρκτων,
1156 1978 1250 2032 καὶ
1288 1975 1398 2030 τῶν
1425 1974 1629 2028 λοιπῶν
1655 1974 1762 2027 τῶν
1794 1971 1999 2044 ἀγρίων

341 2073 436 2128 καὶ
469 2070 792 2124 ἀττθάσσων.

426 2156 826 2228 ’Δναμνήσθητί
869 2169 960 2226 μοι
999 2151 1255 2216 ἐνταῦθα,
1283 2148 1552 2221 ἀγαπητὴ
1595 2148 1696 2218 τῆς
1729 2144 1888 2211 ἀξίας
1931 2139 1999 2216 ἧς

339 2249 617 2318 ἀπήλαυεν
643 2248 671 2299 6
711 2242 1134 2315 πρωτόπλαστος
1165 2241 1272 2310 πρὸ
1301 2239 1396 2308 τῆς
1437 2237 1743 2308 παρακοῆς,
1787 2237 1880 2289 καὶ
1913 2235 1994 2288 λος

338 2333 491 2401 γίζρυ
535 2331 629 2386 τοῦ
669 2329 804 2384 Θεοῦ
839 2330 939 2399 τὴν
983 2328 1310 2396 ἀγαθότητα.
1349 2324 1566 2393 Ἐπειδὴ
1596 2323 1703 2393 γὰρ
1748 2324 1782 2392 ἡ
1821 2323 1997 2392 παρά·

339 2420 496 2483 ϐασις
518 2419 724 2472 ἐκείνου
745 2415 1128 2488 ἠκρωτηρίασε
1147 2414 1242 2484 τὴν
1259 2412 1549 2482 δεδομένην
1570 2406 1836 2473 ἐξουσίαν,
1874 2405 1931 2463 εὖ
1941 2427 1997 2479 ρε

338 2507 395 2563 δέ
429 2508 458 2558 6
488 2504 690 2572 ἀγαθὸς
715 2503 990 2571 Δεσπότης
1016 2501 1101 2553 ἐτε
1111 2517 1201 2570 ρον
1224 2499 1390 2568 ἄνδρα
1419 2497 1716 2568 δυνάμενον
1743 2495 2000 2550 ἀνακαλέο

341 2591 533 2647 σασθαι
546 2590 642 2662 τὴν
656 2588 887 2660 ἀρχαίαν
901 2587 1200 2649 είκόνα,καὶ
1210 2585 1239 2636 δ
1245 2583 1540 2648 ιασώζοντα
1554 2583 1654 2653 τῆς
1666 2583 1864 2655 ἀρετῆς
1874 2584 2000 2646 τοὺς

340 2678 710 2751 χαρακτῆρας,
742 2675 836 2729 καὶ
860 2673 1058 2744 πολλὴν
1098 2673 1224 2742 περὶ
1256 2671 1353 2734 τάς
1376 2669 1592 2732 ἐντολάς
1627 2670 1723 2738 τὴν
1754 2668 1999 2738 ὑπακοὴν

340 2764 796 2834 ἐπιδεικνύμενον,
813 2762 972 2814 πάλιν
989 2763 1067 2823 είς
1082 2761 1179 2829 τήν
1196 2756 1426 2829 ἀρχαίαν
1437 2774 1488 2809 τι
1495 2757 1600 2827 μὴν
1615 2756 1774 2810 αὐτὸν
1785 2755 1996 2822 ἀνάγει,

342 2852 622 2925 μονονουχὶ
651 2850 914 2905 διδάσκων
934 2849 1082 2918 ἡμᾶς
1104 2846 1170 2898 δι’
1197 2845 1378 2898 αὐτῶν
1410 2844 1518 2896 τῶν
1540 2844 1878 2914 πραγμάτων
1901 2841 2000 2911 τῆς

338 2939 584 3005 ἐξουσίας
599 2937 692 2991 τοῦ
709 2936 878 3005 ’Δδάμ
891 2935 950 2986 τὸ
976 2932 1224 3004 μέγεθος,
1240 2931 1307 3001 ἠν
1328 2926 1442 3000 εἶχε
1460 2930 1566 3001 πρὸ
1579 2931 1678 3000 τῆς
1698 2929 1997 3000 παρακοῆς.

351 3025 416 3079 Ἦ
427 3024 596 3097 ἀρετὴ
607 3020 884 3077 τοίνυντοῦ
902 3019 1110 3074 δικαίου
1127 3017 1490 3087 ἐπιλαϐομένη
1513 3016 1613 3084 τῆς
1633 3015 1724 3068 τοῦ
1742 3015 1876 3068 Θεοῦ
1889 3013 2002 3084 φιλ-

339 3109 667 3182 ανθρωπίας,
701 3106 1062 3162 ἀνεκαλέσατο
1081 3104 1179 3174 τὴν
1220 3103 1486 3174 προτέραν
1507 3102 1701 3172 ἀρχὴν,
1726 3103 1819 3154 καὶ
1841 3100 2000 3154 πάλιν

338 3199 408 3254 τὰ
433 3197 595 3267 θηρία
621 3194 719 3266 τὴν
761 3192 1040 3261 ὑποταγὴν
1071 3191 1452 3258 ἐπεγίνωσκον.
1490 3187 1658 3240 Ἔνθα
1687 3187 1795 3258 γὰρ
1821 3187 1886 3239 ἂν
1918 3187 2000 3257 ἴδῃ

342 3285 505 3356 θηρία
522 3283 746 3347 δίκαιον,
762 3277 1169 3332 ἐπιλανθάνεται
1191 3276 1292 3346 τῆς
1313 3274 1518 3337 οίκείας
1545 3274 1777 3342 φύσεως,
1805 3273 2002 3344 μᾶλλον

339 3371 397 3426 δὲ
424 3371 485 3423 οὐ
513 3369 611 3437 τῆς
651 3365 884 3434 φύσεως,
912 3363 1045 3415 ἀλλά
1079 3363 1178 3432 τῆς
1205 3360 1516 3431 θηριωδίας,
1559 3360 1652 3412 καὶ
1687 3359 1914 3430 μένοντα
1944 3361 2002 3412 ἐν

340 3459 406 3526 τῇ
432 3454 590 3523 φύσει
614 3453 713 3521 τὴν
743 3448 1033 3520 θηριωδίαν
1075 3449 1152 3510 εἰς
1182 3445 1280 3517 τήν
1311 3447 1621 3517 ἡμερότητα
1654 3446 1997 3516 μεταϐάλλει.

344 3542 448 3596 Καὶ
478 3542 579 3610 ὅρα
608 3537 764 3591 τοῦτο
790 3535 880 3587 ἐπὶ
908 3533 1000 3586 τοῦ
1029 3532 1223 3602 Δανιὴλ
1260 3533 1558 3603 γινόμενον.
1591 3531 1726 3584 Ὑπὸ
1754 3531 1861 3604 γὰρ
1892 3531 2001 3587 τῶν

342 3628 564 3681 λεόντων
597 3622 977 3692 κυκλούμενος,
1009 3620 1197 3689 ῶσπερ
1235 3618 1337 3672 ὑπὸ
1365 3617 1649 3690 προϐάτων
1675 3619 2000 3690 δορυφορού-

344 3731 520 3785 μενος,
547 3711 716 3774 οὖτως
743 3708 910 3771 ἀδεῶς
936 3707 1117 3777 διῆγεν
1137 3723 1149 3736 ·
1181 3707 1214 3776 ἡ
1241 3706 1347 3776 γὰρ
1371 3705 1464 3758 τοῦ
1485 3705 1694 3758 δικαίου
1721 3706 2000 3777 παρρησία

341 3800 585 3872 ἐχαλίνου
635 3795 740 3850 τῶν
781 3793 983 3865 θηρίων
1019 3792 1116 3861 τὴν
1152 3792 1340 3860 φύσιν,
1382 3792 1478 3845 καὶ⁹
1519 3793 1620 3845 οὐκ
1665 3794 1751 3846 εἶα
1790 3793 1857 3847 τὰ
1893 3794 2000 3847 τῶν

343 3886 547 3959 Θηρίων
597 3883 790 3944 αὐτοὺς
847 3877 1269 3932 ἐπιδείκνυσθαι.
1322 3878 1425 3930 Τὸν
1467 3879 1629 3932 αὐτὸν
1689 3879 1754 3950 δὴ
1801 3880 2000 3950 τρόπον

340 3976 371 4028 6
404 3971 699 4043 θαυμάσιος
726 3961 880 4030 οὗτος
905 3965 1002 4036 τὴν
1038 3965 1174 4035 μετά
1212 3965 1317 4018 τῶν
1349 3965 1552 4036 θηρίων
1579 3966 1851 4037 διαγωγὴν
1885 3969 2002 4037 μετ,

341 4061 591 4122 εὐκολίας
613 4058 794 4128 ἔφερε,
829 4055 922 4108 καὶ
955 4052 1076 4105 οὔτε
1102 4053 1134 4122 ή
1171 4052 1519 4122 στενοχωρία,
1548 4051 1669 4106 οὔτε
1693 4055 1726 4122 ή
1756 4053 1849 4106 τοῦ
1875 4054 2003 4125 χρό-

341 4164 433 4202 νου
465 4145 789 4215 παράτασις,
820 4139 941 4194 οὗτε
980 4139 1042 4192 τὸ
1080 4137 1252 4201 οὕτως
1287 4138 1694 4206 ἐγκεκλεῖσθαι,
1730 4141 1823 4193 καὶ
1866 4144 2002 4211 μήτε

341 4233 430 4287 τὸν
458 4233 592 4300 ἀέρα
614 4231 871 4283 ἀναπνεῖν
902 4225 1177 4296 ναρκῆσαι
1218 4225 1379 4279 αὐτὸν
1409 4226 1838 4295 παρεσκεύασεν.
1867 4228 2002 4282 ἀ).λά

340 4318 407 4386 τῇ
442 4314 621 4366 πίστει
645 4314 709 4382 τῇ
734 4313 812 4374 τίς
835 4309 927 4362 τὸν
953 4308 1084 4361 Θεὸν
1114 4308 1327 4361 ἅπαντα
1353 4309 1528 4377 κοῦφα
1557 4310 1704 4381 αύτῷ
1731 4310 1998 4380 ἐφαίνετο,

342 4404 437 4458 καὶ
483 4401 623 4456 οὕτω
653 4399 837 4468 διῆγεν
881 4399 940 4450 ἐν
977 4395 1054 4466 τῷ
1102 4396 1321 4467 χαλεπῷ
1371 4397 1561 4467 ἐκείνῳ
1609 4399 1999 4470 δεσμωτηρίῳ,

341 4488 540 4545 ὡσανεὶ
566 4491 728 4559 ἡμεῖς
762 4488 820 4539 ἐν
845 4484 1072 4555 λειμῶσι
1112 4483 1206 4536 καὶ
1232 4484 1527 4555 δενδρικοῖς
1549 4486 1750 4548 τόποις.
1788 4487 1862 4539 Τὸ
1896 4487 2002 4559 γὰρ

341 4578 620 4646 ἐπίταγμα
649 4572 742 4625 τοῦ
776 4572 1043 4625 Δεσπότου
1075 4569 1143 4622 τὰ
1180 4570 1412 4642 δυσχερῆ
1447 4573 1605 4642 ῥᾴδια
1634 4573 1782 4643 αὐτῷ
1816 4574 2001 4643 φαίνε-

342 4659 467 4713 σθαι
497 4653 897 4729 παρεσκεύασε.
923 4651 1175 4705 Τοιοῦτον
1207 4653 1315 4724 γάρ
1350 4654 1458 4706 τῶν
1492 4654 1714 4709 δικαίων
1748 4656 1811 4708 τὸ
1848 4656 2000 4721 ἔθος·

340 4748 468 4802 ὅταν
499 4761 552 4798 τι
576 4743 642 4796 δι’
671 4739 831 4797 αὐτὸν
854 4740 1234 4810 ὑπομένουσιν,
1267 4741 1327 4792 ού
1349 4744 1416 4810 τῇ
1435 4739 1552 4810 ὄψει
1574 4742 1681 4794 τῶν
1706 4743 2004 4813 γινομένων

340 4832 718 4903 προσέχουσιν,
753 4827 890 4881 ἀλλά
923 4827 1020 4897 τὴν
1051 4825 1306 4880 ὑπόθεσιν
1335 4828 1671 4900 λογιζόμενοι
1698 4833 1814 4892 μετ’
1846 4832 2004 4885 εὐκο-

342 4915 462 4981 λίας
492 4914 1003 4984 ἀπανταιφέρουσιν.
1052 4913 1204 4966 Ἐπεὶ
1231 4915 1325 4966 καὶ
1361 4913 1590 4978 Παῦλος,
1630 4916 1658 4968 6
1699 4917 1807 4969 τῶν
1835 4918 2007 4972 ἐθνῶν

339 5002 674 5066 διδάσκαλος,
705 4999 773 5053 τὰ
817 4999 1185 5071 δεσμωτήρια,
1217 5000 1316 5064 τάς
1348 5001 1669 5070 ἀπαγωγὰς,
1704 5006 1829 5068 τοὺς
1857 5005 2007 5058 καο..

341 5089 632 5160 ημερινοὺς
661 5086 958 5150 κινδύνους,
987 5086 1086 5150 τὰς
1116 5086 1314 5150 πολλάς
1345 5089 1557 5152 ἐκείνας
1582 5092 1676 5143 καὶ
1698 5091 2005 5162 ἀφορήτους

339 5174 544 5245 θλίψεις
584 5174 825 5244 ἐλαφρὰς
857 5173 1059 5236 ἐκάλει,
1087 5174 1186 5226 οὐκ
1229 5174 1416 5246 ἐπειδὴ
1457 5179 1522 5246 τῇ
1554 5177 1714 5244 φύσει
1761 5179 2005 5235 τοιαῦται

338 5257 500 5334 ἦσαν,
534 5260 645 5314 ἀλλ’
678 5258 868 5330 ἐπειδὴ
903 5262 936 5329 ἡ
973 5259 1227 5324 ὑπόθεσις
1259 5260 1367 5312 τῶν
1407 5264 1702 5332 γινομένων
1737 5266 2005 5338 τοσαύτην

338 5349 488 5420 αύτῷ
518 5348 617 5419 τὴν
650 5346 873 5418 γνώμην
905 5346 1304 5412 κατεσκεύαζεν
1328 5349 1376 5410 ι),
1408 5349 1483 5412 ὡς
1514 5351 1649 5422 μηδέ
1683 5354 2004 5426 ἐπιστρέφε.

342 5437 462 5490 σθαι
489 5435 624 5508 πρὸς
650 5434 719 5487 τά
744 5434 969 5489 ἐπιάντα
988 5433 1154 5488 δεινά.
1175 5436 1372 5488 ’Δκουε
1401 5436 1504 5509 γάρ
1531 5437 1694 5491 αὑτοῦ
1723 5441 1967 5508 λέγοντος
1986 5459 1999 5474 ·

345 5524 415 5578 T6
440 5522 551 5593 γὰρ
584 5521 917 5590 παραυτίκα
949 5521 1212 5591 ἐλαφρὸν
1239 5521 1346 5591 τῆς
1381 5525 1640 5594 θλίψεως
1675 5526 1843 5597 ήμῶν
1875 5530 2003 5584 καθ’

339 5609 682 5678 ὑπερϐολὴν
712 5607 951 5664 αἰώνιον
967 5607 1156 5677 βάρος
1184 5608 1368 5678 δόξης
1396 5612 1541 5679 ἡμῖν
1577 5617 2003 5685 κατεργάζεται.

349 5699 409 5752 ῚΙ
437 5696 753 5767 προσδοκία,
778 5697 929 5766 φησὶ,
957 5697 1056 5766 τῆς
1080 5696 1378 5769 μελλούσης
1397 5699 1798 5772 καταλήψεσθαι
1824 5705 2003 5777 δόξης,

337 5782 487 5856 μεν]
523 5784 616 5837 καὶ
651 5785 748 5852 τῆς
779 5784 1057 5854 διηνεκοῦς
1088 5785 1304 5857 ἐκείνης
1341 5787 1575 5856 ἀνέσεως
1606 5789 1823 5860 κούφως
1857 5794 2004 5865 ἡμᾶς

398 5922 421 5949 ⁸
451 5921 664 5970 Λεεοεδίι
693 5920 773 5968 οὖν
798 5935 825 5968 c
850 5921 1047 5972 Savilio.
1078 5922 1211 5974 Ευιτ.

400 5981 439 6022 1·
457 5981 623 6031 Morel.
653 5981 1010 6042 παρεσκεύαζεν.

1120 384 1177 439 8.
1213 376 1498 439 IOANNIS
1532 372 2019 435 CHRYSOSTOMI
2057 373 2380 434 ARCIIIEP.
2419 373 2965 434 CONSTANTINOP.

2114 495 2256 545 ποιεῖ
2276 492 2461 562 φέρειν
2479 490 2578 556 τὰς
2599 492 2930 564 ἐπαλλήλους
2955 493 3154 555 ταύτας
3183 491 3408 563 θλίψεις,
3428 494 3519 547 καὶ
3544 491 3787 562 ἐλαφρὰς

2111 575 2281 640 αύτάς
2310 574 2576 646 ἡγεῖσθαι.
2598 570 2752 640 Εἶδες
2771 577 2918 639 ὅπως
2940 575 3295 647 ὑποτέμνεται
3322 576 3352 627 6
3381 575 3515 645 πρὸς
3535 575 3629 629 τὸν
3651 576 3788 629 Θεὸν

2113 659 2273 722 πόθος
2306 658 2403 729 τήν
2434 657 2542 712 τῶν
2567 657 2756 711 δεινῶν
2787 660 3058 730 ἐπίτασιν,
3083 660 3176 712 καὶ
3215 658 3336 711 οὐδέ
3357 657 3611 728 αἴσθησιν
3648 675 3786 724 συγ-

2113 742 2280 813 χωρεῖ
2307 739 2491 792 λαϐεῐν
2526 739 2636 791 τῶν
2667 739 2968 805 ἐπιόήτωνς
3004 741 3104 794 Διά
3140 757 3219 793 τοι
3243 739 3401 793 τοῦτο
3425 740 3518 796 καὶ
3549 742 3576 792 6
3606 741 3788 810 μακά-

2115 838 2228 895 ριος
2265 815 2421 885 οὗτος
2461 823 2636 876 πάντα
2680 822 2878 898 πράως
2900 821 3101 893 ἔφερε,
3144 825 3211 893 τῇ
3246 821 3427 874 πίστει
3473 824 3538 892 τῇ
3579 823 3660 885 είς
3693 822 3791 874 τὸν

2115 904 2242 957 Θεὸν
2267 906 2360 958 καὶ
2378 907 2446 977 τῇ
2482 903 2656 957 ἐλπίδι
2679 904 3030 975 τρεφόμενος.
3051 905 3158 958 Καὶ
3187 904 3447 968 ἔκλεισε,
3476 905 3632 976 φησὶ,
3666 905 3792 970 Κύ-

2116 1005 2236 1056 plac
2255 990 2289 1042 ό
2318 988 2462 1054 Θεὸς
2491 986 2712 1052 ἔξωθεν
2740 987 2925 1041 αὐτοῦ
2955 986 3067 1054 τὴν
3104 987 3372 1042 κιϐωτόν.
3411 987 3520 1042 Καὶ
3546 987 3794 1058 ἐγένετο

2118 1073 2146 1125 ὁ
2174 1071 2603 1140 κατακλυσμὸς
2630 1070 3084 1139 τεσσαράκοντα
3110 1069 3334 1139 ἡμέρας
3363 1070 3460 1124 καί
3487 1068 3794 1137 τεσσαρά-

2116 1173 2294 1211 κοντα
2318 1158 2542 1222 νύκτας
2564 1157 2661 1210 ἐπὶ
2688 1156 2800 1226 τῆς
2822 1156 2955 1226 γῆς,
2982 1156 3080 1210 καὶ
3112 1156 3430 1225 ἐπεφέρετο
3453 1156 3489 1223 ἠ
3514 1156 3788 1221 κιϐωτός.

2111 1239 2306 1292 Σκόπει
2336 1240 2494 1293 πάλιν
2517 1239 2635 1303 πῶς
2667 1241 2734 1310 τῇ
2765 1240 3015 1311 διηγήσει
3044 1237 3198 1304 αὔξει
3225 1240 3317 1294 τὸν
3359 1241 3545 1308 φόϐον,
3575 1241 3669 1293 καὶ
3698 1238 3790 1302 ἐξ·

2107 1323 2259 1389 ογκοῖ
2302 1322 2365 1374 τὸ
2411 1321 2794 1391 γεγενημένον,
2848 1321 3109 1390 Ἐγένετο
3142 1322 3269 1392 γὰρ,
3313 1322 3494 1393 φησὶν,
3531 1325 3565 1377 ό
3601 1337 3789 1375 κατα-

2109 1402 2383 1473 κλυσμὸς
2419 1401 2874 1471 τεσσαράκοντα
2920 1402 3146 1471 ἡμέρας
3183 1403 3283 1456 καί
3327 1401 3792 1471 τεσσαράκοντα

2107 1487 2353 1552 νύκτας,
2388 1485 2487 1538 καὶ
2513 1485 2864 1552 ἐπληθύνθη
2892 1484 2960 1537 τό
2989 1484 3168 1552 ὕδωρ,
3201 1483 3300 1539 καὶ
3331 1484 3519 1552 ἐπῆρε
3557 1483 3673 1553 τὴν
3696 1501 3787 1536 κι-

2107 1563 2317 1632 ϐωτὸν,
2361 1567 2461 1622 καί
2500 1567 2711 1635 ὑψώθη
2743 1567 2864 1622 ἀπὸ
2891 1566 3000 1634 τῆς
3028 1566 3164 1636 τῆς.
3213 1568 3325 1622 Καὶ
3367 1567 3681 1636 ἐπεκράτεε
3715 1567 3789 1620 τὸ

2107 1648 2282 1717 ὕδωρ,
2316 1647 2414 1702 καί
2434 1648 2805 1714 ἐπληθύνετο
2840 1647 3076 1716 σφόδρα
3105 1649 3207 1701 ἐπὶ
3243 1647 3354 1717 τῆς
3380 1647 3513 1717 τῆς,
3542 1649 3641 1703 καί
3679 1648 3791 1702 έπ-

2107 1729 2346 1800 εφέρετο
2383 1731 2422 1798 ἠ
2454 1729 2697 1795 κιϐωτὸς
2739 1727 2940 1783 ἐπάνω
2972 1730 3078 1784 τοῦ
3118 1730 3336 1798 ὕδατος
3359 1747 3375 1762 ο
3422 1731 3492 1785 τὸ
3531 1730 3600 1784 δὲ
3624 1730 3789 1799 ὕδωρ

2105 1811 2412 1880 ἐπεκράτει
2441 1812 2677 1881 σφόδρα
2703 1810 2980 1880 σφοδρῶς
3007 1813 3104 1866 ἐπὶ
3131 1812 3240 1880 τῆς
3259 1811 3391 1883 τῆς.

2179 1900 2252 1960 ς’.
2288 1896 2430 1964 Ὅρα
2463 1894 2581 1957 πῶς
2603 1895 2845 1965 ἀκριϐῶς
2871 1895 3003 1964 ἡμῖν
3031 1895 3298 1966 διηγεῖται
3323 1895 3422 1965 τὴν
3445 1894 3645 1966 πολλὴν
3673 1896 3796 1950 τῶν

2107 1974 2318 2031 ὑδάτων
2346 1975 2538 2047 φοράν,
2556 1975 2650 2029 καὶ⁸
2676 1977 2758 2029 ὅτι
2789 1977 2874 2044 ἐφ’
2899 1976 3134 2047 ἑκάστης
3161 1975 3389 2047 αὔξησιν
3415 1976 3717 2046 ἐλάμϐανεν
3753 1979 3793 2046 ή

2107 2057 2414 2130 πλημμύρα
2437 2057 2544 2111 τῶν
2579 2057 2806 2126 ὑδάτων.
2837 2057 3176 2126 Ἐπεκράτει
3195 2059 3304 2128 γάρ
3330 2061 3397 2111 τὸ
3421 2059 3600 2126 ὕδωρ,
3625 2061 3788 2129 φησὶ,

2106 2140 2340 2209 σφόδρα
2367 2136 2666 2207 σφοδρῶς,
2711 2139 2808 2193 καί
2848 2139 3199 2208 ἐπεκάλυψε
3231 2138 3428 2194 πάντα
3460 2139 3534 2193 τὰ
3573 2140 3681 2208 ὄρη
3714 2141 3795 2194 τὰ

2106 2221 2338 2290 ὑψηλὰ,
2370 2219 2409 2274 ά
2433 2218 2513 2292 ἦν
2545 2220 2825 2275 ὑποκάτω
2853 2221 2961 2275 τοῦ
2994 2222 3276 2290 οὐρανοῦ.
3313 2222 3647 2278 Δεκαπέντε
3673 2221 3792 2288 πή-

2105 2323 2233 2374 χεις
2261 2304 2461 2358 ἐπάνω
2484 2303 2694 2373 ὑψώθη
2719 2303 2787 2357 τὸ
2813 2304 2989 2373 ὕδωρ,
3018 2306 3117 2358 καὶ
3140 2303 3469 2366 ἐπέκλυζεν
3501 2307 3738 2361 ἅπαντα
3761 2318 3788 2347 ε

2106 2387 2177 2440 τὰ
2206 2386 2334 2454 ὄρη.
2368 2387 2608 2450 Εἰκότως
2650 2385 3002 2457 ᾡκονόμησεν
3047 2388 3075 2439 6
3104 2386 3483 2458 φιλάνθρωπος
3511 2388 3796 2460 Δεσπότης

2108 2467 2423 2540 κλεισθῆναι
2459 2467 2560 2539 τὴν
2593 2467 2848 2532 κιϐωτὸν,
2882 2467 3024 2522 ὥστε
3066 2469 3144 2538 μὴ
3176 2470 3311 2539 ὁρᾷν
3352 2467 3444 2522 τὸν
3480 2468 3690 2522 δίκαιον
3719 2471 3795 2523 τὰ

2107 2549 2388 2619 γινόμενα.
2437 2550 2499 2603 El
2535 2550 2645 2619 γάρ
2696 2549 2856 2619 ἡμεῖς
2893 2549 3033 2619 μετά
3065 2550 3319 2603 τοσοῦτον
3357 2550 3494 2605 ἐτῶν
3531 2550 3787 2622 ἀριθμὸν.

2107 2633 2201 2684 καὶ
2235 2631 2374 2703 μετά
2400 2631 2666 2694 τοσαύτας
2691 2632 2885 2700 γενεὰς
2911 2631 3202 2694 ἀκούοντες
3239 2632 3399 2702 μόνον
3435 2633 3532 2702 τῆς
3561 2633 3795 2703 Γραφῆς

2105 2713 2206 2785 τὴν
2227 2715 2478 2784 διήγησιν
2510 2713 2932 2783 συστελλόμεθα,
2966 2715 3060 2766 καὶ
3095 2715 3152 2766 ἐν
3188 2716 3470 2786 ἀμηχανίᾳ
3499 2713 3788 2785 γινόμεθα,

2099 2795 2160 2849 -τί
2205 2797 2350 2859 εἰκὸς
2409 2793 2478 2865 ἦν
2514 2796 2607 2848 τὸν
2663 2796 2869 2848 δίκαιον
2925 2797 3133 2849 ἐκεῖνον
3195 2799 3429 2861 παθεῖν,
3471 2799 3525 2851 εί
3567 2815 3632 2866 γε
3673 2801 3793 2862 τοῖς

2108 2879 2408 2948 ὀφθαλμοῖς
2425 2877 2572 2948 ἐώρα
2586 2876 2682 2947 τὴν
2704 2877 2805 2930 ἀϐυ
2815 2894 2938 2930 σσον
2967 2879 3181 2949 ἐκείνην
3203 2880 3303 2951 τὴν
3327 2881 3600 2952 ἀφόρητον
3623 2897 3638 2946 ;
3661 2879 3794 2942 “(-0;

2108 2961 2217 3031 γὰρ
2254 2960 2320 3013 ἂν
2348 2960 2584 3030 ἠδυνήθη
2615 2958 2718 3012 κᾶν
2754 2959 2888 3028 πρὸς
2917 2959 3092 3030 βραχὺ
3125 2962 3432 3032 ἀντισχεῖν;
3465 2963 3585 3033 οὐχὶ
3607 2962 3664 3015 δὲ
3701 2962 3793 3014 εύ-

2107 3041 2245 3104 θέως
2267 3042 2330 3093 ἐκ
2355 3040 2578 3111 πρώτης
2605 3039 2782 3110 ὄψεως
2814 3040 2881 3094 ἂν
2901 3041 3093 3112 ἐξέστη
3114 3042 3211 3112 τῆς
3241 3042 3422 3113 ψυχῆς
3445 3042 3790 3112 ἀποστάσης,

2109 3124 2204 3176 καὶ
2246 3123 2442 3193 μηκέτι
2485 3121 2808 3191 δυνηθείσης
2847 3123 3093 3190 ἐνεγκεῖν
3142 3122 3252 3175 τῶν
3291 3124 3563 3177 τοσούτων
3597 3123 3792 3178 δεινῶν

2107 3203 2208 3272 τὴν
2249 3202 2414 3267 θέαν;
2456 3203 2658 3256 Ἐννόει
2692 3203 2802 3273 γάρ
2837 3220 2948 3272 μοι,
2983 3205 3257 3274 ἀγαπητὴ
3293 3204 3413 3268 πῶς
3445 3205 3542 3259 νῦν
3583 3207 3790 3276 ιιι.κῄ

2109 3284 2415 3355 ἐπομϐρίας
2442 3285 2738 3356 γενομένης
2763 3284 3045 3353 ἐναγώνιοι
3065 3286 3350 3357 γινόμεθα,
3378 3288 3620 3359 περὶτοῦ
3651 3306 3792 3343 mv-

2108 3368 2199 3430 τὸς
2234 3367 2573 3438 δεδοίκαμεν,
2608 3369 2736 3438 περὶ
2777 3368 2974 3438 αὐτῆς,
3008 3368 3084 3432 ὡς
3112 3371 3307 3434 εἰπεῖν,
3330 3369 3432 3440 τῆς
3462 3369 3608 3440 ζωῆς
3640 3370 3790 3424 am-

2109 3449 2429 3520 γορεύομεν.
2466 3451 2532 3503 Τί
2567 3450 2748 3502 τοίνυν
2781 3450 2926 3513 εἰκὸς
2972 3446 3041 3521 ἦν
3065 3451 3156 3505 τὸν
3190 3451 3397 3504 δίκαιον
3427 3453 3636 3508 ἐκεῖνον
3664 3454 3789 3508 τότε

2109 3534 2302 3586 παθεῖν
2327 3533 2462 3603 πρὸς
2498 3531 2751 3585 τοσοῦτον
2781 3532 2913 3601 ὕψος
2947 3533 3160 3603 ὁρῶντα
3207 3534 3275 3586 τὰ
3313 3532 3484 3586 ὕδατα
3518 3536 3791 3607 κορυιίςού⁶

2112 3632 2282 3684 μενας
2327 3612 2553 3668 Ἐπάνω
2585 3613 2718 3684 γὰρ,
2762 3614 2914 3684 φησὶ,
2947 3613 3064 3668 τῶν
3087 3616 3270 3684 ὀρέων
3300 3615 3630 3671 δεκαπέντε
3671 3618 3791 3687 πή-

2111 3714 2236 3765 χεις
2259 3695 2468 3764 ὑψώθη
2502 3696 2566 3749 τὸ
2594 3695 2770 3764 ὕδωρ.
2813 3695 3218 3766 Ἀναμνήσθητί
3255 3713 3342 3766 μοι
3370 3697 3624 3764 ἐνταῦθα,
3652 3701 3792 3767 ἀγα·

2112 3780 2267 3848 πητὲ,
2297 3779 2406 3831 τῶν
2434 3779 2582 3850 παρά
2610 3778 2703 3832 τοῦ
2731 3779 3002 3831 Δεσπότου
3027 3778 3321 3850 ῥηθέντων,
3345 3781 3433 3832 ὅτε
3459 3781 3645 3848 ἔλεγεν
3663 3797 3677 3812 ο
3706 3784 3791 3836 Οὐ

2103 3861 2189 3930 μὴ
2247 3863 2573 3930 καταμείνῃ
2625 3863 2690 3914 τὸ
2737 3860 2980 3930 Πνεῦμά
3009 3879 3131 3930 μου
3174 3863 3243 3916 ἐν
3291 3863 3414 3929 τοῖς
3452 3861 3794 3931 ἀνθράλτεοις

2110 3945 2364 4009 τούτοις,
2413 3943 2512 3997 διὰ
2559 3943 2626 3998 τὸ
2668 3938 2822 3997 εἶναι
2875 3943 3099 4010 αὐτοὺς
3142 3944 3401 4013 σάρκας
3448 3946 3543 3998 καὶ
3583 3945 3792 3998 πάλιν·

2124 4026 2436 4094 Ὲφθάρηή
2475 4025 2572 4096 γῆ,
2605 4026 2700 4080 καί
2731 4025 3009 4094 ἐπλήσθη
3047 4028 3087 4097 ἡ
3126 4025 3202 4098 τῆ
3237 4026 3350 4096 τῆς
3373 4027 3629 4092 ἀδικίας·
3671 4027 3790 4093 καὶ,

2111 4106 2252 4164 Εἷδε
2271 4110 2489 4176 Κύριος
2513 4109 2625 4175 τὴν
2645 4108 2783 4177 γῆν,
2801 4109 2900 4162 καὶ
2924 4105 3006 4178 ἦν
3034 4109 3510 4179 κατεφθαρμένῃ,
3537 4110 3627 4163 ὅτι
3651 4127 3791 4164 κατ-

2111 4193 2344 4261 έφθειρε
2383 4189 2551 4246 πᾶσα
2592 4191 2748 4258 σὰρξ
2803 4191 2919 4258 τὴν
2955 4191 3099 4246 ὁδὸν
3142 4192 3352 4262 αὐτῆς.
3411 4194 3564 4247 Ἐπεὶ
3608 4195 3792 4246 τοίνυν

2110 4275 2405 4344 ὁλοκλήρου
2433 4273 2731 4343 καθαρσίου
2762 4272 2930 4326 ἐδεῖτο
2957 4277 2990 4344 ὴ
3025 4276 3340 4348 οἰκουμένη,
3376 4278 3471 4330 καὶ
3500 4277 3670 4348 ἐχρῆν
3699 4277 3793 4330 αύ-

2110 4357 2209 4426 τὴν
2242 4355 2458 4409 ἅπαντα
2484 4353 2576 4406 τὸν
2614 4353 2785 4420 ῥύπον
2815 4354 3291 4426 ἀποκαθάρασθαι,
3335 4358 3430 4410 καὶ
3465 4357 3566 4428 τὴν
3602 4357 3791 4430 ζύμην

2112 4438 2329 4490 ἀπασαν
2372 4437 2471 4506 τῆς
2521 4435 2899 4507 προλαϐούσης
2947 4439 3212 4509 πονηρίας
3262 4440 3652 4510 ἀναιρεθῆναι,
3697 4447 3791 4496 καὶ

2114 4521 2249 4592 μηδὲ
2283 4520 2426 4590 ἴχνος
2472 4519 2574 4588 τῆς
2619 4519 2816 4582 κακίας
2859 4521 3273 4593 ἀπολειφθῆναι,
3314 4522 3430 4576 ἀλλ’
3447 4521 3640 4595 ὥσπερ
3656 4527 3789 4579 ἀνα-

2113 4604 2447 4674 στοιχείωσίν
2489 4619 2610 4656 τινα
2648 4603 2922 4672 γενέσθαι,
2964 4604 3214 4678 καθάπερ
3251 4607 3504 4677 τεχνίτης
3543 4609 3787 4677 ἀριστος,

2113 4688 2329 4742 ἐπειδὰν
2355 4686 2496 4758 λάϐῃ
2517 4685 2708 4750 σκεῦος
2742 4687 2846 4740 ὑπὸ
2875 4686 2968 4739 τοῦ
3008 4688 3198 4757 χρόνου
3227 4691 3537 4744 παλαιωθέν
3568 4692 3664 4744 καὶ
3695 4710 3790 4746 κα·

2111 4768 2483 4836 ταδαπανηθέν
2508 4809 2521 4830 ,
2551 4767 2627 4830 ὠς
2680 4770 2881 4832 εἰπεῖν,
2913 4768 3019 4821 ὑπὸ
3051 4769 3144 4822 τοῦ
3180 4772 3280 4835 ἰοῦ,
3326 4772 3420 4825 καὶ
3447 4774 3526 4836 είς
3565 4774 3630 4826 τὸ
3679 4775 3792 4846 πῦρ

2112 4852 2266 4926 [240]
2298 4851 2571 4922 ἐμϐαλὼν,
2594 4852 2689 4904 καὶ
2713 4853 3137 4924 παρασκευάσας
3165 4856 3340 4908 πάντα
3365 4857 3456 4910 τὸν
3485 4857 3563 4910 ίὸν
3589 4859 3790 4913 ἀποθέ-

2113 4938 2254 4993 σθαι,
2283 4934 2644 5006 μεταπλάττσι
2670 4935 2760 4987 καὶ
2778 4939 3195 5004 μετασκευάζει,
3217 4941 3310 4993 καὶ
3328 4941 3407 5003 είς
3433 4942 3532 5011 τὴν
3553 4943 3793 5013 ἀρχαίαν

2111 5020 2412 5091 εὐμορφίαν
2444 5017 2739 5086 ἐπανάγειο
2780 5018 2923 5071 οὕτω
2963 5022 3055 5072 καὶ
3089 5022 3118 5072 6
3162 5023 3488 5093 Δεσπότηςὸ
3517 5027 3792 5098 ἡμέτερος

2112 5104 2330 5158 ἃπασαν
2370 5103 2470 5174 τὴν
2497 5102 2822 5172 οἰκουμένην
2859 5101 2950 5156 διὰ
2985 5103 3079 5157 τοῦ
3105 5105 3227 5158 τότε
3267 5108 3659 5179 κατακλυσμοῦ
3694 5129 3792 5164 κα-

2114 5187 2305 5259 θάρας,
2337 5188 2431 5242 καί
2457 5187 2532 5251 ὡς
2563 5188 2761 5251 εἰπεῖν,
2796 5185 3170 5258 ἐλευθερώσας
3203 5190 3301 5261 τῆς
3333 5191 3532 5254 κακίας
3555 5192 3670 5246 τῶν
3700 5193 3792 5246 ἀν·

2113 5271 2366 5343 θρώπων,
2397 5268 2606 5324 καὶτοῦ
2641 5269 2942 5340 μολυσμοῦ,
2963 5271 3056 5324 καὶ
3083 5271 3185 5340 τῆς
3214 5272 3421 5345 φθορᾶς
3441 5273 3543 5343 τῆς
3563 5273 3787 5344 πολλῆς,

2113 5354 2500 5427 λαμπροτέραν
2541 5352 2711 5422 αὐτὴν
2750 5353 3158 5422 ἀπειργάσατο,
3203 5355 3407 5408 ἄνωθεν
3448 5357 3580 5427 ήμῖν
3611 5355 3791 5423 δείξας

2113 5437 2280 5506 αὐτῆς
2306 5435 2527 5506 φαιδρὸν
2571 5432 2634 5486 τὸ
2672 5433 2983 5504 πρόσωπον,
3034 5437 3127 5488 καὶ
3171 5437 3229 5489 ού
3264 5440 3629 5510 συγχωρήσας
3666 5440 3788 5493 ούδὸ

2116 5521 2259 5590 [χνος
2298 5517 2398 5588 τῆς
2438 5516 2710 5587 προτέρας
2739 5515 3018 5587 ἀμορφίας
3054 5518 3499 5590 καταλειφθῆναι.
3533 5520 3786 5589 Ὑψὼθη,

2113 5604 2298 5672 φησὶν,
2320 5599 2521 5653 ἐπάνω
2550 5597 2670 5652 τῶν
2697 5598 2883 5666 ὀρέων
2907 5598 3232 5655 δεκαπέντε
3262 5601 3478 5672 πήχεις
3513 5603 3578 5655 τὸ
3607 5602 3786 5672 ὕδωρ.

2113 5687 2224 5751 Οὐχ
2251 5681 2437 5746 ἁπλῶς
2461 5683 2593 5752 ἡμῖν
2614 5681 2787 5736 ταῦτα
2817 5683 3085 5752 διηγεῖται
3115 5686 3150 5756 ή
3183 5685 3532 5758 Γρα-φὴ,νάλλ’
3562 5686 3652 5740 ῖνα
3677 5687 3781 5756 μά-

2115 5769 2319 5836 θωμεν,
2359 5767 2440 5819 ὃτι
2470 5768 2528 5819 οὐ
2575 5767 2735 5835 μόνον
2766 5767 3065 5837 ἄνθρωποι,
3096 5767 3194 5820 καὶ
3236 5769 3430 5839 κτήνη,
3459 5769 3556 5822 καὶ
3591 5769 3781 5840 τετρά·

2115 5848 2270 5916 ποδα,
2293 5848 2384 5902 καὶ
2426 5848 2630 5920 ὲρπετά
2657 5847 2964 5919 ὑποϐρύχια
2996 5849 3238 5919 γέγονεν,
3287 5850 3425 5906 ἀλλὰ
3468 5853 3559 5906 καὶ
3586 5851 3654 5906 τὰ
3694 5865 3781 5905 πι-

2176 5986 2197 6014 c
2225 5989 2325 6045 Mil
2365 6001 2476 6041 cum
2501 5989 2631 6043 Bibl.
2661 5992 2741 6041 καὶ
2776 5991 3069 6058 ἐπεκάλυψεν
3096 5995 3297 6043 ἅπαντας.
