4054 6312
225 401 320 457 225

223 530 243 589 ί
267 518 420 574 Hebr.
448 517 539 571 ll.
573 515 606 568 7
632 513 677 584 ).
715 503 898 564 Vidisti
928 494 1195 574 quomodo
1223 491 1356 547 fides
1381 491 1433 544 in
1462 489 1628 542 Deum
1659 495 1810 554 quast

225 624 403 670 secura
430 606 684 680 quaedam
714 597 965 662 anchora,
995 589 1137 654 fecit,
1170 593 1231 640 ut
1254 596 1431 638 arcam
1456 575 1691 634 construi
1717 588 1838 628 cn-

225 712 402 767 mret,
429 663 484 755 et
510 698 635 766 ejus
668 688 1046 748 habitationem
1075 675 1403 736 sustineret?
1428 671 1559 728 Nam
1593 667 1708 721 lure
1744 663 1817 718 illi

226 809 276 852 et
302 755 488 850 salutis
517 755 621 844 fuit
649 782 882 844 occasio,
914 777 1018 833 Per
1038 789 1192 846 quam
1211 812 1226 838 ,
1259 766 1450 838 inquit,
1474 755 1820 816 condemnavit

227 888 485 952 eumdem,
513 892 564 938 et
583 881 700 952 ejus
725 890 836 948 qui?
854 868 1131 927 secundum
1152 862 1306 933 fidem
1326 866 1400 913 est
1415 851 1631 926 jastitite
1657 851 1822 920 factus

329 941 522 1031 lieres:
551 941 664 1028 non
703 941 845 1039 quod
869 963 984 1034 ipse
1023 956 1182 1013 fuerit
1210 950 1380 1023 'judex
1406 989 1421 1014 ,
1449 941 1711 1039 -sed_qtiia
1735 951 1822 1039 lex

229 1065 633 1138 comparatione
692 1029 1194 1114 condemnationem
1257 1040 1513 1096 Dominus
1573 1029 1820 1088 inducit:

231 1133 362 1221 cum-
388 1160 534 1216 enim
564 1153 756 1212 eadem
799 1144 1080 1204 habuerint
1107 1153 1223 1209 qua:
1267 1135 1443 1205 justus
1470 1170 1482 1194 ,
1513 1141 1618 1180 non
1647 1133 1825 1177 tamen

235 1255 475 1312 eamdem
523 1247 743 1302 virtutis
791 1243 928 1295 viam
957 1231 1182 1305 ingressi
1214 1234 1337 1282 sunt
1368 1241 1383 1279 :
1417 1236 1511 1305 per
1541 1217 1698 1272 fidem
1723 1227 1824 1284 qua

235 1346 481 1422 prmditus
509 1341 631 1408 fuit,
657 1304 1035 1397 condemnavit
1065 1337 1160 1380 eos
1188 1320 1276 1391 qui
1299 1324 1459 1371 tanta:
1497 1309 1710 1366 fuerunt
1743 1304 1826 1357 in-

231 1401 557 1495 credulitatis
575 1471 593 1497 ,
616 1401 681 1485 ut
707 1419 1032 1494 prxdictioni
1061 1428 1165 1469 non
1191 1409 1488 1465 crederent.
1513 1401 1625 1469 Ego
1651 1407 1827 1450 autem

233 1542 349 1584 cum
371 1524 492 1580 aliis
517 1519 770 1576 omnibus
798 1514 1048 1568 virtutem
1075 1505 1234 1558 etiam
1261 1497 1390 1568 justi
1418 1492 1657 1549 admiror
1676 1527 1690 1550 ,
1721 1486 1821 1540 Do-

236 1619 468 1687 mluique
533 1610 829 1669 bonitatem
883 1612 937 1657 et
985 1594 1304 1653 ineffabilem
1369 1579 1828 1641 misericordiam,

235 1666 756 1782 quandovconsidero
783 1689 1050 1767 quomodo
1074 1682 1302 1757 potuerit
1344 1674 1545 1731 versari
1573 1672 1628 1727 in
1655 1666 1832 1723 medio

242 1764 528 1857 Latiarem
552 1832 569 1858 ,
614 1764 832 1845 leonum
877 1782 998 1838 dico
1021 1819 1036 1844 ,
1071 1774 1357 1848 pardorum
1383 1809 1401 1837 ,
1441 1776 1687 1820 ursorum
1711 1799 1729 1827 ,
1778 1764 1834 1812 et

237 1890 454 1944 aliarum
480 1881 766 1939 immitium
794 1875 1047 1930 ferarum.

308 1942 424 2035 Nos
463 1973 682 2031 restituit
731 1966 866 2039 quod
906 1962 1072 2018 Adam
1113 1955 1406 2013 abstulerat.
1433 1978 1504 1990 -—
1528 1942 1832 2001 Recordare

242 2072 344 2134 tiic,
372 2069 604 2135 dilecte,
625 2035 875 2121 obsecro,
901 2058 1115 2125 quanta:
1140 2043 1413 2117 dignitatis
1444 2038 1601 2094 fuerit
1631 2035 1834 2104 primus

243 2124 399 2219 homo
442 2124 1030 2215 ante'inobedientiam
1059 2160 1073 2197 :
1105 2149 1160 2196 et
1201 2138 1296 2192 Dei
1326 2133 1616 2190 bonitatem
1655 2124 1834 2180 animo

243 2258 488 2313 observa.
524 2252 879 2315 Posteaquam
924 2237 1069 2294 enim
1115 2233 1257 2288 illius
1284 2221 1651 2298 prazvaricatio
1696 2217 1837 2270 hanc

244 2355 561 2420 potestatem
593 2312 750 2394 nobis
785 2334 968 2389 datam
1009 2325 1381 2382 imminuerat,
1433 2312 1634 2370 invenit
1657 2315 1835 2363 autem

246 2400 416 2497 bon—us
443 2435 703 2490 Dominus
727 2427 888 2481 alium
913 2420 1106 2479 virum,
1129 2413 1220 2486 qui
1242 2409 1408 2481 potuit
1428 2416 1679 2476 reparare
1709 2400 1838 2454 in.a-

247 2532 421 2602 ginem
449 2523 752 2596 pristinam,
775 2522 829 2570 ct
856 2524 1073 2569 servare
1101 2502 1311 2559 virtutis
1335 2499 1694 2559 characteres,
1728 2504 1837 2544 ma-

1006 2601 1012 2602 '
1084 2597 1096 2602 ‘
1170 2595 1202 2602 "
1303 2592 1314 2602 '
1602 2601 1614 2602 κ
1636 2600 1644 2602 .
1682 2581 1794 2602 .--ιὲι
1822 2597 1835 2602 -

249 2581 512 2692 Enamque
545 2615 600 2670 in
631 2581 896 2667 mandatis
924 2601 1018 2657 Dei
1048 2592 1404 2653 obedientiam
1446 2603 1558 2659 pra:
1596 2600 1657 2639 se
1682 2581 1837 2644 tulit;

249 2674 441 2765 iterum
464 2706 531 2762 ad
556 2704 782 2775 primum
807 2697 1064 2752 honorem
1080 2703 1201 2745 eum
1228 2681 1456 2747 reducit,
1475 2675 1624 2750 quasi
1642 2674 1843 2728 docens

255 2762 349 2856 nos
374 2762 647 2868 operibus,
673 2794 925 2860 quautam
956 2785 1269 2851 potestatem
1301 2772 1470 2826 Adam
1500 2776 1623 2822 ante
1650 2762 1841 2818 inobe-

211 2916 214 2918 τ
255 2857 504 2945 dientiam
534 2857 802 2938 habuerit.
829 2873 1011 2931 Virtus
1037 2869 1216 2937 itaque
1238 2863 1367 2934 justi
1396 2859 1574 2916 divina
1601 2857 1844 2913 clemen—

259 2985 328 3039 tia
373 2978 552 3050 adjuta
597 2973 824 3044 primum
868 2960 1135 3034 reparavit
1175 2953 1510 3015 dominium,
1558 2946 1847 3015 bestiteque

260 3033 457 3131 lterum.
476 3033 866 3137 subiectionem
905 3033 1256 3126 agnoverunt.
1285 3043 1418 3100 Cum
1452 3042 1594 3097 enim
1636 3037 1740 3092 illa:
1769 3033 1845 3088 vi-

260 3165 432 3222 derint
465 3131 666 3232 justum
692 3195 708 3220 ,
739 3148 1124 3207 obliviscuntur
1163 3147 1368 3196 natura:
1398 3149 1508 3189 sua:
1539 3150 1551 3185 :
1582 3131 1692 3184 imo
1740 3141 1845 3180 non

260 3219 498 3320 naturae:
523 3250 621 3308 sed
643 3219 968 3306 ferociie;et
1005 3244 1207 3290 natura:
1235 3230 1444 3284 insitam
1493 3224 1750 3278 feritatem
1797 3219 1847 3270 in

263 3309 718 3406 mansuetudinem
769 3338 1104 3391 convertunt.
1154 3324 1220 3378 Et
1266 3319 1385 3374 vide
1435 3311 1702 3385 quomodo
1753 3309 1852 3361 hoc

263 3402 430 3512 ipsum
475 3431 680 3491 Danicli
707 3422 946 3482 chtterit
974 3417 1148 3494 (Dan.
1181 3413 1232 3469 6.
1276 3409 1346 3464 2‘2
1366 3409 1404 3480 ).
1436 3406 1532 3460 llic
1560 3402 1701 3457 enim
1730 3414 1854 3454 cum

261 3496 298 3586 al
322 3528 566 3585 leonibus
589 3516 1031 3578 circumdaretur,
1061 3505 1214 3577 quasi
1237 3503 1304 3556 ab
1329 3498 1516 3553 ovibus
1543 3496 1849 3563 stiparetnr,

263 3581 633 3685 ;ie—iulrepide
662 3607 856 3679 agebat
889 3622 900 3656 :
932 3593 1362 3672 quandoquidem
1402 3587 1528 3658 justi
1561 3583 1747 3638 fiducia
1780 3581 1857 3636 fe-

263 3724 442 3768 rarum
485 3683 729 3762 naturam
772 3694 1054 3756 frenabat,
1087 3702 1185 3743 nec
1210 3683 1419 3740 sinebat
1447 3688 1502 3733 ut
1530 3683 1752 3748 agerent
1794 3689 1854 3726 ea

263 3817 382 3874 qua:
409 3799 537 3856 fera:
564 3794 757 3850 solent.
785 3786 953 3845 Simili
985 3781 1143 3838 modo
1166 3779 1327 3835 etiam
1355 3771 1600 3843 egregius
1627 3769 1714 3822 ille
1741 3781 1857 3819 ma-

265 3867 364 3965 gna
408 3888 662 3947 facilitate
701 3883 932 3938 ferarum
977 3872 1179 3931 ferebat
1221 3867 1522 3923 convictum
1547 3903 1562 3928 ,
1595 3870 1648 3917 et
1689 3870 1862 3926 neque

265 3949 363 4040 loci
390 3979 651 4052 angustia,
677 3987 853 4043 neque
874 3965 1128 4036 temporis
1144 3959 1508 4022 diuturnitate,
1527 3967 1698 4023 neque
1721 3949 1861 4021 qttod

268 4079 344 4133 sic
375 4073 612 4130 inclusus
637 4073 781 4123 esset
818 4075 874 4116 ut
905 4072 1085 4115 aerem
1115 4053 1384 4124 respirare
1423 4065 1526 4103 non
1555 4053 1730 4116 posset
1760 4082 1777 4108 ,
1810 4040 1862 4095 in

270 4179 538 4238 torporem
568 4171 622 4218 et
645 4170 895 4215 nauseant
919 4154 1034 4224 ipse
1058 4145 1472 4217 conjiciebatur:
1495 4140 1588 4196 sed
1611 4139 1680 4194 ob
1707 4135 1866 4191 fidem

269 4261 322 4316 in
351 4259 522 4315 Deum
550 4251 727 4307 omnia
754 4248 854 4319 ipsi
883 4243 1061 4299 facilia
1091 4237 1411 4294 videbantur
1433 4276 1447 4299 ,
1481 4240 1538 4287 et
1577 4229 1656 4285 sic
1680 4241 1861 4283 versa-

269 4352 420 4407 batur
448 4350 501 4403 in
534 4355 673 4401 tetro
703 4341 795 4396 illo
819 4351 1056 4398 carcere,
1080 4333 1217 4386 sicut
1241 4345 1340 4384 nos
1362 4331 1413 4382 in
1437 4324 1602 4397 pratis
1628 4330 1682 4378 ct
1711 4321 1866 4376 lucis.

270 4446 605 4510 Pra-ceptum
645 4434 787 4491 enim
819 4427 1028 4485 Domini
1061 4421 1362 4486 efﬁciebat,
1404 4428 1460 4472 ιιι
1487 4413 1724 4472 difficilia
1767 4408 1866 4482 ip-i

271 4535 445 4592 facilia
489 4530 818 4586 viderentur.
847 4521 994 4576 Talis
1026 4518 1168 4573 enim
1198 4515 1463 4585 justorum
1509 4520 1625 4561 mos
1652 4511 1735 4560 est
1759 4543 1773 4562 .
1815 4511 1874 4556 ut

270 4629 490 4702 quando
513 4619 711 4693 aliquid
738 4625 951 4688 propter
973 4613 1139 4667 Deum
1169 4609 1461 4678 patiuntur,
1492 4616 1597 4657 non
1620 4611 1706 4654 res
1731 4597 1872 4665 ipsas

271 4690 387 4794 qua:
417 4719 552 4774 ﬁunt
578 4690 860 4785 spectent,
891 4705 984 4762 sed
1013 4716 1226 4760 causam
1259 4713 1440 4754 secum
1468 4690 1834 4762 expendentes
1855 4729 1870 4754 ,

275 4781 430 4868 facile
459 4781 637 4862 omnia
666 4804 855 4857 ferant.
878 4792 1313 4867 Quandoquidem
1336 4797 1389 4844 et
1408 4785 1618 4850 Paulus,
1636 4781 1874 4853 gentium

280 4904 489 4964 doctor,
508 4894 740 4958 vincula,
763 4890 829 4945 ad
849 4886 1133 4943 tribunalia
1163 4879 1532 4938 abductiones,
1564 4871 1875 4943 quotidiana

280 4989 516 5062 pericula
546 5028 559 5050 ,
609 4984 802 5039 multas
845 4978 965 5035 illas
1005 4984 1060 5030 ct
1105 4968 1474 5028 intolerabiles
1519 4964 1874 5025 afﬂictioues,

282 5053 423 5141 leves
452 5078 675 5135 vocabat
703 5091 720 5142 ;
747 5088 850 5128 non
872 5067 1012 5141 quod
1042 5075 1230 5122 natura
1258 5062 1392 5118 tales
1411 5065 1611 5125 essent,
1636 5056 1728 5112 sed
1754 5053 1878 5126 quia

280 5192 463 5240 causa,
493 5179 710 5242 pmpter
736 5180 893 5236 quam
924 5159 1239 5217 accidebant
1259 5198 1273 5221 ,
1303 5155 1460 5210 talem
1487 5152 1533 5207 ei
1560 5149 1878 5207 sententiam

281 5263 630 5336 ingenerabat
651 5301 664 5324 ,
698 5268 754 5313 ut
780 5258 953 5324 neque
982 5252 1318 5316 adverteret,
1349 5247 1392 5301 si
1421 5259 1522 5317 qua
1545 5243 1723 5314 gravia
1758 5243 1878 5296 talia

285 5353 621 5410 ohveuircut.
654 5347 789 5402 Audi
819 5345 960 5400 enim
991 5342 1136 5396 illum
1159 5339 1426 5394 dicentem
1451 5353 1464 5389 :
1492 5335 1629 5388 Nam
1655 5348 1878 5385 momen-

287 5459 432 5501 tunea
451 5443 625 5498 leuitas
646 5436 925 5509 aﬂlictionis
961 5442 1164 5496 nostris,
1189 5430 1312 5483 mire
1333 5444 1489 5495 supra
1509 5424 1712 5478 modum
1735 5431 1881 5476 azter-

289 5557 404 5594 nun:
436 5537 638 5608 pondus
666 5531 844 5603 gloria
877 5536 1112 5598 operatur
1145 5526 1196 5577 in
1224 5523 1365 5605 nobis
1400 5519 1492 5590 (‘2.
1521 5511 1638 5572 Cor:
1669 5518 1721 5570 4.
1755 5517 1816 5568 Π

287 5628 657 5700 Evspcctatio,
685 5623 872 5692 inquit,
904 5618 1086 5690 gloria:
1109 5599 1265 5686 quam
1289 5624 1655 5680 assequemur,
1687 5615 1739 5660 et
1767 5622 1884 5675 per-

296 5696 458 5795 petuae
491 5720 638 5775 illius
658 5713 921 5770 felicitatis
949 5710 1000 5765 id
1029 5709 1138 5778 agit
1163 5714 1220 5759 ut
1246 5703 1428 5758 leviter
1457 5707 1687 5754 feramus
1715 5696 1888 5751 eunti-

291 5830 421 5870 nuas
446 5813 565 5866 illas
593 5806 910 5862 afflictioucs
957 5802 1204 5869 levesque
1226 5796 1341 5852 illas
1363 5793 1673 5850 habeamus.
1702 5787 1888 5844 Vidisti

1388 371 1544 430 car.
1589 370 1702 426 vu.
1742 324 1986 426 GENES.
2030 364 2261 420 ttoutL.
2308 361 2477 416 xxv.

3420 348 3522 404 9.26

1925 476 2193 548 quomodo
2231 489 2380 529 amor
2411 473 2463 527 in
2495 472 2659 526 Deum
2683 474 3000 540 gravitatem
3029 462 3393 518 molestiarum
3421 461 3523 516 im-

1923 569 2143 634 minuit,
2174 582 2347 636 neque
2387 563 2513 620 sinit
2543 571 2600 617 ut
2627 561 2736 616 ullo
2765 575 2952 616 earum
2991 571 3153 611 sensu
3181 554 3480 610 aﬂieiamur
3505 554 3526 607 't

1935 661 2078 716 Sane
2107 660 2178 715 ob
2209 660 2312 714 hoc
2353 668 2405 712 et
2441 658 2628 712 beatus
2673 655 2763 709 ille
2799 652 2980 708 omnia
3021 649 3256 704 suaviter
3285 645 3487 700 ferebat
3511 685 3526 709 ,

1928 761 2111 820 utpote
2139 751 2225 820 qui
2253 749 2357 803 fide
2379 757 2432 802 et
2453 761 2549 816 spe
2576 747 2627 800 in
2658 745 2827 800 Deum
2861 740 3196 812 pascebatur.
3231 736 3298 792 Et
3321 737 3530 800 clausit,

1928 844 2117 915 inquit,
2143 841 2390 895 Dominus
2407 839 2546 893 Deus
2563 837 2754 907 deforis
2776 835 2912 888 illius
2933 848 3125 886 arcam.
3149 831 3232 884 Π.
3251 826 3320 882 Et
3341 829 3532 898 factum

1929 945 2004 990 est
2028 935 2278 988 diluvium
2302 931 2644 1003 quadraginta
2669 926 2841 982 diebus
2862 935 2909 980 et
2928 923 3269 997 quadraginta
3298 919 3529 1000 noctibus

1929 1031 2351 1095 super'terram:
2379 1030 2425 1076 et
2449 1018 2862 1092 superferebatur
2888 1031 3031 1070 arca.
3065 1010 3296 1068 Attende
3344 1007 3536 1064 iterum

1931 1114 2200 1186 quomodo
2229 1115 2534 1182 narratione
2583 1117 2774 1181 augeat
2823 1118 3126 1171 terrorem,
3178 1112 3233 1158 et
3277 1109 3531 1171 aggravet

1933 1206 2151 1260 factum.
2181 1178 2488 1261 Faclumcest
2509 1178 2676 1266 enim,
2709 1200 2898 1268 inquit,
2924 1197 3168 1250 diluvium
3198 1178 3538 1264 quadraginta

1931 1296 2107 1350 diebus
2134 1309 2182 1349 et
2213 1295 2554 1364 quadraginta
2580 1290 2805 1345 noctibus
2826 1331 2840 1354 ,
2866 1287 3184 1356 muliplicata
3213 1293 3285 1337 est
3309 1298 3462 1353 aqua,
3489 1291 3535 1334 et

1934 1385 2139 1440 elevavit
2178 1400 2383 1448 arcam,
2411 1392 2455 1435 et
2485 1382 2708 1435 emittite
2741 1389 2815 1434 est
2848 1395 2879 1432 a
2909 1387 3064 1431 terra.
3111 1375 3198 1430 18.
3227 1372 3294 1427 Et
3324 1372 3538 1430 invaluit

1934 1492 2084 1546 aqua,
2117 1487 2162 1529 et
2189 1474 2528 1544 multiplicata
2557 1482 2628 1526 est
2649 1470 2794 1526 raldc
2816 1486 2968 1538 super
3000 1477 3209 1531 terram,
3241 1474 3287 1519 et
3314 1463 3532 1534 superfe-

1935 1567 2136 1621 rcbatur
2165 1581 2284 1619 arca
2310 1580 2462 1633 super
2485 1577 2696 1633 aquam;
2742 1561 2829 1616 l9.
2855 1576 2990 1630 aqua
3016 1569 3186 1612 autem
3205 1553 3538 1610 invalesctbat

1935 1655 2084 1711 valde
2122 1655 2436 1708 vehementer
2460 1668 2612 1722 super
2639 1661 2846 1704 terrain.

2016 1747 2069 1803 6.
2114 1747 2249 1802 Vide
2278 1744 2549 1816 quomodo
2569 1742 2854 1812 diligenter
2883 1746 3066 1794 narrat
3095 1750 3341 1807 magnam
3371 1750 3510 1805 aqua

1938 1830 2056 1894 rum
2084 1839 2214 1905 vim,
2241 1845 2297 1892 et
2320 1834 2688 1907 quotidianum
2716 1829 3104 1887 exundantium
3134 1827 3342 1880 illarum
3369 1824 3546 1880 iucre-

1938 1937 2201 1986 mentum.
2230 1926 2578 1982 lnvalescebat
2604 1925 2749 1981 enim
2790 1939 2925 1992 aqua
2946 1963 2963 1990 ,
2987 1920 3190 1992 inquit,
3223 1917 3370 1972 valde
3405 1916 3550 1970 velte-

1939 2030 2132 2078 menter
2158 2037 2178 2075 :
2203 2030 2251 2075 et
2277 2017 2539 2089 occupavit
2566 2032 2740 2071 omnes
2764 2023 2958 2073 montes
2986 2011 3247 2079 excelsos,
3292 2009 3382 2080 qui
3405 2015 3550 2062 erant

1943 2111 2037 2168 sub
2061 2112 2209 2166 ctvlo.
2244 2111 2336 2167 20.
2365 2107 2664 2177 Quindecim
2691 2104 2872 2160 cubitis
2899 2104 2950 2158 in
2977 2102 3193 2158 sublime
3218 2101 3446 2154 excitata
3476 2107 3552 2153 est

1940 2221 2090 2274 aqua,
2123 2214 2171 2258 et
2208 2203 2406 2273 aperuit
2438 2216 2612 2255 omnes
2640 2207 2853 2252 montes.
2883 2195 3075 2250 Merito
3104 2191 3375 2247 ordinavit
3401 2190 3552 2245 beni-

1940 2311 2079 2368 gnus
2104 2295 2362 2350 Dominus
2382 2291 2556 2374 claudi
2591 2304 2790 2356 arcam,
2823 2297 2877 2342 ut
2903 2303 2972 2341 ne
3001 2284 3206 2340 videret
3226 2284 3405 2354 justus
3432 2298 3555 2353 quze

1944 2387 2163 2442 fiebant.
2209 2385 2344 2441 Nam
2387 2385 2432 2440 si
2463 2398 2563 2438 nos
2591 2390 2711 2453 post
2746 2389 2823 2436 tot
2846 2393 3111 2453 annorum
3139 2390 3423 2430 numerum
3445 2414 3460 2438 ,
3504 2383 3559 2429 et

1949 2489 2074 2549 post
2100 2487 2176 2532 tot
2202 2475 2400 2531 sarcula
2433 2450 2721 2529 audientes
2748 2450 3029 2524 dumtaxat
3053 2465 3346 2536 Scriptura:
3375 2477 3560 2518 narra-

1947 2570 2148 2624 tionem
2181 2578 2328 2622 metu
2368 2575 2421 2621 et
2447 2575 2668 2634 Stupore
2712 2559 3039 2630 cori-ipimur
3070 2575 3085 2614 :
3115 2555 3242 2628 quid
3269 2554 3563 2611 verisimile

1947 2671 2030 2717 est
2050 2661 2254 2730 justum
2297 2658 2444 2713 illum
2491 2655 2660 2710 fuisse
2697 2666 2981 2724 passurum
3008 2690 3024 2716 ,
3052 2648 3098 2703 si
3142 2645 3361 2719 quidem
3392 2642 3564 2700 oculis

1949 2753 2169 2809 vidisset
2195 2748 2590 2813 intolerabilem
2617 2746 2761 2800 illam
2786 2741 3084 2815 abyssum?
3108 2737 3393 2808 Quomodo
3417 2738 3563 2792 enim

1950 2844 2212 2916 potuisset
2238 2841 2322 2896 vel
2346 2840 2412 2895 ad
2439 2839 2601 2893 breve
2628 2845 2837 2905 tempus
2858 2830 3151 2888 resistere?
3177 2843 3358 2883 annon
3383 2827 3564 2882 statim

1952 2939 2126 3008 primo
2167 2943 2385 3004 aspectu
2427 2929 2714 2986 defecisset
2759 2925 2939 2980 anima
2989 2924 3130 2979 illius
3178 2928 3286 2976 tota
3312 2960 3334 2989 ,
3376 2928 3432 2975 et
3458 2927 3566 2973 tant

1951 3042 2117 3098 grave
2161 3040 2224 3080 ac
2267 3024 2551 3078 molestum
2598 3015 2965 3089 spectaculum
2995 3012 3136 3069 ferre
3166 3011 3302 3066 ultra
3329 3024 3436 3065 non
3477 3022 3572 3078 po-

1956 3119 2143 3172 tuisset
2161 3116 2184 3166 ἲ
2203 3114 2390 3184 Cogita
2423 3125 2656 3181 namque
2682 3109 2768 3161 hic
2789 3149 2804 3173 ,
2850 3105 3045 3160 dilecte
3069 3145 3084 3171 ,
3132 3099 3404 3173 quomodo
3427 3113 3571 3154 nunc

1955 3224 2076 3264 cunt
2107 3221 2301 3276 parvus
2350 3203 2522 3258 imber
2554 3200 2789 3270 ingruit,
2821 3199 2874 3251 in
2904 3209 3106 3265 angore
3135 3209 3322 3250 sumus
3352 3234 3367 3260 ,
3398 3203 3449 3248 et
3497 3191 3565 3247 de

1960 3301 2246 3363 mtiverso,
2277 3295 2450 3366 deque
2478 3294 2592 3364 ipsa
2631 3287 3030 3362 quodammodo
3051 3287 3155 3340 vita
3191 3285 3562 3355 despcramus.

1958 3391 2094 3460 Quid
2138 3386 2614 3465 igiturvverisitnile
2654 3392 2772 3439 erat
2808 3383 3012 3452 justum
3045 3381 3191 3434 illum
3236 3388 3362 3433 tunc
3407 3377 3574 3432 fuisse

1961 3497 2262 3553 passurum,
2290 3480 2333 3534 si
2356 3480 2420 3533 ad
2445 3486 2643 3531 tantam
2666 3474 3050 3530 sublimitatem
3074 3471 3297 3526 vidisset
3315 3468 3576 3525 exztltatas

1964 3587 2130 3642 aquas
2155 3574 2178 3624 ἲ
2203 3569 2374 3638 Super
2401 3576 2594 3620 montes
2623 3566 2800 3630 enim,
2836 3562 3037 3633 inquit,
3065 3560 3356 3631 quindecim
3393 3559 3575 3612 cubitis

1963 3663 2185 3718 exaltata
2211 3671 2281 3715 est
2309 3675 2461 3729 aqua.
2493 3656 2797 3711 Recordare
2822 3655 2981 3724 igitur
3011 3654 3097 3706 hic
3120 3694 3134 3717 ,
3165 3651 3363 3706 dilecte
3387 3690 3402 3714 ,
3451 3664 3574 3704 ver-

1967 3754 2154 3809 borum
2184 3750 2415 3817 Domini,
2444 3747 2659 3819 quantlo
2687 3746 2900 3801 dicebat
2925 3761 2937 3798 :
2973 3743 3096 3797 Non
3115 3741 3426 3813 permanebit
3451 3739 3578 3810 δρία

1965 3848 2093 3902 ritus
2115 3861 2257 3900 meus
2285 3846 2336 3897 in
2365 3840 2648 3896 hominibus
2680 3839 2823 3905 istis,
2856 3853 2914 3890 eo
2955 3837 3090 3907 quod
3121 3837 3222 3905 ipsi
3245 3844 3362 3887 sunt
3401 3849 3580 3888 carnes

1974 3943 1993 4014 (
2017 3939 2144 3995 Gen.
2178 3940 2228 3995 6.
2255 3939 2288 3992 5
2314 3936 2332 4007 )
2359 3954 2374 4001 ;
2397 3944 2451 3988 ct
2478 3935 2671 3988 iterum
2697 3951 2711 3984 :
2743 3931 2995 3998 Corrupta
3025 3938 3098 3982 est
3120 3938 3273 3992 terra,
3299 3936 3345 3981 et
3373 3926 3582 3992 impleta

1970 4043 2042 4089 est
2089 4044 2224 4086 terra
2261 4029 2511 4101 injustitia
2544 4025 2722 4098 (Ibid.
2769 4039 2814 4076 v.
2858 4024 2981 4094 ll);
3013 4029 3067 4076 et
3090 4062 3108 4087 ,
3145 4019 3284 4074 Vidit
3327 4018 3581 4073 Dominus

1972 4135 2157 4180 terram
2179 4165 2195 4190 ,
2224 4132 2269 4178 et
2295 4133 2403 4177 erat
2445 4127 2687 4190 corrupta
2721 4133 2740 4169 .'
2779 4115 2898 4186 quia
2927 4123 3224 4184 corruperat
3255 4112 3420 4166 omnis
3461 4127 3582 4164 caro

1972 4221 2105 4274 viam
2135 4234 2281 4272 suam
2319 4217 2338 4288 (
2369 4213 2507 4268 Ibid.
2552 4229 2602 4267 υ.
2650 4210 2719 4268 12
2747 4208 2790 4282 ).
2844 4209 3027 4278 Itaque
3063 4209 3183 4277 quia
3217 4205 3486 4260 communi
3529 4214 3584 4258 ct

1977 4312 2179 4380 integra
2208 4305 2578 4378 puriﬁcatione
2604 4303 2753 4359 orbis
2783 4299 3085 4369 indigebat,
3119 4304 3173 4350 et
3201 4309 3336 4365 opus
3359 4303 3476 4350 erat
3515 4294 3587 4348 ab

1976 4420 2040 4461 eo
2061 4417 2273 4459 omnem
2297 4399 2560 4455 maculam
2587 4395 2752 4463 ablui,
2778 4401 2832 4450 et
2853 4407 3014 4447 oume
3040 4390 3358 4445 fermentum
3390 4388 3586 4457 prioris

1978 4497 2194 4554 malitia:
2223 4493 2453 4557 sustolli,
2484 4500 2537 4546 et
2576 4500 2750 4559 neque
2775 4485 3054 4555 vestigium
3087 4481 3302 4536 malitia:
3327 4478 3584 4549 relinqui,

1979 4589 2073 4645 sed
2102 4588 2252 4659 quasi
2281 4585 2668 4642 elementorum
2700 4577 3100 4634 rcnovatiouem
3122 4572 3406 4645 quamdam
3427 4569 3542 4625 fieri
3567 4588 3582 4624 :

1979 4682 2116 4737 sicut
2141 4680 2314 4735 bonus
2339 4675 2551 4742 artifex,
2583 4674 2629 4728 si
2659 4669 2873 4743 quando
2897 4669 3038 4723 videt
3071 4679 3165 4720 vas
3194 4662 3408 4733 aliquod
3438 4665 3590 4719 inve-

1983 4779 2214 4828 teratum
2234 4783 2264 4823 a
2282 4765 2527 4839 rubigine
2545 4762 2696 4834 quasi
2717 4757 2982 4824 consumi,
3006 4755 3205 4826 injecto
3225 4769 3290 4810 eo
3314 4754 3365 4809 iit
3385 4755 3585 4825 ignem,

1984 4866 2036 4921 id
2059 4875 2202 4920 curat
2230 4873 2285 4917 ut
2302 4858 2558 4933 quidquid
2586 4855 2747 4910 habet
2778 4851 3036 4922 rubiginis
3059 4849 3313 4918 deponat,
3334 4856 3390 4903 et
3412 4856 3586 4901 trans-

1983 4957 2272 5013 formatum
2303 4956 2356 5009 iu
2386 4951 2667 5023 pristinum
2699 4947 2946 5018 decorem
2981 4941 3202 4998 reducat
3243 4959 3256 4995 :
3298 4941 3370 4996 ita
3399 4948 3455 4995 et
3488 4941 3590 4994 Do-
3627 4949 3631 4953 ‘

1984 5049 2162 5104 minus
2187 5053 2371 5101 noster
2397 5052 2568 5097 totum
2595 5041 2779 5108 orbem
2805 5037 2906 5091 hoc
2931 5035 3134 5089 diluvio
3163 5034 3406 5104 purgavit
3425 5073 3441 5098 ,
3469 5041 3523 5087 et
3553 5047 3585 5086 a

1987 5140 2185 5196 malitia
2209 5136 2507 5196 hominum,
2539 5141 2599 5186 ut
2626 5131 2696 5185 ita
2725 5129 2919 5190 dicam,
2948 5136 3003 5183 et
3033 5142 3061 5180 a
3084 5124 3519 5194 coinquinatione
3541 5133 3598 5180 ct

1987 5230 2329 5299 corruptione
2351 5225 2513 5280 multa
2537 5220 2804 5286 liberavit,
2829 5229 2883 5274 et
2902 5218 3080 5274 denuo
3100 5217 3215 5288 ejus
3241 5216 3485 5270 restituta
3518 5213 3597 5270 fa-

1987 5325 2090 5390 cie,
2112 5319 2469 5392 pulchriorem
2503 5314 2646 5378 fecit,
2672 5313 2740 5365 ita
2771 5319 2828 5364 ut
2857 5323 2963 5364 non
2987 5307 3291 5378 permiserit
3312 5306 3396 5361 vel
3428 5306 3596 5359 vesti-

1987 5417 2130 5487 gium
2164 5411 2354 5481 prioris
2374 5404 2726 5461 deformitatis
2745 5402 2996 5472 relinqui.
3022 5400 3264 5456 Exaltata
3285 5408 3373 5465 est,
3407 5398 3597 5467 inquit,

1989 5523 2140 5576 super
2165 5511 2352 5557 montes
2372 5498 2657 5570 quindecim
2685 5495 2866 5549 cubitis
2894 5510 3044 5563 aqua.
3070 5492 3184 5546 Non
3213 5490 3308 5545 abs
3330 5504 3387 5544 re
3419 5498 3602 5543 narrat

1995 5601 2107 5653 ιιωο
2138 5595 2412 5664 Scriptura
2436 5634 2450 5658 ,
2479 5591 2572 5646 sed
2602 5599 2657 5644 tit
2681 5589 2948 5643 discamus
2983 5601 3090 5640 non
3130 5584 3302 5638 solum
3331 5582 3601 5645 homines,

1989 5694 2230 5761 jumenta
2249 5729 2262 5751 ,
2292 5682 2691 5756 quadrupedes,
2721 5679 2929 5750 reptilia
2958 5678 3235 5732 submersa
3267 5673 3432 5729 fuisse
3455 5715 3472 5739 ,
3503 5673 3599 5728 sed

1997 5796 2049 5841 ct
2073 5785 2316 5838 volucres
2335 5780 2475 5845 caeli,
2501 5786 2554 5834 et
2573 5787 2924 5846 quaecumque
2945 5771 2996 5827 in
3025 5768 3296 5826 montibus
3309 5761 3606 5838 degebant,
