4054 6312
524 305 620 358 237

519 420 657 472 feras
681 414 820 481 dico,
850 423 905 470 et
921 414 1023 469 alia
1048 415 1194 468 bruta
1222 416 1487 470 animalia.
1513 414 1712 468 Idcirco
1742 414 1910 469 dicit:
1935 410 2094 467 Eutr

519 521 624 560 tum
649 513 722 559 est
744 520 894 574 super
914 515 1103 559 montes
1127 505 1404 574 quindecim
1432 506 1606 558 cubitis
1635 521 1765 572 aqua
1792 521 1810 557 :
1841 514 1897 558 ut
1920 502 2097 557 discas

511 596 831 651 sententiam
868 595 1080 650 Domini
1116 611 1280 663 opere
1315 598 1624 666 impletatn;
1664 597 1872 650 dixetat
1910 596 2092 650 enim:

516 686 693 740 Adhuc
721 697 904 756 septem
929 684 1035 737 dies
1056 729 1073 755 ,
1103 680 1149 740 et
1176 689 1409 760 ind-ticam.
1429 687 1670 739 ditat-istm
1697 702 1846 755 super
1875 697 2058 738 terram
2079 725 2090 746 ,

515 797 560 838 et
593 785 766 838 delebo
785 774 978 838 onmem
1006 779 1355 843 substantiam,
1383 793 1533 846 quam
1559 777 1654 847 feci
1669 816 1683 842 ,
1713 792 1744 827 a
1769 778 1895 840 facie
1915 785 2110 846 terra,

513 874 575 928 ab
601 875 801 929 Ιιοωίηε
821 890 976 944 usque
1002 873 1071 926 ad
1093 886 1262 943 pecus,
1287 878 1333 922 et
1359 886 1391 922 a
1409 867 1669 936 reptilibus
1690 866 1930 936 usquead
1952 866 2094 918 uola-

513 967 622 1020 titia
642 966 752 1020 cati
774 967 791 1035 (
813 966 943 1021 Gen.
973 967 1028 1022 7.
1055 965 1090 1021 ι
1111 964 1150 1033 ).
1184 963 1310 1018 ηερε
1340 961 1490 1016 nobis
1516 974 1544 1014 a
1571 959 1845 1028 Scriptura
1871 971 2092 1013 narran-

513 1067 598 1110 tur
619 1095 634 1120 ,
667 1072 773 1111 non
801 1066 1004 1111 tantum
1035 1063 1092 1109 ut
1129 1055 1359 1108 sciamus
1381 1050 1442 1106 in
1470 1061 1719 1122 quamam
1761 1049 2092 1105 altitudinem

510 1163 663 1217 aqua!
689 1148 1018 1217 pervenerint
1047 1165 1059 1200 :
1085 1146 1177 1201 sed
1200 1156 1258 1198 ut
1281 1143 1436 1197 simul
1462 1143 1733 1196 videamus
1751 1142 1951 1196 nullum
1974 1155 2091 1195 om—

511 1240 639 1292 nino
665 1239 882 1304 animal,
921 1238 998 1293 vel
1027 1238 1211 1298 feram,
1239 1236 1318 1289 vel
1348 1235 1646 1302 jumentum
1674 1233 1914 1287 relictum
1937 1245 2088 1298 esse,

509 1329 600 1383 sed
629 1330 801 1383 omnia
829 1343 948 1384 cum
974 1328 1206 1382 humano
1237 1339 1431 1395 genere
1455 1325 1651 1379 deleta.
1682 1323 1938 1390 Quoniam
1966 1338 2092 1394 pro-

512 1434 627 1489 pter
648 1424 815 1490 ipsum
839 1423 1015 1475 omnia
1041 1421 1294 1490 producta
1326 1424 1494 1481 erant,
1520 1411 1640 1471 inde
1659 1417 1922 1470 abolendo
1945 1431 2087 1477 eum.

516 1514 704 1568 merito
731 1524 778 1566 et
819 1513 930 1567 hazc
961 1509 1219 1565 abolenda
1251 1501 1424 1562 erant:
1453 1509 1638 1562 Postea
1672 1506 1754 1561 ubi
1787 1507 1965 1560 docuit
1992 1522 2089 1563 nos

511 1604 563 1655 in
593 1614 840 1672 quantam
887 1602 1216 1655 altitudinem
1247 1600 1542 1652 accreverit
1575 1612 1830 1666 aquarum
1870 1608 2086 1666 natura,

510 1708 696 1759 ncntpe
721 1695 856 1760 quod
880 1693 979 1744 alta
1005 1692 1264 1745 montium
1284 1688 1557 1744 cacumina
1581 1687 1879 1756 quindecim
1901 1688 2090 1744 cubitis

511 1776 1661 1849 transcenderit,solitumsuamdiligentiam
1683 1791 1898 1833 servans
1923 1778 2050 1833 dicit
2075 1797 2086 1830 :

506 1870 595 1923 Et.
644 1869 704 1923 Et
744 1881 940 1924 mortua
979 1879 1050 1924 est
1075 1870 1234 1924 omnis
1272 1884 1391 1921 cura
1415 1911 1429 1933 ,
1454 1884 1564 1932 quae
1611 1869 1899 1921 movebatur
1943 1885 2092 1938 super

510 1972 714 2024 terram,
747 1962 1024 2015 volantium
1047 2002 1060 2026 ,
1085 1969 1130 2013 et
1150 1961 1516 2027 jumentorum,
1544 1968 1594 2010 et
1633 1962 1854 2028 ferarum
1879 1969 1926 2011 et
1945 1973 2092 2012 omne

508 2056 684 2122 reptile
718 2053 854 2121 quod
890 2052 1174 2104 movebatur
1199 2065 1349 2117 super
1369 2059 1554 2101 terram
1577 2088 1590 2110 ,
1624 2058 1670 2105 et
1696 2048 1857 2101 omnis
1901 2049 2049 2101 homo
2071 2090 2086 2115 ,

506 2144 591 2196 ἓξ.
617 2152 660 2196 et
681 2144 848 2195 omnia
867 2158 978 2210 quae
999 2142 1177 2193 habent
1197 2141 1430 2208 spiritum
1453 2139 1580 2202 uiue,
1601 2149 1645 2192 et
1670 2139 1967 2207 quicumque
1985 2147 2089 2193 erat

513 2251 664 2305 super
699 2234 895 2287 aridam
916 2277 928 2297 ,
973 2241 1197 2285 mortuus
1225 2242 1314 2283 est.
1353 2229 1533 2298 Neque
1560 2227 1660 2282 hoc
1686 2229 2000 2298 simpliciter
2037 2239 2090 2284 et

505 2327 702 2394 absque
727 2338 883 2377 causa
915 2324 1047 2378 dixit
1076 2341 1090 2376 :
1121 2320 1188 2374 Et
1219 2323 1379 2373 omnis
1409 2323 1492 2388 qui
1533 2323 1638 2372 erat
1669 2335 1820 2386 super
1847 2320 2046 2375 aridam
2073 2337 2090 2373 :

506 2415 598 2470 sed
625 2425 682 2469 ut
708 2426 758 2468 te
783 2415 971 2468 doceat
991 2427 1174 2467 omnes
1194 2412 1406 2481 quidem
1428 2411 1669 2480 periisse,
1687 2411 1885 2480 justum
1914 2421 2091 2468 autem

504 2508 673 2562 solum
714 2523 833 2560 cum
874 2507 1118 2561 omnibus
1151 2506 1223 2561 iis
1252 2507 1342 2575 qui
1385 2507 1436 2558 in
1465 2519 1584 2558 arca
1629 2513 1782 2560 erant
1817 2515 2090 2569 servatum

510 2612 649 2654 esse.
695 2597 826 2652 Nam
856 2597 943 2651 isti
972 2595 1259 2651 secundum
1302 2595 1605 2649 mandatum
1635 2594 1878 2664 Domini,
1911 2596 2093 2651 relicta

504 2692 674 2756 arida,
704 2705 882 2744 arcam
910 2687 1353 2744 conscenderant.
1377 2689 1465 2741 25.
1502 2686 1568 2740 Et
1605 2688 1779 2741 deleuit
1811 2681 1954 2744 ornus
1976 2704 2088 2742 sur-

501 2799 624 2852 gens
660 2782 792 2851 quod
817 2789 923 2833 erat
961 2795 1113 2849 super
1136 2778 1315 2849 faciem
1365 2776 1530 2830 omm‘s
1569 2771 1754 2842 terrai,
1796 2776 1859 2829 ab
1894 2779 2096 2831 nomine

502 2887 656 2940 usque
674 2871 740 2924 ad
761 2886 930 2940 pecus,
953 2878 997 2922 et
1019 2869 1238 2936 reptitia,
1258 2878 1302 2921 et
1326 2865 1550 2920 volatilia
1569 2866 1702 2932 cali,
1722 2875 1772 2919 et
1791 2865 1955 2921 deleta
1974 2876 2092 2921 sunt

509 2967 573 3017 de
598 2976 754 3018 terra.
786 2961 917 3016 Vide
943 2961 1210 3031 quomodo
1231 2968 1282 3014 et
1310 2958 1473 3013 semel
1503 2967 1558 3012 et
1586 2959 1777 3012 iterum
1805 2966 1963 3028 atque
1983 2973 2086 3013 sa:-

508 3055 624 3125 pius
664 3067 1002 3110 communem
1045 3051 1279 3105 omnium
1325 3049 1596 3104 interitum
1637 3043 1824 3104 doceat.
1867 3049 2092 3113 factum,

506 3153 560 3198 et
585 3143 724 3213 quod
757 3141 884 3198 nihil
914 3140 1202 3195 viventium
1229 3138 1473 3208 effugerit
1492 3179 1507 3204 ,
1539 3137 1631 3192 sed
1661 3137 1759 3192 sub
1788 3139 1942 3207 aquis
1986 3137 2093 3192 suf-

507 3235 733 3289 focalum
750 3235 817 3287 sit
833 3247 989 3286 onmc
1010 3241 1113 3284 tam
1132 3230 1428 3293 hominum,
1441 3243 1598 3298 quam
1618 3227 1890 3283 brutorum
1907 3243 2091 3299 genus.

509 3326 575 3380 Et
593 3327 792 3379 relictus
813 3334 903 3389 est,
930 3324 1118 3393 inquit,
1145 3323 1280 3376 solus
1308 3319 1441 3385 Noe,
1468 3329 1514 3372 et
1537 3320 1622 3389 qui
1641 3334 1754 3373 cum
1774 3319 1863 3372 illo
1881 3320 1932 3374 in
1953 3336 2089 3373 arca.

507 3421 595 3474 24.
631 3417 694 3471 Et
724 3416 944 3473 excitata
978 3428 1048 3470 est
1079 3430 1210 3482 aqua
1237 3427 1388 3480 super
1409 3421 1596 3466 terram
1620 3420 1817 3463 centum
1846 3411 2095 3478 quinqua-

506 3511 646 3582 ginta
674 3506 868 3565 diebus.
895 3505 998 3561 Tot
1024 3504 1213 3559 diebus
1237 3544 1248 3566 ,
1281 3503 1450 3571 inquit
1469 3541 1483 3566 ,
1512 3498 1715 3554 mansit
1744 3501 1984 3555 sublimis
2011 3502 2094 3555 illa

507 3614 762 3669 aquarum
788 3596 1030 3651 altitudo.
1065 3593 1258 3649 Iterum
1309 3593 1466 3648 ctiam
1501 3591 1584 3646 hic
1623 3595 1790 3661 cogita
1813 3591 1940 3660 justi
1978 3606 2094 3645 mae

506 3691 916 3764 gnanimitatem
946 3698 1000 3742 et
1031 3686 1382 3741 excellentem
1410 3683 1794 3738 fortitudinem.
1821 3683 1956 3749 Quid
1990 3698 2095 3737 non

514 3797 703 3853 passus
730 3787 811 3834 cst
836 3780 1013 3836 animo
1037 3777 1378 3846 concipiens,
1413 3789 1475 3828 ac
1502 3775 1886 3843 propemodum
1919 3784 2096 3828 mente

512 3872 694 3927 videns
718 3885 942 3938 corpora
976 3869 1246 3922 hominum
1277 3876 1329 3921 ct
1350 3865 1736 3934 jumentorum,
1775 3866 2093 3920 mundorum

507 3973 562 4019 et
592 3962 981 4016 itnmundorunt
1005 4004 1018 4026 ,
1041 3974 1373 4014 communem
1402 3966 1629 4012 mortem
1657 3958 1968 4012 sustinentia
1991 3999 2005 4024 ,
2036 3967 2091 4011 et

513 4054 675 4108 simul
697 4053 982 4107 commixta
1007 4090 1022 4116 ,
1058 4048 1365 4119 nullumque
1411 4047 1462 4101 in
1492 4047 1740 4101 omnibus
1767 4048 2098 4102 discrimen?

516 4147 799 4210 Praeterea,
823 4144 948 4213 quid
974 4155 1162 4213 passus
1181 4150 1282 4205 est,
1305 4139 1516 4209 quando
1539 4139 1678 4208 apud
1699 4154 1756 4193 se
1777 4139 2098 4208 recogitabat

513 4234 874 4298 solitudinem,
896 4233 1216 4297 vastitatem,
1231 4230 1390 4284 vitam
1409 4229 1552 4283 illam
1574 4229 1842 4283 doloribus
1863 4228 2093 4296 plenam,

514 4329 656 4381 otnui
671 4325 858 4380 solatio
871 4322 1098 4392 undique
1109 4322 1407 4376 destitutam
1419 4370 1428 4384 ,
1447 4334 1617 4390 neque
1629 4319 1914 4388 colloquio,
1927 4335 2098 4390 neque

515 4427 729 4489 aspectu
752 4415 1036 4485 jucundam
1063 4428 1213 4470 :cum
1246 4428 1350 4468 non
1383 4412 1537 4481 plane
1565 4412 1723 4465 sciret
1744 4422 1938 4481 quanto
1961 4421 2096 4466 tem—

517 4525 642 4580 pore
662 4507 877 4563 ferenda
899 4516 1041 4561 esset
1072 4505 1160 4558 illa
1189 4505 1240 4558 in
1275 4518 1487 4557 carcere
1511 4503 1650 4555 vita?
1677 4501 1936 4568 Quamdiu
1958 4503 2097 4557 enim

515 4601 766 4670 strepitus
789 4612 1062 4667 aquarum,
1082 4605 1134 4651 et
1149 4605 1309 4650 αεειιιε
1333 4603 1507 4658 erant,
1529 4597 1771 4653 timorem
1789 4591 1839 4646 in
1860 4593 1950 4647 illo
1963 4609 2098 4664 quo-

517 4694 644 4748 tidie
668 4699 1001 4746 crescentem
1033 4686 1375 4758 generabant.
1429 4683 1562 4750 Quid
1591 4684 1728 4738 enim
1760 4683 1976 4752 jucundi
2003 4699 2095 4738 su-

517 4785 715 4856 spicari
739 4785 851 4853 ipse
877 4790 1101 4851 paterat,
1126 4779 1214 4849 qui
1245 4776 1457 4832 videbat
1483 4785 1693 4830 centum
1725 4775 2098 4845 quinquaginta

518 4879 634 4933 dies
660 4889 822 4945 aquas
845 4878 897 4927 in
918 4871 1102 4927 eadem
1128 4871 1278 4938 copia
1293 4865 1601 4930 manentes,
1629 4867 1754 4920 etin
1785 4867 1948 4922 altum
1974 4869 2097 4922 sub-

520 4971 651 5022 latas
690 4980 757 5020 ne
799 4962 1072 5017 minimum
1111 4959 1322 5029 quidem
1356 4956 1675 5012 subsidere?
1720 4955 2097 5011 Verumtamen

521 5058 724 5114 ferebat
770 5054 1018 5118 fortiter,
1062 5053 1238 5107 sciens
1266 5049 1476 5104 Domini
1520 5049 1954 5117 omnipotentiam
1981 5089 1996 5111 ,
2038 5059 2095 5105 ct

522 5152 692 5218 ipsum
743 5155 928 5215 utpote
970 5142 1310 5198 Conditorem
1359 5148 1559 5194 natura:
1606 5139 1778 5193 omnia
1810 5155 1906 5208 pro
1950 5140 2098 5194 libito

522 5243 715 5304 facere,
740 5249 793 5292 ct
819 5236 1214 5300 transformare,
1241 5247 1408 5300 neque
1429 5245 1569 5300 :rgre
1599 5229 1799 5284 ferebat
1829 5231 1966 5298 quod
1993 5231 2097 5285 illic

521 5342 661 5387 esset
710 5327 1044 5383 versandum.
1094 5323 1223 5378 Nam
1276 5322 1366 5375 Dci
1409 5321 1576 5390 gratia
1626 5319 1907 5374 roborabat
1959 5319 2098 5374 illius

522 5420 866 5478 alacritatem,
891 5425 946 5469 et
970 5411 1319 5470 sufﬁcientem
1349 5410 1617 5480 praebebat
1643 5409 2058 5464 consolationem
2081 5451 2096 5475 ,

526 5508 928 5580 neque'sincbat
969 5508 1075 5562 labi
1100 5514 1332 5558 mentem
1359 5544 1373 5566 ,
1417 5512 1470 5555 et
1499 5501 1734 5570 cogitare
1773 5500 1968 5569 aliquid
2009 5512 2099 5553 aut

524 5615 707 5672 parum
737 5599 910 5664 virile,
955 5610 1042 5652 aut
1069 5599 1241 5652 minus
1265 5607 1600 5666 generosum.
1635 5591 1764 5659 Quia
1789 5593 1926 5646 enim
1956 5591 2098 5660 prius

527 5695 667 5771 quod
703 5707 856 5748 suum
884 5698 997 5744 crat
1035 5687 1346 5743 adhibuerat
1374 5731 1384 5754 ,
1415 5701 1607 5756 nempe
1639 5685 1842 5740 virtutis
1874 5687 2095 5754 diligen-

1185 246 1188 247 ν
1258 301 1312 356 S.
1355 299 1628 358 JOANNYS
1654 294 2093 357 οιιιιγεοετον

2199 293 2492 355 ιιιειηεῐι.
2525 295 3057 354 CONSTANTINOP.

3677 300 3786 360 228

2206 408 2368 473 tbm,
2407 409 2625 475 iustitia:
2671 411 2936 480 vigorem,
2981 411 3101 466 ﬁdei
3143 411 3550 482 excellentiam};
3579 410 3784 471 deinde

2201 514 2393 567 magna
2421 515 2539 555 cum
2570 499 2808 556 ubertate
2835 512 3151 571 asseqnutus
3171 511 3250 556 est
3279 517 3340 557 ea
3364 517 3481 572 quae
3505 519 3538 557 a
3558 503 3787 560 Domino

2199 591 2706 659 suppeditabantur;
2730 592 2978 646 nimirum
3010 592 3314 661 patientiam
3334 633 3349 658 ,
3378 592 3740 650 fortitudinem
3765 637 3782 652 .

2199 675 2504 735 facultatem
2547 683 2721 736 omnia
2774 695 3052 738 mansuete
3102 683 3348 750 ferendi,
3381 685 3786 760 sustinendiqne

2199 780 2336 822 arcae
2357 768 2792 826 inhabitationem
2817 773 2946 826 citra
2973 772 3153 828 damni
3171 775 3635 846 corruptionisque
3659 791 3782 831 sea-

2195 871 2334 926 sum,
2363 875 2536 930 neque
2560 862 2846 932 bestiarum
2865 866 3168 920 convictum
3199 865 3525 923 fastidiendi.

2278 949 2330 1004 7.
2372 950 2588 1007 Marciis
2609 954 2926 1023 exhortatio;
2946 956 3055 1010 sine
3076 972 3298 1026 super"
3327 959 3492 1029 gratia
3515 958 3646 1012 nilei!
3666 960 3782 1013 boui

2196 1053 2346 1108 agas
2371 1055 2657 1110 possumus.
2676 1072 2747 1084 ——
2768 1043 2917 1099 Illum
2940 1045 3096 1115 igitur
3115 1047 3318 1116 justum
3337 1089 3354 1115 ,
3379 1047 3628 1112 olisecro.
3655 1048 3778 1104 inti-

2198 1135 2378 1185 tetnur
2411 1139 2467 1186 et
2506 1146 2637 1198 nos,
2660 1148 2986 1205 operamque
3009 1135 3213 1203 demus,
3240 1145 3298 1192 ut
3337 1137 3624 1193 aderamus
3662 1154 3783 1208 qun-

2198 1232 2377 1276 nostra
2404 1233 2560 1289 sunt,
2591 1235 2646 1280 ut
2686 1226 2873 1297 dignos
2913 1242 3013 1282 nos
3041 1229 3186 1298 ipsos
3235 1245 3480 1300 paremus
3514 1232 3582 1287 iis
3604 1247 3726 1303 qum
3751 1249 3781 1286 a

2197 1311 2308 1366 Deo
2331 1312 2544 1372 dantur.
2574 1314 2702 1369 Nam
2744 1317 2939 1373 idcirco
2963 1329 3236 1387 exspectat
3257 1323 3566 1377 occasiones
3595 1339 3660 1385 ex
3687 1339 3784 1378 no-

2201 1404 2314 1472 bis,
2353 1414 2411 1460 ut
2475 1409 2694 1461 multam
2742 1410 2989 1464 cxbibcat
3035 1411 3428 1468 liberalitatem.
3483 1413 3666 1486 itaque
3714 1432 3780 1470 nc

2197 1508 2415 1567 propter
2445 1499 2699 1555 desidiam
2730 1503 2996 1570 privemus
3025 1519 3120 1557 nos
3146 1505 3293 1569 illius
3307 1505 3482 1573 donis,
3507 1508 3604 1562 sed
3631 1508 3782 1562 festi-

2193 1602 2384 1646 nemus
2411 1602 2464 1646 et
2488 1607 2769 1660 urgeamus
2792 1633 2805 1658 ,
2844 1606 2898 1647 ut
2927 1596 3244 1665 principium
3279 1599 3746 1669 apprcttcndaiuus
3767 1641 3781 1662 ,

2195 1692 2250 1737 et
2277 1684 2412 1738 viam
2441 1700 2559 1755 quae
2585 1685 2649 1739 ad
2679 1686 2925 1740 virtutem
2971 1688 3172 1743 inducit
3204 1708 3216 1741 :
3253 1699 3309 1744 ut
3341 1705 3576 1760 superno
3617 1692 3788 1761 adjut't

2195 1775 2451 1840 subsidio,
2477 1761 2639 1830 etiam
2663 1775 2727 1830 ad
2757 1775 2916 1831 tinem
2957 1779 3232 1846 pervenire
3265 1782 3556 1836 valeamus.
3595 1783 3810 1862 Nequa.

2196 1868 2335 1922 enim
2355 1869 2606 1937 possibile
2633 1879 2714 1925 est
2735 1870 2930 1924 bonum
2960 1872 3170 1940 aliquod
3191 1889 3286 1929 nos
3320 1885 3464 1931 recte
3491 1892 3651 1946 agere
3672 1895 3780 1934 non

2195 1957 2406 2026 adjutos
2433 1951 2662 2028 superna
2687 1961 2879 2028 gratia.
2907 1961 3068 2030 Igitur
3098 1965 3230 2018 tales
3255 1965 3441 2030 simus,
3465 1968 3552 2035 qui
3580 1981 3785 2036 appeti—

2194 2048 2382 2104 damus
2408 2064 2505 2104 nos
2531 2051 2584 2104 in
2609 2066 2760 2120 spem
2781 2067 2898 2121 qua:
2929 2053 2979 2106 in
3007 2054 3173 2109 Deum
3202 2066 3305 2122 eSt,
3323 2057 3471 2125 quasi
3500 2059 3553 2110 in
3582 2059 3784 2113 ancho-

2195 2153 2308 2194 ram
2335 2140 2564 2210 aliquam
2597 2150 2758 2194 tutam
2785 2151 2837 2198 et
2863 2143 3141 2207 stabilem,
3172 2155 3227 2198 et
3269 2161 3334 2199 ne
3381 2149 3449 2200 ad
3495 2149 3730 2201 laborem
3767 2151 3782 2180 ¹

2196 2229 2404 2283 virtutis
2422 2231 2800 2299 respiciamus,
2830 2230 2924 2285 sed
2951 2232 3349 2290 considerantes
3375 2237 3785 2292 reztibutioncm

2196 2334 2313 2386 quae
2347 2319 2580 2375 laborem
2608 2323 2867 2389 sequitur,
2898 2321 3087 2378 leviter
3111 2327 3286 2378 omnia
3310 2324 3564 2380 feramus.
3599 2327 3782 2397 Siqui-

2197 2409 2316 2465 dem
2347 2412 2663 2479 negotiator,
2692 2412 2736 2465 si
2761 2411 2974 2481 quando
3001 2427 3071 2469 ει
3109 2423 3264 2482 portu
3300 2430 3545 2486 egressus
3584 2417 3636 2472 in
3671 2433 3785 2473 nie-

2197 2500 2340 2555 dium
2363 2502 2524 2556 maris
2551 2504 2758 2556 venerit
2780 2543 2796 2569 ,
2830 2517 2934 2557 non
2953 2503 3062 2573 jam
3088 2507 3462 2575 piratam-mon
3490 2508 3782 2580 naufragia,

2197 2607 2301 2646 non
2325 2594 2556 2648 marinas
2575 2593 2800 2662 belluas,
2832 2609 2937 2650 non
2967 2605 3243 2651 ventorum
3271 2598 3545 2664 incursus,
3565 2610 3618 2654 et
3648 2616 3781 2655 clin-

2200 2686 2375 2739 tinuas
2396 2695 2757 2754 tempestates,
2779 2695 2833 2742 et
2853 2688 3018 2742 multa
3035 2688 3322 2742 infortunia
3348 2691 3544 2759 cogitat
3572 2692 3744 2746 solum
3766 2734 3789 2758 ,

2198 2775 2290 2830 sed
2318 2776 2478 2836 etiam
2525 2777 2671 2831 lucra
2714 2778 2816 2832 sibi
2862 2778 3154 2834 obventura
3175 2820 3189 2844 ,
3218 2794 3339 2835 cum
3367 2781 3454 2836 illa
3492 2783 3737 2853 clfugerit
3768 2802 3783 2837 :

2199 2879 2400 2936 speque
2429 2865 2616 2932 fultus,
2641 2880 2828 2923 omnes
2854 2867 3143 2938 prmdictas‘
3161 2883 3427 2924 erumnas
3455 2870 3606 2925 facile
3633 2873 3784 2931 exci.

2199 2955 2296 3024 pit,
2327 2965 2384 3010 ut
2407 2957 2574 3011 auctis
2601 2957 2795 3027 opibus
2829 2958 2940 3012 suis
2974 2958 3190 3013 domum
3218 2959 3423 3016 redeat.
3451 2961 3522 3016 Et
3549 2963 3783 3032 agricola

2201 3059 2307 3100 non
2337 3046 2672 3115 agriculturae
2692 3054 2895 3100 tantum
2920 3047 3133 3102 labores
3159 3049 3377 3118 cogitat,
3402 3062 3455 3105 et
3481 3051 3700 3116 imbres,
3732 3063 3783 3106 et

2201 3145 2359 3190 terra:
2399 3136 2733 3192 sterilitatem
2761 3152 2872 3205 ,ac
2915 3138 3176 3208 rubiginis
3215 3140 3523 3208 incursum,
3555 3143 3782 3198 locusta.

2201 3240 2425 3295 rumque
2470 3226 2696 3296 "damna,
2722 3229 2818 3283 sed
2862 3238 2918 3284 et
2967 3244 3144 3285 aream
3173 3241 3227 3285 et
3261 3232 3562 3303 manipulos
3603 3236 3786 3292 animo

2168 3349 2172 3353 ι
2200 3330 2382 3370 secum
2421 3316 2733 3373 describens
2752 3360 2767 3387 ,
2794 3319 3005 3374 fortiter
3027 3320 3128 3377 fert
3152 3322 3329 3377 omnia
3351 3364 3366 3390 ,
3398 3333 3454 3378 et
3478 3340 3589 3395 pra:
3625 3327 3784 3381 bono-

2200 3421 2320 3461 rum
2369 3410 2767 3478 cxspectatione
2814 3425 2987 3482 neque
3035 3411 3248 3468 labores
3287 3414 3453 3470 sentit
3489 3433 3505 3469 :
3538 3419 3785 3486 quamvis

2201 3501 2373 3556 incert
2390 3521 2418 3554 l.‘
2444 3517 2570 3570 spes
2606 3504 2733 3570 sint,
2758 3514 3121 3561 verumtamen
3152 3520 3248 3576 spe
3275 3507 3482 3562 meliori
3525 3511 3783 3578 pascitur,

2201 3606 2300 3646 nec
2327 3594 2596 3649 renuntiat
2631 3595 2902 3650 laboribus
2921 3635 2936 3662 ,
2963 3597 3058 3651 sed
3085 3597 3262 3652 omnia
3296 3613 3418 3668 quae
3445 3599 3512 3654 ad
3537 3616 3597 3656 se
3625 3604 3783 3672 perti—

2201 3694 2330 3738 nent
2355 3683 2582 3739 atterens
2606 3725 2622 3752 ,
2650 3695 2930 3756 exspectat
2968 3697 3025 3741 ut
3051 3688 3335 3759 aliquando
3364 3689 3605 3747 laborum
3636 3697 3779 3750 acci-

2202 3775 2311 3844 piat
2338 3776 2635 3830 mercedes.
2667 3777 2730 3831 Et
2756 3777 2912 3833 miles
2928 3793 3140 3849 quoque
3166 3784 3256 3852 qui
3279 3784 3501 3838 assumit
3527 3799 3677 3840 arma
3696 3827 3716 3852 ,
3734 3798 3782 3842 et

2203 3865 2254 3918 in
2289 3866 2528 3934 prmlium
2558 3868 2826 3936 egreditur
2851 3911 2866 3936 ,
2901 3884 3005 3928 non
3046 3872 3242 3942 cogitat
3287 3874 3509 3930 vulnera
3540 3885 3744 3932 tantum
3769 3923 3782 3944 ,

2203 3957 2396 4023 caedes,
2429 3967 2482 4011 et
2506 3957 2740 4013 hostium
2781 3961 3026 4015 incursus
3045 4005 3059 4028 ,
3092 3964 3332 4033 aliasque
3360 3981 3627 4022 azrmnnas
3648 4011 3662 4036 ,
3691 3973 3782 4026 scd

2203 4049 2364 4104 etiam
2393 4049 2642 4105 victorias
2664 4091 2677 4116 ,
2709 4059 2763 4106 et
2795 4052 3092 4121 triumphos
3134 4055 3234 4109 sibi
3261 4055 3615 4127 praetingens,
3639 4063 3781 4114 onmi

2203 4149 2473 4196 armatura
2493 4156 2553 4197 se
2576 4142 2747 4196 munit
2764 4184 2777 4207 ,
2810 4152 2863 4197 et
2892 4159 3012 4197 cum
3044 4145 3278 4201 incertus
3303 4147 3456 4203 valde
3480 4151 3550 4204 sit
3572 4153 3748 4208 exitus
3768 4195 3781 4217 ,

2204 4241 2258 4286 et
2286 4231 2481 4286 damna
2510 4233 2854 4298 immineant,
2879 4236 3107 4304 repuisis
3128 4237 3194 4292 iis
3221 4238 3466 4294 omnibus
3486 4256 3554 4294 ex
3581 4246 3780 4308 animo,

2204 4339 2266 4380 ac
2308 4325 2450 4379 bona
2489 4340 2584 4395 spe
2621 4327 2918 4396 proposita,
2942 4329 3095 4398 ponit
3131 4343 3346 4388 omnem
3395 4339 3702 4402 torporem,
3733 4348 3781 4390 et

2202 4417 2436 4486 acceptis
2461 4418 2624 4472 armis
2644 4427 2826 4473 contra
2851 4418 3081 4474 hostium
3103 4422 3270 4475 aciem
3296 4435 3568 4492 prOperat.
3602 4426 3780 4494 igitur,

2203 4510 2412 4573 dilecti,
2440 4510 2483 4564 si
2512 4511 2828 4580 negotiator,
2857 4520 2906 4564 et
2933 4511 3084 4566 miles
3103 4554 3118 4577 ,
3143 4523 3199 4565 et
3225 4514 3477 4582 agricola,
3510 4516 3599 4571 ubi
3620 4527 3674 4571 ct
3702 4517 3782 4573 in.-

2204 4614 2348 4659 certa
2395 4617 2540 4673 spes,
2581 4611 2636 4657 et
2683 4603 2862 4672 plures
2908 4603 3299 4671 frustrationes,
3345 4617 3503 4676 atque
3553 4609 3782 4680 impedi-

2206 4705 2384 4750 menta
2407 4735 2421 4759 ,
2450 4696 2588 4749 sicut
2615 4694 2839 4750 audistis
2861 4736 2873 4758 ,
2905 4696 3068 4748 multa
3099 4707 3153 4750 et
3177 4696 3353 4763 varia,
3378 4712 3481 4752 non
3515 4700 3586 4754 ita
3619 4703 3781 4757 refos-

2205 4786 2373 4842 midat
2397 4786 2625 4848 labores,
2654 4795 2710 4841 ut
2755 4801 2784 4840 a
2823 4786 3031 4841 meliori
3074 4797 3354 4856 propterea
3383 4802 3481 4857 spe
3514 4790 3739 4847 desistat
3767 4811 3778 4848 :

2205 4877 2347 4948 quali
2367 4892 2464 4932 nos
2485 4877 2636 4932 venia
2654 4877 2796 4947 digni
2817 4878 3016 4932 erimus
3043 4879 3110 4931 ita
3139 4879 3470 4948 negligentes
3501 4883 3569 4937 ad
3595 4898 3779 4955 capes-

2203 4971 2424 5026 sendam
2451 4967 2720 5034 virtutem,
2744 4979 2797 5024 et
2817 4985 2923 5024 non
2945 4985 3159 5024 omnem
3189 4970 3424 5026 laborem
3447 4985 3642 5041 sponte
3662 4978 3779 5031 sub-

2206 5071 2426 5129 euntes,
2467 5078 2587 5117 cum
2620 5071 2727 5117 tam
2767 5076 2956 5117 secura
2987 5071 3165 5116 nostra
3211 5079 3338 5132 spes
3376 5066 3480 5131 sit,
3534 5077 3783 5139 tantaque

2204 5155 2344 5211 bona
2371 5156 2524 5210 nobis
2553 5155 2817 5224 reposita,
2845 5167 2906 5205 ac
2947 5155 3161 5222 prtemia
3201 5163 3253 5208 et
3297 5157 3573 5212 mercedes
3605 5161 3781 5212 ouinia

2205 5265 2321 5319 qua:
2347 5265 2374 5302 a
2404 5250 2555 5302 nobis
2580 5257 2722 5301 recte
2747 5255 3003 5317 geruntur
3027 5246 3204 5300 multis
3223 5248 3464 5318 partibus
3485 5262 3740 5319 Superum
3764 5250 3784 5304 ’ἒ

2206 5339 2342 5393 Audi
2369 5339 2526 5408 igitur
2543 5338 2754 5392 beatum
2793 5335 3035 5400 Paulum,
3056 5348 3176 5405 post
3205 5345 3456 5404 tantaset
3487 5343 3627 5395 tales
3653 5342 3780 5396 affli-

2203 5433 2436 5496 ct-ioues,
2468 5441 2520 5486 ct
2546 5431 2609 5484 ad
2643 5429 2922 5483 tribunalia
2950 5429 3324 5496 abductiones,
3401 5477 3403 5479 ,
3547 5479 3552 5484 ,
3595 5455 3598 5460 ι
3633 5453 3664 5485 -.._
3733 5448 3775 5490 νε

2271 5573 2283 5597 ι
2322 5566 2463 5633 sat-il.
2484 5574 2534 5616 et
2553 5571 2769 5633 quatuor
2930 5564 2999 5611 sic
3022 5562 3206 5613 habent
3229 5576 3250 5633 :_
3276 5564 3423 5626 Igitur
3448 5565 3496 5633 in
3519 5579 3648 5626 spem
3672 5566 3767 5626 Dei,

2210 5637 2346 5689 Cium
2380 5626 2428 5677 in
2453 5626 2713 5674 unclmrmn
2755 5631 2920 5689 tutum,
2946 5636 3029 5673 nos
3059 5628 3402 5686 appendentes,
3427 5629 3497 5678 sic
3521 5642 3676 5677 mrum:
3693 5644 3765 5689 ag.

2208 5688 2507 5749 gl't’tlitlllutl',
2533 5693 2577 5734 rt
2602 5699 2658 5735 ne
2681 5689 2743 5734 ait
2768 5685 2992 5737 laborem.
