4054 6312
191 433 300 490 ω

193 554 398 602 ιιιοηεθ
432 537 776 612 quotidianas
818 531 1086 588 dicentem
1132 542 1147 580 :
1199 524 1322 580 Non
1362 531 1479 612 sunt
1505 517 1798 612 condignis

196 607 466 700 passiones
491 624 756 698 prmtis
781 617 1018 690 temporis
1046 614 1114 668 ad
1137 615 1363 685 futuram
1383 609 1600 700 gloriam
1625 607 1678 661 in
1705 619 1800 700 no-

185 695 268 784 bis
287 695 610 774 uastandam
635 711 883 782 (Rom.8.
912 703 1025 777 18).
1049 703 1270 762 Etiamsi
1295 698 1536 773 quotidie
1560 738 1587 765 ν
1604 695 1796 767 inquit,

193 810 363 865 morti
410 821 511 862 nos
548 815 964 874 exponeremus,
997 797 1051 854 id
1071 794 1215 868 quod
1256 803 1443 848 natura
1472 804 1580 845 non
1613 787 1796 856 capit,

194 899 324 956 licet
346 912 502 961 mens
526 895 748 949 vincens
776 901 1044 954 naturam,
1065 903 1158 957 per
1179 881 1559 954 benignitatem
1588 875 1798 932 Domini

188 995 519 1051 coronetur,
551 984 705 1051 nihil,
729 981 920 1052 inquit,
939 978 1203 1034 ferremus
1229 988 1324 1044 par
1345 971 1532 1037 tantis,
1551 982 1671 1040 qua:
1699 981 1799 1022 nos

189 1087 513 1149 accepturos
542 1088 844 1146 speramus,
865 1068 1352 1139 bonis,glorirrque
1379 1064 1433 1119 in
1455 1062 1610 1118 nobis
1639 1073 1800 1116 reve-

194 1168 392 1224 landsn.
421 1167 554 1222 Vide
576 1175 774 1236 quanta
798 1163 986 1234 gloria:
1014 1156 1381 1230 magnitudine
1410 1154 1657 1209 fruantur
1685 1152 1796 1206 vir-

193 1261 324 1317 tutis
353 1259 595 1324 asseclae,
611 1257 684 1312 ita
709 1264 766 1309 ut
791 1252 881 1308 illa
900 1251 1069 1322 gloria
1090 1256 1307 1318 superet
1327 1245 1509 1301 omnia
1529 1257 1803 1314 quaecum-

192 1369 300 1424 que
329 1352 587 1408 exhibere
614 1348 735 1418 quis
764 1345 959 1416 poterit
1002 1360 1016 1396 :
1065 1339 1276 1397 etiamsi
1302 1337 1446 1392 enim
1484 1336 1551 1391 ad
1581 1335 1798 1390 culmen

199 1444 454 1513 attingat,
475 1448 602 1495 tunc
622 1452 835 1508 quoque
865 1433 1089 1490 inferior
1115 1431 1238 1486 erit.
1266 1428 1404 1497 Quid
1431 1427 1572 1482 enim
1596 1434 1799 1480 tantum

195 1536 457 1592 exhibere
479 1542 656 1603 potest
685 1531 847 1584 homo
866 1571 882 1593 ,
906 1525 1047 1598 quod
1077 1531 1246 1580 certet
1272 1537 1394 1578 cum
1424 1521 1634 1576 Domini
1659 1520 1800 1575 libe-

197 1627 458 1684 ralitate?
489 1624 641 1693 Quod
674 1625 718 1677 si
747 1622 944 1678 Paulus
975 1619 1100 1673 talis
1125 1627 1178 1674 et
1207 1623 1385 1670 tantus
1409 1614 1619 1669 dicebat
1638 1655 1654 1680 ,
1681 1611 1801 1667 Νοη

191 1724 314 1765 sunt
332 1710 608 1780 condigna:
619 1707 893 1776 passiones
912 1705 1071 1774 hujus
1086 1703 1333 1772 temporis
1351 1701 1422 1755 ad
1434 1701 1670 1771 futuram
1682 1701 1790 1772 glo-

195 1805 331 1857 riam
353 1817 475 1871 qua:
496 1799 814 1854 revelabitur
830 1798 884 1851 in
905 1796 1053 1850 nobis
1072 1792 1430 1864 (Rom.8.l8),
1449 1789 1541 1861 qui
1561 1790 1697 1844 alias
1715 1788 1791 1841 di-

193 1897 288 1957 cit,
312 1893 562 1959 Quotidie
589 1891 790 1945 morior
818 1889 892 1958 (l.
920 1886 1047 1943 Cor.
1079 1887 1166 1942 l5.
1194 1886 1324 1956 5|);
1351 1891 1406 1938 et
1421 1895 1639 1943 rursus,
1667 1877 1799 1932 Plus

198 1985 445 2040 omm'btts
469 1982 707 2038 laboravi
726 1979 894 2051 (Ibid.
910 1995 958 2034 υ.
987 1976 1109 2048 10);
1132 1974 1264 2048 quid
1290 1988 1392 2030 nos
1408 1973 1677 2032 dicemus,
1702 1966 1799 2039 qui

198 2091 384 2147 neque
409 2075 686 2145 vulgarem
715 2071 957 2127 laborem
981 2083 1080 2140 pro
1113 2071 1315 2122 virtute
1336 2063 1617 2134 suscipere
1646 2061 1801 2115 volu-

201 2183 349 2232 mus,
369 2166 464 2222 sed
487 2165 776 2221 remissam
798 2163 968 2217 vitam
995 2167 1294 2224 sectamur,
1315 2167 1370 2212 et
1395 2156 1498 2214 hoc
1516 2168 1687 2210 unum
1708 2166 1801 2208 ca-

203 2277 419 2327 vemus,
438 2273 509 2313 ne
529 2257 660 2329 quid
681 2256 838 2311 triste
859 2252 1020 2310 nobis
1040 2249 1539 2321 aceidat,quamvis
1557 2245 1800 2302 sciamus

195 2371 305 2411 non
340 2369 468 2409 esse
496 2349 754 2422 possibile
783 2348 943 2402 aliter
966 2346 1184 2417 assequi
1213 2341 1604 2400 beatitudinem
1635 2339 1800 2394 ctele-

195 2457 364 2510 stem,
406 2444 515 2502 nisi
552 2458 648 2515 per
687 2448 989 2513 praesentes
1025 2438 1350 2495 aﬂlietiones
1380 2437 1446 2491 ad
1477 2449 1597 2491 eam
1642 2432 1798 2503 prius

195 2533 914 2593 anlielemus?Afllictiones
944 2532 1090 2588 enim
1115 2530 1168 2585 id
1190 2529 1351 2585 nobis
1383 2527 1703 2588 conciliant.
1736 2533 1800 2581 ut

193 2631 308 2686 Deo
349 2632 490 2701 grati
541 2630 749 2696 simus;
778 2635 835 2681 et
867 2626 955 2680 bic
991 2625 1077 2681 vel
1115 2638 1310 2696 parum
1363 2621 1635 2685 laborare,
1684 2619 1799 2674 illic

197 2723 364 2778 nobis
393 2735 648 2793 magnam
674 2719 930 2775 fiduciam
963 2718 1191 2788 praebet,
1227 2715 1526 2772 dummodo
1563 2714 1798 2770 velimus

193 2813 506 2872 secundum
531 2811 823 2868 consilium
857 2809 1006 2863 illius
1029 2808 1278 2879 magistri
1310 2807 1461 2862 orbis
1492 2803 1794 2860 ambulare.

198 2906 531 2968 Considera,
563 2904 785 2965 dilecte,
821 2903 948 2958 licet
980 2901 1159 2956 tristia
1193 2902 1306 2956 sint
1343 2915 1463 2969 qua:
1512 2898 1796 2964 accidunt,

194 3015 323 3057 esse
358 3006 540 3053 tamen
565 3005 919 3066 temporanea
944 3011 958 3048 :
987 2993 1127 3048 bona
1162 3005 1291 3048 vero
1315 3005 1438 3062 qua:
1463 2989 1575 3044 illic
1602 3005 1793 3046 susce-

193 3091 344 3162 pturi
374 3104 589 3154 sumus,
627 3085 960 3141 immortalia
988 3098 1112 3138 esse
1140 3089 1193 3138 et
1226 3090 1450 3136 aztcrna.
1481 3080 1616 3147 Qua:
1654 3083 1793 3135 enim

191 3183 464 3248 ridentur,
491 3179 690 3248 inquit,
713 3177 1028 3246 temporalia
1064 3185 1224 3229 sunt:
1246 3191 1363 3245 qum
1387 3183 1566 3228 autem
1593 3189 1694 3226 non
1720 3173 1794 3226 vi-

191 3275 413 3333 dentur,
433 3277 633 3323 (eterna
664 3266 741 3336 (2.
771 3263 899 3320 Cor.
923 3265 977 3318 4.
1004 3263 1091 3331 18)
1130 3261 1394 3318 Feramus
1420 3275 1550 3331 ergo
1582 3259 1795 3316 fortiter

193 3361 310 3416 haec
345 3357 697 3429 temporalia,
738 3371 919 3426 neque
950 3354 1287 3410 desistamus
1318 3368 1347 3408 a
1380 3355 1643 3408 virtutmn
1675 3361 1796 3409 stu-

193 3453 328 3514 diis,
343 3458 403 3504 nt
422 3448 646 3504 atteruis
664 3456 718 3502 ct
733 3461 950 3516 semper
973 3445 1324 3502 manentibus
1337 3444 1793 3501 bonisfruamur:

192 3559 318 3615 quas
341 3543 500 3596 nobis
528 3540 786 3596 omnibus
815 3539 1190 3594 concedantur
1209 3536 1381 3609 gratia
1405 3543 1458 3591 et
1481 3537 1794 3592 misericor-

201 3634 294 3689 dia
316 3631 533 3687 Domini
555 3630 727 3686 nostri
749 3629 878 3686 Jesu
907 3629 1135 3692 Christi,
1162 3643 1287 3682 cum
1309 3643 1419 3698 quo
1441 3627 1608 3691 l’atri,
1633 3628 1798 3682 simul

193 3732 249 3780 et
274 3722 507 3791 Spiritui
539 3728 731 3776 sancto
760 3722 832 3776 sit
861 3719 1058 3792 gloria,
1085 3718 1397 3789 imperium,
1429 3720 1625 3784 honor,
1651 3733 1797 3772 nunc

193 3828 253 3872 et
286 3829 526 3885 semper,
559 3820 614 3869 et
643 3812 697 3868 in
726 3812 926 3869 secula
957 3810 1305 3867 saeculorum.
1332 3810 1526 3865 Amen.

749 3901 1031 3957 llOMILIA
1071 3900 1261 3958 XXVI.

206 4013 279 4070 Et
304 4013 599 4068 recordatus
622 4022 695 4067 est
725 4011 863 4067 Deus
892 4012 1006 4066 Noe
1027 4054 1042 4078 ,
1087 4021 1137 4066 et
1179 4011 1405 4066 omnium
1432 4011 1725 4079 bestiarum,
1758 4023 1805 4067 et

279 4104 508 4158 omnium
537 4104 906 4173 jumentorum,
947 4110 992 4155 et
1030 4103 1253 4155 omnium
1279 4100 1581 4170 oolatilium,
1608 4112 1656 4157 et
1698 4119 1806 4157 om-

280 4192 423 4245 nium
443 4191 721 4260 reptilium,
749 4205 1071 4261 quascumque
1089 4200 1230 4242 eram
1245 4206 1358 4242 cum
1379 4189 1471 4243 illo
1496 4193 1548 4243 in
1575 4207 1716 4244 arca.
1739 4191 1804 4245 Et

280 4282 494 4336 adduxit
521 4279 660 4335 Deus
684 4281 918 4350 spiritum
949 4296 1104 4350 super
1128 4288 1331 4344 terram,
1364 4290 1408 4333 et
1447 4281 1651 4335 cessavit
1673 4297 1806 4352 aqua

286 4373 441 4445 (Gen.
465 4373 519 4430 s.
555 4373 632 4444 1).

284 4486 337 4539 l.
378 4484 566 4553 Magna
585 4492 641 4538 et
666 4480 947 4536 ineffabilia
967 4480 1060 4535 Dei
1083 4481 1404 4550 benignitas,
1425 4479 1809 4550 excellensque

206 4576 328 4645 ejus
352 4575 564 4630 benitas
584 4590 648 4626 ex
668 4573 778 4641 jam
802 4572 954 4626 lectis
977 4571 1296 4636 ostenditur,
1309 4587 1467 4641 quam
1499 4587 1606 4626 non
1633 4571 1807 4625 solum

206 4680 338 4736 erga
385 4665 647 4720 rationale
695 4664 797 4717 hoc
849 4662 1083 4729 animal,
1112 4661 1383 4716 hominem
1422 4661 1581 4727 dico,
1613 4661 1709 4716 sed
1756 4672 1811 4717 et

207 4772 341 4828 erga
367 4757 650 4811 brutorum
698 4755 1008 4809 animalium
1043 4764 1285 4808 naturam
1331 4753 1638 4808 declaravit.
1675 4753 1808 4808 Nam

207 4857 338 4898 cum
361 4840 602 4894 omnium
627 4840 699 4892 sit
723 4838 1002 4904 Conditor,
1022 4853 1146 4908 erga
1177 4838 1377 4906 omnia,
1402 4853 1520 4908 quae
1542 4853 1570 4890 a
1600 4854 1658 4893 se
1687 4848 1812 4894 sunt

209 4929 458 4996 condita,
489 4942 640 4982 suam
668 4926 903 4982 ostendit
942 4928 1236 4981 bonitatem
1271 4945 1284 4980 :
1315 4942 1410 4996 per
1435 4928 1615 4981 omnia
1656 4929 1811 4983 nobis

207 5032 403 5078 notum
433 5019 654 5083 faciens,
677 5027 928 5088 quantam
955 5017 1172 5072 humani
1194 5018 1408 5086 generis
1432 5033 1615 5074 curam
1638 5032 1808 5091 gerat,

208 5125 280 5166 ac
303 5125 363 5166 sc
383 5108 562 5163 omnia
589 5108 715 5164 olim
744 5117 795 5163 et
822 5108 890 5162 ab
912 5108 1060 5161 initio
1083 5115 1298 5176 propter
1318 5109 1543 5163 salutem
1571 5119 1810 5165 nostram

211 5199 618 5270 fecisse.ltaque
640 5199 740 5253 etsi
763 5200 967 5269 puniat,
988 5199 1088 5254 etsi
1115 5199 1169 5252 in
1197 5212 1294 5252 nos
1321 5199 1727 5266 animadvertat,
1747 5218 1810 5257 ex

210 5291 404 5349 eadem
431 5291 668 5346 bonitate
690 5305 783 5344 sua
806 5291 917 5344 haec
939 5299 993 5343 et
1010 5290 1095 5344 illa
1116 5288 1259 5342 facit.
1279 5288 1392 5343 Non
1411 5290 1552 5344 enim
1574 5291 1654 5346 vel
1687 5291 1816 5346 affe-

211 5383 396 5439 ctione
424 5381 511 5436 vel
535 5381 612 5434 ira
635 5396 846 5450 pmuam
875 5381 1035 5434 infert
1066 5380 1196 5434 :sed
1216 5380 1470 5434 malitiam
1501 5381 1814 5437 exscindere

213 5473 352 5540 vult,
381 5487 448 5527 ne
467 5472 600 5526 ultra
622 5472 1007 5541 progrediatur.
1023 5471 1155 5538 Quia
1179 5482 1230 5525 et
1254 5487 1414 5538 nunc,
1431 5472 1568 5527 sicut
1596 5473 1811 5537 auditis,

214 5563 480 5620 diluvium
507 5561 576 5615 ob
605 5561 736 5615 nihil
763 5562 904 5615 aliud
923 5561 1325 5631 induxit,quam
1346 5571 1401 5616 ut
1421 5578 1603 5617 curam
1633 5573 1817 5633 ageret

217 5669 407 5713 eertum
425 5652 514 5724 qui
541 5653 801 5723 iniquitati
833 5667 890 5708 se
916 5652 1251 5708 dediderant.
1280 5653 1344 5707 Et
1371 5654 1562 5722 qualis,
1587 5653 1813 5723 inquies,

217 5760 348 5801 cura
368 5742 507 5811 lucc,
534 5758 723 5798 omnes
746 5758 880 5813 aqua
918 5743 1206 5797 suffocari?
1228 5741 1302 5798 Nc
1329 5752 1529 5798 temere
1560 5743 1815 5812 loquaris,

220 5838 402 5905 homo,
443 5834 536 5895 sed
565 5843 716 5907 grato
748 5836 931 5890 animo
954 5836 1136 5906 accipe
1161 5851 1222 5890 ea
1245 5852 1361 5905 qum
1384 5851 1412 5890 a
1442 5836 1668 5890 Domino
1693 5845 1815 5891 sunt

1260 411 1326 470 IN
1352 405 1508 468 CAP.
1552 404 1685 466 Vill.
1715 398 1960 467 CENES.
2003 390 2217 459 illiilli.
2281 391 2369 456 XX
2388 393 2472 457 Π.
3409 384 3515 442 εει)

1916 512 2074 578 facta,
2095 517 2148 566 et
2175 508 2314 564 scies
2333 507 2438 564 hoc
2459 507 2622 565 etiam
2650 517 2773 561 esse
2799 501 3046 558 maximas
3068 515 3214 558 cura:
3239 515 3515 571 arguuntu-

1910 613 2046 661 tum.
2076 600 2209 658 Nam
2240 616 2335 658 eos
2361 601 2452 672 qui
2483 600 2561 655 sic
2602 596 2975 654 incurabiliter
3005 601 3232 666 peccant
3253 633 3269 660 ,
3298 600 3353 647 et
3377 606 3512 662 quo-

1910 696 2040 753 tidie
2069 695 2290 750 vulnera
2319 693 2422 748 sibi
2452 691 2699 761 infligunt
2719 731 2735 756 ,
2767 696 2824 743 et
2864 688 3049 744 ulcera
3074 685 3176 741 sibi
3203 684 3353 740 omni
3384 699 3516 739 cura

1908 787 2186 858 superiora
2215 782 2486 858 inferunt,
2516 797 2583 837 ex
2615 790 2768 836 tanto
2809 779 2956 835 malo
3003 778 3301 843 liberasse,
3336 789 3518 831 nonus

1907 851 2134 936 summa:
2177 885 2294 932 erat
2333 851 2673 945 prudentize?
2704 871 2769 925 Et
2807 870 2926 940 ipse.
2971 867 3229 940 puniendi
3278 867 3473 922 modus
3498 906 3518 935 ,

1909 983 2089 1026 nonne
2129 966 2277 1023 omni
2331 964 2661 1037 benignitate
2705 963 2897 1034 plenus
2921 960 3050 1017 est?
3089 959 3201 1015 Eos
3250 959 3394 1014 enim
3425 959 3517 1029 qui

1907 1059 2148 1132 alioquin
2199 1067 2406 1114 natura:
2454 1057 2692 1113 debitum
2742 1054 2973 1110 soluturi
3013 1062 3189 1121 erant,
3218 1053 3298 1107 sic
3342 1066 3517 1121 poena:

1910 1153 2032 1209 loco
2059 1149 2539 1221 vitam-deponere
2564 1188 2580 1214 ,
2612 1155 2671 1202 ut
2701 1162 2768 1201 ne
2805 1161 3024 1201 sensum
3066 1144 3283 1216 quidem
3327 1144 3518 1200 mortis

1911 1243 2212 1311 haberent,
2266 1241 2361 1297 sed
2405 1241 2608 1310 absque
2650 1237 2853 1294 doloris
2882 1237 3134 1318 {cruciatu
3183 1235 3516 1305 supplicium

1906 1335 2169 1401 subirent,
2198 1341 2412 1403 quantae
2452 1344 2562 1386 non
2603 1328 2763 1385 fuerit
2795 1327 3075 1397 sapientia:
3105 1335 3160 1382 et
3202 1326 3513 1382 bonitatis?

1906 1425 2046 1495 Quin
2072 1424 2119 1480 si
2144 1424 2266 1495 quis
2295 1422 2478 1476 animo
2510 1420 2602 1492 pio
2633 1418 2902 1490 expendat
2928 1418 3127 1472 factum
3149 1458 3163 1482 ,
3191 1431 3297 1471 non
3335 1416 3512 1472 solum

1907 1531 2102 1586 nempe
2131 1516 2197 1571 iis
2226 1514 2316 1585 qui
2357 1513 2526 1584 puniti
2557 1519 2683 1566 sunt
2709 1510 2965 1566 beneficia
2994 1523 3116 1564 esse
3144 1508 3376 1574 collata,
3413 1507 3508 1563 sed

1907 1618 1964 1664 et
2004 1608 2256 1678 posteris,
2280 1607 2369 1677 qni
2416 1604 2524 1660 duo
2570 1605 2810 1659 maxima
2857 1601 2982 1658 inde
3024 1610 3383 1672 perceperunt
3417 1599 3514 1654 bo-

1907 1713 1974 1754 na
1996 1741 2010 1764 ,
2046 1698 2123 1771 (α)
2166 1697 2299 1770 [tum
2331 1696 2476 1768 quod
2503 1696 2692 1752 iisdem
2720 1696 2773 1750 in
2803 1695 2958 1750 malis
2987 1709 3094 1747 non
3126 1693 3237 1749 sint
3261 1692 3513 1760 involuti,

1908 1797 2020 1844 tum
2051 1789 2195 1859 quod
2225 1804 2292 1842 ex
2320 1786 2623 1858 hujusmodi
2653 1786 2803 1842 factis
2843 1785 3113 1840 cautiores
3153 1793 3208 1838 et
3247 1793 3514 1853 tempera-

1909 1884 2072 1938 tiores
2099 1879 2402 1954 evaserint]
2448 1890 2700 1953 quantam
2751 1883 3042 1952 gratiarum
3094 1880 3359 1936 actionem
3415 1895 3518 1949 pro

1907 1973 2014 2027 illis
2043 1973 2157 2028 Deo
2187 1988 2295 2027 non
2320 1973 2595 2028 debeant?
2619 1973 2828 2028 Etenim
2857 1971 3058 2042 posteri
3087 1985 3242 2040 paena
3271 1971 3510 2035 illorum,

1906 2073 1961 2118 et
1992 2073 2156 2125 metu,
2194 2079 2259 2117 ne
2280 2062 2467 2117 eadem
2494 2077 2615 2133 qua:
2644 2061 2720 2115 illi
2748 2069 3080 2130 paterentur,
3107 2060 3360 2116 meliores
3390 2059 3515 2115 facti

1906 2166 2059 2211 sunt:
2083 2171 2145 2208 ac
2171 2164 2428 2224 prmterea
2451 2169 2612 2209 omne
2637 2153 2852 2208 malitia:
2875 2151 3196 2208 fermentum
3218 2151 3509 2219 sublatum,

1909 2258 1964 2303 et
1992 2248 2171 2303 nullus
2195 2248 2417 2302 relictus
2444 2245 2542 2301 fuit
2572 2247 2650 2301 eis
2683 2244 2902 2298 malitiae
2942 2253 2994 2298 et
3027 2244 3318 2312 iniquitatis
3345 2244 3513 2315 magi-

1907 2349 2038 2394 ster.
2067 2340 2229 2394 Vides
2256 2337 2529 2409 quomodo
2558 2346 2613 2392 et
2643 2351 2818 2407 prensa
2863 2345 2912 2391 et
2957 2336 3216 2406 supplicia
3251 2335 3512 2391 beneficia

1907 2431 2014 2485 sint
2035 2470 2051 2496 ,
2074 2440 2129 2484 et
2159 2429 2253 2484 Dei
2281 2445 2405 2499 erga
2437 2427 2706 2482 hominem
2753 2427 3145 2497 providentiam
3191 2426 3513 2482 declarent?

1908 2521 1974 2575 Et
2003 2520 2047 2575 si
2070 2521 2189 2590 quis
2221 2519 2357 2574 velit
2383 2519 2501 2574 haec
2526 2533 2555 2571 a
2588 2518 2775 2588 primis
2801 2525 2855 2572 et
2877 2516 2946 2572 ab
2975 2517 3125 2571 initio
3155 2532 3474 2572 enumerare
3493 2559 3510 2585 ,

1907 2611 2142 2667 inveniet
2171 2623 2361 2665 omnes
2404 2623 2590 2679 pennas
2617 2608 2717 2662 hac
2751 2608 2819 2662 de
2846 2623 3002 2662 causa
3035 2609 3405 2679 peccatoribus
3432 2610 3511 2662 in—

1908 2711 2160 2757 tentatas.
2187 2699 2320 2756 Nam
2353 2708 2408 2755 et
2435 2699 2603 2754 Adam
2636 2706 2944 2768 peccantem
2976 2713 3084 2751 non
3132 2699 3358 2768 puniens
3390 2707 3510 2751 tan-

1909 2801 2047 2858 tum,
2081 2791 2176 2846 sed
2207 2800 2262 2846 et
2288 2789 2551 2845 beneficio
2587 2804 2919 2862 prosequens
2947 2789 3195 2858 paradiso
3217 2773 3396 2860 eiecit.
3446 2789 3511 2844 Et

1906 2884 2064 2956 quale
2095 2882 2229 2938 dicis
2255 2882 2596 2947 beneficium,
2629 2881 2792 2936 etiam
2823 2879 3052 2950 paradisi
3084 2881 3187 2934 vita
3210 2879 3519 2936 excidisse?

1905 2972 1986 3030 Ne
2014 2973 2330 3042 simpliciter
2357 2971 2606 3027 attendas
2635 2970 2703 3025 ad
2729 2985 2790 3025 ea
2815 2984 2934 3040 qua:
2960 2977 3222 3039 geruntur
3240 3012 3257 3038 ,
3293 2970 3508 3036 dilecte,

1907 3079 2083 3133 neque
2111 3063 2288 3117 obiter
2312 3077 2432 3131 qua:
2463 3077 2491 3114 a
2525 3061 2638 3116 Deo
2680 3060 2816 3114 fiunt
2839 3059 3121 3116 addiscas:
3155 3060 3252 3117 sed
3289 3061 3528 3131 profuit:

1906 3155 2033 3210 dum
2067 3154 2211 3208 illius
2235 3152 2492 3208 bonitatis
2521 3151 2749 3217 intuere,
2773 3159 2827 3206 et
2856 3152 3094 3207 invenies
3121 3152 3298 3207 omnia
3320 3151 3516 3208 eadem

1907 3245 1977 3302 de
2007 3237 2168 3300 causa
2191 3243 2260 3299 ab
2287 3245 2406 3314 ipso
2428 3243 2568 3298 fieri.
2594 3243 2690 3298 Die
2715 3243 2859 3298 enim
2883 3242 3037 3308 mihi,
3060 3244 3104 3298 si
3129 3244 3323 3309 Adam,
3357 3255 3508 3314 post-

1905 3354 2064 3410 quam
2095 3338 2174 3393 sic
2199 3346 2567 3406 transgressus
2587 3345 2703 3399 est,
2738 3335 2928 3389 iisdem
2961 3335 3140 3391 adhuc
3170 3335 3272 3390 frui
3305 3337 3512 3408 potuis-

1906 3438 2022 3497 set,
2050 3443 2158 3500 quo
2205 3443 2331 3484 non
2370 3425 2860 3482 excidisset?Nam
2916 3428 2960 3482 si
3019 3427 3180 3482 tantis
3232 3429 3512 3498 promissis

1913 3521 2173 3589 acceptis,
2208 3527 2513 3588 serpentem
2559 3517 2901 3588 deceptorum
2949 3518 3174 3584 audivit,
3199 3526 3254 3573 et
3293 3518 3512 3574 insidias

1906 3610 2144 3677 admisit,
2173 3623 2305 3679 quas
2332 3622 2428 3677 per
2453 3623 2576 3662 eum
2607 3607 2852 3662 diabolus
2896 3607 3107 3672 intulit,
3142 3623 3239 3678 spe
3265 3607 3513 3665 videlicet

1909 3698 2222 3754 obtinenda:
2266 3696 2590 3766 mqualitatis
2635 3711 2755 3751 cum
2809 3698 2918 3752 Deo
2971 3696 3198 3759 inflans,
3233 3707 3394 3767 atque
3457 3699 3517 3753 in

1909 3787 2363 3860 praevaricationis
2393 3795 2670 3856 peccatum
2699 3787 2846 3840 illum
2871 3787 3137 3856 injicicns,
3168 3787 3212 3841 si
3242 3788 3294 3841 in
3322 3787 3513 3843 eadem

1910 3881 2170 3952 dignitate
2192 3895 2255 3935 ac
2303 3881 2427 3935 vita
2470 3879 2680 3934 ratione
2720 3880 3043 3946 mansisset,
3082 3879 3356 3950 quomodo
3403 3894 3518 3934 non

1911 3972 2082 4026 multo
2111 3971 2216 4026 fide
2241 3971 2537 4040 digniorem
2562 3979 2799 4040 putasset
2821 3971 3109 4041 malignum
3142 3972 3290 4025 illum
3309 3970 3514 4025 dmmo-

1911 4079 2067 4126 ncm,
2101 4078 2260 4132 quam
2315 4076 2494 4116 rerum
2543 4061 2782 4116 omnium
2829 4061 3208 4126 Conditorem,
3235 4061 3411 4132 deque
3454 4077 3520 4118 se

1911 4153 2249 4215 sublimiora,
2278 4166 2441 4222 quam
2470 4151 2701 4222 dignitas
2731 4167 2824 4207 sua
2859 4151 3086 4220 ferebat,
3109 4153 3290 4207 animo
3312 4167 3514 4208 conce-

1911 4243 2122 4312 pisset?
2175 4241 2388 4296 Etenim
2437 4242 2558 4295 talis
2614 4242 2888 4296 hominum
2948 4251 3137 4297 natura
3191 4251 3308 4310 est,
3362 4252 3419 4298 ut
3466 4243 3524 4298 si

1912 4332 2127 4402 quando
2172 4346 2402 4402 peccans
2455 4347 2562 4388 non
2611 4332 2946 4396 refrenatur,
2990 4333 3086 4388 sed
3132 4349 3322 4390 secure
3367 4335 3522 4407 agit,

1913 4423 2139 4478 ulterius
2163 4422 2463 4493 procedens
2483 4423 2535 4477 in
2558 4437 2797 4492 praeceps
2820 4421 3040 4477 feratur.
3075 4424 3192 4478 Alia
3220 4432 3399 4480 tamen
3428 4427 3524 4481 via

1915 4527 2133 4583 possum
2161 4512 2480 4577 ostendere,
2504 4513 2644 4582 quod
2674 4513 3015 4568 clementiam
3046 4529 3155 4584 pra:
3191 4530 3250 4570 se
3294 4514 3471 4572 ferens
3496 4558 3526 4584 ,.

1916 4603 2179 4658 Adamum
2204 4603 2450 4672 paradiso
2470 4603 2693 4672 jusserit
2718 4603 3004 4670 excedere,
3036 4615 3092 4660 et
3118 4607 3306 4660 mortis
3340 4623 3525 4677 paenae-

1917 4694 2107 4750 fecerit
2133 4695 2427 4748 obnoxium
2453 4712 2467 4749 :
2493 4709 2615 4748 nam
2646 4696 2911 4764 ejectione
2939 4705 2996 4751 et
3033 4699 3330 4769 propinqua
3362 4678 3515 4754 habi-

1919 4785 2119 4839 tatione
2142 4783 2540 4854 castigatiorem
2564 4826 2578 4848 ,
2601 4794 2656 4838 et
2695 4785 2745 4839 in
2772 4794 3045 4854 posterum
3088 4790 3415 4844 securiorem
3446 4790 3524 4845 fa--

1919 4875 2069 4929 ciens
2086 4915 2102 4941 ,
2126 4889 2185 4928 rc
2217 4875 2328 4944 ipsa
2359 4874 2542 4929 docuit
2568 4887 2800 4946 quantus
2822 4877 3076 4947 deceptor
3101 4879 3257 4935 fuerit
3279 4881 3532 4937 dznmon-

1921 4967 2109 5021 Mortis
2138 4974 2317 5021 autem
2348 4967 2669 5036 supplicium
2708 4978 2928 5037 propter
2955 4968 3056 5024 hoc
3097 4970 3279 5024 intulit
3304 5013 3317 5034 ,
3340 4966 3406 5025 ut
3451 4990 3538 5028 ne'

1921 5056 2145 5126 posthac
2188 5070 2284 5125 per
2307 5056 2720 5112 inobedientiam
2747 5068 2966 5126 peccato
2998 5060 3264 5116 obnoxius
3293 5062 3521 5119 effectus

1923 5154 2186 5218 perpetuo
2214 5157 2481 5218 peccaret.
2510 5147 2626 5203 Non
2655 5149 2911 5205 videntur
2936 5151 3030 5206 tibi
3059 5151 3173 5207 haec
3199 5168 3318 5209 eSSe
3345 5157 3524 5211 maxi-

1925 5253 2027 5294 ma:
2063 5239 2384 5306 clementiae,
2407 5247 2461 5293 et
2486 5239 2683 5308 ejicere
2709 5255 2738 5294 a
2771 5240 3021 5309 paradiso
3058 5253 3112 5296 et
3146 5257 3302 5312 penna
3333 5249 3543 5300 mortis-

1922 5330 2199 5398 plcctere?
2227 5329 2451 5384 Possum
2481 5340 2657 5385 autem
2706 5341 2760 5386 et
2802 5333 2946 5386 aliud
2992 5345 3252 5403 praetcrea
3301 5338 3518 5393 afferre.

1925 5420 2220 5488 Qualcnam
2255 5420 2396 5474 hoc?
2430 5420 2575 5475 llanc
2621 5421 3040 5491 indignationem
3084 5425 3159 5479 illi
3202 5425 3483 5482 inferendo
3504 5469 3534 5492 ,.

1924 5526 2030 5565 non
2053 5509 2190 5579 apud
2220 5510 2390 5579 ipsum
2419 5511 2695 5566 dumtaxat
2724 5514 2982 5568 beneficia
3010 5516 3315 5584 collocavit,
3339 5518 3435 5573 sed
3465 5530 3528 5575 ct

1926 5612 2176 5672 posteros
2227 5602 2393 5673 ipsius
2426 5605 2674 5675 exemplo
2724 5607 2992 5676 corrigere
3039 5609 3228 5663 voluit.
3261 5609 3395 5665 Nam
3448 5615 3518 5684 si,

1989 5783 2064 5845 (τι)
2099 5789 2338 5893 "aequm
2361 5785 2496 5833 uncis
2536 5784 2823 5856 clauduntur
2849 5799 2912 5835 ex
2939 5801 3037 5836 uno
3071 5793 3257 5839 tantum
3282 5795 3363 5840 tis.
3390 5791 3523 5843 eruis

1989 5857 2051 5893 ιε.
2076 5845 2165 5893 sed
2190 5859 2252 5893 Vit
2271 5853 2414 5893 entur
2439 5848 2496 5893 ad
2520 5859 2702 5893 senem
2727 5848 2985 5893 titiam-are.

1925 5857 2051 5906 mus,
2076 5845 2165 5895 sed
2190 5845 2414 5896 videntur
2439 5848 2496 5896 ad
2520 5849 2702 5896 seriem
2727 5848 2985 5909 quadrare.
