4054 6312
558 498 836 574 postquam
884 493 1000 549 huic
1039 499 1346 559 evenerant,
1368 491 1414 550 is
1456 488 1547 559 qui
1591 503 1654 543 ex
1705 501 1772 542 eo
1809 495 1962 540 natus
2008 489 2127 546 est,

553 590 686 647 Cain
717 591 951 659 inquam,
974 587 1064 658 qui
1095 600 1205 655 pra:
1229 583 1397 637 oculis
1425 581 1634 638 videbat
1662 588 1867 661 patrem
1885 592 1953 632 ex
1972 587 2131 644 para-

559 681 678 736 diso
718 681 978 750 ejectum,
1024 670 1344 732 incﬁ‘abilcm
1392 673 1538 728 illam
1578 671 1796 741 gloriam
1841 668 2128 733 antissam,

553 751 982 826 malediCtionem
1015 770 1160 824 illam
1187 769 1399 831 miram,
1431 779 1550 834 qua:
1578 762 1788 817 dicebat
1817 779 1831 814 :
1860 758 2020 815 Terra
2044 773 2129 824 es,

552 875 599 918 et
627 865 687 917 iu
711 873 896 916 terram
917 861 1072 917 abibis
1103 858 1254 932 (Gen.
1274 859 1328 913 3.
1351 858 1464 922 l9),
1486 855 1675 911 melior
1702 854 1871 907 factus
1902 868 2006 906 non
2027 859 2128 916 est,

551 954 646 1008 sed
684 952 1017 1024 gravioribus
1065 967 1123 1007 se
1161 949 1379 1005 involvit
1415 946 1570 1001 malis
1611 962 1625 1000 :
1667 945 1709 999 si
1762 959 1867 1000 non
1912 943 2134 997 vidisset

547 1057 672 1113 quat-
703 1041 836 1111 patri
869 1035 1295 1120 contigerantnin
1316 1052 1472 1107 quam
1502 1051 1609 1092 non
1643 1035 1968 1106 pervenisset
1997 1035 2137 1086 ima-

552 1133 694 1188 niam
711 1132 734 1186 τ
754 1131 824 1188 Et
845 1131 985 1203 quod
1013 1146 1142 1186 sane
1170 1129 1523 1184 admiratione
1544 1128 1700 1183 fuerit
1727 1125 1965 1197 dignum,
1987 1124 2132 1179 illius

552 1223 714 1278 etiam
734 1223 822 1291 qui
845 1220 1236 1291 talia-peccavit
1263 1228 1318 1274 et
1343 1217 1548 1273 nefario
1577 1215 1866 1273 homicidio
1893 1216 2132 1270 dextram

556 1310 744 1380 polluit
769 1311 993 1381 puniens
1015 1350 1031 1376 ,
1068 1308 1431 1364 misericordia
1454 1322 1667 1377 pinnam
1693 1306 1928 1362 miscuit.
1980 1343 1985 1346 -

623 1396 678 1454 2.
723 1399 787 1454 Et
817 1407 873 1454 ut
901 1399 1180 1454 mnifesto
1221 1399 1361 1454 scias
1394 1397 1589 1452 divina:
1616 1396 1902 1463 bonitatis,
1935 1411 2053 1466 quae
2081 1404 2136 1451 et

553 1488 637 1545 isti
668 1488 901 1545 exhibita
926 1500 1050 1555 est,
1093 1487 1506 1558 magnitudinem
1548 1496 1714 1542 :tum
1754 1486 1967 1557 quidem
2010 1502 2131 1542 eum

555 1581 720 1636 Deum
742 1580 886 1650 gravi
907 1579 1224 1636 contumelia
1244 1577 1476 1635 afﬁceret
1497 1576 1770 1632 oﬁ’erendo
1791 1576 2133 1643 sacriﬁclum,

555 1677 609 1724 ct
639 1684 886 1740 magnum
919 1684 1027 1738 pm
1055 1683 1114 1722 se
1155 1666 1376 1724 ferendo
1408 1677 1770 1738 contemptum
1818 1667 1964 1738 (non
1989 1668 2135 1722 enim

553 1759 820 1816 dividebat
849 1758 1024 1825 justo,
1075 1758 1171 1812 sed
1217 1757 1474 1812 offerebat
1501 1757 1812 1827 simpliciter
1853 1769 1907 1812 et
1935 1757 2136 1826 absque

554 1849 761 1904 delectu
785 1848 824 1917 ),
857 1846 985 1902 nihil
1007 1848 1087 1901 vel
1112 1862 1274 1917 grave
1295 1848 1375 1902 vel
1401 1847 1681 1903 molestum
1709 1847 1960 1902 adversus
1989 1847 2137 1902 illum

554 1941 804 2010 loquutus
852 1947 934 1994 est
975 1938 1154 2003 Ἴως,
1202 1939 1444 2007 quamvis
1491 1947 1764 2007 peccatum
1810 1939 1984 2008 ipsum
2032 1954 2138 1994 non

554 2037 698 2085 esset
723 2045 942 2100 parvum
972 2038 1028 2084 et
1055 2028 1270 2099 vulgare
1288 2069 1305 2095 ,
1335 2029 1430 2083 sed
1459 2029 1611 2083 valde
1637 2043 1907 2098 magnum.
1935 2028 2063 2084 Nam
2090 2029 2137 2084 si

558 2118 596 2177 ii
624 2123 712 2192 qui
743 2135 1070 2191 consanet-es
1099 2119 1344 2176 homines
1372 2121 1622 2176 honorari
1652 2121 1856 2186 volunt,
1889 2124 2054 2190 prima
2084 2132 2140 2178 et

554 2211 819 2282 praecipua
839 2211 940 2266 illis
956 2209 1210 2276 tribuunt,
1233 2211 1426 2281 illaque
1444 2209 1637 2267 oﬁ‘crre
1657 2213 1885 2267 maxime
1901 2211 2134 2279 student,

553 2318 673 2372 qua:
723 2301 970 2356 omnibus
1015 2301 1333 2374 pretiosiora
1386 2302 1484 2356 sibi
1530 2301 1775 2357 videntur
1819 2321 1831 2355 :
1871 2303 2137 2372 quomodo

555 2392 824 2447 hominem
858 2393 966 2447 Deo
1000 2392 1314 2447 offerentem
1359 2406 1463 2445 non
1493 2390 1773 2460 Oportebat.
1804 2393 1910 2445 Deo
1939 2391 2137 2462 pretio-

554 2481 696 2536 siora
724 2492 776 2536 ct
807 2482 1170 2550 priestantiora
1200 2479 1435 2535 offerre?
1467 2480 1627 2552 Igitur
1651 2495 1770 2535 cum
1793 2489 1992 2535 tantum
2018 2495 2140 2550 pec-

556 2580 721 2636 caret,
745 2581 800 2626 et
830 2581 1030 2626 tantum
1059 2585 1168 2641 prie
1195 2586 1256 2627 se
1283 2571 1444 2626 ferret
1468 2579 1831 2641 contemptum
1860 2572 1969 2634 illo,
2002 2573 2140 2626 Deus

559 2670 734 2716 tamen
767 2677 870 2716 non
920 2662 1099 2732 petivit
1130 2677 1339 2730 pinnam
1359 2702 1375 2727 ,
1422 2678 1595 2732 neque
1621 2675 1717 2731 pro
1759 2661 1909 2716 factis
1934 2663 2139 2732 suppli-

555 2752 696 2808 cium
723 2753 929 2822 exegit:
961 2752 1053 2807 sed
1077 2753 1224 2823 quasi
1253 2751 1456 2806 amicus
1474 2755 1668 2818 amico,
1695 2767 1817 2807 cum
1839 2755 1980 2808 omni
2011 2754 2140 2809 [cni-

557 2851 666 2899 tute
694 2842 914 2912 loquens
942 2843 1019 2895 sic
1061 2841 1192 2896 dixit
1220 2860 1233 2896 :
1268 2839 1516 2909 Peccasti,
1537 2842 1734 2913 quiesce
1765 2841 1931 2913 (Gen.
1961 2845 2012 2896 4.
2046 2845 2135 2915 7).

559 2933 840 2992 Peccatum
869 2933 1144 2988 dumtaxat
1172 2935 1246 2988 illi
1277 2933 1524 2990 indicavit
1543 2976 1559 3000 ,
1587 2943 1643 2990 et
1664 2936 1931 2990 consuluit
1965 2951 2032 2991 ne
2059 2935 2140 2990 ul-

557 3023 721 3081 terius
752 3024 1178 3093 progrederetur.
1209 3023 1398 3079 Vidisti
1441 3025 1691 3079 bonitatis
1727 3025 2139 3080 excellentiam?

555 3113 658 3171 Sed
689 3116 810 3185 quia
842 3116 928 3170 ille
951 3130 1054 3171 non
1081 3118 1251 3170 solum
1285 3114 1412 3169 nihil
1439 3130 1502 3170 ex
1533 3124 1676 3170 tanta
1703 3117 1950 3185 patientia
1979 3117 2138 3170 lucri-

557 3204 714 3268 fecit,
746 3206 838 3260 scd
868 3215 922 3260 ct
949 3207 1190 3275 gravium
1222 3206 1408 3276 primis
1436 3205 1649 3275 adjecit,
1678 3218 1836 3276 atque
1866 3205 1930 3260 ad
1961 3205 2139 3262 fratris

560 3306 743 3352 necent
773 3298 1111 3366 properavit,
1144 3297 1282 3352 Deus
1309 3297 1523 3367 quidem
1554 3297 1605 3351 in
1648 3312 1771 3353 enm
1812 3297 1987 3352 adhuc
2024 3315 2138 3351 ma-

556 3402 714 3456 gnam
740 3386 1056 3440 ostendebat
1082 3385 1372 3450 lenitatem,
1402 3387 1738 3459 interrogans
1764 3390 1908 3458 prius
1935 3399 1987 3443 et
2007 3390 2138 3444 dans

561 3477 634 3531 illi
672 3476 1050 3530 satisfactionis
1081 3476 1252 3530 locum
1281 3493 1294 3530 :
1323 3476 1417 3531 sed
1446 3479 1567 3547 quia
1599 3480 1792 3532 mansit
1836 3479 2133 3548 impudens,

556 3578 684 3622 tunc
705 3581 913 3636 pmnam
940 3567 1113 3620 intulit
1137 3567 1183 3620 ei
1209 3566 1595 3623 emendationis
1622 3569 1809 3638 gratia,
1833 3584 1953 3638 qua:
1976 3570 2135 3624 etiam

561 3661 672 3728 ipsa
701 3661 921 3712 nntltnm
951 3659 1181 3714 habebat
1208 3660 1585 3716 misericordia:
1614 3660 1930 3717 admixtum.

636 3750 739 3817 Qui
777 3752 829 3804 in
873 3767 965 3804 uos
1009 3763 1210 3818 peccat,
1259 3757 1494 3822 feratur;
1531 3755 1613 3823 qui
1659 3756 1710 3808 in
1737 3753 1901 3808 Deum
1944 3766 2135 3825 peccat,

565 3844 828 3914 puniatur.
851 3872 919 3882 ——
945 3840 1104 3897 Vides
1141 3842 1408 3912 quomodo
1436 3844 1572 3898 Deus
1593 3885 1605 3909 ,
1646 3846 1857 3914 quando
1885 3848 1936 3901 in
1965 3848 2136 3916 ipsum

544 3933 821 4006 peccavit,
845 3941 1228 4002 peccatumque
1255 3947 1356 3987 non
1380 3933 1614 4003 vulgare,
1638 3935 1839 3998 dimisit
1862 3936 1909 3990 ei
1937 3953 1948 3988 :
1975 3952 2140 4005 quan.-

560 4026 629 4079 do
654 4035 831 4079 autem
861 4023 910 4076 ir:
954 4021 1172 4077 fratrem
1211 4023 1436 4076 armavit
1473 4022 1714 4078 dextram
1741 4064 1758 4089 ,
1799 4025 2138 4080 maledicmm

561 4115 736 4170 intulit
758 4125 808 4169 et
839 4111 1175 4181 increpavit?
1204 4111 1292 4167 Sic
1318 4128 1457 4167 nunc
1481 4119 1537 4167 et
1567 4127 1666 4168 nos
1693 4112 1946 4170 faciamus
1967 4155 1982 4180 ,
2015 4115 2136 4169 imi-

564 4215 841 4274 tcmurquc
870 4204 1147 4257 Dominum
1182 4213 1422 4258 nostrum
1447 4221 1462 4268 ;
1495 4214 1546 4258 et
1574 4207 1616 4258 si
1643 4207 1766 4274 quid
1810 4207 1860 4259 in
1891 4220 1987 4260 nos
2019 4222 2159 4277 paea

561 4306 739 4351 catum
767 4294 945 4354 fuerit,
975 4293 1180 4347 veniam
1208 4292 1417 4358 demus,
1446 4302 1502 4348 et
1529 4294 1858 4348 remittamus
1885 4297 1948 4350 iis
1969 4295 2058 4366 qui
2085 4296 2136 4350 in

565 4402 661 4440 nos
701 4384 1077 4453 deliquerunt:
1107 4383 1324 4453 quando
1367 4393 1542 4438 autem
1575 4383 1626 4438 in
1661 4383 1824 4438 Deum
1867 4396 2138 4453 peccatum
2183 4425 2190 4428 -

565 4479 822 4540 refertur,
867 4484 992 4529 tunc
1033 4489 1219 4545 pinnas
1261 4476 1551 4546 exigamus.
1599 4475 1705 4531 Sed
1738 4477 1916 4532 nescio
1945 4478 2137 4547 quiﬁt,

569 4578 623 4620 nt
648 4570 824 4620 omnia
866 4579 1018 4620 secus
1057 4565 1348 4628 faciamus,
1394 4567 1611 4621 omnino
1656 4579 1867 4636 peccata
1911 4585 2030 4639 qua:
2074 4570 2141 4625 ad

569 4657 733 4710 Deum
761 4655 1096 4725 pertingant,
1125 4654 1289 4707 inulta
1317 4667 1434 4707 esse
1460 4655 1681 4710 sinimus
1709 4673 1723 4710 :
1750 4658 1793 4711 si
1821 4658 1938 4727 quis
1964 4671 2140 4715 autem

569 4762 749 4814 parum
784 4745 905 4814 quid
945 4747 996 4798 in
1043 4758 1142 4799 nos
1187 4744 1518 4814 peccaverit,
1567 4745 1683 4815 ejus
1724 4763 1910 4817 graves
1958 4765 2141 4806 sumus

565 4837 766 4889 ultores
808 4846 860 4888 et
907 4844 1283 4899 accusatores,
1339 4837 1642 4904 ignorantes
1687 4854 1782 4893 nos
1824 4855 1890 4894 ea
1936 4842 2142 4898 ratione

568 4924 962 4980 misericordem
981 4925 1258 4978 Dominum
1282 4926 1447 4995 magis
1467 4927 1804 4984 exacerbare.
1828 4930 1978 4998 Quod
1999 4935 2139 4988 enim

568 5031 683 5071 mos
703 5017 772 5071 sit
795 5016 902 5070 Deo
928 5031 1069 5086 smpe
1089 5016 1357 5072 dimittere
1376 5035 1491 5087 qnzr
1518 5020 1570 5074 in
1595 5037 1653 5076 se
1680 5032 1895 5092 peccata
1924 5024 2138 5095 fuerint,

568 5126 749 5165 verum
781 5124 900 5180 qua:
931 5110 982 5162 in
1017 5109 1311 5179 proximum
1333 5153 1348 5177 ,
1393 5126 1454 5167 ea
1485 5129 1602 5167 cum
1635 5129 1822 5186 magna
1861 5121 2144 5178 severitate

567 5202 848 5271 exquirere
869 5242 882 5267 ,
917 5201 1042 5256 audi
1086 5201 1294 5256 beatum
1329 5203 1547 5258 Paulum
1589 5207 1854 5263 dicentem
1884 5227 1898 5263 :
1929 5211 1988 5267 Si
2030 5215 2144 5285 quis

571 5308 776 5344 uxorem
802 5290 945 5344 habet
971 5290 1244 5358 inﬁdelem,
1271 5303 1315 5346 et
1339 5293 1439 5362 ipsi
1461 5295 1659 5366 gratuiti
1683 5297 1834 5368 fuerit
1860 5301 2144 5359 cohabitare

568 5383 665 5446 illi,
699 5397 797 5434 non
834 5382 1052 5435 dimittat
1093 5381 1254 5436 illaut.
1285 5383 1351 5437 Et
1391 5385 1434 5439 si
1473 5403 1570 5455 qua
1609 5389 1787 5442 mulier
1817 5392 1958 5447 habet
1983 5395 2141 5449 tirunt

571 5476 841 5542 inﬁdelem,
876 5487 921 5528 et
949 5476 1028 5528 hic
1054 5477 1296 5531 consentit
1325 5478 1547 5554 habitare
1574 5497 1686 5536 cum
1713 5481 1822 5546 illa,
1851 5502 1948 5540 non
1976 5487 2144 5542 dimit-

570 5578 638 5618 tut
668 5565 809 5618 illum
838 5568 929 5634 (1.
951 5564 1068 5621 Cor.
1094 5568 1145 5620 7.
1176 5568 1258 5622 η.
1290 5568 1355 5622 (3
1375 5569 1415 5637 ),
1442 5570 1628 5626 Vidisti
1656 5585 1849 5642 quanta
1875 5576 1941 5630 ibi
1971 5579 2144 5634 indul-

568 5655 788 5724 gentia?
819 5657 1036 5712 Etiamsi
1062 5661 1272 5725 gentilis
1302 5660 1476 5724 fuerit,
1505 5663 1708 5717 etiamsi
1742 5665 1990 5732 inlidclis,
2021 5685 2143 5738 pro-

572 5746 656 5802 bet
684 5759 855 5800 mitem
884 5749 1324 5804 colialtitationcm
1346 5793 1359 5813 ,
1401 5767 1504 5805 non
1535 5753 1778 5824 refugiat.
1815 5755 1880 5813 Et
1911 5758 2098 5815 iterum
2123 5781 2136 5814 :

1269 373 1327 431 S.
1366 367 1648 430 JOANNIS
1681 357 2158 424 Ωηῐιῖὃοετοὶεί
2195 358 2512 418 ABCillEP.
2553 363 3086 427 CONSTANTINOP.

3719 377 3827 434 23‘!

2245 473 2362 532 Etsi
2384 482 2584 550 gentilis
2605 484 2760 552 fuerit
2785 484 2997 552 mulier,
3038 487 3135 541 etsi
3159 487 3379 555 inﬁdelis
3399 533 3413 554 ,
3440 492 3644 561 vultque
3667 496 3819 549 colin-

2240 566 2416 634 bitarc,
2443 587 2549 625 non
2565 573 2798 642 repellat.
2827 575 2928 640 Qui
2948 577 3066 640 scis,
3092 578 3275 648 inquit,
3299 580 3498 642 mulier,
3523 599 3645 635 natm
3667 587 3824 640 uirutr.

2223 661 2495 714 .salratura
2521 663 2635 716 sis?
2661 671 2748 716 aut
2773 664 2861 733 qui
2885 667 3004 732 scis,
3031 668 3127 733 rir,
3158 684 3280 722 nunt
3309 671 3568 724 mulierem
3598 676 3825 731 salvatu-

2221 765 2327 802 rus
2353 753 2421 804 sis
2448 750 2521 823 (ι.
2544 753 2660 807 Cor.
2679 753 2733 810 ’1.
2760 755 2850 824 16)
2865 756 2888 808 ?
2905 755 3038 812 Vide
3061 761 3331 828 quomodo
3349 778 3453 817 non
3473 763 3725 832 prohibet
3752 770 3824 820 iu-

2239 839 2454 896 ﬁdelem
2475 845 2782 912 quempiam
2797 847 2881 901 vel
2900 849 3202 916 quampiam
3225 852 3277 906 in
3298 855 3633 930 contubernii
3656 858 3829 928 legem

2237 931 2458 986 assumi.
2490 934 2626 991 Audi
2659 938 2847 991 iterum
2878 939 3046 1007 ipsum
3076 939 3349 997 Christum
3375 947 3642 1004 dicentem
3669 949 3828 1006 disci-

2237 1021 2376 1088 pttlis
2406 1039 2418 1075 :
2459 1022 2592 1079 Dico
2621 1029 2754 1082 enim
2783 1029 2923 1085 vobis
2945 1072 2960 1095 ,
2992 1033 3154 1087 omnis
3198 1035 3289 1104 qui
3329 1037 3577 1095 dimiserit
3619 1057 3832 1100 mrem

2237 1106 2412 1180 etiam,
2439 1129 2653 1188 mepte
2675 1135 2833 1175 causa
2855 1122 3225 1194 fornicationis,
3254 1128 3374 1197 facit
3404 1129 3548 1186 illaut
3586 1137 3834 1191 "imitari

2239 1202 2261 1276 (
2286 1204 2470 1263 Matth.
2499 1210 2555 1264 5.
2586 1209 2655 1264 52
2679 1210 2719 1281 ).
2759 1211 2954 1283 ingens
2982 1217 3316 1288 bcnignitasl
3348 1223 3569 1280 Etiamsi
3597 1226 3834 1284 inﬁdelis

2241 1294 2421 1365 fuerit,
2456 1300 2537 1354 vel
2568 1303 2779 1375 gentilis
2801 1344 2818 1369 ,
2855 1305 2900 1358 si
2927 1311 3293 1378 consenserit,
3341 1315 3510 1370 retine
3537 1333 3553 1371 :
3577 1317 3624 1372 si
3650 1330 3832 1375 autem

2241 1391 2293 1446 in
2321 1401 2373 1448 te
2399 1394 2730 1462 peccaverit,
2757 1403 2812 1452 et
2848 1394 3122 1468 pactorum
3157 1403 3500 1462 obliviscatur
3521 1449 3536 1474 ,
3568 1409 3830 1466 aliorum-

2241 1497 2344 1553 que
2372 1485 2667 1554 prxtulerit
2688 1491 3015 1546 consortium
3037 1534 3052 1558 ,
3093 1493 3216 1550 licet
3262 1497 3353 1551 tibi
3386 1498 3529 1554 illam
3554 1503 3754 1572 ejicere
3777 1519 3830 1560 et

2241 1573 2525 1642 repellere.
2558 1575 2680 1631 ηπ
2706 1579 3033 1648 cogitantes,
3063 1586 3374 1642 studeamus
3402 1591 3563 1645 etiam
3606 1594 3834 1650 Domino

2240 1677 2461 1738 propter
2503 1670 2639 1726 lianc
2668 1672 2720 1728 in
2765 1688 2864 1729 nos
2902 1675 3326 1734 benevolentiam
3358 1681 3559 1748 pariter
3585 1684 3834 1744 referre:

2240 1767 2294 1812 et
2318 1757 2464 1824 sicut
2485 1759 2600 1830 ipse
2625 1764 2735 1817 vult
2757 1763 3027 1822 dimittere
3052 1781 3114 1822 ea
3140 1784 3260 1839 qua:
3287 1773 3338 1824 in
3361 1786 3420 1826 se
3445 1784 3662 1841 peccata
3684 1784 3830 1840 sciat,

2240 1862 2358 1918 quae
2384 1862 2559 1907 autem
2588 1853 2638 1906 in
2669 1870 2788 1922 nos,
2812 1857 3100 1921 ulciscitur,
3129 1859 3285 1931 idque
3311 1877 3501 1933 magna
3525 1867 3830 1932 severitate.

2240 1932 2430 1996 eodem
2458 1958 2586 1998 sane
2627 1946 2790 2002 modo
2831 1956 2886 2004 et
2929 1949 3029 2019 ipsi
3068 1950 3365 2008 faciamus:
3393 1971 3742 2029 qumottmquc
3778 1959 3832 2016 in

2244 2045 2344 2087 nos
2373 2038 2594 2101 peccant
2624 2037 2850 2105 proximi
2892 2041 3260 2106 remittamus,
3290 2060 3407 2113 qua:
3437 2057 3616 2101 autem
3645 2062 3834 2104 contra

2245 2122 2436 2188 Deum,
2466 2138 2526 2178 ea
2553 2140 2747 2195 magno
2769 2125 2951 2186 studio
2972 2146 3220 2189 curemus
3243 2136 3444 2191 ulcisci.
3478 2138 3630 2203 Quod
3658 2150 3710 2195 ct
3739 2159 3839 2196 rso-

2241 2212 2324 2266 bis
2371 2215 2602 2282 proderit
2631 2217 2915 2286 plurimum
2939 2262 2954 2287 ,
2986 2231 3041 2278 et
3079 2239 3177 2282 eos
3212 2228 3300 2296 qui
3345 2232 3685 2301 corriguntur
3723 2250 3838 2288 non

2245 2317 2428 2372 parum
2471 2306 2696 2374 juvabit.
2731 2309 2995 2368 Fortassis
3040 2313 3197 2372 hodie
3243 2319 3496 2387 prolixius
3521 2322 3665 2392 justo
3708 2342 3840 2395 pro-

2242 2396 2459 2450 mniiutn
2493 2395 2734 2454 fecimus.
2782 2401 2886 2455 Sed
2915 2405 3042 2472 quid
3083 2408 3280 2476 agant?
3321 2410 3430 2465 [loc
3471 2423 3665 2482 printer
3707 2431 3840 2472 scn-

2244 2486 2461 2539 tentiam
2489 2488 2616 2542 mihi
2648 2492 2898 2560 contigit,
2931 2495 3212 2551 verborum
3248 2498 3391 2556 fluxu
3421 2515 3591 2572 rapto.
3667 2534 3670 2538 -

2317 2573 2491 2629 Preme
2527 2594 2558 2630 α
2596 2577 2701 2632 Deo
2744 2581 2906 2637 illatas
2941 2583 3223 2641 clementiae
3259 2593 3562 2659 conjunctis.
3583 2625 3657 2635 —
3683 2596 3840 2662 Quo-

2243 2665 2385 2720 niam
2418 2680 2594 2722 autem
2623 2673 2797 2727 omnis
2824 2689 3002 2730 sermo
3027 2686 3212 2733 noster
3234 2680 3301 2735 de
3329 2681 3528 2738 diluvio
3553 2696 3663 2751 est,
3699 2703 3843 2756 opus

2242 2756 2395 2810 nobis
2436 2769 2553 2814 erat
2589 2762 2799 2817 caritati
2846 2775 3035 2820 vestra:
3064 2770 3386 2837 Ostendere,
3435 2787 3621 2842 pinnas
3651 2791 3682 2829 a
3723 2777 3842 2834 Deo

2245 2849 2399 2903 nobis
2431 2850 2604 2906 illatas
2633 2854 3013 2912 misericordia:
3043 2859 3210 2929 magis
3235 2876 3355 2917 esse
3373 2903 3388 2927 ,
3430 2880 3589 2934 quam
3617 2883 3795 2937 poma:
3824 2890 3840 2925 :

2241 2938 2320 3016 sic
2361 2955 2578 3032 quoque
2622 2953 2739 3019 erat
2786 2953 2841 3000 et
2880 2947 3158 3004 diluvium.
3209 2950 3342 3007 Nam
3391 2956 3522 3010 sicut
3571 2958 3844 3032 benignus

2241 3041 2362 3098 erga
2392 3029 2528 3085 ﬁlios
2555 3041 2737 3102 pater,
2769 3038 2947 3091 omnia
2987 3040 3056 3095 ob
3099 3055 3279 3096 curam
3315 3046 3363 3097 in
3391 3060 3563 3116 genus
3590 3029 3841 3110 nostrum

2244 3117 2387 3173 facit.
2421 3121 2487 3176 Ut
2512 3133 2686 3178 autem
2718 3141 2782 3180 ex
2811 3129 2873 3181 iis
2897 3169 2914 3194 ,
2957 3144 3080 3199 quis
3107 3147 3247 3188 nunc
3278 3140 3546 3206 proposita
3574 3153 3629 3196 et
3675 3143 3844 3203 hodie

2246 3209 2378 3264 lecta
2405 3212 2620 3267 discuti.»
2651 3216 2990 3288 benignitatis
3016 3221 3161 3278 illius
3180 3227 3620 3298 magnitudinem,
3650 3235 3844 3290 audia-

2244 3316 2362 3392 mus
2409 3303 2520 3371 ipsa
2567 3303 2759 3360 divina:
2804 3307 3091 3379 Scriptura:
3141 3317 3321 3370 verba.
3372 3318 3505 3373 Nam
3547 3324 3671 3392 quia
3717 3325 3841 3383 lteri

2243 3391 2425 3447 docuit
2459 3411 2554 3450 nos
2592 3397 2780 3452 beatus
2805 3399 2978 3457 Moses
3001 3445 3016 3470 ,
3049 3406 3266 3472 dicens,
3313 3391 3656 3471 Emltattsiest
3680 3437 3843 3488 inqua

2242 3500 2394 3581 super
2424 3495 2611 3540 terram
2637 3488 2813 3546 diebus
2837 3501 3035 3548 centum
3058 3498 3421 3570 quinquaginta
3437 3503 3469 3573 ⁵(
3485 3504 3616 3560 Gen.
3644 3506 3698 3560 7.
3726 3508 3839 3581 Ἡ)

2242 3573 2331 3643 (et
2359 3589 2425 3630 eo
2451 3592 2618 3646 usque
2645 3580 2889 3637 docendo
2919 3588 3333 3659 processimus),
3365 3591 3521 3648 hodie
3542 3597 3614 3649 ait
3643 3613 3660 3652 :
3695 3601 3740 3652 t.

2241 3667 2536 3722 recordatus
2565 3679 2637 3723 est
2665 3671 2806 3728 Deus
2828 3674 2885 3730 Ν
2888 3693 2946 3730 oe
2967 3719 2982 3742 ,
3009 3688 3055 3732 et
3089 3683 3314 3735 omnium
3355 3688 3601 3755 ferarum,
3646 3703 3694 3746 et
3719 3708 3837 3746 om-

2243 3756 2380 3810 nium
2411 3761 2782 3831 jumentorunt,
2825 3775 2869 3819 et
2910 3770 3134 3825 omnium
3175 3775 3452 3830 volutilt'um
3477 3820 3492 3845 ,
3524 3791 3571 3835 et
3609 3788 3838 3840 omnium

2245 3849 2500 3917 reptilium
2524 3894 2536 3916 ,
2564 3871 2890 3923 quit-cumque
2911 3871 3053 3914 erant
3074 3879 3190 3916 cum
3215 3865 3303 3919 illo
3329 3869 3382 3920 in
3407 3886 3528 3923 arca
3554 3871 3709 3939 (Gen.
3735 3875 3815 3948 8).

2317 3940 2366 3992 ὅ.
2411 3940 2543 3996 Vide
2588 3944 2671 3999 hic
2709 3947 2898 4002 iterum
2925 3993 2938 4012 ,
2981 3966 3138 4020 quam
3179 3970 3237 4008 se
3277 3966 3592 4028 attempeiet
3635 3940 3838 4022 nostrae

2247 4027 2536 4085 inﬁrmitati
2565 4034 2740 4089 divina
2770 4037 3062 4110 Scriptura.
3096 4043 3160 4096 Et
3189 4027 3480 4103 recordatus
3509 4063 3603 4116 est,
3641 4056 3836 4126 inquit,

2248 4120 2404 4178 Deus.
2433 4125 2789 4193 Dilectissimi,
2817 4131 3173 4204 intelligamus
3201 4137 3314 4192 lucc
3341 4152 3396 4194 ut
3419 4142 3636 4212 dignum
3663 4120 3740 4201 est
3768 4120 3838 4205 de

2247 4212 2359 4278 Deo
2384 4214 2699 4286 intelligere,
2726 4235 2786 4273 ac
2815 4237 2880 4275 ne
2907 4224 3198 4280 secundum
3225 4238 3428 4285 natnne
3457 4243 3656 4290 nostra:
3685 4237 3839 4293 inﬁr-

2246 4303 2485 4360 mitatem
2520 4307 2635 4361 haec
2674 4324 2852 4363 crassa
2894 4312 3052 4369 verba
3095 4315 3478 4387 intelligamus.
3503 4323 3633 4379 Nam
3660 4341 3839 4397 quan-

2246 4403 2356 4450 tum
2386 4396 2453 4452 ad
2484 4398 2806 4466 ineffabilem
2839 4403 2980 4457 illam
3009 4415 3251 4464 naturam
3291 4413 3518 4482 attinet,
3557 4396 3836 4489 indignum

2248 4577 2622 4646 becillitatcm,
2669 4586 2906 4654 apposite
2951 4596 3032 4642 est
3093 4588 3318 4646 dictum.
3367 4593 3677 4654 Recordattts
3724 4614 3837 4672 est,

2249 4667 2451 4738 inquit,
2498 4668 2637 4725 Deus
2679 4671 2811 4727 Noe.
2862 4675 3122 4744 Quoniam
3155 4685 3386 4738 narravit
3430 4688 3585 4744 nobis
3626 4692 3678 4745 in
3721 4667 3840 4763 jani

2249 4760 2426 4827 dictis,
2470 4763 2602 4817 sicut
2646 4764 2791 4833 prius
2833 4769 3040 4823 caritati
3079 4781 3268 4827 vestra:
3307 4775 3557 4848 diximus,
3604 4760 3839 4852 quadra-

2247 4850 2389 4919 ginta
2413 4849 2597 4906 diebus
2617 4863 2672 4909 et
2693 4855 2909 4910 totidem
2933 4860 3176 4914 noctibus
3196 4861 3358 4919 fuisse
3380 4849 3698 4937 pluviam—ct
3718 4876 3844 4932 die.

2251 4939 2348 4995 bus
2382 4953 2596 4999 centum
2631 4947 3006 5028 quinquaginta
3041 4952 3284 5007 eamdem
3324 4959 3583 5014 mansisse
3614 4978 3835 5032 aquam,

2249 5033 2549 5100 quindecim
2598 5035 2791 5092 cubitis
2833 5055 2994 5109 super
3021 5051 3233 5098 montes
3268 5047 3576 5113 exaltatum,
3617 5062 3670 5106 et
3710 5069 3838 5112 eum

2253 5122 2366 5178 haec
2397 5124 2614 5191 ﬁerent,
2655 5126 2855 5197 justum
2897 5131 3160 5188 resedisse
3189 5135 3238 5188 in
3265 5150 3390 5191 arca
3410 5180 3424 5204 ,
3459 5153 3627 5209 neque
3653 5159 3839 5202 aerem

2252 5214 2455 5282 spirare
2479 5216 2766 5282 valentem,
2797 5217 3263 5295 habitantibusque
3287 5241 3405 5282 cum
3434 5243 3498 5284 eo
3525 5230 3692 5289 brutis
3719 5239 3840 5292 uni-

2253 5307 2439 5373 versis,
2470 5308 2668 5365 idcirco
2735 5312 2939 5382 inquit,
2975 5308 3042 5368 Ei
3068 5321 3359 5374 recordatus
3402 5332 3475 5375 est
3515 5323 3655 5380 Deus
3695 5327 3839 5387 Noe.

2251 5396 2387 5465 Quid
2412 5411 2512 5464 est,
2548 5398 2864 5457 Recordatus
2905 5414 2976 5458 est
2998 5406 3024 5459 1
3064 5406 3308 5478 Misenus
3345 5422 3445 5475 est,
3480 5416 3676 5484 inquit,
3702 5419 3838 5487 justi

2253 5491 2305 5543 in
2333 5504 2451 5543 arca
2480 5493 2685 5560 agentis
2715 5511 2726 5545 :
2761 5496 3009 5550 misertus
3036 5510 3117 5552 est
3159 5500 3274 5569 ejus
3318 5501 3369 5554 in
3411 5510 3551 5557 tanta
3592 5511 3836 5576 angitstia

2253 5591 2306 5634 et
2336 5597 2511 5635 rerum
2540 5582 2852 5641 difﬁcultate
2889 5589 3160 5644 constituti
3186 5631 3202 5656 ,
3247 5593 3639 5666 ignorantisqnc
3668 5616 3837 5668 quan-

2256 5670 2447 5726 donam
2481 5674 2735 5730 molestia:
2762 5677 2866 5731 illa:
2910 5680 3067 5734 linem
3115 5682 3374 5738 habitune
3411 5701 3611 5742 essent.
3644 5690 3833 5747 (ἶυιιςίο

2254 5761 2377 5816 dcra
2408 5763 2520 5820 hic.
2548 5780 2763 5836 quaeso,
2795 5772 2977 5839 quales
3007 5780 3130 5827 tunc
3179 5775 3298 5829 llius
3334 5776 3524 5833 fuerint
3561 5782 3808 5850 cogitatis
