4054 6312
364 316 470 373 333

359 434 463 494 τὰς
495 429 906 502 τεσσαράκοντα
936 427 1156 494 νύκτας,
1203 426 1268 490 ἃς
1295 430 1327 498 ή
1356 427 1464 480 τῶν
1497 427 1703 482 ὑδάτων
1733 431 1874 500 φορὰ.
1909 448 2038 483 κατ-

361 513 607 588 εφέρετο,
653 514 799 588 δρῶν
823 516 918 570 ἐπὶ
962 513 1156 568 έκατδν
1203 514 1544 584 πεντήκοντα
1573 516 1786 587 ἡμέρας
1814 518 1908 569 ἐπὶ
1947 515 2040 567 τοῦ

361 601 528 657 αὑτοῦ
560 602 762 675 μέτρον
781 601 852 656 τὰ
873 591 1040 655 ὕδατα
1067 599 1314 672 μένοντα,
1340 601 1434 654 καὶ
1459 599 1581 654 οὑδέ
1611 602 1745 666 ὅλως
1767 602 2000 673 λήγοντα
2022 617 2037 633 ο

365 690 459 742 καὶ
475 689 540 742 τὸ
566 689 631 761 δὴ
662 687 1061 760 χαλεπώτερον,
1087 688 1168 740 δτι
1195 687 1317 740 οὑδέ
1345 688 1531 751 αὑτοῖς
1560 688 1861 758 ὀφθαλμοῖς
1881 684 2040 761 ⁸εἶχεν

365 775 498 828 ἰδεῖν
521 775 591 830 τά
617 759 981 846 γεγενημένα,
1013 774 1130 827 ἀλλ’
1169 773 1639 844 ἐγκεκλεισμένος,
1675 777 1770 828 καὶ
1797 775 1859 827 οὑ
1881 759 2042 828 ’δυνά-

366 863 527 933 μενός
552 863 716 916 ποθεν
742 864 807 932 τῇ
847 860 966 930 ὕψει
1002 859 1296 914 ὑποϐαλεῖν
1341 861 1409 913 τὰ
1449 860 1814 930 κατειληφότα
1854 861 2036 925 δεινὰ,

367 950 588 1020 μείζονα
608 949 704 1020 τὴν
732 947 924 1019 ὀδύνην
950 947 1210 1017 ὑπέμενε,
1236 947 1329 1000 καὶ
1359 946 1632 1017 βαρύτερα
1659 948 1783 1001 καθ’
1804 947 2041 1019 έκάστην

364 1037 576 1104 ἀνελογί
633 1053 725 1090 Δτο.
776 1034 922 1103 Ἐγὼ
954 1035 1012 1087 δὲ
1057 1036 1150 1086 καὶ
1196 1032 1460 1104 θαυμάζω
1498 1033 1617 1098 τεῖος
1645 1035 1750 1088 ὑπὸ
1777 1035 1875 1105 τῆς
1909 1035 2039 1089 ἀθυ-

367 1123 495 1191 μίας
519 1121 689 1191 αὑτῆς
725 1123 786 1174 οὑ
830 1120 1124 1190 κατεπόθη,
1156 1122 1234 1183 εἰς
1263 1119 1466 1173 ἔννοιαν
1492 1122 1782 1192 ἐρχόμενος
1812 1123 1906 1175 καὶ
1933 1118 2034 1192 τῆς

364 1207 639 1271 ἀπωλείας
662 1209 757 1262 τοῦ
785 1209 891 1261 τῶν
917 1207 1217 1278 ἀνθρώπων
1253 1209 1462 1276 γένους,
1496 1209 1589 1262 καὶ
1621 1209 1719 1279 τῆς
1752 1209 2040 1280 μονώσεως

363 1295 462 1364 τῆς
479 1295 704 1359 οἰκείας,
754 1295 847 1349 καὶ
883 1295 986 1364 τῆς
1019 1295 1262 1364 χαλεπῆς
1305 1295 1522 1365 ἐκείνης
1554 1296 1849 1366 διαγωγῆς,
1900 1296 2038 1350 Ἀλλ’

363 1382 398 1449 ἡ
430 1381 577 1434 αἰτία
611 1382 828 1434 πάντων
853 1381 1000 1451 αὑτῷ
1032 1382 1140 1434 τῶν
1169 1382 1445 1452 ἀγαθῶνή
1479 1383 1658 1448 πίστις
1691 1379 1813 1454 ἦνή
1848 1386 1927 1446 εἰς
1948 1386 2040 1438 τὸν

367 1467 520 1533 Θεὸν,
548 1467 616 1520 δι’
648 1469 713 1538 ήν
747 1468 842 1520 καὶ
865 1468 1076 1540 ἀντεῖχε
1098 1471 1191 1522 καὶ
1224 1471 1401 1524 πάντα
1430 1470 1690 1537 γενναίως
1718 1471 1878 1543 ἔφερε
1897 1513 1912 1537 ,
1945 1472 2038 1524 καὶ

363 1554 432 1622 τῇ
474 1550 650 1604 ἐλπίδι
695 1552 1027 1622 τρεφόμενος
1066 1552 1276 1614 οὐδενὸς
1320 1551 1586 1622 ἐπῄσθετο
1615 1554 1724 1608 τῶν
1757 1554 2034 1626 λυπηρῶν.

376 1640 529 1693 Ἐπεὶ
565 1636 657 1692 οὖν
689 1641 757 1692 τά
797 1640 928 1708 παρ’
956 1638 1146 1692 ἐαυτοῦ
1178 1639 1444 1710 παρέσχε,
1488 1641 1581 1694 καὶ
1621 1641 1727 1712 τήν
1761 1622 2064 1714 ὑπομονὴν.

367 1725 700 1791 ἐπεδείξατο,
723 1726 815 1779 καὶ
841 1725 1039 1798 δαψιλῆ
1061 1725 1158 1798 τὴν
1181 1726 1363 1780 πίστιν
1383 1729 1692 1798 εἰσήνεγκε,
1719 1727 1920 1800 πολλὴν
1940 1730 2039 1800 τὴν

364 1814 660 1886 καρτερίαν
689 1813 1128 1883 ἐπιδειξάμενος,
1162 1813 1351 1868 σκόπει
1387 1814 1480 1868 τοῦ
1521 1814 1729 1884 ἀγαθοῦ
1765 1815 1902 1869 Θεοῦ
1939 1817 2040 1888 τὴν

365 1899 566 1970 πολλὴν
588 1899 716 1972 περὶ
748 1899 910 1953 αὑτὸν
934 1898 1125 1968 φιλανθ
1135 1900 1366 1970 ρωπίαν.
1401 1901 1508 1957 Kal
1529 1901 1826 1971 ἐμνήσθη,
1852 1903 2037 1973 φησὶν,

364 1989 399 2043 ό
423 1986 569 2053 Θεὸς
593 1986 700 2041 τοῦ
735 1985 884 2040 Νῶε.
918 1986 1031 2056 Οὐχ
1059 1986 1246 2050 ἁπλῶς
1274 1982 1416 2050 εἰπε,
1451 1989 1564 2042 Kal
1588 1989 1861 2059 ἐμνήσθη
1883 2007 1896 2020 ·
1925 1991 2039 2045 ἀλλ’

368 2073 556 2146 ἐπειδὴ
604 2073 951 2144 προλαϐοῦσα
998 2075 1031 2144 ή
1086 2072 1207 2126 θεία
1240 2075 1430 2146 Γραφὴ
1463 2076 1562 2146 τήν
1607 2077 1913 2149 μαρτυρίαν
1943 2077 2040 2148 τήν

369 2162 517 2234 παρὰ
545 2159 638 2214 τοῦ
683 2159 832 2216 Θεοῦ
874 2159 1040 2230 δήλην
1076 2160 1209 2229 ήμῖν
1241 2161 1464 2232 ἐποίησε
1504 2163 1630 2234 περὶ
1664 2165 1758 2216 τοῦ
1793 2164 2037 2228 δικαίου,

363 2249 633 2318 λέγοντος,
673 2249 931 2303 Εἰσελθε
959 2249 1046 2314 είς
1079 2247 1193 2315 τὴν
1215 2248 1485 2316 κιϐωτὸν,
1524 2249 1613 2304 ὅτι
1659 2267 1733 2304 σε
1757 2247 1922 2306 εἶϐον
1949 2251 2036 2307 δί-

361 2354 534 2392 καιον
561 2337 632 2391 ἐν
671 2336 747 2405 τῇ
791 2336 966 2405 γενεᾷ
1006 2338 1195 2406 ταύτῃ
1217 2378 1233 2404 ,
1275 2337 1364 2391 διὰ
1391 2339 1549 2392 τοῦτο
1579 2341 1674 2400 νῦν
1717 2359 1852 2412 φησι
1875 2359 1889 2373 ·
1925 2342 2039 2398 Kal

360 2423 632 2494 ἐμνήσθη
660 2428 694 2479 ό
721 2424 868 2490 Θεὸς
893 2424 999 2488 τοῦ
1030 2423 1176 2491 Νῶε,
1218 2423 1361 2478 τοῦτ’
1393 2426 1528 2491 ἐστι,
1564 2427 1662 2496 τῆς
1695 2430 2036 2502 μαρτυρίας,

361 2512 429 2583 ἢν
459 2512 585 2581 περὶ
618 2509 782 2566 αὑτοῦ
825 2511 1136 2580 ἐποιήσατο,
1170 2511 1504 2583 ἀνεμνήσθη,
1541 2514 1634 2565 καὶ
1664 2515 1726 2566 οὑ
1767 2515 2040 2585 περιεῖδεν

361 2600 456 2653 ἐπὶ
485 2598 618 2652 πολὺ
650 2597 740 2651 τὸν
791 2598 1036 2663 δίκαιον,
1082 2597 1220 2651 ἀλλὰ
1256 2598 1419 2670 μέχρι
1457 2599 1716 2653 τοσούτου
1765 2603 2040 2672 μακροθυ-

364 2691 574 2759 μήσας,
600 2686 792 2757 μέχρις
829 2687 918 2739 ὅτε
948 2688 1218 2756 ἀντισχεῖν
1262 2685 1526 2756 ἡδύνατο,
1567 2689 1686 2742 τότε
1716 2689 1900 2744 λοιπὸν
1941 2693 2040 2761 τὴν

361 2776 495 2844 παρ’
526 2772 722 2826 ἐαυτοῦ
762 2773 1018 2842 δωρεῖται
1050 2772 1228 2843 χάριν.
1263 2774 1432 2836 Εἰδὼς
1464 2774 1572 2845 γάρ
1611 2776 1768 2846 ήμῶν
1797 2778 1897 2847 τῆς
1936 2779 2040 2849 φύ-

303 2903 310 2908 .
361 2876 501 2924 σεως
525 2859 624 2930 τήν
645 2858 954 2923 ἀσθένειαν,
985 2859 1203 2912 ἐπειδάν
1229 2861 1558 2933 συγχωρήσῃ
1591 2865 1892 2934 πειρασμόν
1920 2883 2042 2919 τινα

359 2946 756 3017 ἐπενεχθῆναι,
803 2947 965 3016 μέχρι
1015 2945 1270 3002 τοσούτου
1310 2947 1535 3018 ἀφίησι,
1578 2949 1772 3019 μέχρις
1811 2951 1900 3004 ὅτε
1933 2947 2042 3006 οἶδε

359 3034 696 3113 δυναμένους
753 3035 1113 3102 ὑπενεγκεῖν,
1167 3035 1254 3087 ῖνα
1301 3034 1396 3087 καὶ
1425 3036 1558 3106 ἡμῖν
1604 3037 1702 3106 τῆς
1745 3040 2042 3110 καρτερίας

361 3121 642 3192 ἀρκοῦσαν
668 3121 768 3193 τήν
794 3120 1028 3193 ἀμοιϐὴν
1058 3121 1372 3193 χαρίσηται,
1395 3124 1489 3176 καὶ
1509 3122 1608 3194 τὴν
1631 3125 1832 3178 οἰκείαν
1855 3126 2044 3196 φιλαν-

360 3209 610 3280 θρωπίαν
653 3208 1019 3279 ἐπιδείξηται·
1056 3207 1310 3280 καθάπερ
1353 3210 1448 3264 καὶ
1489 3211 1704 3275 Παῦλος
1742 3231 1909 3285 φησι⁹
1941 3217 2043 3267 Πι-

359 3296 508 3360 στὸς
533 3294 602 3348 δὲ
622 3299 655 3350 ό
680 3295 849 3362 Θεὸς,
872 3295 939 3362 ὃς
965 3298 1076 3351 οὐκ
1093 3295 1259 3350 ἐάσει
1288 3295 1444 3366 ὑμᾶς
1468 3299 1863 3368 πειρασθῆναι
1887 3300 2041 3369 ὑπὲρ

362 3384 394 3437 ὸ
421 3382 704 3447 δύνασθε,
732 3384 894 3438 ἀλλὰ
918 3383 1157 3453 ποιήσει
1190 3383 1313 3438 σὺν
1337 3385 1416 3451 τῷ
1453 3386 1760 3456 πειρασμῷ
1793 3390 1896 3442 καί
1926 3391 2040 3456 τὴν

360 3472 646 3537 ἔκϐασιν,
683 3470 788 3524 τοῦ
819 3469 1116 3526 δύνασθαι
1157 3470 1314 3541 ὑμᾶς
1339 3474 1711 3542 ὑπενεγκεῖν.
1760 3475 1913 3528 Ἐπεὶ
1946 3473 2039 3530 οὖν

365 3563 458 3615 καὶ
499 3563 527 3615 ό
559 3559 767 3623 δίκαιος
809 3552 967 3624 οὗτος
1006 3561 1106 3631 τὴν
1162 3562 1459 3632 καρτερίαν
1495 3554 1588 3614 καὶ
1614 3562 1712 3632 τὴν
1763 3564 2041 3636 ὑπομονὴν

363 3648 711 3714 ἐπεδείξατο,
746 3648 924 3701 πίστει
959 3650 1022 3718 τῇ
1073 3649 1151 3711 εἰς
1189 3648 1279 3700 τὸν
1319 3647 1452 3701 Θεὸν
1493 3647 1588 3717 τὴν
1625 3649 1685 3701 ἐν
1722 3652 1787 3720 τῇ
1821 3651 2043 3721 κιϐωτῷ

362 3737 577 3805 οἴκησιν
616 3735 1016 3805 ἀνασχόμενος,
1062 3734 1215 3806 [248]
1254 3735 1363 3788 Kal
1399 3735 1710 3804 ἐμνήσθη,
1763 3739 1964 3807 φησὶν,
2008 3743 2042 3795 ό

366 3823 511 3888 Θεὸς
541 3822 647 3876 τοῦ
672 3821 818 3876 Νῶε.
850 3818 981 3874 Εἶτα
1013 3822 1102 3874 ἵνα
1128 3822 1306 3892 μάθῃς
1329 3821 1491 3875 αὑτοῦ
1515 3823 1611 3891 τῆς
1634 3823 2040 3896 φιλανθρωπίας

363 3912 462 3980 τὴν
527 3910 782 3973 ἄϐυσσον,
816 3909 1160 3980 προσέθηκεν
1191 3912 1222 3980 ή
1268 3909 1388 3962 θεία
1416 3909 1638 3979 Γραφή’
1662 3911 1772 3964 Καὶ
1799 3911 2042 3966 πάντων

363 3996 481 4052 τῶν
511 3997 749 4065 θηρίων,
785 3997 880 4050 καί
917 3996 1158 4050 πάντων
1202 3997 1322 4051 τῶν
1353 3997 1620 4064 κτηνῶν,
1663 3998 1759 4052 καί
1799 3998 2041 4053 πάντων

363 4082 484 4137 τῶν
536 4079 854 4146 πετεινῶν,
903 4083 1002 4135 καί
1039 4082 1283 4161 πάντων
1327 4081 1447 4137 τῶν
1477 4083 1744 4152 ἑρπετῶν
1767 4124 1782 4150 ,
1816 4085 1934 4139 ὅσα
1962 4082 2040 4157 ἦν

358 4170 485 4240 μετ’
515 4169 701 4222 αὐτοῦ
739 4169 810 4221 ἐν
841 4167 914 4235 τῇ
946 4167 1188 4233 κιϐωτῷ.

437 4257 579 4325 Ὅρα
626 4256 743 4318 πῶς
791 4254 1008 4308 ἅπαντα
1043 4254 1131 4308 διὰ
1159 4255 1258 4325 τὴν
1299 4256 1380 4319 εἰς
1422 4255 1514 4309 τὸν
1558 4256 1845 4326 ἄνθρωπον
1875 4257 2040 4328 τιμὴν

364 4344 674 4413 ἐργάζεται.
705 4342 974 4414 Καθάπερ
1001 4342 1110 4412 γὰρ
1141 4343 1234 4394 ἐπὶ
1273 4343 1382 4395 τῶν
1424 4343 1780 4397 ἀπολωλότων
1812 4345 1916 4398 ὑπὸ
1943 4344 2039 4398 τοῦ

364 4429 750 4500 κατακλυσμοῦ
783 4429 878 4483 ἀνθ
890 4429 1107 4501 ρώπων,
1142 4431 1259 4500 μετ’
1284 4430 1505 4484 ἐκείνων
1532 4432 1628 4484 καὶ
1655 4431 1753 4502 τὴν
1775 4431 1885 4486 τῶν
1914 4433 2040 4486 ἀλό-

364 4536 478 4586 γων
509 4517 662 4581 ζώων
703 4517 865 4587 φύσιν
894 4517 1113 4571 ἃπασαν
1137 4517 1463 4587 διέφθειρεν,
1496 4517 1640 4572 οὕτω
1669 4520 1761 4572 καὶ
1806 4520 2042 4574 ἐνταῦθα

367 4608 576 4677 μέλλων
617 4607 716 4678 τὴν
754 4607 964 4660 οίκείαν
1009 4605 1420 4676 φιλανθρωπίαν
1469 4607 1874 4662 ἐπιδείκνυσθαι
1914 4610 2042 4680 περὶ

363 4687 457 4742 τὸν
493 4688 717 4753 δίκαιον,
756 4687 844 4740 διὰ
875 4687 973 4758 τὴν
1009 4687 1088 4750 εἰς
1110 4687 1270 4739 αὑτὸν
1295 4688 1491 4758 τιμήν,
1527 4689 1620 4742 καὶ
1651 4689 1780 4760 περί
1805 4691 1905 4761 τὴν
1935 4691 2043 4746 τῶν

362 4774 575 4843 ἀλόγων
608 4774 788 4842 φύσιν,
823 4775 917 4827 καὶ
949 4776 1016 4827 τὰ
1050 4774 1217 4846 θηρία
1256 4776 1353 4828 καί
1380 4776 1449 4828 τὰ
1478 4777 1704 4831 πετεινὰ
1733 4779 1826 4830 καὶ
1852 4777 1920 4831 τὰ
1949 4781 2043 4850 ἐρ-

366 4862 510 4915 πετά
561 4863 791 4915 ἐκτείνει
834 4861 998 4915 αὑτοῦ
1049 4861 1148 4931 τὴν
1204 4862 1536 4933 ἀγαθότητα.
1583 4865 1691 4918 Kal
1744 4865 2042 4936 ἐμνήσθη,

365 4949 551 5018 φησὶν,
591 4951 624 5002 ό
653 4948 797 5015 Θεὸς
830 4949 934 5002 τοῦ
970 4948 1116 5011 Νῶε,
1145 4949 1243 5002 καί
1270 4950 1513 5004 πάντων
1538 4951 1655 5006 τῶν
1680 4955 1920 5021 θηρίων,
1944 4955 2042 5009 καί

369 5035 613 5089 πάντων
636 5034 755 5089 τῶν
779 5034 1036 5104 κτηνῶν,
1072 5037 1168 5090 καί
1205 5035 1324 5090 τῶν
1366 5038 1648 5106 ἑρπετῶν,
1685 5041 1784 5095 καὶ
1823 5041 1939 5096 ὅσα
1967 5038 2046 5112 ἦν

366 5125 492 5194 μετ’
531 5123 718 5178 αὐτοῦ
768 5122 841 5176 ἐν
890 5122 964 5191 τῇ
1007 5122 1250 5188 κιϐωτῷ.
1296 5126 1408 5179 Kal
1469 5125 1770 5197 ἐπήγαγεν
1818 5132 1852 5184 ό
1901 5131 2047 5195 Θεὸς

369 5212 607 5281 πνεῦμα
642 5211 740 5266 ἐπί
796 5210 912 5279 τὴν
948 5211 1087 5280 γῆν,
1128 5213 1226 5266 καί
1271 5213 1539 5268 ἐκόπασε
1585 5214 1650 5269 τὸ
1682 5215 1857 5284 ὕδωρ.
1886 5214 2047 5288 Μνη-

371 5297 546 5364 σθεὶς,
579 5299 735 5368 φησὶ,
770 5295 866 5350 τοῦ
897 5297 1022 5350 Νῶε
1043 5336 1058 5362 ,
1094 5299 1189 5352 καὶ
1218 5299 1326 5353 τῶν
1360 5301 1479 5371 μετ’
1504 5301 1668 5355 αὐτοῦ
1702 5303 1870 5357 δντων
1892 5307 1950 5358 ἐν
1977 5307 2038 5378 τῇ

369 5386 585 5456 κιϐωτῷ
615 5385 946 5457 προσέταξεν
981 5386 1333 5457 ἐπισχεθῆναι
1361 5388 1469 5442 τῶν
1495 5388 1702 5444 ὑδάτων
1727 5390 1824 5463 τὴν
1848 5391 2040 5463 φορὰν,

370 5475 458 5528 ῖνα
486 5472 629 5526 κατά
665 5471 862 5544 μικρὸν
886 5471 986 5543 τὴν
1011 5472 1217 5528 οἰκείαν
1247 5475 1584 5547 ἐπιδείξηται
1606 5476 2040 5549 φιλανθρωπίαν,

367 5561 460 5614 καὶ
491 5559 675 5613 λοιπὸν
703 5560 794 5614 τὸν
825 5561 1031 5615 δίκαιον
1056 5562 1392 5617 ἀναπνεῦσαι
1425 5567 1646 5639 ποιήσῃ,
1681 5565 1777 5620 καὶ
1813 5567 1910 5636 τῆς
1937 5567 2040 5621 τῶν

366 5646 642 5718 λογισμῶν
676 5647 924 5718 ταραχῆς
950 5649 1330 5721 ἐλευθερώσας
1364 5653 1444 5716 είς
1475 5653 1718 5726 γαλήνην
1757 5654 1918 5709 αὑτὸν
1948 5672 2042 5708 κα-

368 5737 633 5807 ταστήσῃ,
668 5736 1033 5806 χαρισάμενος
1065 5738 1162 5791 καὶ
1193 5738 1287 5794 τοῦ
1312 5739 1489 5810 φωτὸς
1509 5742 1606 5814 τὴν
1632 5741 1929 5796 ἀπόλαυσιν
1951 5743 2042 5796 καὶ

369 5819 463 5873 τοῦ
498 5820 657 5892 ἀέρος
690 5821 788 5892 τήν
815 5821 1107 5895 ἀναπνοήν.
1138 5823 1249 5879 Kal
1273 5824 1574 5898 ἐπήγαγεν
1603 5829 1636 5886 ό
1672 5828 1837 5897 Θεὸς,
1870 5829 2002 5900 φησί
2024 5867 2041 5894 ν

432 5926 454 5951 ⁸
480 5924 629 5974 5am.
658 5926 708 5974 in
741 5938 896 5992 marg.
921 5937 951 5976 ε
974 5939 1075 5978 var.
1104 5927 1223 5979 lect.
1260 5929 1482 5993 λέγουσα.

1158 313 1216 368 S.
1257 310 1545 368 JOANNIS
1584 312 2075 369 CIIRYSOSTOMI
2115 314 2439 372 ARCIIIEP.
2479 310 3030 370 CONSTANTINOP.

3722 309 3830 363 23$

2144 430 2382 500 πνεῦμα
2406 430 2504 484 ἐπί
2531 429 2645 494 τὴν
2677 426 2818 498 γῆν,
2841 427 2936 480 καί
2957 427 3227 480 ἐκόπασε
3254 428 3317 481 τὸ
3357 425 3532 494 ὕδωρ.
3567 427 3680 481 Kal
3722 426 3835 479 ἐι-

2139 519 2574 586 εχαλὺφθησαν
2614 519 2674 569 αἰ
2714 515 2897 584 πηγαὶ
2938 514 3046 581 τῆς
3082 513 3361 570 ἀϐύσσου
3395 515 3491 568 καί
3523 516 3580 568 οί
3612 514 3830 580 καταρ-

2135 601 2353 668 ίάκτιιι
2405 602 2512 656 τοῦ
2559 600 2843 668 οὐρανοῦ.
2903 601 3047 670 Ὀρα
3099 599 3217 664 πῶς
3271 598 3636 671 ἀνθρωπίνως
3695 599 3832 668 ἡμῖν

2143 689 2357 744 ἅπαντα
2385 687 2717 756 διαλέγεται.
2765 689 3335 757 Ἐπεκαλύερθησαν,
3375 687 3504 758 γάρ,
3547 686 3740 757 φησὶν,
3770 687 3833 738 αι

2149 775 2328 845 πηγαί
2353 775 2464 843 τῆς
2483 776 2765 830 ἀϐύσσου
2785 775 2884 828 καί
2910 779 2962 828 οί
2986 774 3387 843 καταρράκται
3414 775 3522 830 τοῦ
3541 772 3828 842 οὐρανοῦ,

2149 864 2243 916 καί
2279 865 2622 932 συνεσχέθη
2664 865 2695 916 ό
2723 861 2897 927 ὑετὸς
2939 862 3047 916 τοῦ
3092 862 3386 930 οὐρανοῦ,
3426 862 3716 933 μονονουχὶ
3740 859 3831 912 λέ-

2149 967 2315 1019 γουσα
2342 953 2426 1004 ὅτι
2460 951 2603 1017 ἔδοξε
2637 950 2716 1020 τῷ
2745 949 3012 1022 Δεσπότη,
3044 948 3140 1003 καὶ
3175 949 3340 1002 πάλιν
3367 951 3460 1002 ἐπὶ
3496 949 3598 1017 τῆς
3619 948 3833 1010 οἰκείας

2139 1037 2332 1108 χώρας
2351 1037 2420 1091 τά
2453 1037 2622 1092 ὕδατα
2653 1038 2860 1107 ἔμεινε,
2881 1037 2975 1090 καὶ
2997 1025 3097 1090 οὑκ
3122 1035 3203 1089 ἐτι
3224 1035 3564 1105 πλεονασμὸς
3585 1035 3830 1102 ἐγένετο,

2148 1125 2285 1178 ἀλλά
2329 1125 2467 1179 κατά
2501 1125 2698 1195 μικρὸν
2726 1124 2911 1193 ἔληγε.
2954 1124 3061 1178 Kal
3101 1122 3376 1177 ἐνεδίδου
3413 1121 3480 1175 τὸ
3517 1121 3677 1189 ὕδωρ
3726 1136 3835 1197 πο-

2137 1212 2468 1280 ρευόμενον
2490 1211 2607 1264 ἀπὸ
2640 1209 2751 1277 τῆς
2775 1208 2904 1279 γῆς,
2928 1211 3024 1263 καί
3050 1209 3384 1277 ἠλαττοῦτο
3406 1209 3473 1262 τὸ
3495 1207 3654 1276 ὕδωρ
3676 1207 3835 1274 μετὰ

2141 1296 2517 1364 πεντήκοντα
2537 1298 2634 1350 καί
2663 1297 2884 1350 ἑκατὸν
2906 1296 3128 1366 ἡμέρας
3156 1335 3172 1350 .
3200 1296 3360 1358 Ποῖος
3385 1295 3646 1365 λογισμὸς
3671 1293 3835 1348 τοῦτο

2141 1384 2466 1438 καταλαϐεῖν
2495 1385 2560 1439 ἀν
2575 1383 2830 1455 δυνηθείη
2858 1385 3026 1450 ποτέ;
3059 1384 3261 1446 Ἔστω,
3295 1385 3325 1435 ὁ
3355 1382 3508 1444 ὑετὸς
3530 1381 3831 1453 ἐπεσχέθη.

2141 1474 2198 1526 αἱ
2229 1473 2403 1542 πηγαὶ
2427 1472 2608 1526 οὐκέτι
2637 1470 2976 1541 πλεονασμὸν
2999 1470 3355 1542 εἰργάσαντο,
3391 1471 3487 1523 καὶ
3516 1471 3575 1522 οἰ
3612 1470 3833 1539 καταρ-

2145 1559 2340 1629 ράκται
2371 1557 2466 1612 τοῦ
2489 1552 2722 1630 οὑρανοῦ
2765 1556 3141 1627 ἐπεσχέθησαν
3162 1573 3176 1586 ⁸
3213 1555 3275 1609 τὸ
3309 1555 3454 1626 ὕδωρ
3483 1556 3544 1608 τὸ
3573 1553 3834 1608 τοσοῦτον

2144 1646 2259 1708 πῶς
2289 1645 2480 1715 ἔληξες
2512 1646 2696 1699 Πάντα
2721 1645 2956 1706 ἄϐυσσος
2980 1639 3068 1714 ἦν.
3097 1643 3222 1706 Πῶς
3242 1638 3337 1696 οὖν
3371 1643 3406 1712 ή
3438 1641 3678 1710 τοσαύτη
3719 1639 3832 1692 τῶν

2144 1733 2350 1786 ὑδάτων
2396 1731 2544 1802 ῥύμη
2599 1731 2796 1802 ἀθρόον
2842 1730 3082 1784 ἐλάττων
3136 1729 3380 1798 ἐγίνετο;
3428 1728 3528 1790 Τίς
3565 1727 3632 1781 ἂν
3669 1725 3833 1780 τοῦτο

2140 1818 2468 1889 ἀνθρωπίνῳ
2497 1818 2744 1890 λογισμῷ
2772 1818 2953 1889 εὑρεῖν
2975 1814 3232 1887 δυνηθείη
3266 1814 3429 1880 ποτέ;
3461 1814 3526 1866 Τί
3555 1810 3648 1866 06v
3681 1812 3833 1865 εστιν

2142 1907 2348 1971 εἰπεῖνς
2383 1907 2456 1958 Τὸ
2487 1904 2581 1958 τοῦ
2611 1905 2748 1958 Θεοῦ
2777 1905 3109 1975 πρόσταγμα
3148 1898 3237 1976 ἦν,
3275 1901 3337 1955 τδ
3364 1898 3732 1974 ἐργαζόμενον
3760 1901 3833 1952 τὰ

2143 2009 2340 2046 παντα.

2211 2081 2270 2133 δ’.
2295 2079 2386 2150 Μὴ
2403 2081 2582 2132 τοίνυν
2597 2080 2758 2150 ήμεῖς
2774 2077 3267 2150 περιεργαζώμεθα
3281 2077 3342 2130 τὸ
3365 2076 3501 2140 πῶς,
3517 2075 3656 2130 ἀλλά
3668 2074 3834 2128 τοῦτο

2144 2166 2304 2236 μόνον
2338 2166 2704 2236 πιστεύωμεν,
2736 2167 2818 2219 ὅτι
2854 2167 3110 2220 ἐκέλευσε
3141 2166 3236 2219 καὶ
3265 2162 3454 2235 ὑψώθη
3485 2166 3520 2234 ή
3551 2162 3794 2226 ἄϐυσσος
3815 2177 3831 2193 '

2142 2253 2463 2324 προσέταξε,
2513 2255 2606 2305 καὶ
2657 2252 2818 2307 πάλιν
2857 2253 2954 2323 τὴν
2998 2251 3208 2305 οἰκείαν
3248 2252 3448 2319 ἐπέσχε
3487 2249 3694 2320 φορῇ,
3728 2247 3834 2300 καὶ

2143 2338 2280 2410 πρὸς
2321 2339 2411 2394 τὸν
2452 2341 2651 2394 οἰκεῖον
2691 2339 2855 2392 τόπον
2902 2337 3355 2410 ὑπανεχώρησεν,
3393 2336 3454 2389 ὃν
3504 2335 3670 2398 αὑτὸς
3717 2328 3832 2386 οἵδε

2145 2427 2306 2497 μόνος
2343 2428 2372 2479 ό
2403 2427 2815 2496 δημιουργήσας
2862 2425 3031 2496 αὑτὴν
3070 2425 3368 2494 Δεσπότης.
3401 2422 3508 2477 Kal
3539 2421 3792 2475 ἐκάθισε
3816 2459 3831 2479 .

2142 2514 2327 2583 φησὶν,
2363 2514 2401 2581 ή
2425 2513 2669 2579 κιϐωτὸς
2700 2513 2769 2564 ὲν
2793 2512 2874 2577 τῷ
2907 2511 3136 2581 ἑϐδόμῳ
3149 2510 3333 2580 μηνί,
3365 2511 3585 2580 ἐϐδόμῃ
3617 2507 3716 2561 καί
3749 2509 3836 2560 sl-

2142 2600 2278 2654 κάόι
2315 2601 2420 2654 τοῦ
2447 2599 2663 2669 μηνὸς,
2691 2598 2789 2652 ἐπὶ
2819 2599 2889 2652 τὰ
2917 2599 3022 2668 ὄρη
3051 2598 3122 2652 τὰ
3163 2596 3423 2666 Ἀραρὰτ.
3471 2598 3542 2650 Τὸ
3573 2593 3641 2648 δὲ
3669 2593 3838 2664 ὕδωρ

2141 2688 2474 2758 ἠλαττοῦτο
2505 2691 2613 2754 ἕως
2651 2689 2757 2742 τοῦ
2785 2687 3044 2741 δεκάτου
3063 2687 3259 2755 μηνός
3279 2703 3292 2717 ·
3324 2685 3423 2739 καὶ
3448 2683 3742 2754 ὤφθησαν
3771 2686 3836 2736 αι

2143 2777 2398 2847 κεφαλαὶ
2443 2777 2561 2829 τῶν
2591 2777 2776 2844 ὀρέων
2816 2775 2886 2828 ἐν
2922 2773 3001 2839 τῷ
3034 2772 3264 2837 δεκάτῳ
3288 2771 3470 2841 μηνί,
3514 2769 3590 2839 τῇ
3623 2767 3836 2840 πρώτῃ

2141 2851 2249 2919 τοῦ
2281 2865 2496 2934 μηνός.
2543 2864 2746 2917 Σκόπει
2787 2862 2904 2924 πῶς
2937 2861 2966 2902 δ
3001 2860 3197 2932 ἀθρόον
3228 2861 3262 2930 ή
3292 2857 3565 2930 μεταϐολὴ
3597 2857 3794 2924 γέγονε
3817 2897 3833 2921 ,

2143 2953 2235 3005 καὶ
2267 2953 2431 3004 πόσον
2475 2951 2662 3020 ἔληξεν
2699 2952 2731 3020 ή
2771 2948 2879 3002 τῶν
2912 2947 3120 3001 ὑδάτων
3153 2946 3315 3014 φύσις
3335 2988 3350 3012 ,
3394 2945 3468 3008 ὼς
3503 2943 3599 2997 ἐπὶ
3626 2943 3695 2995 τά
3725 2942 3837 3013 ὅρη

2141 3039 2238 3108 τὴν
2287 3037 2520 3091 κιϐωτὸν
2562 3035 2803 3090 καθίσαι.
2861 3033 3146 3104 Ἀνωτέρω
3189 3032 3298 3102 γὰρ
3331 3029 3480 3102 [249]
3522 3028 3759 3082 εἰποῦσα
3798 3029 3836 3099 ἡ

2144 3126 2355 3197 Γραφὴ,
2377 3127 2459 3178 ὅτι
2488 3125 2620 3178 δέκα
2658 3123 2818 3176 πέντε
2851 3123 3046 3192 πήχεις
3078 3120 3265 3173 ἐπάνω
3293 3117 3400 3170 τῶν
3429 3117 3602 3187 ὁρέων
3638 3114 3837 3185 ὑψώθη

2141 3216 2202 3268 τὸ
2229 3213 2391 3284 ὕδωρ,
2423 3211 2517 3264 νῦν
2550 3227 2714 3281 φησιν
2733 3250 2748 3273 ,
2777 3209 2858 3262 ὅτι
2885 3207 3139 3261 ἐκάθισεν
3167 3209 3201 3275 ἡ
3228 3204 3462 3268 κιϐωτὸς
3497 3206 3591 3257 ἐπὶ
3621 3203 3691 3256 τα
3723 3205 3833 3273 δρη

2141 3303 2209 3356 τὰ
2247 3300 2508 3370 ’Δραράτ,
2535 3299 2626 3350 καὶ
2653 3297 2794 3350 κατά
2817 3295 3012 3367 μικρὸν
3046 3295 3233 3348 λοιπὸν
3270 3292 3433 3364 μέχρι
3461 3291 3558 3345 τοῦ
3599 3291 3838 3345 δεκάτου

2145 3388 2313 3459 μηνὸς
2345 3385 2662 3456 ἠλαττοῦτο,
2693 3385 2788 3438 καί
2815 3383 2937 3436 τότε
2965 3381 3044 3453 τῷ
3073 3382 3286 3450 δεκάτῳ
3323 3380 3453 3451 μηνί
3479 3378 3747 3448 ὤφθησαν
3774 3380 3838 3431 αἰ

2142 3475 2376 3544 κεφαλαὶ
2397 3474 2505 3527 τῶν
2529 3473 2720 3542 ὀρέων.
2758 3471 2958 3525 Ἐννόει
2985 3487 3074 3540 μοι
3095 3469 3189 3522 τοῦ
3210 3468 3420 3522 δικαίου
3441 3466 3541 3536 τὴν
3557 3466 3836 3531 εὐτονίαν,

2141 3566 2257 3627 πῶς
2289 3564 2578 3634 διήρκεσεν
2610 3563 2668 3612 ἐν
2698 3559 2973 3622 τοσούτοις
2999 3558 3132 3628 μησί
3167 3556 3417 3626 καθάπερ
3439 3557 3499 3609 ἐν
3529 3558 3708 3624 σκότῳ
3739 3572 3841 3607 κα-

2141 3646 2616 3715 τακεκλεισμένος.
2646 3643 2758 3696 Kal
2792 3641 3053 3711 ἐγένετο,
3087 3641 3244 3711 φησι,
3278 3639 3434 3709 μετὰ
3466 3640 3573 3704 τὰς
3602 3655 3836 3691 τεσσα-

2133 3729 2404 3796 ράκοντα
2441 3727 2687 3796 ἡμέρας,
2739 3725 2838 3778 καί
2875 3723 3106 3788 ἀνέῳξε
3152 3721 3283 3778 Νῶε
3322 3721 3440 3790 τὴν
3476 3720 3691 3789 θυρίδα
3722 3720 3838 3788 τῆς

2143 3811 2394 3865 κιϐωτοῦ
2417 3850 2431 3874 ,
2473 3809 2552 3877 ἣν
2603 3809 2894 3874 ἐποίησε,
2933 3807 3031 3860 καί
3078 3804 3402 3860 ἀπέστειλε
3442 3804 3550 3857 τὸν
3598 3803 3837 3871 κόρακα

2143 3894 2312 3956 ἰδεῖν,
2347 3896 2401 3947 εί
2435 3892 2734 3946 κεκόπακε
2766 3890 2832 3943 τὸ
2865 3890 3048 3957 ὕδωρ.
3085 3891 3230 3960 ὐρα
3257 3889 3348 3942 τὸν
3384 3887 3593 3953 δίκαιον
3614 3887 3836 3940 οὐδέπω

2140 3974 2426 4046 τολμῶντα
2472 3971 2837 4027 κατοπτεῦσαι
2881 3972 2950 4023 δι’
3003 3969 3236 4034 ἐαυτοῦ,
3297 3970 3434 4024 ἀλλά
3479 3971 3572 4023 τὸν
3616 3969 3834 4040 κόρακα

2142 4057 2451 4120 ἀπέστειλε,
2480 4056 2545 4109 δι’
2579 4054 2790 4108 ἐκείνου
2835 4052 3029 4124 μαθεῖν
3067 4052 3415 4124 βουλόμενος,
3461 4052 3516 4105 εί
3549 4069 3672 4104 τινα
3717 4053 3833 4104 ἔστι

2144 4141 2509 4212 προσδοκῆσαι
2541 4139 2787 4208 χρηστὴν
2816 4137 3152 4207 μεταϐολήν
3183 4135 3294 4192 Kal
3325 4135 3615 4201 ἐξελθὼν,
3642 4134 3835 4204 φησὶν,

2143 4229 2255 4280 οὐκ
2290 4222 2683 4289 ἀνέστρεψεν,
2713 4220 2824 4286 ἓως
2866 4219 2971 4273 τοῦ
3001 4218 3376 4288 ξηρανθῆναι
3415 4217 3481 4272 τὸ
3516 4217 3677 4286 ὕδωρ
3710 4217 3832 4271 ἀπὸ

2145 4307 2253 4375 τῆς
2283 4306 2414 4376 γῆς.
2445 4306 2558 4358 Οὑκ
2585 4303 2772 4374 ἐπειδὴ
2809 4302 2949 4374 μετὰ
2977 4301 3152 4355 τιῦτα
3183 4301 3506 4372 ἀνέστρεψε,
3535 4301 3615 4365 τὸ,
3651 4301 3830 4366 Ἕως.

2143 4390 2481 4462 προσέθηκεν
2511 4391 2544 4459 ή
2580 4387 2699 4441 θεία
2725 4388 2764 4439 Γ
2770 4387 2915 4458 ραφή
2940 4403 2954 4417 ο
2989 4385 3108 4438 ἀλλ’
3145 4384 3345 4455 ἰδίωμα
3379 4383 3542 4438 τοῦτό
3580 4386 3696 4437 ἐστι
3731 4387 3833 4454 τῆς

2143 4475 2295 4538 θείας
2317 4473 2558 4544 Γραφῆς.
2608 4472 2718 4524 Καὶ
2764 4469 3035 4541 πολλαχοῦ
3078 4469 3145 4523 ἄν
3167 4487 3251 4534 τις
3307 4467 3455 4538 εὖροι
3497 4466 3703 4536 ταύτην
3735 4467 3833 4537 τὴν

2145 4557 2429 4628 συνήθειαν
2449 4598 2464 4622 ,
2491 4556 2585 4608 καὶ
2616 4555 2743 4623 ἐνῆν
2773 4553 2946 4606 πολλά
2975 4552 3202 4606 τοιαῦτα
3236 4551 3414 4623 εὑρεῖν
3443 4550 3540 4604 καὶ
3569 4565 3833 4618 παραγα-

2142 4645 2259 4710 γεῖν
2281 4643 2359 4703 εἰς
2389 4641 2552 4710 μέσον
2569 4655 2582 4668 '
2611 4638 2727 4690 ἀλλ’
2756 4637 2842 4690 ἵνα
2869 4636 2944 4706 μὴ
2975 4636 3156 4688 πάντα
3185 4635 3316 4706 παρ’
3345 4633 3504 4706 ἡμῶν
3538 4632 3836 4704 μανθάνον-

2143 4742 2234 4787 τες
2262 4721 2625 4794 ρᾳθυμότεροι
2660 4718 2906 4789 γίνησθε.
2942 4718 3072 4787 ὑμῖν
3108 4717 3592 4788 καταλιμπάνομεν
3619 4714 3835 4784 διερευ-

2145 4807 2338 4862 νᾶσθαι
2361 4809 2458 4877 τὴν
2489 4805 2732 4876 Γραφὴν,
2774 4804 2867 4856 καί
2897 4804 3078 4872 εὑρεῖν
3116 4801 3252 4854 ὃπου
3289 4803 3398 4865 τοῖς
3431 4799 3688 4870 ἰδιώμασι
3714 4801 3836 4851 τού-

2144 4909 2257 4955 τοις
2276 4891 2563 4960 κέχρηται.
2585 4889 2733 4949 Τέως
2753 4886 2810 4939 δέ
2827 4890 2858 4952 ή
2867 4888 2974 4956 μᾶς
2996 4886 3295 4953 ἀναγκαῖον
3320 4885 3486 4936 εἰπεῖν
3508 4881 3604 4952 τὴν
3626 4881 3831 4948 αἰτίαν,

2143 4974 2208 5027 δι’
2241 4976 2308 5044 ήν
2337 4974 2438 5025 οὑκ
2475 4968 2778 5040 ἀνέστρεψε
2823 4969 2883 5021 τὸ
2930 4969 3141 5040 δρνεον.
3196 4967 3356 5030 Ἴσως
3396 4964 3678 5034 ληξάντων
3720 4965 3833 5016 τῶν

2147 5057 2354 5111 ὑδάτων
2399 5053 2711 5122 ἀκάθαρτον
2755 5050 2813 5104 ὃν
2842 5051 2903 5104 τὺ
2943 5052 3150 5122 ὄρνεον,
3179 5050 3274 5102 καὶ
3314 5048 3564 5120 σώμασιν
3604 5048 3835 5118 ἐντυχὸν

2143 5142 2256 5202 τοῖς
2289 5155 2349 5190 τε
2377 5134 2762 5205 ἀνθρωπίνοις,
2788 5137 2899 5197 τοῖς
2935 5152 2996 5188 τε
3025 5133 3134 5187 τῶν
3168 5132 3401 5200 ἀλόγων,
3431 5132 3527 5185 καὶ
3571 5131 3671 5202 τὴν
3695 5148 3835 5183 κατ-

2149 5219 2378 5290 άλληλον
2421 5217 2582 5289 εὑρὸν
2623 5215 2802 5287 ἐαυτῷ
2851 5216 3088 5288 τροφὴν,
3128 5216 3518 5286 ἐνατὲμεινεν·
3551 5215 3690 5284 ὅπερ
3732 5216 3834 5267 καὶ

2147 5302 2363 5358 αὑτὴοὺ
2402 5301 2599 5372 μικρὸν
2634 5300 2843 5368 ἐγίνετο
2878 5300 2956 5371 τῷ
2980 5300 3177 5370 δικαίῳ
3205 5300 3505 5370 τεκμήριον
3541 5298 3642 5368 τῆς
3691 5316 3837 5369 χρη-

2148 5386 2279 5455 στῆς
2306 5385 2539 5447 ἐλπίδος.
2565 5385 2625 5436 Εἰ
2643 5383 2751 5454 γὰρ
2772 5381 2846 5453 μὴ
2872 5384 3029 5435 τοῦτο
3049 5378 3138 5453 ἦν,
3167 5383 3302 5453 μηδέ
3322 5376 3450 5453 εὗρε
3475 5383 3679 5452 μικράν
3705 5399 3836 5436 τινα

2151 5469 2526 5540 παραμυθίαν,
2562 5468 2902 5538 ὑπέστρεψεν
2936 5467 3019 5521 ἀν.
3054 5467 3166 5520 Καὶ
3193 5467 3276 5518 ὃτι
3313 5463 3471 5518 τοῦτό
3509 5466 3657 5517 ἐστιν
3703 5464 3840 5536 al.13-

2151 5552 2242 5617 θές
2263 5594 2277 5620 ,
2308 5552 2560 5606 ἐντεῦθεν
2597 5551 2782 5605 λοιπὸν
2816 5550 2915 5621 τὴν
2945 5550 3188 5622 χρηστὴν
3218 5547 3546 5620 προσδοκίαν
3579 5545 3839 5617 ἐσχηκὼς

2151 5638 2178 5691 ὑ
2211 5636 2418 5701 δίκαιος
2443 5637 2723 5706 ἐκπέμπει
2758 5634 2854 5706 τὴν
2885 5633 3242 5706 περιστερὰν,
3272 5632 3460 5704 ὄρνεον
3484 5631 3694 5702 ἥμερον
3735 5633 3841 5688 καὶ

2154 5721 2507 5794 φιλοσύνηθες
2523 5761 2537 5785 ,
2563 5721 2657 5774 καὶ
2687 5720 2888 5792 πολλὴν
2917 5717 3337 5792 εὐγνωμοσύνην
3362 5715 3838 5786 ἐπιδεικνύμενον,

2153 5807 2244 5862 καὶ
2275 5807 2378 5860 οὑκ
2419 5804 2744 5874 ἀνεχόμενον
2789 5803 2974 5876 ἕτερόν
3023 5819 3076 5861 τι
3130 5803 3394 5858 σιτεῖσθαι
3431 5801 3466 5874 ἢ
3501 5800 3838 5872 σπέρματα*

2222 5942 2247 5983 ι
2276 5941 2412 5993 l'nus
2435 5939 2600 5988 σκόπει
2624 5939 2765 5995 πόση.
