4054 6312
201 367 296 427 εδδ
1203 351 1267 409 IN
1306 351 1458 410 cur.
1505 347 1635 405 vut.
1677 325 2194 402 essesfnoun-
2244 341 2431 396 xxvr.
3414 345 3513 400 est

205 497 301 533 nes
355 486 471 547 post
516 472 869 545 quadraginta
926 466 1042 523 dies
1087 477 1140 521 et
1186 465 1534 536 quadraginta
1593 476 1804 528 noctes,

203 569 402 640 quibus
430 568 634 637 impetu
659 577 852 633 magno
878 560 1069 630 pluviae
1093 555 1430 627 ingruebant,
1454 569 1576 610 cum
1602 557 1807 613 videret

203 658 400 714 diebus
427 664 644 712 centum
674 648 1054 722 quinquaginta
1082 648 1134 700 in
1165 643 1354 700 eadem
1382 645 1662 698 altitudine
1697 659 1810 698 ma—

206 764 339 805 nere
365 763 561 818 aquas,
593 759 769 813 neque
796 741 1015 796 omnino
1043 738 1304 794 desistere
1332 754 1345 790 :
1379 745 1432 790 et
1468 736 1610 806 quod
1644 736 1810 790 multo

206 841 452 911 gravius,
475 851 651 908 neque
677 835 847 890 oculis
869 834 1049 887 videre
1072 830 1242 901 potuit
1268 844 1329 885 ea
1353 845 1470 898 qum
1502 830 1635 884 facta
1663 837 1808 894 sunt,

203 930 302 985 sed
334 929 594 990 inclusus,
620 942 742 980 eum
773 939 879 979 non
908 931 1091 993 posset
1119 936 1370 992 umquam
1400 921 1572 974 oculis
1596 920 1807 991 assequi

202 1030 411 1088 quanta
455 1027 635 1073 essent
682 1015 856 1080 mala,
903 1013 1161 1081 majorem
1199 1011 1497 1066 sustinebat
1542 1010 1808 1079 dolorem,

207 1113 566 1183 gravioraque
586 1107 826 1180 quotidie
851 1105 1243 1176 suspicabatur.
1279 1102 1393 1172 Ego
1417 1118 1546 1158 vero
1571 1101 1812 1156 admiror

203 1202 484 1273 quomodo
533 1215 643 1269 pm
694 1199 907 1254 tristitia
953 1212 1058 1250 non
1110 1195 1270 1250 fuerit
1315 1196 1640 1264 absorptus,
1686 1210 1807 1250 cum

209 1305 455 1350 trientem
483 1292 622 1346 illius
651 1289 892 1346 subirent
921 1287 1137 1341 humani
1167 1286 1379 1356 generis
1406 1286 1650 1340 interitus
1669 1326 1685 1352 ,
1715 1300 1809 1340 sua

205 1383 470 1446 solitudo,
498 1389 552 1436 et
587 1377 821 1434 difficilis
847 1378 932 1432 illa
957 1366 1098 1431 vita.
1117 1376 1183 1430 At
1205 1390 1364 1430 causa
1390 1375 1655 1429 bonorum
1688 1389 1807 1428 om~

207 1475 360 1530 nium
397 1473 472 1526 illi
507 1470 604 1525 fuit
641 1486 736 1524 sua
769 1469 822 1523 in
850 1469 1015 1522 Deum
1041 1466 1194 1531 ﬁdes,
1221 1481 1316 1536 per
1337 1481 1494 1535 quam
1518 1474 1573 1521 et
1594 1465 1808 1529 restitit,

209 1575 266 1619 et
295 1563 480 1619 omnia
509 1561 716 1616 fortiter
747 1560 866 1614 tulit
895 1574 909 1611 :
939 1571 1170 1626 cumque
1197 1572 1291 1626 spe
1317 1564 1648 1625 posceretur,
1681 1555 1812 1610 nihil

207 1655 371 1708 triste
398 1650 680 1708 sentiebat.
710 1649 972 1717 Quoniam
1001 1648 1161 1718 igitur
1186 1646 1326 1715 quod
1349 1661 1503 1700 suum
1533 1656 1648 1701 erat
1675 1661 1813 1716 prte-

207 1745 379 1810 stitit,
434 1753 542 1796 tam
587 1739 902 1808 patientiam
953 1736 1335 1804 monstrando,
1383 1752 1543 1806 quam
1590 1737 1810 1790 multam

210 1835 374 1889 lidem
405 1831 684 1887 alferendo
706 1871 722 1896 ,
750 1843 960 1884 necnon
989 1828 1178 1882 miram
1210 1825 1574 1881 fortitudinem
1619 1840 1729 1896 prae
1753 1839 1814 1880 se

210 1921 469 1984 ferendo,
500 1920 622 1974 vide
649 1928 845 1988 quanta
877 1920 946 1970 sit
979 1917 1070 1969 Dei
1098 1931 1224 1985 erga
1271 1917 1443 1986 ipsum
1487 1915 1809 1985 benignitas.

211 2011 280 2065 Et
307 2011 604 2065 recordatus
634 2019 740 2072 est,
780 2008 946 2077 inquit
973 2047 987 2069 ,
1017 2005 1156 2060 Deus
1186 2005 1322 2059 Noe.
1354 2005 1470 2060 Non
1498 2007 1812 2075 simpliciter

212 2111 268 2156 et
297 2103 504 2169 absque
546 2113 706 2155 causa
740 2099 909 2164 dixit,
952 2097 1020 2151 Et
1058 2098 1352 2151 recordatus
1381 2107 1452 2152 est
1490 2115 1509 2152 :
1546 2097 1641 2154 sed
1688 2099 1811 2168 quia

208 2192 362 2260 prius
382 2191 559 2244 divina
583 2191 857 2259 Scriptura
880 2189 1249 2244 declaraverat
1271 2188 1423 2243 nobis
1447 2191 1810 2245 testimonium

208 2281 277 2334 de
304 2280 454 2350 justo
483 2280 592 2344 illo,
622 2278 809 2333 dicens
834 2319 849 2341 ,
881 2276 1156 2347 Ingredere
1183 2279 1235 2330 in
1263 2294 1456 2338 arcam.
1489 2279 1607 2348 quia
1635 2290 1683 2333 te
1709 2280 1813 2333 vidi

207 2374 403 2440 justum
427 2373 481 2425 in
507 2371 830 2442 generatione
859 2370 954 2422 hac
981 2369 1132 2436 (Gen.
1156 2371 1208 2424 7.
1240 2371 1324 2441 1),
1357 2381 1642 2441 eaprOpter
1672 2388 1814 2427 nunc

210 2463 425 2534 inquit:
460 2460 527 2514 Et
557 2461 850 2516 recordatus
878 2470 950 2513 est
983 2459 1121 2514 Deus
1150 2460 1264 2514 Noe
1285 2502 1299 2526 ,
1349 2463 1451 2516 hoc
1492 2472 1575 2516 cst
1598 2502 1612 2525 ,
1657 2465 1811 2518 testi-

181 2601 184 2604 .
211 2554 379 2608 monii
407 2553 549 2623 quod
571 2553 640 2607 de
669 2552 760 2607 illo
785 2552 1152 2621 pcrhibuerat,
1181 2568 1353 2621 neque
1378 2554 1545 2608 multo
1572 2565 1812 2624 tempore

211 2648 452 2718 neglexit
489 2647 714 2716 justum,
749 2645 841 2699 sed
870 2645 1093 2710 distulit,
1140 2645 1392 2714 quamdiu
1426 2647 1513 2701 ille
1549 2648 1687 2701 ferre
1714 2663 1809 2716 po-

211 2742 337 2804 tuit,
369 2747 420 2792 et
465 2746 592 2791 tunc
630 2736 678 2791 ei
717 2750 872 2790 suum
899 2735 1221 2790 beneficium
1259 2746 1313 2792 et
1348 2738 1572 2808 gratiam
1609 2739 1812 2812 impar-

210 2829 342 2885 titus
384 2838 490 2883 est.
538 2827 669 2882 Nam
711 2827 889 2882 sciens
929 2826 1294 2881 infirmitatem
1341 2837 1538 2884 nostrtc
1583 2840 1808 2897 naturm,

209 2918 477 2987 siquando
500 2918 764 2988 permittit
793 2917 1138 2972 tentationem
1165 2918 1372 2986 inferri,
1401 2935 1638 2990 eousque
1663 2925 1810 2991 sinit,

213 3022 496 3077 quousque
523 3009 626 3062 scit
667 3022 766 3062 nos
806 3022 963 3078 posse
1002 3009 1288 3078 sustinere,
1331 3019 1470 3066 utet
1500 3012 1810 3067 retributio-

211 3103 338 3154 nem
364 3115 485 3169 qua:
509 3108 706 3154 nostra!
729 3109 989 3170 congruat
1013 3084 1310 3156 fortitudini
1344 3103 1561 3170 tribuat,
1585 3115 1638 3160 et
1659 3123 1809 3161 suam

213 3189 644 3243 miscricordiam
701 3188 939 3244 declaret
988 3208 1001 3243 :
1052 3192 1192 3244 sicut
1243 3202 1298 3246 et
1350 3193 1546 3248 Paulus
1595 3197 1810 3266 inquit:

214 3279 412 3334 Fidelis
436 3289 608 3333 autent
647 3279 780 3333 Deus
800 3320 815 3344 ,
848 3282 935 3350 qui
962 3297 1062 3336 non
1100 3281 1228 3335 siuet
1256 3299 1343 3336 vos
1371 3287 1554 3339 tentari
1578 3303 1733 3356 supra
1760 3290 1814 3345 id

209 3370 349 3440 quod
376 3371 585 3440 potestis
611 3371 627 3401 ¹
649 3413 664 3436 ,
697 3371 785 3425 sed
830 3372 978 3439 faciet
1019 3388 1134 3424 cum
1176 3375 1446 3428 tentatione
1495 3388 1810 3446 prouentum,

202 3455 267 3513 ‘ut
297 3460 431 3530 ferre
457 3460 662 3530 possitis
690 3459 709 3531 (
735 3463 784 3514 l.
813 3460 932 3515 Cor.
963 3462 1052 3517 10.
1084 3464 1152 3518 15
1171 3463 1212 3533 ).
1241 3465 1501 3530 Quoniam
1536 3470 1694 3538 igitur
1721 3471 1811 3539 ju-

211 3559 331 3603 stus
362 3549 453 3602 ille
499 3548 865 3605 fortitudinem
905 3560 958 3605 ct
989 3552 1296 3621 patientiam
1345 3571 1452 3625 pra:
1480 3571 1540 3613 se
1587 3561 1810 3628 ferebat,

211 3654 310 3694 sua
342 3638 397 3694 in
425 3640 591 3694 Deum
620 3641 724 3695 fide
748 3657 886 3695 area:
914 3643 1070 3698 sedes
1096 3653 1150 3700 et
1176 3646 1330 3701 taedia
1361 3651 1654 3718 sustinens,
1685 3669 1813 3722 pro-

211 3741 334 3799 pter
375 3729 478 3784 hoc
521 3731 730 3801 inquit,
763 3731 824 3784 Et
858 3735 1150 3788 recordatus
1179 3746 1252 3790 est
1285 3736 1421 3793 Deus
1445 3739 1577 3794 Noe.
1614 3743 1813 3800 Deinde

213 3831 271 3875 ut
294 3822 476 3876 discas
503 3823 756 3894 abyssum
797 3824 991 3879 divina:
1032 3827 1414 3885 misericordia:
1437 3873 1452 3898 ,
1485 3832 1691 3888 addidit
1727 3836 1812 3890 di-

214 3913 344 3965 vina
374 3912 650 3981 Scriptura
685 3930 698 3968 :
730 3912 797 3966 Et
839 3917 1062 3969 omnium
1101 3920 1326 3988 ferarum
1346 3962 1362 3986 ,
1394 3932 1442 3974 et
1468 3926 1690 3978 omnium
1721 3928 1814 3996 ju-

209 4011 520 4068 mentorum,
549 4013 597 4057 et
622 4005 846 4057 omnium
871 4006 1170 4074 volatilium,
1201 4020 1249 4062 et
1277 4013 1502 4066 omnium
1531 4016 1809 4085 reptilium,

208 4109 540 4164 quaecumque
566 4107 709 4150 erant
738 4113 853 4150 cum
882 4099 974 4152 illo
1003 4101 1054 4152 in
1079 4117 1222 4156 arca.

287 4184 478 4238 Omnia
503 4187 556 4239 in
585 4187 829 4242 honorem
859 4191 1077 4244 hominis
1108 4196 1263 4263 facta.
1289 4225 1360 4239 -ι
1383 4197 1514 4253 Vide
1544 4204 1813 4270 quomodo

209 4276 398 4331 onniia
450 4277 502 4331 in
551 4276 812 4334 honorem
860 4280 1093 4336 boniinis
1139 4283 1285 4340 facit.
1333 4287 1466 4343 Nam
1511 4293 1649 4346 sicut
1689 4311 1811 4349 cum

213 4367 526 4422 hominibus
571 4370 661 4437 qui
721 4370 920 4425 diluvio
973 4377 1284 4443 perierunt,
1330 4395 1489 4436 omne
1531 4384 1812 4442 brutorum

211 4460 526 4515 animalium
549 4475 719 4529 genus
757 4463 1009 4532 perdidit,
1055 4467 1124 4520 ita
1168 4467 1253 4523 hic
1281 4486 1430 4525 suam
1458 4488 1582 4544 erga
1607 4476 1812 4545 justum

212 4549 370 4605 illum
413 4551 832 4606 miscricordiam
874 4554 1148 4612 declarare
1179 4560 1402 4629 volens,
1453 4565 1506 4619 in
1553 4566 1811 4624 honorem

210 4641 357 4710 ejus,
402 4654 552 4694 suam
593 4642 755 4697 etiam
800 4644 1091 4700 bonitatem
1132 4663 1196 4703 ac
1237 4666 1421 4707 curam
1465 4656 1517 4709 in
1562 4657 1712 4712 bruta
1759 4671 1816 4716 et

212 4733 390 4796 feras,
434 4740 490 4787 et
528 4734 760 4788 Volatilia
803 4747 854 4790 et
905 4740 1112 4807 reptilia
1160 4758 1328 4812 usque
1367 4749 1580 4803 extendi
1623 4752 1811 4808 Voluit.

219 4823 285 4876 Et
316 4824 615 4877 recordatus
640 4834 734 4892 est,
769 4827 970 4897 inquit,
1002 4827 1137 4884 Deus
1165 4831 1298 4902 Noe,
1332 4846 1378 4890 et
1416 4842 1640 4893 onmium
1672 4848 1814 4913 fera-

212 4932 368 4980 rum,
411 4927 459 4969 et
501 4918 726 4970 onmiunt
761 4919 1131 4988 jumentorum,
1177 4934 1222 4978 et
1260 4929 1487 4982 omnium
1533 4935 1810 5003 reptilium,

212 5021 546 5075 quaesitaque
574 5019 716 5063 eram
756 5024 874 5063 cum
919 5011 1010 5065 illo
1051 5013 1104 5067 in
1143 5032 1283 5071 arra.
1334 5017 1401 5073 Et
1430 5023 1646 5078 adduxit
1680 5026 1816 5084 Deus

213 5097 457 5168 spiritum
484 5114 638 5167 super
664 5110 887 5167 terram,
932 5115 982 5157 et
1023 5110 1234 5173 cessauit
1274 5127 1427 5181 aqua.
1462 5115 1814 5191 Recordatus,

216 5188 414 5258 inquit,
446 5187 581 5253 Noe,
615 5199 668 5245 et
697 5193 936 5249 omnium
966 5210 1087 5266 qua:
1112 5213 1233 5252 cum
1278 5201 1370 5258 illo
1408 5217 1560 5263 erant
1591 5210 1641 5264 in
1668 5187 1815 5282 arca,

217 5279 478 5349 prmpit
505 5295 655 5349 aqua:
702 5282 954 5352 impetum
982 5286 1248 5357 detineri,
1298 5301 1354 5346 ut
1382 5300 1637 5365 paulatim
1664 5279 1816 5363 suam

216 5380 672 5426 commOnstraret
694 5373 1108 5446 benignitatem;
1135 5392 1190 5438 et
1214 5395 1395 5454 postea
1417 5389 1620 5458 justum
1647 5401 1820 5468 respi-

219 5474 344 5513 rare
371 5470 606 5525 curaret,
638 5471 697 5517 et
733 5480 761 5516 a
795 5467 1097 5525 turbatione
1127 5475 1508 5544 cogitationum
1541 5467 1817 5545 liberatum

221 5563 276 5603 Ill
303 5549 598 5619 tranquillo
623 5562 764 5608 statu
788 5559 1161 5630 constitueret,
1189 5571 1447 5625 concesso
1468 5580 1523 5626 et
1558 5573 1691 5633 lucis
1720 5595 1818 5635 usu

301 5718 319 5748 ι
350 5714 500 5765 Sat-il.
525 5721 577 5765 et
603 5715 906 5788 Itorel.,uos
930 5720 1119 5782 (ἡμᾶς),
1146 5727 1218 5781 et,
1243 5737 1500 5786 possumus
1527 5731 1822 5802 (6Wéy.50a,‘.

1920 463 1974 510 et
2002 455 2143 509 aeris
2174 454 2548 524 respiratione.
2584 453 2647 507 Et
2673 455 2890 509 adduxit
2935 455 3102 521 Dens,
3137 457 3336 528 inquit,
3367 461 3522 526 spiri-

1919 555 2027 598 tum
2056 561 2208 616 super
2246 555 2454 611 terrant,
2501 553 2548 599 et
2578 545 2789 598 cessavit
2833 562 2986 614 aqua.
3013 546 3067 600 2.
3099 545 3168 600 Et
3193 549 3374 604 obtecti
3402 561 3517 603 sunt

1920 641 2082 707 fontes
2112 637 2281 707 abyssi
2323 647 2372 691 et
2414 646 2690 692 cataractis
2724 638 2855 692 creti.
2899 639 3026 694 Vide
3052 641 3323 710 quomodo
3368 657 3517 696 more

1923 726 2157 780 humano
2197 727 2432 796 loquitur
2471 728 2625 781 nobis
2655 729 2854 782 nuntia.
2890 727 3085 782 Oblecti
3122 738 3276 798 sunt,
3322 731 3515 803 inquit,

1918 821 2082 888 fontes
2113 817 2282 889 abyssi
2306 829 2352 871 et
2379 828 2650 873 cataracta:
2673 821 2804 886 carli,
2848 831 2895 874 et
2921 822 3139 875 cohibita
3169 824 3342 892 pluuia
3368 824 3519 879 celi:

1918 909 2068 977 quasi
2096 909 2336 974 diceret,
2373 909 2636 978 placuisse
2667 912 2892 965 Domino
2919 921 2976 966 ut
3003 913 3194 968 iterum
3225 915 3276 969 in
3306 930 3400 970 sua
3429 933 3514 971 re-

1916 996 2076 1067 gione
2104 981 2389 1052 manerent
2419 1016 2574 1070 aqua:
2597 1040 2614 1066 ,
2647 1016 2821 1070 neque
2849 1001 2986 1080 ultra
3016 1005 3381 1069 exundarent,
3426 1008 3516 1062 sed

1916 1089 2170 1160 paulatim
2217 1090 2547 1147 desinerent.
2593 1095 2651 1150 3.
2695 1093 2764 1146 Et
2805 1095 3010 1149 cedebat
3054 1113 3188 1165 aqua
3232 1099 3420 1153 uadens
3458 1105 3520 1175 de

1918 1189 2053 1234 terra
2076 1222 2092 1247 ,
2135 1191 2182 1234 et
2227 1181 2548 1238 minuebatur
2588 1201 2722 1254 aqua
2763 1195 2875 1256 post
2914 1198 3113 1241 centum
3152 1190 3520 1262 quinquaginta

1918 1270 2045 1326 dies.
2074 1272 2205 1340 Quae
2231 1275 2366 1327 ratio
2398 1276 2592 1343 poterit
2619 1276 2721 1333 hoc
2747 1294 2996 1348 umquam
3019 1281 3517 1351 comprehendere?

1921 1364 2070 1429 Esto,
2102 1365 2251 1419 stetit
2280 1367 2476 1435 pluria,
2509 1367 2724 1423 cohibiti
2758 1369 2932 1425 fontes
2959 1387 3064 1426 non
3090 1375 3324 1442 amplius
3351 1390 3515 1430 exun-

1921 1453 2149 1516 dabant,
2177 1462 2232 1508 ct
2259 1465 2542 1510 cataracta:
2572 1459 2688 1512 ca'li
2729 1458 2978 1514 cohibitae
3009 1470 3135 1516 sunt
3162 1479 3175 1514 :
3207 1478 3343 1533 aqua
3374 1473 3519 1520 tanta

1927 1546 2194 1613 quomodo
2216 1545 2417 1600 desiit?
2446 1547 2634 1600 Omnia
2665 1549 2887 1619 abyssus
2916 1561 3088 1605 erant.
3113 1552 3394 1618 Quomodo
3425 1555 3521 1624 igi-

1918 1644 2003 1689 tur
2031 1632 2208 1691 tantus
2251 1652 2509 1707 aquarum
2553 1638 2725 1692 ﬂuxus
2755 1639 2931 1694 subito
2976 1645 3155 1697 minor
3199 1646 3368 1701 factus
3393 1647 3522 1701 est?

1918 1724 2050 1792 Quis
2079 1725 2180 1779 hoc
2211 1726 2441 1780 humana
2475 1730 2684 1783 ratione
2726 1730 2970 1785 invenire
3000 1735 3192 1801 poterit
3223 1738 3521 1806 umquam?

1917 1814 2053 1882 Quid
2088 1816 2250 1884 igitur
2275 1816 2606 1872 dicendum?
2637 1817 2732 1872 Dei
2763 1830 3086 1890 praeceptum
3117 1832 3202 1879 est
3225 1826 3368 1894 quod
3397 1825 3521 1882 facit

1917 1906 2117 1959 omnia.

1988 1997 2043 2052 4.
2086 1997 2163 2053 Ne
2207 1998 2370 2068 igitur
2412 2014 2509 2054 nos
2551 2001 2815 2056 curiosius
2854 2003 3202 2076 exploremus
3228 2009 3519 2079 quomodo,

1916 2091 2010 2145 sed
2045 2099 2246 2145 tantum
2275 2091 2599 2158 credamus;
2645 2110 2838 2164 nempe
2877 2097 3073 2165 jussit,
3103 2107 3158 2153 et
3182 2102 3413 2157 esaltata
3440 2113 3522 2158 est

1917 2181 2143 2253 aliyssus
2175 2201 2187 2236 :
2222 2185 2478 2253 prarccpit
2498 2226 2515 2250 ,
2558 2194 2611 2239 et
2641 2187 2834 2241 iterum
2868 2203 3024 2243 suum
3053 2191 3317 2246 continuit
3347 2192 3522 2264 impe-

1918 2280 2066 2338 tum,
2108 2283 2161 2328 et
2190 2274 2254 2326 ad
2290 2275 2562 2343 prOprium
2606 2277 2874 2331 concessit
2922 2279 3119 2343 locum,
3169 2297 3329 2351 quem
3375 2285 3523 2341 solos

1919 2363 2031 2434 ipse
2063 2364 2321 2421 Dominus
2351 2367 2485 2433 scit,
2520 2368 2608 2436 qui
2649 2367 2908 2422 condidit.
2941 2370 2994 2424 4.
3029 2369 3097 2423 Et
3125 2373 3284 2440 sedit,
3330 2375 3520 2445 inquit,

1917 2473 2038 2509 arca
2060 2474 2229 2511 mense
2247 2459 2478 2527 septimo,
2507 2459 2740 2513 vicesima
2763 2463 2976 2531 septima
2999 2465 3183 2518 mensis
3202 2483 3356 2536 supir
3379 2485 3523 2522 mon-

1917 2556 1991 2602 tes
2031 2549 2233 2602 Ararat.
2279 2550 2333 2604 5.
2362 2550 2508 2620 Aqua
2538 2561 2707 2604 autent
2753 2552 3068 2608 decrescebat
3099 2572 3258 2627 usque
3283 2558 3354 2612 ad
3382 2559 3523 2613 deci-

1917 2655 2054 2691 mum
2093 2655 2313 2693 mensem
2352 2655 2372 2695 :
2411 2651 2458 2694 et
2503 2655 2851 2711 apparuerunt
2894 2647 3157 2701 cacumina
3197 2651 3441 2704 montium
3471 2652 3522 2705 in

1917 2730 2113 2785 decimo
2166 2748 2334 2786 mense
2373 2774 2386 2796 ,
2444 2735 2612 2803 prima
2664 2737 2870 2790 mensis.
2922 2737 3055 2794 Vide
3091 2756 3252 2810 quam
3302 2753 3524 2812 repente

1917 2821 2052 2876 facta
2081 2824 2322 2888 mutatio,
2347 2834 2401 2879 et
2435 2827 2816 2920 quanta’simul
2843 2845 3102 2900 aquarum
3131 2843 3320 2890 natura
3347 2836 3524 2894 desie-

1918 2916 2007 2981 rit,
2048 2925 2104 2969 ut
2131 2931 2290 2985 supra
2320 2926 2533 2972 montes
2561 2916 2687 2973 arca
2719 2921 2998 2978 resideret.
3030 2923 3162 2991 Qua:
3186 2944 3344 2997 supra
3377 2929 3524 2986 dixe-

1919 3019 2000 3061 rat
2030 3007 2306 3078 Scriptura
2327 3051 2341 3074 ,
2377 3011 2682 3080 quindecim
2725 3001 2919 3068 cubitis
2947 3029 3113 3086 super
3139 3027 3348 3076 montes
3374 3024 3522 3078 extil-

1921 3104 2085 3152 tatam
2117 3097 2283 3153 fuisse
2313 3113 2505 3169 aquam
2538 3117 2553 3153 :
2588 3116 2730 3155 nunc
2758 3102 2887 3156 dicit
2917 3105 3123 3161 sedisse
3154 3122 3334 3163 arcam
3363 3127 3526 3181 super

1919 3198 2129 3243 montes
2167 3191 2394 3257 Ararat,
2426 3199 2481 3246 et
2510 3192 2762 3261 paulatim
2797 3203 2983 3263 postea
3025 3211 3218 3268 aquam
3261 3216 3427 3273 usque
3457 3205 3525 3260 ad

1919 3277 2190 3335 decimum
2242 3295 2483 3336 mensem
2539 3282 2886 3354 decrevisse,
2943 3299 2997 3342 et
3049 3291 3262 3346 tandem
3311 3295 3526 3351 decimo

1921 3383 2106 3424 mense
2156 3371 2266 3424 visa
2322 3371 2486 3426 fuisse
2537 3377 2815 3429 cacumina
2869 3381 3151 3436 montium.
3205 3384 3524 3456 Considera,

1921 3477 2125 3530 quarso,
2164 3462 2290 3532 justi
2324 3452 2681 3520 constantiam
2706 3510 2720 3532 ,
2755 3472 3024 3538 quomodo
3055 3475 3249 3532 durare
3293 3452 3527 3546 potuerit

1921 3561 2000 3606 tot
2028 3554 2344 3620 mensibus,
2387 3557 2478 3625 qui
2520 3559 2672 3627 quasi
2717 3559 2770 3613 iu
2820 3564 3057 3619 tenebris
3103 3580 3218 3622 erat
3267 3569 3522 3628 inclusus.

1918 3643 1971 3696 6.
2006 3642 2072 3712 Et
2099 3646 2290 3714 factum
2318 3657 2410 3712 est,
2443 3649 2632 3718 inquit,
2664 3659 2774 3718 post
2801 3654 3142 3725 quadraginta
3167 3659 3294 3724 dies,
3325 3666 3525 3734 aperuit

1924 3730 1974 3784 Ν
1981 3749 2040 3786 oe
2081 3735 2353 3802 fenestram
2379 3753 2545 3803 arcte,
2589 3757 2742 3799 quant
2771 3747 2991 3812 fecerat,
3025 3756 3071 3800 et
3101 3750 3265 3803 emisit
3296 3769 3523 3820 corvum,

1922 3832 1978 3876 ut
2006 3823 2194 3877 videret
2219 3842 2340 3878 num
2369 3839 2610 3883 cessasset
2635 3846 2787 3900 aqua.
2814 3833 2952 3889 Ecce
2973 3835 3151 3905 justus
3180 3840 3264 3894 ille
3288 3845 3523 3900 nondum

1922 3931 2017 3985 per
2047 3931 2105 3972 se
2132 3916 2293 3973 audet
2334 3922 2640 3989 reSpieere,
2681 3924 2778 3979 sed
2820 3940 3040 3983 corvum
3080 3931 3275 4001 mittit,
3322 3951 3385 3991 ac
3431 3953 3527 4009 per

1923 4009 2073 4063 illum
2106 4010 2314 4065 discere
2341 4013 2472 4078 vult,
2502 4029 2568 4068 an
2603 4016 2741 4072 bona
2773 4032 2953 4073 rerum
2986 4024 3210 4078 mutatio
3242 4028 3418 4097 aliqua
3458 4031 3528 4085 sit

1920 4101 2300 4170 exspectanda.
2330 4105 2383 4159 7.
2410 4101 2479 4158 Et
2508 4122 2759 4176 egressus,
2789 4108 2982 4179 inquit,
3012 4129 3112 4166 non
3153 4117 3337 4184 rediit,
3368 4120 3528 4175 donec

1920 4193 2196 4248 siccantur
2217 4212 2352 4265 aqua
2375 4214 2408 4250 a
2434 4207 2588 4252 terra.
2616 4200 2828 4268 Adjecit
2854 4203 3130 4275 Scriptura
3153 4212 3372 4266 verbum
3400 4213 3521 4282 hoc,

1921 4282 2117 4351 Donec,
2146 4301 2249 4340 non
2272 4288 2413 4358 quod
2442 4299 2624 4360 postea
2651 4293 2902 4360 redierit;
2936 4297 3032 4352 sed
3059 4300 3253 4355 idioma
3283 4315 3364 4359 est
3385 4306 3528 4362 Scri-

1924 4385 2094 4444 ptura:
2123 4376 2337 4431 divinze.
2385 4379 2447 4433 Et
2478 4379 2617 4436 hanc
2643 4387 3086 4444 consuetudinem
3115 4405 3260 4463 smpe
3288 4397 3409 4466 quis
3441 4399 3524 4454 iu-

1922 4465 2120 4531 veniet,
2148 4479 2476 4539 possemque
2500 4472 2665 4526 multa
2695 4475 2816 4528 talia
2846 4476 3092 4547 inveniri,
3117 4497 3181 4537 ac
3208 4483 3260 4538 in
3291 4465 3526 4545 medium

1921 4556 2100 4611 afferri
2133 4574 2147 4610 :
2174 4559 2268 4613 sed
2311 4575 2379 4614 ne
2415 4563 2593 4617 omnia
2624 4579 2653 4617 a
2685 4566 2843 4621 nobis
2872 4568 3141 4628 discentes
3169 4577 3526 4648 negligentio-

1922 4661 2010 4700 res
2037 4648 2298 4715 evadatis,
2334 4651 2483 4707 vobis
2515 4654 2894 4725 relinquimus,
2927 4669 2983 4715 ut
3012 4662 3343 4733 Scriptorum
3371 4686 3525 4725 scru-

1923 4739 2145 4805 temini,
2177 4749 2231 4794 et
2277 4741 2562 4799 inveniatis
2605 4747 2820 4802 ubinam
2853 4755 3270 4822 pr0prietatibus
3298 4770 3350 4815 et
3390 4763 3527 4818 idio-

1923 4829 2152 4895 matibus
2180 4830 2548 4900 hujuscemodi
2590 4847 2784 4892 utatur.
2814 4839 2931 4897 Jam
2963 4853 3142 4901 autem
3181 4864 3361 4920 Opera:
3402 4871 3528 4923 pre-

1924 4921 2054 4974 tium
2089 4921 2276 4988 fuerit,
2324 4936 2382 4979 ut
2409 4926 2616 4982 dicatur
2644 4947 2804 4986 eausa
2831 4950 2998 5006 quare
3029 4955 3134 4994 non
3164 4943 3386 5001 redierit
3406 4921 3545 5006 thier!”

1921 5012 2058 5066 avis.
2089 5012 2358 5071 Fortassis
2382 5019 2498 5074 avis
2526 5020 2636 5086 illa,
2665 5023 2740 5077 uti
2763 5034 2846 5079 est
2869 5026 3162 5096 immunda,
3191 5049 3315 5091 cum
3338 5038 3530 5097 desiis-

1923 5113 2046 5157 sent
2071 5119 2242 5175 aqute,
2270 5108 2456 5164 incidit
2479 5112 2529 5165 in
2553 5113 2814 5171 cadavera
2839 5117 3117 5177 hominum
3145 5134 3200 5181 et
3221 5128 3524 5201 brutorum,

1925 5193 2118 5261 quibus
2139 5236 2154 5259 ,
2194 5195 2413 5253 invento
2451 5201 2553 5256 sibi
2581 5210 2896 5276 congruenti
2925 5211 3049 5268 cibo
3071 5255 3086 5281 ,
3117 5216 3312 5276 insedit
3339 5239 3352 5275 :
3385 5193 3528 5295 quod

1926 5284 2088 5338 etiam
2121 5287 2294 5355 ipsum
2325 5304 2431 5345 non
2456 5307 2677 5362 parvum
2707 5297 2861 5353 bona:
2890 5304 3006 5372 spei
3031 5284 3416 5376 argumentum
3433 5318 3530 5375 fuit

1927 5374 2093 5445 justo.
2141 5377 2353 5449 Alioqui
2399 5383 2581 5450 enim,
2625 5387 2727 5442 nisi
2773 5374 3194 5454 consolationem
3239 5403 3532 5467 invenisset

1926 5466 2159 5536 aliquam
2183 5507 2199 5533 ,
2239 5484 2454 5527 reversa
2498 5477 2682 5547 utique
2718 5480 2923 5538 fuisset.
2951 5486 3129 5559 Atque
3167 5502 3226 5550 ut
3268 5495 3372 5554 hoc
3410 5466 3531 5559 esse

1926 5570 2116 5660 verum
2164 5561 2305 5664 scias
2323 5603 2354 5664 ,ι
2392 5577 2574 5633 postea
2617 5569 2796 5639 justus
2843 5576 3069 5636 meliore
3114 5559 3212 5652 spe
3249 5603 3535 5664 concepta,

1929 5648 2129 5705 emittit
2155 5652 2496 5724 columbam,
2523 5674 2676 5716 avem
2707 5665 2891 5723 mitem
2917 5678 2971 5725 et
3015 5648 3331 5736 familiarem
3357 5725 3372 5746 ,
3413 5648 3531 5754 qua;

1936 5741 2123 5798 miram
2155 5760 2267 5814 przc
2296 5761 2356 5804 se
2388 5747 2490 5807 fert
2533 5759 2996 5818 mansuetudinem
3023 5805 3039 5830 ,
3084 5776 3138 5825 et
3164 5785 3282 5842 qua:
3307 5741 3535 5828 nonnisi
