4054 6312
569 343 669 396 ἳῖιδ

561 453 852 507 seminibus
881 452 1021 520 pasci
1053 452 1222 514 ›υ1.ι;ι,
1248 466 1312 503 ex
1347 449 1488 518 puris
1509 456 1589 501 est
1616 444 1818 499 avibus.
1849 444 1899 499 8.
1923 441 2131 497 Etemi-

560 547 656 611 sit,
685 545 847 614 inquit
872 585 886 610 ,
926 543 1206 596 columbam
1233 557 1264 593 a
1289 557 1372 604 se,
1413 550 1466 590 ut
1504 540 1688 592 uideret
1710 579 1722 602 ,
1753 553 1872 589 num
1897 545 2134 589 cessasset

563 650 692 701 aqua
735 651 764 685 a
793 635 922 704 facie
961 644 1124 686 term.
1169 631 1223 687 9.
1253 631 1314 682 At
1348 629 1577 682 columba
1607 643 1706 680 non
1747 630 1940 679 inventa
1967 624 2136 688 requie

566 725 773 793 pedibus
801 725 926 790 suis,
954 725 1101 777 rediit
1132 724 1197 776 ad
1226 725 1389 790 ipsum
1420 721 1469 773 in
1496 737 1668 773 arcam
1691 761 1702 782 ,
1736 721 1850 788 quia
1876 733 2005 784 aqua
2031 723 2134 768 erat

568 834 716 884 super
746 832 939 869 euntem
965 815 1143 884 faciem
1167 823 1330 866 terra.
1355 812 1453 865 Par
1468 819 1570 874 est,
1589 819 1645 864 ut
1672 810 1755 862 bic
1781 809 2134 877 disquiramus

565 906 830 976 quomodo
857 920 977 959 cutn
1005 920 1160 974 supra
1194 902 1382 957 dixerit
1424 901 1695 969 Scriptura
1735 909 1913 954 sancta
1933 940 1946 959 .
1979 911 2137 951 cacu-

565 1000 702 1049 inina
747 997 1004 1049 montium
1055 997 1216 1048 luisse
1255 995 1398 1056 visa,
1444 1007 1582 1046 nunc
1624 991 1770 1057 dicit,
1813 989 2131 1051 columbam,

563 1102 664 1136 non
694 1088 905 1138 inventa
934 1085 1136 1154 requie,
1169 1083 1234 1136 ad
1266 1083 1437 1150 ipsum
1463 1081 1515 1136 in
1542 1094 1718 1135 arcam
1748 1079 1986 1146 rediisse,
2013 1080 2135 1148 quia

560 1190 696 1243 aqua
721 1183 839 1228 erat
858 1189 1018 1244 super
1037 1189 1246 1228 onmem
1273 1173 1455 1227 faciem
1487 1181 1662 1226 teme.
1695 1172 1975 1241 Diligenter
1997 1172 2136 1238 lega-

562 1280 678 1318 mus
708 1264 832 1334 quid
859 1265 927 1317 sit
967 1264 1183 1326 dictum,
1234 1271 1287 1316 et
1328 1263 1557 1319 sciemus
1585 1277 1819 1316 causam.
1852 1261 1964 1315 Non
1995 1262 2134 1313 enim

561 1355 871 1421 simpliciter
901 1354 1066 1418 dixit,
1113 1351 1232 1407 Non
1272 1354 1471 1406 inuenta
1506 1355 1705 1420 requie,
1748 1352 1840 1405 sed
1871 1351 2133 1419 apposuit,

566 1443 780 1499 Pedibus
821 1448 955 1506 suis,
1004 1453 1059 1497 ut
1101 1443 1288 1498 diceat
1338 1459 1469 1507 nos,
1515 1443 1722 1496 tametsi
1767 1442 2032 1496 desierant
2070 1456 2137 1494 ex

564 1546 708 1602 parte
735 1537 903 1602 aliqua
945 1552 1114 1604 ftqtttt‘,
1162 1544 1214 1588 et
1258 1535 1528 1587 cacumina
1575 1532 1830 1586 montium
1873 1547 2132 1600 apparue-

563 1638 716 1692 rant,
757 1627 927 1679 adltnc
961 1636 1136 1679 tamen
1166 1625 1234 1679 ob
1269 1626 1642 1677 abundantiam
1689 1638 1943 1692 aquarum
1975 1623 2134 1676 etiam

564 1718 817 1769 montium
845 1716 1119 1768 cacumina
1152 1716 1277 1767 limo
1306 1715 1458 1782 plena
1487 1715 1669 1766 fuisse.
1702 1712 1763 1765 Et
1793 1711 1910 1766 ideo
1934 1713 2136 1764 Colum-

561 1805 622 1857 lia
655 1804 884 1864 nondum
917 1813 1100 1869 stare,
1147 1818 1323 1871 neque
1367 1803 1772 1856 convenientem
1815 1801 1915 1854 sibi
1959 1802 2134 1855 cibum

559 1897 795 1950 invenire
826 1897 1008 1950 valens
1030 1937 1043 1961 ,
1088 1909 1296 1950 reversa
1326 1905 1408 1948 est
1429 1935 1441 1956 ,
1485 1897 1656 1949 reditu
1691 1908 1789 1947 suo
1829 1893 2026 1947 docens
2049 1894 2135 1961 ju-

560 1997 702 2040 stum
724 2027 740 2052 ,
771 1990 890 2040 esse
917 1985 1092 2039 adbuc
1127 1999 1370 2054 magnam
1409 1999 1665 2052 aquarum
1702 1982 1926 2052 copiam.
1962 1980 2026 2034 Et
2052 1999 2139 2036 ex-

568 2087 702 2128 tenta
724 2117 740 2141 ,
771 2075 936 2143 inquit
958 2115 971 2137 ,
1004 2091 1154 2128 manu
1179 2077 1370 2141 accepit
1397 2073 1541 2125 illam
1560 2113 1573 2135 ,
1608 2084 1653 2126 et
1689 2072 1968 2126 introduxit
1996 2071 2137 2124 illam

559 2169 625 2219 ad
649 2185 701 2220 se
730 2169 780 2218 in
808 2183 1000 2219 arcam.
1031 2166 1215 2218 Vidisti
1245 2174 1436 2233 quanta
1461 2164 1573 2216 avis
1604 2162 1974 2228 mansuetudo,
2006 2178 2138 2228 quo-

553 2257 716 2311 modo
745 2257 959 2311 rediens
995 2257 1196 2324 justum
1234 2255 1449 2319 docuit,
1479 2262 1536 2307 ut
1559 2252 1938 2322 aliquantisper
1964 2253 2138 2307 adhuc

560 2348 1010 2416 longanimitatetn
1038 2345 1356 2400 exhiberet?
1401 2345 1558 2410 Ideo,
1598 2343 1684 2398 l0.
1736 2343 1804 2396 Et
1839 2359 1953 2397 cum
1983 2347 2134 2396 susti-

559 2438 765 2499 nuisset,
798 2437 986 2504 inquit,
1016 2434 1180 2488 adhuc
1203 2444 1392 2498 septem
1420 2435 1557 2496 dies,
1585 2433 1746 2487 emisit
1771 2433 2052 2486 columbam
2079 2450 2137 2486 ex

559 2543 697 2579 arca.
728 2528 812 2580 11.
842 2525 904 2579 Et
927 2541 1124 2578 reuersa
1142 2534 1212 2578 est
1238 2526 1304 2576 ad
1329 2525 1492 2593 ipsum
1518 2522 1748 2576 columba
1771 2524 1840 2577 ad
1861 2538 2134 2591 uesperam,

560 2630 604 2670 et
637 2617 806 2670 [inbuit
834 2617 1009 2687 folium
1041 2617 1184 2669 οὕτω
1211 2614 1465 2668 surculum
1495 2615 1546 2664 in
1584 2629 1668 2666 ore
1695 2630 1808 2667 suo.
1859 2612 1973 2667 Non
2013 2613 2133 2666 abs-

560 2725 662 2778 que
703 2709 942 2774 ratione,
976 2722 1146 2777 neque
1190 2718 1389 2760 tetnere
1433 2706 1670 2774 adjnnxit
1694 2747 1706 2768 ,
1739 2704 1820 2756 Ad
1847 2719 2134 2771 uesperam:

557 2802 652 2853 sed
686 2811 742 2853 ut
780 2799 1046 2853 discamus
1066 2839 1078 2859 ,
1111 2812 1228 2851 eam
1258 2806 1362 2850 tota
1395 2796 1482 2850 die
1511 2805 1711 2864 pastam
1743 2794 1938 2855 fuisse,
1969 2803 2022 2848 et
2052 2797 2135 2846 ln-

561 2897 717 2944 vento
742 2889 842 2942 sibi
869 2886 1204 2941 convenienti
1233 2887 1373 2950 cibo,
1405 2886 1472 2938 ad
1503 2899 1778 2952 vesperam
1812 2883 2053 2943 rediisse.
2084 2884 2136 2937 in

558 2997 650 3034 ore
695 2980 950 3036 fert-nteit:
995 2977 1266 3032 etu'cttlum
1307 2977 1482 3029 olivae.
1535 2974 1660 3029 Tale
1706 2975 1900 3043 quippe
1941 2974 2134 3026 annual

532 3080 640 3125 ’ρει
670 3071 818 3134 mite,
848 3080 901 3124 et
947 3081 1124 3124 nostra
1171 3067 1520 3121 familiaritate
1544 3067 1819 3136 gaudens;
1858 3075 1910 3118 et
1940 3065 2136 3119 idcirco

563 3161 714 3216 rediit
740 3201 754 3225 ,
784 3169 840 3212 et
865 3160 1015 3212 oliva:
1046 3159 1256 3212 surculo
1287 3158 1510 3212 multant
1542 3158 1712 3210 solatii
1757 3157 1902 3226 justo
1940 3156 2131 3210 attulit.

560 3253 663 3307 Sed
686 3253 876 3306 dixerit
906 3250 1127 3304 fortasse
1153 3249 1338 3317 aliquis
1363 3267 1374 3300 :
1403 3249 1467 3302 Et
1491 3249 1704 3302 ubinam
1731 3250 1930 3302 invenit
1957 3248 2136 3301 folium

557 3342 749 3395 oliva}?
781 3339 970 3394 Tutum
1005 3338 1050 3392 lt.
1076 3354 1104 3393 ε
1147 3337 1340 3391 factum
1381 3347 1461 3391 est
1500 3338 1898 3406 dispensatione
1938 3338 2130 3401 divina,

553 3444 605 3488 tl
638 3430 775 3498 quod
805 3429 1046 3482 columba
1094 3428 1351 3481 invenerit
1377 3468 1390 3492 ,
1422 3437 1475 3480 et
1502 3427 1641 3496 quod
1671 3442 1764 3481 ore
1796 3428 2052 3496 recepetit
2084 3439 2133 3481 et

558 3523 619 3572 .nl
646 3523 844 3589 jztsltltll
875 3537 1085 3573 reversa
1119 3520 1188 3573 sit
1217 3536 1230 3574 :
1264 3520 1496 3588 alioquin
1525 3529 1578 3574 et
1604 3520 1762 3573 arbor
1789 3520 1903 3574 banc
1928 3536 2138 3589 semper

563 3613 736 3663 \it'ctts
761 3619 864 3674 est,
897 3610 1288 3678 verisimileque
1317 3620 1419 3673 est,
1455 3619 1727 3679 postquam
1757 3625 1907 3680 aqua:
1933 3627 2138 3680 regres-

559 3718 632 3754 sa:
661 3709 813 3762 sunt,
850 3700 1090 3764 arborem
1120 3699 1252 3752 banc
1288 3699 1460 3754 adhuc
1489 3697 1738 3754 habuisse
1768 3698 2012 3754 foliorum
2043 3715 2134 3754 co-

565 3807 722 3843 mam.
759 3789 838 3843 12.
869 3789 934 3842 Et
963 3801 1012 3841 ut
1039 3791 1361 3859 exspectavit,
1393 3789 1582 3858 inquit,
1610 3791 1777 3843 adhuc
1802 3802 1988 3859 septem
2011 3793 2138 3845 alios

561 3883 685 3942 dies,
717 3881 881 3934 emisit
901 3881 1180 3934 columbam
1211 3920 1225 3944 ,
1254 3890 1299 3932 et
1327 3897 1424 3934 non
1455 3881 1637 3950 adjecit
1668 3892 1721 3934 ut
1745 3882 1817 3935 ad
1844 3883 1992 3935 illum
2019 3885 2135 3953 red-

561 3975 668 4024 iret.
706 3971 832 4024 \‘ide
858 3971 1122 4039 quomodo
1155 3973 1322 4036 iustus
1352 3971 1403 4024 in
1434 3972 1683 4040 omnibus
1715 3974 2136 4031 consolationem

563 4063 804 4115 idoneam
851 4061 1091 4129 accipiat.
1126 4060 1257 4113 Nam
1303 4072 1357 4113 ut
1402 4061 1538 4115 bona
1581 4077 1676 4128 spe
1723 4071 1990 4117 recreatus
2032 4075 2133 4130 est,

560 4169 680 4204 cum
729 4153 954 4213 rediret,
997 4160 1050 4204 et
1091 4151 1242 4203 olivze
1290 4151 1468 4203 folium
1523 4151 1576 4204 in
1620 4165 1711 4205 ore
1758 4153 1962 4208 ferret:
1993 4153 2060 4208 ita
2088 4165 2140 4208 et

565 4258 704 4296 ttllllc
733 4257 852 4294 cum
881 4255 1090 4310 egressa
1125 4258 1228 4294 non
1258 4242 1391 4294 redit
1411 4285 1424 4304 ,
1456 4244 1740 4296 maximum
1773 4243 1845 4297 illi
1888 4243 2137 4301 indicium

564 4334 676 4395 fuit,
720 4348 834 4384 eam
879 4332 1224 4383 sul‘licientcm
1275 4331 1539 4384 invenisse
1584 4331 2042 4399 refncillatimtcnt,
2084 4346 2137 4388 et

559 4437 722 4489 aquas
752 4421 800 4472 in
831 4422 1132 4472 universum
1163 4420 1403 4474 desiisse.
1439 4420 1501 4474 Et
1529 4423 1629 4474 boc
1657 4422 1723 4474 ita
1754 4437 1891 4486 esse,
1923 4425 2044 4478 audi
2070 4440 2135 4478 cx

563 4512 921 4580 sementibus.
959 4512 1043 4565 15.
1076 4509 1137 4562 Et
1165 4512 1351 4576 factum
1381 4521 1481 4574 est,
1516 4512 1710 4580 inquit,
1739 4513 1790 4565 ia
1821 4529 1920 4566 uno
1943 4523 1994 4568 et
2017 4531 2136 4568 sea:-

561 4605 827 4656 centesimo
852 4619 985 4656 auuo
1011 4606 1124 4655 vitae
1164 4602 1273 4655 Noe
1291 4645 1304 4664 ,
1335 4603 1497 4671 primo
1535 4619 1701 4657 mense
1737 4606 1916 4673 defecit
1943 4621 2079 4675 aqua
2106 4625 2137 4659 a

563 4695 691 4762 facie
731 4703 876 4747 terra:
929 4691 989 4745 Et
1021 4695 1214 4760 aperuit
1247 4691 1568 4746 Noe-tectum
1593 4710 1726 4747 arca:
1759 4695 1888 4764 quod
1930 4703 2131 4765 fecerat,

563 4797 606 4841 et
632 4786 754 4839 uidit
779 4787 911 4853 quod
937 4785 1114 4856 defecit
1142 4802 1273 4848 aqua
1297 4802 1327 4836 α
1355 4787 1485 4855 facie
1509 4793 1671 4839 teme.

632 4879 684 4932 5.
726 4877 919 4932 lterum
949 4875 1030 4928 bic
1062 4891 1144 4929 mc
1171 4884 1355 4945 stupor
1380 4876 1596 4941 iivadit,
1617 4885 1673 4930 ιιι
1698 4877 1946 4932 admirari
1978 4893 2137 4949 cogar

556 4968 682 5039 justi
723 4967 878 5037 bujns
904 4966 1181 5030 virtutem,
1229 4979 1282 5019 et
1323 4967 1414 5020 Dei
1453 4969 1812 5024 clementiam.
1859 4969 2136 5037 Quomodo

560 5060 723 5123 enitn,
768 5073 965 5126 quasso,
998 5067 1115 5127 ptsl
1161 5067 1359 5109 tantum
1407 5062 1632 5126 tempus,
1681 5069 1734 5115 ut
1761 5075 1818 5114 se
1847 5062 1955 5116 aeri
1984 5078 2132 5117 cum-

562 5152 722 5215 misit,
773 5160 821 5204 et
849 5150 1030 5203 oculos
1055 5148 1119 5202 ad
1147 5151 1331 5204 celum
1361 5152 1703 5222 spectandum
1737 5153 1980 5220 intendit,
2025 5173 2131 5210 non

563 5253 746 5309 captus
776 5252 853 5293 est
885 5241 1048 5294 oculis
1074 5250 1126 5294 et
1153 5243 1489 5295 cxcmcatus?
1517 5242 1684 5295 Probe
1712 5259 1936 5314 namque
1963 5249 2128 5310 scits,

565 5331 662 5385 liuc
692 5333 996 5399 contingere
1027 5329 1326 5384 hominibus
1354 5332 1554 5395 solere,
1598 5334 1755 5387 etiam
1804 5337 1867 5387 ad
1917 5350 2131 5404 parvam

562 5425 663 5478 diei
712 5435 911 5492 partem
957 5423 1007 5476 in
1051 5423 1347 5476 tenebrosis
1377 5424 1782 5494 caliginosisque
1808 5425 1938 5480 locis
1964 5443 2127 5496 agen-

563 5517 716 5577 tibus,
765 5529 882 5567 cnm
915 5514 1089 5568 subito
1129 5515 1184 5570 in
1219 5513 1349 5567 lucis
1377 5512 1632 5582 fulgorem
1660 5515 1898 5582 aspicere
1925 5519 2126 5571 volunt.

557 5605 736 5657 Justus
762 5613 936 5657 autem
985 5604 1076 5657 ille
1113 5619 1252 5660 anno
1300 5605 1525 5674 integro,
1561 5616 1611 5658 et
1646 5615 1721 5657 tot
1763 5605 2030 5660 mensibus
2075 5610 2127 5662 in

561 5708 688 5749 arca
711 5736 724 5758 ,
771 5695 918 5766 quasi
965 5696 1016 5750 in
1051 5696 1282 5753 tenebris
1309 5708 1493 5766 agens,
1541 5699 1700 5752 etiam
1735 5712 1872 5752 nunc
1907 5707 2127 5768 repente

1268 338 1320 392 S.
1364 333 1639 391 JO.\N!\'|S
1675 327 2152 407 οιιιιιδυδτοιιι
2192 325 2508 383 ΑΜΖΠΙΕΡ.
2550 318 3090 382 (ΖΟΝΒΤΛΝἩΝΟΡ.

3723 324 3842 376 235

2243 441 2354 494 viso
2389 417 2526 495 lucis
2557 439 2766 508 jnbare.
2820 439 2950 493 nihil
3001 436 3105 492 tale
3134 445 3386 507 expertus
3420 446 3520 491 est.
3552 437 3650 491 Dei
3693 438 3833 490 enim

2236 531 2405 599 gratia
2457 538 2591 594 erat,
2641 538 2696 583 et
2743 527 2991 596 patientia
3045 525 3113 580 ab
3157 540 3222 580 eo
3263 525 3338 580 illi
3381 539 3662 592 concessa,
3715 539 3833 594 qum

2238 625 2398 676 etiam
2446 621 2686 688 cc-rporis
2736 633 2926 673 sensus
2976 618 3242 672 ﬁrmiores
3295 614 3618 678 reddiderat,
3651 625 3706 669 et
3733 631 3830 684 po-

2241 714 2496 765 tentiores
2538 724 2692 776 quam
2739 708 2827 777 qui
2873 707 3241 776 corpomlibus
3276 706 3682 760 necessitatibus
3724 707 3832 759 vin-

2237 816 2502 856 cerentur.
2552 801 2635 856 14.
2687 798 2749 851 In
2794 813 2962 850 mense
3004 806 3175 852 autem
3215 797 3436 850 secundo
3483 798 3714 863 arefacta
3763 805 3837 848 est

2239 901 2391 957 terra,
2425 894 2654 947 uicesimo
2682 902 2726 944 et
2752 891 2964 958 septimo
2991 890 3073 941 die
3098 891 3300 943 mensis.
3343 889 3457 942 Non
3500 887 3703 956 absque
3747 903 3828 941 ra-

2241 982 2384 1036 tione
2434 993 2629 1034 tantam
2669 979 2996 1049 diligentiam
3043 977 3261 1031 adhibet
3307 977 3480 1030 divina
3523 977 3835 1045 Scriptura.

2240 1073 2330 1127 sed
2373 1083 2427 1126 nt
2468 1073 2736 1127 discamus
2784 1087 2950 1140 usque
2993 1069 3060 1123 ad
3107 1069 3334 1139 primum
3364 1068 3503 1122 diem
3536 1071 3662 1122 anui
3693 1069 3837 1122 illius

2238 1165 2752 1218 consummationem
2784 1163 3004 1216 dilatam
3046 1161 3237 1223 fuisse,
3293 1176 3399 1230 quo
3440 1170 3839 1215 monstraretur

2235 1255 2363 1323 justi
2393 1255 2662 1322 patirntia,
2691 1269 2745 1308 et
2777 1254 2940 1308 totius
2968 1254 3116 1307 orbis
3146 1253 3390 1322 purgatio
3425 1253 3598 1306 ﬁeret.
3636 1251 3839 1306 Deinde

2241 1358 2518 1416 postquam
2573 1346 2722 1416 quasi
2777 1359 2804 1397 a
2854 1344 3014 1400 sorde
3051 1343 3278 1412 quadam
3321 1343 3499 1397 abluta
3538 1352 3624 1398 est
3662 1345 3838 1398 omnis

2239 1446 2503 1500 creatura,
2538 1447 2585 1489 et
2619 1435 2860 1504 deposuit
2889 1451 3102 1490 omnem
3136 1434 3418 1500 maculam,
3448 1451 3608 1505 quam
3637 1451 3702 1490 ex
3737 1434 3829 1488 Im.

2241 1542 2394 1580 mana
2423 1536 2762 1580 contraxerat
2790 1526 3008 1589 malitia,
3040 1524 3310 1596 faciesque
3349 1527 3398 1580 ei
3442 1541 3570 1594 pura
3621 1527 3828 1581 reddita

2238 1629 2318 1672 est
2365 1635 2377 1668 :
2427 1628 2552 1671 tunc
2588 1618 2816 1685 denique
2850 1617 3080 1685 prmeipit
3111 1630 3168 1668 ut
3192 1617 3366 1684 justus
3395 1631 3459 1670 ex
3491 1631 3614 1670 arca
3657 1625 3835 1678 exeat,

2246 1712 2485 1779 liberque
2510 1723 2539 1762 a
2569 1711 2715 1779 gravi
2745 1709 2836 1764 illo
2864 1722 3082 1762 carcere
3106 1707 3228 1771 flat,
3258 1715 3312 1762 et
3337 1707 3507 1776 inquit
3536 1723 3552 1761 :
3583 1707 3675 1762 15.
3695 1707 3840 1761 Dixit

2243 1801 2488 1856 Dominus
2529 1800 2663 1856 Deus
2700 1800 2768 1853 ad
2801 1798 2914 1854 Noe
2945 1815 2964 1852 :
2989 1799 3077 1854 16.
3105 1797 3356 1869 Egredere
3381 1807 3457 1864 tu,
3482 1808 3531 1851 et
3559 1813 3691 1852 uxor
3716 1809 3803 1850 tua
3822 1838 3836 1858 ,

2241 1905 2286 1944 et
2315 1894 2408 1962 filii
2433 1894 2524 1954 tui,
2574 1901 2622 1945 et
2667 1908 2845 1946 uxores
2893 1892 3117 1960 ﬁliorum
3159 1900 3359 1944 tuorum
3392 1899 3554 1944 tecum
3599 1906 3618 1942 :
3667 1890 3761 1944 17.
3793 1899 3838 1944 et

2231 1973 2410 2035 omnes
2437 1982 2605 2036 bestia
2646 1996 2969 2052 quacumque
3009 1991 3124 2036 sunt
3150 1988 3332 2042 tecum,
3365 1989 3411 2034 et
3439 1981 3605 2034 omnis
3643 1997 3768 2034 caro
3803 1997 3838 2033 ι

2240 2073 2526 2125 volatilibus
2554 2088 2708 2140 usque
2725 2071 2794 2124 ad
2825 2087 3027 2139 pecora,
3054 2079 3102 2124 et
3148 2087 3295 2124 omne
3335 2071 3515 2140 reptile
3552 2073 3690 2142 quod
3725 2088 3836 2125 uto-

2239 2171 2381 2215 oetur
2405 2179 2556 2231 super
2583 2172 2768 2215 terram
2793 2162 2919 2214 educ
2949 2170 3109 2214 tecum
3130 2199 3145 2223 ,
3186 2169 3232 2230 et
3276 2162 3482 2215 crescite
3505 2159 3833 2230 eruultiptio

2240 2253 2424 2306 camini
2466 2268 2618 2322 super
2662 2262 2868 2305 terram.
2930 2249 3182 2320 Expende
3227 2249 3314 2305 hic
3358 2250 3452 2305 Dei
3503 2251 3832 2317 bonitatem,

2240 2343 2508 2411 quomodo
2530 2356 2622 2411 per
2648 2341 2826 2394 omnia
2850 2341 3055 2412 justum
3081 2341 3403 2396 consolatur.
3435 2340 3569 2396 Nan
3589 2343 3712 2412 quia
3737 2342 3838 2396 itu-

2243 2433 2444 2501 peravit
2474 2431 2572 2496 illi,
2613 2443 2672 2486 ut
2711 2432 2881 2486 exiret
2912 2446 2977 2486 ex
3022 2445 3144 2486 arca
3192 2425 3328 2502 ipse,
3366 2441 3424 2488 et
3447 2445 3603 2498 uxor,
3631 2442 3685 2488 et
3713 2417 3835 2499 filii,

2240 2534 2294 2578 et
2330 2539 2524 2578 uxores
2566 2522 2814 2583 filiorum.
2861 2531 2917 2577 et
2960 2521 3147 2577 bestiae
3177 2536 3365 2576 omnes
3393 2538 3410 2576 :
3437 2531 3493 2576 ιιι
3523 2538 3590 2578 ne
3616 2529 3668 2578 et
3693 2523 3838 2578 istud

2244 2613 2416 2683 ipsum
2465 2626 2752 2666 utmorem
2780 2613 3014 2682 aliquem
3041 2613 3090 2665 ei
3118 2611 3352 2674 δῦθι-νει.
3391 2621 3455 2667 ἐι
3495 2613 3712 2667 anxium
3741 2627 3836 2668 re-

2239 2704 2508 2773 linqueret
2534 2703 2857 2772 eogitantcm
2886 2701 3155 2771 quomodo
3183 2703 3234 2756 iu
3264 2702 3552 2758 solitudine
3575 2712 3718 2758 esset
3747 2703 3838 2758 fu-

2241 2803 2410 2858 turus,
2453 2802 2654 2846 tantam
2702 2802 2859 2847 terra:
2915 2791 3246 2847 latitudinem
3293 2794 3442 2848 solus
3493 2793 3835 2861 inhabitans,

2243 2885 2386 2938 nullo
2419 2883 2529 2951 jam
2573 2883 2678 2936 alio
2708 2882 2924 2936 vivente
2956 2899 2971 2936 :
3004 2881 3124 2937 ideo
3150 2891 3433 2952 postquam
3463 2882 3597 2938 dixit
3623 2902 3637 2938 :
3667 2883 3841 2954 Egre-

2239 2974 2367 3028 dere
2411 2989 2476 3028 ex
2521 2987 2666 3036 arca,
2700 2980 2753 3028 et
2794 2971 2929 3026 edttc
2956 2972 3136 3026 omnia
3161 2981 3359 3038 tecum,
3386 2972 3534 3028 addit
3567 2992 3581 3028 :
3609 2974 3834 3030 Crescite

2240 3076 2285 3119 et
2313 3065 2719 3136 multiplicamini
2747 3081 2900 3133 super
2928 3075 3134 3118 terram.

2315 3154 2427 3209 Noe
2469 3159 2765 3227 fermentum
2808 3154 3004 3208 mundi.
3054 3181 3127 3195 -ο
3176 3153 3308 3210 Vide
3350 3155 3620 3225 quomodo
3655 3157 3841 3226 justas

2241 3246 2328 3301 ille
2369 3245 2549 3301 denuo
2586 3259 2877 3315 supernam
2930 3245 3125 3313 accipit
3168 3246 3618 3314 benedic:iouem,
3669 3263 3838 3318 quam

2242 3350 2364 3394 ante
2415 3338 2894 3408 transgressionem
2944 3348 3223 3408 acceperat
3267 3338 3457 3394 Adam.
3503 3339 3635 3393 Nam
3696 3341 3841 3396 sicut

2241 3430 2453 3499 quatnlo
2507 3431 2595 3484 ille
2637 3429 2899 3484 formatus
2944 3439 3049 3496 est,
3103 3429 3305 3482 audivit
3342 3444 3355 3481 :
3393 3429 3458 3482 Et
3483 3429 3734 3484 benedixit
3761 3433 3840 3486 eis

2245 3521 2402 3588 Deus,
2435 3523 2606 3575 dicens
2640 3538 2658 3575 :
2698 3521 2918 3576 Crescite
2962 3530 3007 3574 et
3045 3519 3474 3590 multiplicamini,
3523 3531 3569 3575 et
3603 3521 3835 3576 dominu-

2242 3616 2366 3668 mini
2408 3624 2557 3668 terra
2602 3613 2755 3682 (Gen.
2790 3615 2838 3666 1.
2873 3611 2968 3683 33)
3005 3631 3018 3668 :
3053 3614 3123 3666 ita
3166 3623 3221 3668 ct
3265 3612 3389 3668 huic
3419 3627 3560 3667 nunc
3593 3603 3838 3669 dicitur:

2243 3706 2456 3760 Crescite
2495 3716 2540 3758 et
2581 3705 2986 3773 multiplicamini
3033 3720 3186 3773 super
3228 3713 3432 3757 terram.
3459 3705 3668 3773 Quippe
3697 3705 3839 3760 sicut

2243 3801 2328 3852 ille
2377 3800 2527 3868 origo
2571 3808 2626 3853 et
2678 3797 2824 3852 radix
2870 3797 2967 3851 fuit
3009 3797 3252 3850 omnium
3287 3796 3375 3866 qui
3405 3799 3510 3850 nati
3540 3806 3666 3850 sunt
3711 3806 3840 3852 ante

2242 3890 2492 3941 dilminm
2540 3905 2553 3942 :
2598 3889 2666 3940 ita
2707 3899 2756 3941 et
2797 3887 2972 3956 justus
3013 3887 3099 3940 Itic
3144 3887 3467 3941 fermentum
3515 3885 3831 3954 quoddam,

2241 3981 2410 4046 origo,
2439 3990 2493 4033 et
2524 3979 2670 4032 radix
2695 3988 2778 4033 est
2807 3978 3044 4032 omnium
3082 3979 3170 4046 qui
3199 3987 3318 4046 post
3353 3977 3608 4030 diluvium
3638 3976 3793 4032 fuere
3822 3999 3834 4032 :

2243 4079 2297 4121 et
2335 4068 2458 4121 binc
2503 4077 2680 4136 postea
2748 4068 2994 4122 humanae.
3069 4069 3465 4122 constitntion's
3513 4068 3833 4136 principium

2245 4156 2438 4210 factum
2499 4166 2601 4210 est.
2661 4156 2914 4210 Creatura
2963 4171 3175 4226 quoque
3213 4158 3391 4211 omnis
3433 4171 3584 4210 suum
3631 4159 3838 4226 accepit

2243 4256 2510 4309 ornatum,
2538 4255 2682 4300 terra
2709 4246 2777 4298 ad
2815 4243 3066 4301 ferendos
3107 4246 3309 4300 fructus
3336 4246 3527 4300 idonea
3557 4245 3698 4302 facta
3730 4259 3830 4311 est,

2243 4339 2453 4408 aliaque
2482 4339 2660 4392 omnia
2691 4354 2808 4408 quce
2836 4347 3054 4407 propter
3075 4337 3308 4392 hominis
3328 4340 3684 4394 ministerium
3713 4353 3836 4396 sunt

2241 4431 2476 4484 condita.
2504 4429 2590 4484 18.
2622 4428 2684 4484 Et
2713 4446 2941 4500 egressus
2967 4440 3040 4484 est
3070 4429 3202 4496 Noe,
3228 4430 3416 4500 inquit,
3438 4440 3485 4486 et
3513 4449 3643 4486 utor
3669 4434 3829 4496 illius.

2241 4528 2287 4572 et
2312 4505 2409 4588 ﬁlii
2428 4520 2587 4584 illius,
2629 4528 2675 4572 et
2717 4536 2899 4574 uxores
2930 4521 3153 4588 ﬁliorum
3195 4520 3339 4575 illius
3371 4538 3485 4575 cum
3516 4538 3613 4586 eo;
3658 4523 3746 4579 19.
3789 4535 3836 4579 et

2246 4626 2417 4665 omnes
2465 4611 2666 4675 bestias,
2717 4620 2763 4664 et
2817 4611 2990 4664 omnia
3028 4626 3210 4679 pecora
3233 4651 3248 4676 ,
3304 4622 3352 4664 et
3405 4628 3552 4666 omne
3606 4614 3832 4681 uolatile,

2242 4708 2286 4752 et
2327 4715 2471 4752 omne
2499 4700 2675 4768 reptile
2699 4699 2833 4768 quod
2865 4709 3090 4754 mouetur
3118 4716 3270 4769 super
3291 4710 3476 4754 terram
3490 4703 3650 4772 juxta
3677 4719 3834 4774 genus

2242 4806 2390 4844 suum
2433 4790 2660 4845 exierunt
2689 4806 2752 4844 ea:
2779 4807 2920 4844 arca.
2979 4791 3265 4860 Postquam
3294 4795 3497 4863 accepit
3523 4794 3830 4850 mandatum

2240 4897 2270 4935 a
2328 4883 2550 4936 Domino
2600 4893 2652 4936 et
2705 4881 3131 4938 benedictionem
3169 4882 3469 4945 dicentem.
3505 4884 3732 4940 Crescite
3783 4897 3830 4942 et

2243 4973 2681 5041 multiplicamini,
2747 4973 2990 5027 exiit-ex
3045 4981 3166 5026 arca
3211 4988 3332 5028 cum
3386 4974 3506 5029 aliis
3558 4955 3827 5032 omnibus.

2244 5061 2309 5115 Et
2360 5063 2580 5131 posthac
2633 5065 2685 5116 in
2735 5071 2840 5116 tota
2893 5069 3034 5117 terra
3083 5064 3229 5117 solus
3270 5064 3479 5119 vivebat
3521 5065 3702 5134 justus
3746 5070 3830 5124 ille

2241 5170 2362 5207 cum
2416 5170 2602 5219 uxore,
2655 5163 2706 5210 ct
2754 5154 2894 5221 ﬁliis,
2939 5155 3284 5209 ct‘ttxoribus
3328 5156 3364 5211 il
3387 5173 3556 5211 orum.
3595 5157 3713 5213 Nox
3743 5177 3830 5214 auo

2242 5257 2346 5304 tem
2397 5258 2449 5300 ut
2491 5261 2736 5316 egressus
2780 5255 2883 5308 est,
2935 5261 3088 5300 suum
3139 5247 3416 5302 declamas
3464 5258 3676 5319 gratum
3712 5254 3798 5307 aui

2241 5353 2382 5390 mum
2413 5378 2428 5401 ,
2483 5348 2586 5390 tam
2643 5353 2737 5407 pro
2777 5337 2841 5390 iis
2872 5352 2992 5404 qttzc
3039 5337 3438 5405 prieterierant.
3492 5355 3654 5410 quant
3710 5359 3824 5411 quia

2238 5425 2410 5479 futura
2459 5436 2630 5490 erant,
2669 5427 2868 5495 gratias
2899 5427 3122 5482 Domino
3169 5429 3378 5496 agebat.
3416 5429 3609 5484 Verum
3643 5433 3688 5486 si
3712 5435 3822 5502 pla-

2237 5526 2342 5581 cet,
2387 5533 2453 5571 ne
2501 5532 2679 5572 sermo
2723 5517 2790 5569 sit
2831 5517 3057 5586 longior,
3109 5533 3443 5572 reservemus
3474 5520 3529 5572 iu
3559 5521 3704 5576 dicm
3735 5538 3823 5591 po-

2237 5618 2438 5662 sterum
2495 5623 2615 5676 qua:
2661 5607 2736 5661 ad
2791 5620 2996 5676 gratum
3052 5609 3181 5677 justi
3237 5609 3472 5664 animum
3517 5612 3824 5684 peitincnt,

2242 5699 2459 5755 missum
2520 5695 2606 5753 hic
2656 5699 2908 5754 facientes
2963 5715 3265 5754 sermonem
3322 5719 3334 5754 :
3384 5711 3437 5757 et
3481 5703 3823 5759 obsecrantes
