  <div class='ocr_page' id='page_1' title='image "/cluster/home/n/w/nwhite01/storage/ocr_20150623/53/pst.000005712526/237.png"; bbox 0 0 4054 6312; ppageno 0'>
   <div class='ocr_carea' id='block_1_1' title="bbox 475 307 580 361">
    <p class='ocr_par' dir='ltr' id='par_1_1' title="bbox 475 307 580 361">
     <span class='ocr_line' id='line_1_1' title="bbox 475 307 580 361; baseline 0 0"><span class='ocrx_word' id='word_1_1' title='bbox 475 307 580 361; x_wconf 72' lang='lat'>257</span> 
     </span>
    </p>
   </div>
   <div class='ocr_carea' id='block_1_2' title="bbox 464 429 2112 506">
    <p class='ocr_par' dir='ltr' id='par_1_2' title="bbox 464 429 2112 506">
     <span class='ocr_line' id='line_1_2' title="bbox 464 429 2112 506; baseline -0.001 -20"><span class='ocrx_word' id='word_1_2' title='bbox 464 433 604 502; x_wconf 87' lang='grc' dir='ltr'>μεθα</span> <span class='ocrx_word' id='word_1_3' title='bbox 623 431 688 484; x_wconf 88' lang='grc' dir='ltr'>τά</span> <span class='ocrx_word' id='word_1_4' title='bbox 717 433 854 484; x_wconf 81' lang='grc' dir='ltr'>κατὰ</span> <span class='ocrx_word' id='word_1_5' title='bbox 876 429 971 502; x_wconf 74' lang='grc' dir='ltr'>τήν</span> <span class='ocrx_word' id='word_1_6' title='bbox 995 429 1406 501; x_wconf 76' lang='grc' dir='ltr'>εὐγνωμοσύνην</span> <span class='ocrx_word' id='word_1_7' title='bbox 1424 432 1516 486; x_wconf 89' lang='grc' dir='ltr'>τοῦ</span> <span class='ocrx_word' id='word_1_8' title='bbox 1542 433 1774 501; x_wconf 86' lang='grc' dir='ltr'>δικαίου,</span> <span class='ocrx_word' id='word_1_9' title='bbox 1804 434 1966 506; x_wconf 78' lang='grc' dir='ltr'>μέχρι</span> <span class='ocrx_word' id='word_1_10' title='bbox 1989 433 2112 487; x_wconf 86' lang='grc' dir='ltr'>τού-</span> 
     </span>
    </p>
   </div>
   <div class='ocr_carea' id='block_1_3' title="bbox 462 517 2114 590">
    <p class='ocr_par' dir='ltr' id='par_1_3' title="bbox 462 517 2114 590">
     <span class='ocr_line' id='line_1_3' title="bbox 462 517 2114 590; baseline 0.001 -20"><span class='ocrx_word' id='word_1_11' title='bbox 462 537 552 572; x_wconf 88' lang='grc' dir='ltr'>του</span> <span class='ocrx_word' id='word_1_12' title='bbox 577 518 872 586; x_wconf 81' lang='grc' dir='ltr'>στήσαντες</span> <span class='ocrx_word' id='word_1_13' title='bbox 903 517 993 570; x_wconf 80' lang='grc' dir='ltr'>τὸν</span> <span class='ocrx_word' id='word_1_14' title='bbox 1024 518 1198 586; x_wconf 83' lang='grc' dir='ltr'>λόγον,</span> <span class='ocrx_word' id='word_1_15' title='bbox 1227 519 1318 570; x_wconf 74' lang='grc' dir='ltr'>καὶ</span> <span class='ocrx_word' id='word_1_16' title='bbox 1338 519 1815 587; x_wconf 73' lang='grc' dir='ltr'>παρακαλέσαντες</span> <span class='ocrx_word' id='word_1_17' title='bbox 1837 520 1988 590; x_wconf 87' lang='grc' dir='ltr'>ὑμῶν</span> <span class='ocrx_word' id='word_1_18' title='bbox 2015 519 2114 590; x_wconf 78' lang='grc' dir='ltr'>τὴν</span> 
     </span>
    </p>
   </div>
   <div class='ocr_carea' id='block_1_4' title="bbox 460 602 2113 676">
    <p class='ocr_par' dir='ltr' id='par_1_4' title="bbox 460 602 2113 676">
     <span class='ocr_line' id='line_1_4' title="bbox 460 602 2113 676; baseline 0.002 -22"><span class='ocrx_word' id='word_1_19' title='bbox 460 604 679 673; x_wconf 85' lang='grc' dir='ltr'>ἀγάπην</span> <span class='ocrx_word' id='word_1_20' title='bbox 710 603 971 673; x_wconf 82' lang='grc' dir='ltr'>διηνεκῶς</span> <span class='ocrx_word' id='word_1_21' title='bbox 1008 602 1196 656; x_wconf 78' lang='grc' dir='ltr'>τὀῦτον</span> <span class='ocrx_word' id='word_1_22' title='bbox 1224 604 1311 656; x_wconf 84' lang='grc' dir='ltr'>τὸν</span> <span class='ocrx_word' id='word_1_23' title='bbox 1335 605 1599 672; x_wconf 82' lang='grc' dir='ltr'>μακάριον</span> <span class='ocrx_word' id='word_1_24' title='bbox 1633 606 1692 656; x_wconf 76' lang='grc' dir='ltr'>ὲν</span> <span class='ocrx_word' id='word_1_25' title='bbox 1728 607 1932 676; x_wconf 76' lang='grc' dir='ltr'>διανοίᾳ</span> <span class='ocrx_word' id='word_1_26' title='bbox 1959 621 2113 676; x_wconf 78' lang='grc' dir='ltr'>περι-</span> 
     </span>
    </p>
   </div>
   <div class='ocr_carea' id='block_1_5' title="bbox 460 687 2113 761">
    <p class='ocr_par' dir='ltr' id='par_1_5' title="bbox 460 687 2113 761">
     <span class='ocr_line' id='line_1_5' title="bbox 460 687 2113 761; baseline 0.001 -21"><span class='ocrx_word' id='word_1_27' title='bbox 460 689 728 759; x_wconf 90' lang='grc' dir='ltr'>στρέφειν,</span> <span class='ocrx_word' id='word_1_28' title='bbox 767 691 859 742; x_wconf 83' lang='grc' dir='ltr'>καὶ</span> <span class='ocrx_word' id='word_1_29' title='bbox 888 690 989 758; x_wconf 81' lang='grc' dir='ltr'>τῆς</span> <span class='ocrx_word' id='word_1_30' title='bbox 1021 690 1221 760; x_wconf 83' lang='grc' dir='ltr'>ἀρετῆς</span> <span class='ocrx_word' id='word_1_31' title='bbox 1249 687 1411 742; x_wconf 87' lang='grc' dir='ltr'>αὐτοῦ</span> <span class='ocrx_word' id='word_1_32' title='bbox 1440 690 1576 758; x_wconf 87' lang='grc' dir='ltr'>μετά</span> <span class='ocrx_word' id='word_1_33' title='bbox 1603 691 1881 760; x_wconf 88' lang='grc' dir='ltr'>ἀκριϐείας</span> <span class='ocrx_word' id='word_1_34' title='bbox 1905 693 2001 761; x_wconf 81' lang='grc' dir='ltr'>τήν</span> <span class='ocrx_word' id='word_1_35' title='bbox 2027 692 2113 743; x_wconf 79' lang='grc' dir='ltr'>εύ-</span> 
     </span>
    </p>
   </div>
   <div class='ocr_carea' id='block_1_6' title="bbox 461 769 2111 846">
    <p class='ocr_par' dir='ltr' id='par_1_6' title="bbox 461 769 2111 846">
     <span class='ocr_line' id='line_1_6' title="bbox 461 769 2111 846; baseline 0.004 -20"><span class='ocrx_word' id='word_1_36' title='bbox 461 775 698 844; x_wconf 85' lang='grc' dir='ltr'>μορφίαν</span> <span class='ocrx_word' id='word_1_37' title='bbox 742 777 1197 846; x_wconf 81' lang='grc' dir='ltr'>καταμανθάνειν,</span> <span class='ocrx_word' id='word_1_38' title='bbox 1238 776 1328 828; x_wconf 75' lang='grc' dir='ltr'>καὶ</span> <span class='ocrx_word' id='word_1_39' title='bbox 1361 775 1604 844; x_wconf 59' lang='grc' dir='ltr'>ζηλωτὰς</span> <span class='ocrx_word' id='word_1_40' title='bbox 1643 776 1808 828; x_wconf 89' lang='grc' dir='ltr'>αὐτοῦ</span> <span class='ocrx_word' id='word_1_41' title='bbox 1850 769 2111 844; x_wconf 79' lang='grc' dir='ltr'>γίνεσθαι.</span> 
     </span>
    </p>
   </div>
   <div class='ocr_carea' id='block_1_7' title="bbox 461 860 2111 932">
    <p class='ocr_par' dir='ltr' id='par_1_7' title="bbox 461 860 2111 932">
     <span class='ocr_line' id='line_1_7' title="bbox 461 860 2111 932; baseline 0.002 -21"><span class='ocrx_word' id='word_1_42' title='bbox 461 860 657 913; x_wconf 76' lang='grc' dir='ltr'>Σκόπει</span> <span class='ocrx_word' id='word_1_43' title='bbox 682 862 790 932; x_wconf 81' lang='grc' dir='ltr'>γάρ</span> <span class='ocrx_word' id='word_1_44' title='bbox 823 880 911 931; x_wconf 86' lang='grc' dir='ltr'>μοι</span> <span class='ocrx_word' id='word_1_45' title='bbox 935 861 1100 925; x_wconf 83' lang='grc' dir='ltr'>πόσος</span> <span class='ocrx_word' id='word_1_46' title='bbox 1134 860 1296 915; x_wconf 89' lang='grc' dir='ltr'>αὐτοῦ</span> <span class='ocrx_word' id='word_1_47' title='bbox 1335 861 1436 929; x_wconf 81' lang='grc' dir='ltr'>τῆς</span> <span class='ocrx_word' id='word_1_48' title='bbox 1472 861 1671 932; x_wconf 84' lang='grc' dir='ltr'>ἀρετῆς</span> <span class='ocrx_word' id='word_1_49' title='bbox 1694 863 1723 913; x_wconf 89' lang='grc' dir='ltr'>ό</span> <span class='ocrx_word' id='word_1_50' title='bbox 1751 861 1999 922; x_wconf 85' lang='grc' dir='ltr'>πλοῦτος,</span> <span class='ocrx_word' id='word_1_51' title='bbox 2037 862 2111 915; x_wconf 80' lang='grc' dir='ltr'>ὅτι</span> 
     </span>
    </p>
   </div>
   <div class='ocr_carea' id='block_1_8' title="bbox 462 946 2118 1018">
    <p class='ocr_par' dir='ltr' id='par_1_8' title="bbox 462 946 2118 1018">
     <span class='ocr_line' id='line_1_8' title="bbox 462 946 2118 1018; baseline 0.001 -20"><span class='ocrx_word' id='word_1_52' title='bbox 462 948 703 1016; x_wconf 76' lang='grc' dir='ltr'>σήμερον</span> <span class='ocrx_word' id='word_1_53' title='bbox 731 950 788 1000; x_wconf 79' lang='grc' dir='ltr'>ἐν</span> <span class='ocrx_word' id='word_1_54' title='bbox 814 949 1100 1010; x_wconf 82' lang='grc' dir='ltr'>τοσαύταις</span> <span class='ocrx_word' id='word_1_55' title='bbox 1135 947 1365 1017; x_wconf 81' lang='grc' dir='ltr'>ήμέραις</span> <span class='ocrx_word' id='word_1_56' title='bbox 1389 946 1457 1000; x_wconf 89' lang='grc' dir='ltr'>τά</span> <span class='ocrx_word' id='word_1_57' title='bbox 1498 949 1619 999; x_wconf 85' lang='grc' dir='ltr'>κατ’</span> <span class='ocrx_word' id='word_1_58' title='bbox 1647 948 1808 1000; x_wconf 80' lang='grc' dir='ltr'>αὐτὸν</span> <span class='ocrx_word' id='word_1_59' title='bbox 1830 947 2118 1018; x_wconf 86' lang='grc' dir='ltr'>διηγούμε-</span> 
     </span>
    </p>
   </div>
   <div class='ocr_carea' id='block_1_9' title="bbox 465 1032 2112 1104">
    <p class='ocr_par' dir='ltr' id='par_1_9' title="bbox 465 1032 2112 1104">
     <span class='ocr_line' id='line_1_9' title="bbox 465 1032 2112 1104; baseline 0.002 -21"><span class='ocrx_word' id='word_1_60' title='bbox 465 1049 565 1092; x_wconf 85' lang='grc' dir='ltr'>νοι,</span> <span class='ocrx_word' id='word_1_61' title='bbox 594 1033 806 1085; x_wconf 84' lang='grc' dir='ltr'>οὐδέπω</span> <span class='ocrx_word' id='word_1_62' title='bbox 835 1034 926 1086; x_wconf 77' lang='grc' dir='ltr'>καὶ</span> <span class='ocrx_word' id='word_1_63' title='bbox 949 1034 1044 1086; x_wconf 91' lang='grc' dir='ltr'>νῦν</span> <span class='ocrx_word' id='word_1_64' title='bbox 1068 1034 1218 1096; x_wconf 81' lang='grc' dir='ltr'>τέλος</span> <span class='ocrx_word' id='word_1_65' title='bbox 1245 1032 1392 1104; x_wconf 64' lang='lat'><strong>[259]</strong></span> <span class='ocrx_word' id='word_1_66' title='bbox 1430 1033 1696 1086; x_wconf 79' lang='grc' dir='ltr'>έπιθεῖναι</span> <span class='ocrx_word' id='word_1_67' title='bbox 1728 1033 2022 1104; x_wconf 75' lang='grc' dir='ltr'>ἰσχύσαμεν</span> <span class='ocrx_word' id='word_1_68' title='bbox 2049 1038 2112 1103; x_wconf 76' lang='grc' dir='ltr'>τῇ</span> 
     </span>
    </p>
   </div>
   <div class='ocr_carea' id='block_1_10' title="bbox 462 1117 2116 1186">
    <p class='ocr_par' dir='ltr' id='par_1_10' title="bbox 462 1117 2116 1186">
     <span class='ocr_line' id='line_1_10' title="bbox 462 1117 2116 1186; baseline 0.001 -16"><span class='ocrx_word' id='word_1_69' title='bbox 462 1117 580 1170; x_wconf 84' lang='grc' dir='ltr'>κατ’</span> <span class='ocrx_word' id='word_1_70' title='bbox 603 1118 764 1171; x_wconf 80' lang='grc' dir='ltr'>αὑτὸν</span> <span class='ocrx_word' id='word_1_71' title='bbox 789 1119 1062 1172; x_wconf 88' lang='grc' dir='ltr'>ὑποθέσει.</span> <span class='ocrx_word' id='word_1_72' title='bbox 1087 1119 1193 1170; x_wconf 82' lang='grc' dir='ltr'>Καὶ</span> <span class='ocrx_word' id='word_1_73' title='bbox 1228 1119 1278 1171; x_wconf 91' lang='grc' dir='ltr'>τί</span> <span class='ocrx_word' id='word_1_74' title='bbox 1302 1118 1445 1186; x_wconf 77' lang='grc' dir='ltr'>λέγω</span> <span class='ocrx_word' id='word_1_75' title='bbox 1464 1118 1616 1181; x_wconf 86' lang='grc' dir='ltr'>τέλος</span> <span class='ocrx_word' id='word_1_76' title='bbox 1642 1119 1901 1172; x_wconf 74' lang='grc' dir='ltr'>έπιθεῐναι</span> <span class='ocrx_word' id='word_1_77' title='bbox 1925 1137 1940 1186; x_wconf 87' lang='grc'><strong>;</strong></span> <span class='ocrx_word' id='word_1_78' title='bbox 1977 1121 2116 1172; x_wconf 86' lang='grc' dir='ltr'>Ὂσα</span> 
     </span>
    </p>
   </div>
   <div class='ocr_carea' id='block_1_11' title="bbox 460 1201 2116 1275">
    <p class='ocr_par' dir='ltr' id='par_1_11' title="bbox 460 1201 2116 1275">
     <span class='ocr_line' id='line_1_11' title="bbox 460 1201 2116 1275; baseline 0.004 -22"><span class='ocrx_word' id='word_1_79' title='bbox 460 1201 528 1254; x_wconf 77' lang='grc' dir='ltr'>ἀν</span> <span class='ocrx_word' id='word_1_80' title='bbox 574 1202 838 1272; x_wconf 71' lang='grc' dir='ltr'>εἴπωμεν,</span> <span class='ocrx_word' id='word_1_81' title='bbox 885 1206 945 1257; x_wconf 92' lang='grc' dir='ltr'>οὐ</span> <span class='ocrx_word' id='word_1_82' title='bbox 981 1204 1251 1273; x_wconf 79' lang='grc' dir='ltr'>δυνάμεθα</span> <span class='ocrx_word' id='word_1_83' title='bbox 1299 1203 1580 1272; x_wconf 75' lang='grc' dir='ltr'>ἐφικέσθαι</span> <span class='ocrx_word' id='word_1_84' title='bbox 1605 1221 1620 1235; x_wconf 76' lang='grc' dir='ltr'><strong><em>ο</em></strong></span> <span class='ocrx_word' id='word_1_85' title='bbox 1657 1205 1792 1258; x_wconf 88' lang='grc' dir='ltr'>ἀλλά</span> <span class='ocrx_word' id='word_1_86' title='bbox 1831 1209 1936 1258; x_wconf 76' lang='grc' dir='ltr'>κᾶν</span> <span class='ocrx_word' id='word_1_87' title='bbox 1959 1209 2116 1275; x_wconf 83' lang='grc' dir='ltr'>ήμεῖς</span> 
     </span>
    </p>
   </div>
   <div class='ocr_carea' id='block_1_12' title="bbox 461 1287 2116 1360">
    <p class='ocr_par' dir='ltr' id='par_1_12' title="bbox 461 1287 2116 1360">
     <span class='ocr_line' id='line_1_12' title="bbox 461 1287 2116 1360; baseline 0.002 -20"><span class='ocrx_word' id='word_1_88' title='bbox 461 1287 629 1340; x_wconf 81' lang='grc' dir='ltr'>πολλά</span> <span class='ocrx_word' id='word_1_89' title='bbox 679 1287 994 1358; x_wconf 79' lang='grc' dir='ltr'>δυνηθῶμεν</span> <span class='ocrx_word' id='word_1_90' title='bbox 1025 1291 1218 1352; x_wconf 86' lang='grc' dir='ltr'>είπεῖν,</span> <span class='ocrx_word' id='word_1_91' title='bbox 1264 1290 1370 1342; x_wconf 76' lang='grc' dir='ltr'>κᾶν</span> <span class='ocrx_word' id='word_1_92' title='bbox 1398 1290 1448 1343; x_wconf 86' lang='grc' dir='ltr'>οί</span> <span class='ocrx_word' id='word_1_93' title='bbox 1483 1290 1602 1358; x_wconf 87' lang='grc' dir='ltr'>μεθ’</span> <span class='ocrx_word' id='word_1_94' title='bbox 1630 1292 1798 1360; x_wconf 77' lang='grc' dir='ltr'>ἡμᾶς.</span> <span class='ocrx_word' id='word_1_95' title='bbox 1829 1291 1948 1344; x_wconf 66' lang='grc' dir='ltr'>οὐδὲ</span> <span class='ocrx_word' id='word_1_96' title='bbox 1976 1291 2116 1344; x_wconf 88' lang='grc' dir='ltr'>οῦτω</span> 
     </span>
    </p>
   </div>
   <div class='ocr_carea' id='block_1_13' title="bbox 460 1373 2113 1448">
    <p class='ocr_par' dir='ltr' id='par_1_13' title="bbox 460 1373 2113 1448">
     <span class='ocr_line' id='line_1_13' title="bbox 460 1373 2113 1448; baseline 0.005 -24"><span class='ocrx_word' id='word_1_97' title='bbox 460 1373 595 1443; x_wconf 83' lang='grc' dir='ltr'>πρὸς</span> <span class='ocrx_word' id='word_1_98' title='bbox 621 1374 680 1427; x_wconf 79' lang='grc' dir='ltr'>τὸ</span> <span class='ocrx_word' id='word_1_99' title='bbox 703 1375 848 1437; x_wconf 82' lang='grc' dir='ltr'>τέλος</span> <span class='ocrx_word' id='word_1_100' title='bbox 870 1376 1069 1444; x_wconf 78' lang='grc' dir='ltr'>φθάσαι</span> <span class='ocrx_word' id='word_1_101' title='bbox 1091 1376 1430 1445; x_wconf 83' lang='grc' dir='ltr'>δυνησόμεθα</span> <span class='ocrx_word' id='word_1_102' title='bbox 1445 1393 1461 1409; x_wconf 80' lang='grc' dir='ltr'><strong>ο</strong></span> <span class='ocrx_word' id='word_1_103' title='bbox 1483 1376 1735 1430; x_wconf 84' lang='grc' dir='ltr'>τοσοῦτόν</span> <span class='ocrx_word' id='word_1_104' title='bbox 1757 1379 1904 1431; x_wconf 70' lang='grc' dir='ltr'>ἐστιν</span> <span class='ocrx_word' id='word_1_105' title='bbox 1925 1379 2113 1448; x_wconf 87' lang='grc' dir='ltr'>ἀρετή.</span> 
     </span>
    </p>
   </div>
   <div class='ocr_carea' id='block_1_14' title="bbox 471 1458 2118 1532">
    <p class='ocr_par' dir='ltr' id='par_1_14' title="bbox 471 1458 2118 1532">
     <span class='ocr_line' id='line_1_14' title="bbox 471 1458 2118 1532; baseline 0.003 -21"><span class='ocrx_word' id='word_1_106' title='bbox 471 1459 595 1514; x_wconf 79' lang='grc' dir='ltr'>Ἐὰν</span> <span class='ocrx_word' id='word_1_107' title='bbox 623 1461 730 1531; x_wconf 99' lang='lat'>7&amp;9</span> <span class='ocrx_word' id='word_1_108' title='bbox 763 1461 1134 1532; x_wconf 84' lang='grc' dir='ltr'>βουληθῶμεν,</span> <span class='ocrx_word' id='word_1_109' title='bbox 1185 1463 1401 1516; x_wconf 73' lang='grc' dir='ltr'>ἃπασαν</span> <span class='ocrx_word' id='word_1_110' title='bbox 1442 1461 1599 1532; x_wconf 83' lang='grc' dir='ltr'>ήμῶν</span> <span class='ocrx_word' id='word_1_111' title='bbox 1639 1461 1736 1531; x_wconf 79' lang='grc' dir='ltr'>τὴν</span> <span class='ocrx_word' id='word_1_112' title='bbox 1767 1463 1927 1528; x_wconf 87' lang='grc' dir='ltr'>φύσιν</span> <span class='ocrx_word' id='word_1_113' title='bbox 1963 1458 2118 1526; x_wconf 84' lang='lat'><strong>0610;</strong></span> 
     </span>
    </p>
   </div>
   <div class='ocr_carea' id='block_1_15' title="bbox 463 1545 2117 1620">
    <p class='ocr_par' dir='ltr' id='par_1_15' title="bbox 463 1545 2117 1620">
     <span class='ocr_line' id='line_1_15' title="bbox 463 1545 2117 1620; baseline 0.002 -22"><span class='ocrx_word' id='word_1_114' title='bbox 463 1545 750 1599; x_wconf 84' lang='grc' dir='ltr'>παιδεῦσαι</span> <span class='ocrx_word' id='word_1_115' title='bbox 775 1548 1062 1618; x_wconf 88' lang='grc' dir='ltr'>δυνήσεται</span> <span class='ocrx_word' id='word_1_116' title='bbox 1086 1560 1134 1611; x_wconf 80' lang='grc' dir='ltr'>ι,</span> <span class='ocrx_word' id='word_1_117' title='bbox 1169 1549 1422 1620; x_wconf 72' lang='grc' dir='ltr'>καὶπρὸς</span> <span class='ocrx_word' id='word_1_118' title='bbox 1455 1547 1544 1601; x_wconf 75' lang='grc' dir='ltr'>τὸν</span> <span class='ocrx_word' id='word_1_119' title='bbox 1582 1547 1679 1617; x_wconf 83' lang='grc' dir='ltr'>τῆς</span> <span class='ocrx_word' id='word_1_120' title='bbox 1718 1548 1915 1618; x_wconf 84' lang='grc' dir='ltr'>ἀρετῆς</span> <span class='ocrx_word' id='word_1_121' title='bbox 1956 1548 2117 1617; x_wconf 82' lang='grc' dir='ltr'>ζῆλον</span> 
     </span>
    </p>
   </div>
   <div class='ocr_carea' id='block_1_16' title="bbox 460 1630 2116 1704">
    <p class='ocr_par' dir='ltr' id='par_1_16' title="bbox 460 1630 2116 1704">
     <span class='ocr_line' id='line_1_16' title="bbox 460 1630 2116 1704; baseline 0.003 -23"><span class='ocrx_word' id='word_1_122' title='bbox 460 1630 769 1699; x_wconf 82' lang='grc' dir='ltr'>ὲναγαγεῖν.</span> <span class='ocrx_word' id='word_1_123' title='bbox 807 1632 974 1684; x_wconf 85' lang='grc' dir='ltr'>Ὅταν</span> <span class='ocrx_word' id='word_1_124' title='bbox 1017 1633 1124 1701; x_wconf 80' lang='grc' dir='ltr'>γὰρ</span> <span class='ocrx_word' id='word_1_125' title='bbox 1177 1634 1269 1684; x_wconf 72' lang='grc' dir='ltr'>καὶ</span> <span class='ocrx_word' id='word_1_126' title='bbox 1331 1631 1533 1702; x_wconf 83' lang='grc' dir='ltr'>μεταξύ</span> <span class='ocrx_word' id='word_1_127' title='bbox 1563 1632 1830 1686; x_wconf 81' lang='grc' dir='ltr'>τοσούτων</span> <span class='ocrx_word' id='word_1_128' title='bbox 1867 1634 2116 1704; x_wconf 81' lang='grc' dir='ltr'>πονηρῶν</span> 
     </span>
    </p>
   </div>
   <div class='ocr_carea' id='block_1_17' title="bbox 460 1710 2118 1791">
    <p class='ocr_par' dir='ltr' id='par_1_17' title="bbox 460 1710 2118 1791">
     <span class='ocr_line' id='line_1_17' title="bbox 460 1710 2118 1791; baseline 0.004 -24"><span class='ocrx_word' id='word_1_129' title='bbox 460 1717 933 1788; x_wconf 78' lang='grc' dir='ltr'>ἀναστρεφόμενος</span> <span class='ocrx_word' id='word_1_130' title='bbox 953 1710 1105 1780; x_wconf 84' lang='lat'><strong>0610;</strong></span> <span class='ocrx_word' id='word_1_131' title='bbox 1131 1719 1160 1770; x_wconf 88' lang='grc' dir='ltr'>ό</span> <span class='ocrx_word' id='word_1_132' title='bbox 1182 1718 1403 1783; x_wconf 88' lang='grc' dir='ltr'>δίκαιος,</span> <span class='ocrx_word' id='word_1_133' title='bbox 1427 1719 1518 1772; x_wconf 77' lang='grc' dir='ltr'>καὶ</span> <span class='ocrx_word' id='word_1_134' title='bbox 1549 1719 1753 1790; x_wconf 82' lang='grc' dir='ltr'>μηδένα</span> <span class='ocrx_word' id='word_1_135' title='bbox 1779 1719 1916 1788; x_wconf 79' lang='grc' dir='ltr'>ἔχων</span> <span class='ocrx_word' id='word_1_136' title='bbox 1938 1721 2118 1791; x_wconf 78' lang='grc' dir='ltr'>εὑρεῖν</span> 
     </span>
    </p>
   </div>
   <div class='ocr_carea' id='block_1_18' title="bbox 459 1798 2118 1877">
    <p class='ocr_par' dir='ltr' id='par_1_18' title="bbox 459 1798 2118 1877">
     <span class='ocr_line' id='line_1_18' title="bbox 459 1798 2118 1877; baseline 0.014 -30"><span class='ocrx_word' id='word_1_137' title='bbox 459 1798 774 1870; x_wconf 83' lang='grc' dir='ltr'>όμότροπον,</span> <span class='ocrx_word' id='word_1_138' title='bbox 831 1803 966 1873; x_wconf 80' lang='grc' dir='ltr'>πρὸς</span> <span class='ocrx_word' id='word_1_139' title='bbox 1011 1802 1261 1856; x_wconf 84' lang='grc' dir='ltr'>τοσοῦτον</span> <span class='ocrx_word' id='word_1_140' title='bbox 1303 1803 1498 1873; x_wconf 86' lang='grc' dir='ltr'>μέτρον</span> <span class='ocrx_word' id='word_1_141' title='bbox 1535 1803 1729 1874; x_wconf 87' lang='grc' dir='ltr'>εὑρέθη</span> <span class='ocrx_word' id='word_1_142' title='bbox 1757 1804 1974 1871; x_wconf 77' lang='grc' dir='ltr'>φθάνων</span> <span class='ocrx_word' id='word_1_143' title='bbox 2017 1807 2118 1877; x_wconf 83' lang='grc' dir='ltr'>τῆς</span> 
     </span>
    </p>
   </div>
   <div class='ocr_carea' id='block_1_19' title="bbox 462 1882 2120 1955">
    <p class='ocr_par' dir='ltr' id='par_1_19' title="bbox 462 1882 2120 1955">
     <span class='ocr_line' id='line_1_19' title="bbox 462 1882 2120 1955; baseline 0.005 -22"><span class='ocrx_word' id='word_1_144' title='bbox 462 1882 679 1953; x_wconf 71' lang='grc' dir='ltr'>αρετῆς,</span> <span class='ocrx_word' id='word_1_145' title='bbox 709 1884 792 1948; x_wconf 91' lang='grc' dir='ltr'>τίς</span> <span class='ocrx_word' id='word_1_146' title='bbox 821 1886 951 1954; x_wconf 80' lang='grc' dir='ltr'>ἡμῖν</span> <span class='ocrx_word' id='word_1_147' title='bbox 983 1883 1137 1938; x_wconf 68' lang='grc' dir='ltr'>ἔσται</span> <span class='ocrx_word' id='word_1_148' title='bbox 1169 1884 1431 1952; x_wconf 76' lang='grc' dir='ltr'>ἀπολογία</span> <span class='ocrx_word' id='word_1_149' title='bbox 1459 1887 1569 1948; x_wconf 90' lang='grc' dir='ltr'>τοῖς</span> <span class='ocrx_word' id='word_1_150' title='bbox 1597 1886 1730 1955; x_wconf 68' lang='grc' dir='ltr'>μηδὲ</span> <span class='ocrx_word' id='word_1_151' title='bbox 1757 1886 1994 1941; x_wconf 90' lang='grc' dir='ltr'>τοσαῦτα</span> <span class='ocrx_word' id='word_1_152' title='bbox 2019 1905 2120 1941; x_wconf 86' lang='grc' dir='ltr'>κω-</span> 
     </span>
    </p>
   </div>
   <div class='ocr_carea' id='block_1_20' title="bbox 463 1966 2120 2045">
    <p class='ocr_par' dir='ltr' id='par_1_20' title="bbox 463 1966 2120 2045">
     <span class='ocr_line' id='line_1_20' title="bbox 463 1966 2120 2045; baseline 0.005 -27"><span class='ocrx_word' id='word_1_153' title='bbox 463 1966 680 2037; x_wconf 78' lang='grc' dir='ltr'>λύματα·</span> <span class='ocrx_word' id='word_1_154' title='bbox 702 1968 904 2039; x_wconf 74' lang='grc' dir='ltr'>έχουσι,</span> <span class='ocrx_word' id='word_1_155' title='bbox 946 1971 1038 2023; x_wconf 76' lang='grc' dir='ltr'>καὶ</span> <span class='ocrx_word' id='word_1_156' title='bbox 1064 1970 1370 2040; x_wconf 73' lang='grc' dir='ltr'>ῥᾳθυμοῦσι</span> <span class='ocrx_word' id='word_1_157' title='bbox 1405 1970 1540 2040; x_wconf 81' lang='grc' dir='ltr'>πρὸς</span> <span class='ocrx_word' id='word_1_158' title='bbox 1573 1971 1669 2040; x_wconf 81' lang='grc' dir='ltr'>τὴν</span> <span class='ocrx_word' id='word_1_159' title='bbox 1696 1969 1900 2043; x_wconf 83' lang='grc' dir='ltr'>ταύτης</span> <span class='ocrx_word' id='word_1_160' title='bbox 1923 1973 2120 2045; x_wconf 74' lang='lat' dir='ltr'><strong>x0169-</strong></span> 
     </span>
    </p>
   </div>
   <div class='ocr_carea' id='block_1_21' title="bbox 462 2053 2116 2126">
    <p class='ocr_par' dir='ltr' id='par_1_21' title="bbox 462 2053 2116 2126">
     <span class='ocr_line' id='line_1_21' title="bbox 462 2053 2116 2126; baseline 0.004 -21"><span class='ocrx_word' id='word_1_161' title='bbox 462 2053 627 2106; x_wconf 85' lang='grc' dir='ltr'>θωσιν</span> <span class='ocrx_word' id='word_1_162' title='bbox 649 2072 664 2117; x_wconf 89' lang='grc'>;</span> <span class='ocrx_word' id='word_1_163' title='bbox 689 2055 780 2125; x_wconf 74' lang='grc' dir='ltr'><strong>Μὴ</strong></span> <span class='ocrx_word' id='word_1_164' title='bbox 803 2056 908 2126; x_wconf 78' lang='grc' dir='ltr'>γάρ</span> <span class='ocrx_word' id='word_1_165' title='bbox 935 2074 1026 2125; x_wconf 86' lang='grc' dir='ltr'>μοι</span> <span class='ocrx_word' id='word_1_166' title='bbox 1058 2055 1156 2126; x_wconf 81' lang='grc' dir='ltr'>τῆν</span> <span class='ocrx_word' id='word_1_167' title='bbox 1189 2058 1248 2108; x_wconf 71' lang='grc' dir='ltr'>ὲν</span> <span class='ocrx_word' id='word_1_168' title='bbox 1291 2058 1405 2118; x_wconf 88' lang='grc' dir='ltr'>τοῖς</span> <span class='ocrx_word' id='word_1_169' title='bbox 1438 2058 1808 2121; x_wconf 80' lang='grc' dir='ltr'>πεντακοσίοις</span> <span class='ocrx_word' id='word_1_170' title='bbox 1827 2057 1970 2111; x_wconf 72' lang='grc' dir='ltr'>ἔτεσι</span> <span class='ocrx_word' id='word_1_171' title='bbox 1999 2060 2116 2113; x_wconf 81' lang='grc' dir='ltr'>δια-</span> 
     </span>
    </p>
   </div>
   <div class='ocr_carea' id='block_1_22' title="bbox 463 2138 2119 2212">
    <p class='ocr_par' dir='ltr' id='par_1_22' title="bbox 463 2138 2119 2212">
     <span class='ocr_line' id='line_1_22' title="bbox 463 2138 2119 2212; baseline 0.003 -22"><span class='ocrx_word' id='word_1_172' title='bbox 463 2139 643 2208; x_wconf 83' lang='grc' dir='ltr'>γωγὴν</span> <span class='ocrx_word' id='word_1_173' title='bbox 671 2138 792 2206; x_wconf 90' lang='grc' dir='ltr'>λέγε</span> <span class='ocrx_word' id='word_1_174' title='bbox 818 2141 995 2209; x_wconf 87' lang='grc' dir='ltr'>μόνον,</span> <span class='ocrx_word' id='word_1_175' title='bbox 1045 2140 1128 2192; x_wconf 82' lang='grc' dir='ltr'>δτι</span> <span class='ocrx_word' id='word_1_176' title='bbox 1179 2139 1604 2210; x_wconf 83' lang='grc' dir='ltr'>κωμῳδούμενος</span> <span class='ocrx_word' id='word_1_177' title='bbox 1649 2141 1745 2194; x_wconf 79' lang='grc' dir='ltr'>καὶ</span> <span class='ocrx_word' id='word_1_178' title='bbox 1795 2141 2119 2212; x_wconf 74' lang='grc' dir='ltr'>χλευαζόμε-</span> 
     </span>
    </p>
   </div>
   <div class='ocr_carea' id='block_1_23' title="bbox 462 2225 2118 2297">
    <p class='ocr_par' dir='ltr' id='par_1_23' title="bbox 462 2225 2118 2297">
     <span class='ocr_line' id='line_1_23' title="bbox 462 2225 2118 2297; baseline 0.002 -19"><span class='ocrx_word' id='word_1_179' title='bbox 462 2243 548 2290; x_wconf 89' lang='grc' dir='ltr'>νος</span> <span class='ocrx_word' id='word_1_180' title='bbox 572 2225 793 2278; x_wconf 84' lang='grc' dir='ltr'>διετέλει</span> <span class='ocrx_word' id='word_1_181' title='bbox 828 2227 932 2280; x_wconf 81' lang='grc' dir='ltr'>ὑπὺ</span> <span class='ocrx_word' id='word_1_182' title='bbox 971 2226 1077 2279; x_wconf 87' lang='grc' dir='ltr'>τῶν</span> <span class='ocrx_word' id='word_1_183' title='bbox 1125 2227 1225 2297; x_wconf 80' lang='grc' dir='ltr'>τὴν</span> <span class='ocrx_word' id='word_1_184' title='bbox 1273 2228 1471 2280; x_wconf 84' lang='grc' dir='ltr'>κακίαν</span> <span class='ocrx_word' id='word_1_185' title='bbox 1504 2228 1817 2296; x_wconf 79' lang='grc' dir='ltr'>μετιόντων,</span> <span class='ocrx_word' id='word_1_186' title='bbox 1845 2229 1981 2282; x_wconf 86' lang='grc' dir='ltr'>ἀλλά</span> <span class='ocrx_word' id='word_1_187' title='bbox 2023 2229 2118 2283; x_wconf 71' lang='grc' dir='ltr'>καὶ</span> 
     </span>
    </p>
   </div>
   <div class='ocr_carea' id='block_1_24' title="bbox 461 2311 2117 2384">
    <p class='ocr_par' dir='ltr' id='par_1_24' title="bbox 461 2311 2117 2384">
     <span class='ocr_line' id='line_1_24' title="bbox 461 2311 2117 2384; baseline 0.004 -22"><span class='ocrx_word' id='word_1_188' title='bbox 461 2312 558 2378; x_wconf 77' lang='grc' dir='ltr'>τὴν</span> <span class='ocrx_word' id='word_1_189' title='bbox 605 2313 662 2362; x_wconf 79' lang='grc' dir='ltr'>ὲν</span> <span class='ocrx_word' id='word_1_190' title='bbox 703 2313 768 2380; x_wconf 78' lang='grc' dir='ltr'>τῇ</span> <span class='ocrx_word' id='word_1_191' title='bbox 808 2312 1023 2381; x_wconf 84' lang='grc' dir='ltr'>κιϐωτῷ</span> <span class='ocrx_word' id='word_1_192' title='bbox 1055 2311 1352 2383; x_wconf 89' lang='grc' dir='ltr'>διατριϐήν.</span> <span class='ocrx_word' id='word_1_193' title='bbox 1398 2312 1455 2366; x_wconf 82' lang='grc'>’0</span> <span class='ocrx_word' id='word_1_194' title='bbox 1487 2313 1595 2384; x_wconf 86' lang='lat'>7&amp;9</span> <span class='ocrx_word' id='word_1_195' title='bbox 1633 2313 1874 2378; x_wconf 74' lang='grc' dir='ltr'>ἐνιαυτὸς</span> <span class='ocrx_word' id='word_1_196' title='bbox 1915 2317 2117 2379; x_wconf 73' lang='grc' dir='ltr'>ἐκεῖνος</span> 
     </span>
    </p>
   </div>
   <div class='ocr_carea' id='block_1_25' title="bbox 460 2392 2116 2467">
    <p class='ocr_par' dir='ltr' id='par_1_25' title="bbox 460 2392 2116 2467">
     <span class='ocr_line' id='line_1_25' title="bbox 460 2392 2116 2467; baseline 0.004 -21"><span class='ocrx_word' id='word_1_197' title='bbox 460 2395 781 2465; x_wconf 75' lang='grc' dir='ltr'>ἀντίρροπος</span> <span class='ocrx_word' id='word_1_198' title='bbox 809 2392 946 2447; x_wconf 85' lang='grc' dir='ltr'>εῐναί</span> <span class='ocrx_word' id='word_1_199' title='bbox 978 2413 1067 2464; x_wconf 91' lang='grc' dir='ltr'>μοι</span> <span class='ocrx_word' id='word_1_200' title='bbox 1099 2397 1246 2448; x_wconf 81' lang='grc' dir='ltr'>δοκεῖ</span> <span class='ocrx_word' id='word_1_201' title='bbox 1287 2395 1381 2449; x_wconf 91' lang='grc' dir='ltr'>τοῦ</span> <span class='ocrx_word' id='word_1_202' title='bbox 1428 2396 1626 2458; x_wconf 83' lang='grc' dir='ltr'>παντὸς</span> <span class='ocrx_word' id='word_1_203' title='bbox 1655 2399 1846 2467; x_wconf 84' lang='grc' dir='ltr'>χρόνου</span> <span class='ocrx_word' id='word_1_204' title='bbox 1870 2415 1883 2428; x_wconf 79' lang='grc' dir='ltr'><strong><em>ο</em></strong></span> <span class='ocrx_word' id='word_1_205' title='bbox 1924 2399 2116 2452; x_wconf 79' lang='grc' dir='ltr'>τοσαύ-</span> 
     </span>
    </p>
   </div>
   <div class='ocr_carea' id='block_1_26' title="bbox 460 2481 2119 2553">
    <p class='ocr_par' dir='ltr' id='par_1_26' title="bbox 460 2481 2119 2553">
     <span class='ocr_line' id='line_1_26' title="bbox 460 2481 2119 2553; baseline 0.005 -21"><span class='ocrx_word' id='word_1_206' title='bbox 460 2497 559 2550; x_wconf 86' lang='grc' dir='ltr'>την</span> <span class='ocrx_word' id='word_1_207' title='bbox 585 2484 700 2534; x_wconf 71' lang='grc' dir='ltr'>ἐκεῖ</span> <span class='ocrx_word' id='word_1_208' title='bbox 725 2483 827 2552; x_wconf 81' lang='grc' dir='ltr'>τὴν</span> <span class='ocrx_word' id='word_1_209' title='bbox 851 2481 1028 2550; x_wconf 78' lang='grc' dir='ltr'>θλίψιν</span> <span class='ocrx_word' id='word_1_210' title='bbox 1065 2482 1355 2553; x_wconf 88' lang='grc' dir='ltr'>ὑπομένειν</span> <span class='ocrx_word' id='word_1_211' title='bbox 1381 2483 1411 2535; x_wconf 85' lang='grc' dir='ltr'>ό</span> <span class='ocrx_word' id='word_1_212' title='bbox 1433 2483 1638 2546; x_wconf 91' lang='grc' dir='ltr'>δίκαιος</span> <span class='ocrx_word' id='word_1_213' title='bbox 1673 2483 2034 2551; x_wconf 73' lang='grc' dir='ltr'>ἠναγκάζετο,</span> <span class='ocrx_word' id='word_1_214' title='bbox 2059 2487 2119 2540; x_wconf 71' lang='grc' dir='ltr'>έν</span> 
     </span>
    </p>
   </div>
   <div class='ocr_carea' id='block_1_27' title="bbox 461 2567 2118 2640">
    <p class='ocr_par' dir='ltr' id='par_1_27' title="bbox 461 2567 2118 2640">
     <span class='ocr_line' id='line_1_27' title="bbox 461 2567 2118 2640; baseline 0.004 -22"><span class='ocrx_word' id='word_1_215' title='bbox 461 2569 790 2638; x_wconf 67' lang='grc' dir='ltr'>στενοχωρίᾳ</span> <span class='ocrx_word' id='word_1_216' title='bbox 825 2567 1045 2640; x_wconf 83' lang='grc' dir='ltr'>τοιαύτῃ</span> <span class='ocrx_word' id='word_1_217' title='bbox 1087 2569 1390 2637; x_wconf 85' lang='grc' dir='ltr'>τυγχάνων,</span> <span class='ocrx_word' id='word_1_218' title='bbox 1437 2569 1529 2621; x_wconf 77' lang='grc' dir='ltr'>καὶ</span> <span class='ocrx_word' id='word_1_219' title='bbox 1582 2568 1714 2639; x_wconf 78' lang='grc' dir='ltr'>μηδὲ</span> <span class='ocrx_word' id='word_1_220' title='bbox 1745 2572 2000 2624; x_wconf 80' lang='grc' dir='ltr'>ἀναπνεῖν</span> <span class='ocrx_word' id='word_1_221' title='bbox 2029 2570 2118 2624; x_wconf 73' lang='grc' dir='ltr'>δυο</span> 
     </span>
    </p>
   </div>
   <div class='ocr_carea' id='block_1_28' title="bbox 460 2653 2118 2725">
    <p class='ocr_par' dir='ltr' id='par_1_28' title="bbox 460 2653 2118 2725">
     <span class='ocr_line' id='line_1_28' title="bbox 460 2653 2118 2725; baseline 0.004 -19"><span class='ocrx_word' id='word_1_222' title='bbox 460 2653 713 2723; x_wconf 80' lang='grc' dir='ltr'>νάμενος,</span> <span class='ocrx_word' id='word_1_223' title='bbox 743 2657 834 2706; x_wconf 81' lang='grc' dir='ltr'>καὶ</span> <span class='ocrx_word' id='word_1_224' title='bbox 862 2656 958 2724; x_wconf 86' lang='grc' dir='ltr'>τῆς</span> <span class='ocrx_word' id='word_1_225' title='bbox 987 2654 1127 2723; x_wconf 86' lang='grc' dir='ltr'>μετά</span> <span class='ocrx_word' id='word_1_226' title='bbox 1150 2655 1257 2706; x_wconf 83' lang='grc' dir='ltr'>τῶν</span> <span class='ocrx_word' id='word_1_227' title='bbox 1288 2654 1493 2725; x_wconf 90' lang='grc' dir='ltr'>θηρίων</span> <span class='ocrx_word' id='word_1_228' title='bbox 1523 2656 1740 2708; x_wconf 80' lang='grc' dir='ltr'>καὶτῶν</span> <span class='ocrx_word' id='word_1_229' title='bbox 1762 2657 1969 2724; x_wconf 80' lang='grc' dir='ltr'>ἀλόγων</span> <span class='ocrx_word' id='word_1_230' title='bbox 2001 2657 2118 2712; x_wconf 83' lang='grc' dir='ltr'>δια-</span> 
     </span>
    </p>
   </div>
   <div class='ocr_carea' id='block_1_29' title="bbox 461 2739 2120 2815">
    <p class='ocr_par' dir='ltr' id='par_1_29' title="bbox 461 2739 2120 2815">
     <span class='ocr_line' id='line_1_29' title="bbox 461 2739 2120 2815; baseline 0.007 -27"><span class='ocrx_word' id='word_1_231' title='bbox 461 2739 649 2809; x_wconf 82' lang='grc' dir='ltr'>γωγῆς</span> <span class='ocrx_word' id='word_1_232' title='bbox 678 2740 1018 2810; x_wconf 77' lang='grc' dir='ltr'>ἀνεχόμενος,</span> <span class='ocrx_word' id='word_1_233' title='bbox 1072 2741 1164 2793; x_wconf 77' lang='grc' dir='ltr'>καὶ</span> <span class='ocrx_word' id='word_1_234' title='bbox 1194 2741 1281 2794; x_wconf 83' lang='grc' dir='ltr'>διά</span> <span class='ocrx_word' id='word_1_235' title='bbox 1323 2741 1540 2794; x_wconf 84' lang='grc' dir='ltr'>πάντων</span> <span class='ocrx_word' id='word_1_236' title='bbox 1583 2741 1794 2806; x_wconf 83' lang='grc' dir='ltr'>δεικνὺς</span> <span class='ocrx_word' id='word_1_237' title='bbox 1827 2743 1992 2798; x_wconf 86' lang='grc' dir='ltr'>αὐτοῦ</span> <span class='ocrx_word' id='word_1_238' title='bbox 2020 2746 2120 2815; x_wconf 79' lang='grc' dir='ltr'>τῆς</span> 
     </span>
    </p>
   </div>
   <div class='ocr_carea' id='block_1_30' title="bbox 461 2823 2121 2898">
    <p class='ocr_par' dir='ltr' id='par_1_30' title="bbox 461 2823 2121 2898">
     <span class='ocr_line' id='line_1_30' title="bbox 461 2823 2121 2898; baseline 0.005 -22"><span class='ocrx_word' id='word_1_239' title='bbox 461 2823 685 2893; x_wconf 73' lang='grc' dir='ltr'>γνώμτς</span> <span class='ocrx_word' id='word_1_240' title='bbox 716 2825 776 2877; x_wconf 85' lang='grc' dir='ltr'>τὸ</span> <span class='ocrx_word' id='word_1_241' title='bbox 797 2825 1040 2895; x_wconf 73' lang='grc' dir='ltr'>στερρὸν,</span> <span class='ocrx_word' id='word_1_242' title='bbox 1065 2825 1158 2878; x_wconf 73' lang='grc' dir='ltr'>καὶ</span> <span class='ocrx_word' id='word_1_243' title='bbox 1179 2825 1240 2878; x_wconf 79' lang='grc' dir='ltr'>τό</span> <span class='ocrx_word' id='word_1_244' title='bbox 1255 2826 1468 2888; x_wconf 77' lang='grc' dir='ltr'>ἀκλινες</span> <span class='ocrx_word' id='word_1_245' title='bbox 1497 2827 1596 2894; x_wconf 86' lang='grc' dir='ltr'>τῆς</span> <span class='ocrx_word' id='word_1_246' title='bbox 1614 2829 2004 2898; x_wconf 73' lang='grc' dir='ltr'>προαιρέσεως,</span> <span class='ocrx_word' id='word_1_247' title='bbox 2026 2831 2121 2884; x_wconf 84' lang='grc' dir='ltr'>καὶ</span> 
     </span>
    </p>
   </div>
   <div class='ocr_carea' id='block_1_31' title="bbox 457 2909 2120 2984">
    <p class='ocr_par' dir='ltr' id='par_1_31' title="bbox 457 2909 2120 2984">
     <span class='ocr_line' id='line_1_31' title="bbox 457 2909 2120 2984; baseline 0.005 -22"><span class='ocrx_word' id='word_1_248' title='bbox 457 2909 557 2981; x_wconf 78' lang='grc' dir='ltr'>τὴν</span> <span class='ocrx_word' id='word_1_249' title='bbox 588 2911 771 2963; x_wconf 88' lang='grc' dir='ltr'>πίστιν</span> <span class='ocrx_word' id='word_1_250' title='bbox 798 2913 863 2981; x_wconf 79' lang='grc' dir='ltr'>ήν</span> <span class='ocrx_word' id='word_1_251' title='bbox 891 2912 1018 2981; x_wconf 79' lang='grc' dir='ltr'>περὶ</span> <span class='ocrx_word' id='word_1_252' title='bbox 1048 2913 1140 2964; x_wconf 84' lang='grc' dir='ltr'>τὸν</span> <span class='ocrx_word' id='word_1_253' title='bbox 1188 2911 1319 2964; x_wconf 82' lang='grc' dir='ltr'>Θεὸν</span> <span class='ocrx_word' id='word_1_254' title='bbox 1349 2912 1715 2976; x_wconf 75' lang='grc' dir='ltr'>ἐπεδείκνυτο,</span> <span class='ocrx_word' id='word_1_255' title='bbox 1759 2912 1826 2966; x_wconf 86' lang='grc' dir='ltr'>δι’</span> <span class='ocrx_word' id='word_1_256' title='bbox 1855 2914 1922 2984; x_wconf 75' lang='grc' dir='ltr'>ῆν</span> <span class='ocrx_word' id='word_1_257' title='bbox 1941 2915 2120 2971; x_wconf 87' lang='grc' dir='ltr'>πάντα</span> 
     </span>
    </p>
   </div>
   <div class='ocr_carea' id='block_1_32' title="bbox 462 2996 2117 3072">
    <p class='ocr_par' dir='ltr' id='par_1_32' title="bbox 462 2996 2117 3072">
     <span class='ocr_line' id='line_1_32' title="bbox 462 2996 2117 3072; baseline 0.004 -24"><span class='ocrx_word' id='word_1_258' title='bbox 462 2996 652 3067; x_wconf 79' lang='grc' dir='ltr'>πράως</span> <span class='ocrx_word' id='word_1_259' title='bbox 672 2997 768 3050; x_wconf 76' lang='grc' dir='ltr'>καὶ</span> <span class='ocrx_word' id='word_1_260' title='bbox 791 2996 1006 3064; x_wconf 80' lang='grc' dir='ltr'>κούφως</span> <span class='ocrx_word' id='word_1_261' title='bbox 1027 2997 1212 3066; x_wconf 71' lang='grc' dir='ltr'>ἔφερε.</span> <span class='ocrx_word' id='word_1_262' title='bbox 1232 2997 1330 3050; x_wconf 88' lang='grc' dir='ltr'>Δία</span> <span class='ocrx_word' id='word_1_263' title='bbox 1359 3013 1443 3049; x_wconf 92' lang='grc' dir='ltr'>τοι</span> <span class='ocrx_word' id='word_1_264' title='bbox 1473 2996 1650 3061; x_wconf 89' lang='grc' dir='ltr'>τοῦτο,</span> <span class='ocrx_word' id='word_1_265' title='bbox 1678 2997 1864 3069; x_wconf 70' lang='grc' dir='ltr'>έπειδῆ</span> <span class='ocrx_word' id='word_1_266' title='bbox 1891 3000 1962 3053; x_wconf 88' lang='grc' dir='ltr'>τά</span> <span class='ocrx_word' id='word_1_267' title='bbox 1986 3004 2117 3072; x_wconf 79' lang='grc' dir='ltr'>παρ’</span> 
     </span>
    </p>
   </div>
   <div class='ocr_carea' id='block_1_33' title="bbox 461 3080 2122 3154">
    <p class='ocr_par' dir='ltr' id='par_1_33' title="bbox 461 3080 2122 3154">
     <span class='ocr_line' id='line_1_33' title="bbox 461 3080 2122 3154; baseline 0.002 -20"><span class='ocrx_word' id='word_1_268' title='bbox 461 3080 626 3135; x_wconf 82' lang='grc' dir='ltr'>αὑτοῦ</span> <span class='ocrx_word' id='word_1_269' title='bbox 642 3081 819 3134; x_wconf 80' lang='grc' dir='ltr'>πάντα</span> <span class='ocrx_word' id='word_1_270' title='bbox 835 3083 1139 3150; x_wconf 75' lang='grc' dir='ltr'>εἰσήνεγκε,</span> <span class='ocrx_word' id='word_1_271' title='bbox 1155 3082 1250 3135; x_wconf 79' lang='grc' dir='ltr'>καὶ</span> <span class='ocrx_word' id='word_1_272' title='bbox 1267 3082 1374 3135; x_wconf 85' lang='grc' dir='ltr'>τῶν</span> <span class='ocrx_word' id='word_1_273' title='bbox 1389 3083 1538 3152; x_wconf 90' lang='grc' dir='ltr'>παρά</span> <span class='ocrx_word' id='word_1_274' title='bbox 1551 3083 1644 3136; x_wconf 90' lang='grc' dir='ltr'>τοῦ</span> <span class='ocrx_word' id='word_1_275' title='bbox 1665 3083 1801 3136; x_wconf 83' lang='grc' dir='ltr'>Θεοῦ</span> <span class='ocrx_word' id='word_1_276' title='bbox 1821 3085 1956 3154; x_wconf 89' lang='grc' dir='ltr'>μετά</span> <span class='ocrx_word' id='word_1_277' title='bbox 1967 3085 2122 3153; x_wconf 78' lang='grc' dir='ltr'>δαψι-</span> 
     </span>
    </p>
   </div>
   <div class='ocr_carea' id='block_1_34' title="bbox 464 3167 2122 3242">
    <p class='ocr_par' dir='ltr' id='par_1_34' title="bbox 464 3167 2122 3242">
     <span class='ocr_line' id='line_1_34' title="bbox 464 3167 2122 3242; baseline 0.002 -22"><span class='ocrx_word' id='word_1_278' title='bbox 464 3167 617 3230; x_wconf 85' lang='grc' dir='ltr'>λείας</span> <span class='ocrx_word' id='word_1_279' title='bbox 648 3169 982 3235; x_wconf 85' lang='grc' dir='ltr'>ἀπήλαυσεν.</span> <span class='ocrx_word' id='word_1_280' title='bbox 1006 3169 1067 3222; x_wconf 81' lang='grc' dir='ltr'>Εί</span> <span class='ocrx_word' id='word_1_281' title='bbox 1103 3168 1211 3238; x_wconf 88' lang='lat'>7&amp;9</span> <span class='ocrx_word' id='word_1_282' title='bbox 1235 3169 1328 3221; x_wconf 69' lang='grc' dir='ltr'>καὶ</span> <span class='ocrx_word' id='word_1_283' title='bbox 1373 3170 1734 3238; x_wconf 81' lang='grc' dir='ltr'>στενοχωρίαν</span> <span class='ocrx_word' id='word_1_284' title='bbox 1789 3171 1988 3242; x_wconf 82' lang='grc' dir='ltr'>πολλὴν</span> <span class='ocrx_word' id='word_1_285' title='bbox 2021 3172 2122 3224; x_wconf 82' lang='grc' dir='ltr'>ὑπ-</span> 
     </span>
    </p>
   </div>
   <div class='ocr_carea' id='block_1_35' title="bbox 465 3253 2121 3324">
    <p class='ocr_par' dir='ltr' id='par_1_35' title="bbox 465 3253 2121 3324">
     <span class='ocr_line' id='line_1_35' title="bbox 465 3253 2121 3324; baseline 0.004 -19"><span class='ocrx_word' id='word_1_286' title='bbox 465 3254 658 3322; x_wconf 73' lang='grc' dir='ltr'>έμενον</span> <span class='ocrx_word' id='word_1_287' title='bbox 681 3255 740 3306; x_wconf 78' lang='grc' dir='ltr'>εν</span> <span class='ocrx_word' id='word_1_288' title='bbox 770 3257 837 3324; x_wconf 72' lang='grc' dir='ltr'>τῇ</span> <span class='ocrx_word' id='word_1_289' title='bbox 853 3254 1094 3324; x_wconf 78' lang='grc' dir='ltr'>διαγωγῇ</span> <span class='ocrx_word' id='word_1_290' title='bbox 1124 3255 1222 3324; x_wconf 84' lang='grc' dir='ltr'>τῆς</span> <span class='ocrx_word' id='word_1_291' title='bbox 1247 3253 1501 3318; x_wconf 91' lang='grc' dir='ltr'>κιϐωτοῦ,</span> <span class='ocrx_word' id='word_1_292' title='bbox 1525 3254 1640 3308; x_wconf 82' lang='grc' dir='ltr'>ἀλλ’</span> <span class='ocrx_word' id='word_1_293' title='bbox 1673 3257 1822 3323; x_wconf 79' lang='grc' dir='ltr'>ὅμως</span> <span class='ocrx_word' id='word_1_294' title='bbox 1845 3257 1906 3310; x_wconf 79' lang='grc' dir='ltr'>τὸ</span> <span class='ocrx_word' id='word_1_295' title='bbox 1921 3258 2121 3311; x_wconf 84' lang='grc' dir='ltr'>κλυδώ-</span> 
     </span>
    </p>
   </div>
   <div class='ocr_carea' id='block_1_36' title="bbox 462 3339 2117 3413">
    <p class='ocr_par' dir='ltr' id='par_1_36' title="bbox 462 3339 2117 3413">
     <span class='ocr_line' id='line_1_36' title="bbox 462 3339 2117 3413; baseline 0.003 -20"><span class='ocrx_word' id='word_1_296' title='bbox 462 3356 570 3393; x_wconf 89' lang='grc' dir='ltr'>νιον</span> <span class='ocrx_word' id='word_1_297' title='bbox 600 3339 662 3391; x_wconf 80' lang='grc' dir='ltr'>τὸ</span> <span class='ocrx_word' id='word_1_298' title='bbox 680 3339 908 3409; x_wconf 88' lang='grc' dir='ltr'>φοϐερὸν</span> <span class='ocrx_word' id='word_1_299' title='bbox 938 3341 1030 3394; x_wconf 76' lang='grc' dir='ltr'>καὶ</span> <span class='ocrx_word' id='word_1_300' title='bbox 1078 3341 1176 3409; x_wconf 80' lang='grc' dir='ltr'>τὴν</span> <span class='ocrx_word' id='word_1_301' title='bbox 1221 3339 1594 3409; x_wconf 85' lang='grc' dir='ltr'>πανωλεθρίαν</span> <span class='ocrx_word' id='word_1_302' title='bbox 1619 3341 1837 3413; x_wconf 71' lang='grc' dir='ltr'>εκείνην</span> <span class='ocrx_word' id='word_1_303' title='bbox 1873 3343 2117 3412; x_wconf 81' lang='grc' dir='ltr'>διέφυγε.</span> 
     </span>
    </p>
   </div>
   <div class='ocr_carea' id='block_1_37' title="bbox 462 3423 2122 3500">
    <p class='ocr_par' dir='ltr' id='par_1_37' title="bbox 462 3423 2122 3500">
     <span class='ocr_line' id='line_1_37' title="bbox 462 3423 2122 3500; baseline 0.004 -22"><span class='ocrx_word' id='word_1_304' title='bbox 462 3426 572 3478; x_wconf 73' lang='grc' dir='ltr'>Καὶ</span> <span class='ocrx_word' id='word_1_305' title='bbox 602 3423 690 3478; x_wconf 86' lang='grc' dir='ltr'>διά</span> <span class='ocrx_word' id='word_1_306' title='bbox 721 3425 876 3478; x_wconf 90' lang='grc' dir='ltr'>τοῦτο</span> <span class='ocrx_word' id='word_1_307' title='bbox 935 3425 1072 3495; x_wconf 87' lang='grc' dir='ltr'>μετά</span> <span class='ocrx_word' id='word_1_308' title='bbox 1109 3425 1208 3495; x_wconf 81' lang='grc' dir='ltr'>τήν</span> <span class='ocrx_word' id='word_1_309' title='bbox 1242 3427 1603 3494; x_wconf 83' lang='grc' dir='ltr'>στενοχωρίαν</span> <span class='ocrx_word' id='word_1_310' title='bbox 1633 3428 1847 3500; x_wconf 73' lang='grc' dir='ltr'>εκείνην</span> <span class='ocrx_word' id='word_1_311' title='bbox 1875 3429 1969 3482; x_wconf 86' lang='grc' dir='ltr'>καὶ</span> <span class='ocrx_word' id='word_1_312' title='bbox 2023 3429 2122 3499; x_wconf 82' lang='grc' dir='ltr'>τῆν</span> 
     </span>
    </p>
   </div>
   <div class='ocr_carea' id='block_1_38' title="bbox 461 3511 2120 3588">
    <p class='ocr_par' dir='ltr' id='par_1_38' title="bbox 461 3511 2120 3588">
     <span class='ocr_line' id='line_1_38' title="bbox 461 3511 2120 3588; baseline 0.005 -24"><span class='ocrx_word' id='word_1_313' title='bbox 461 3511 730 3583; x_wconf 88' lang='grc' dir='ltr'>ἀφόρητον</span> <span class='ocrx_word' id='word_1_314' title='bbox 748 3512 988 3582; x_wconf 80' lang='grc' dir='ltr'>είρκτήν,</span> <span class='ocrx_word' id='word_1_315' title='bbox 1009 3513 1101 3565; x_wconf 71' lang='grc' dir='ltr'>καὶ</span> <span class='ocrx_word' id='word_1_316' title='bbox 1139 3513 1322 3575; x_wconf 88' lang='grc' dir='ltr'>ἀδείας</span> <span class='ocrx_word' id='word_1_317' title='bbox 1343 3513 1439 3565; x_wconf 77' lang='grc' dir='ltr'>καὶ</span> <span class='ocrx_word' id='word_1_318' title='bbox 1468 3513 1703 3578; x_wconf 87' lang='grc' dir='ltr'>ἀνέσεως</span> <span class='ocrx_word' id='word_1_319' title='bbox 1733 3516 2000 3588; x_wconf 86' lang='grc' dir='ltr'>ἀπήλαυε,</span> <span class='ocrx_word' id='word_1_320' title='bbox 2028 3519 2120 3572; x_wconf 73' lang='grc' dir='ltr'>καὶ</span> 
     </span>
    </p>
   </div>
   <div class='ocr_carea' id='block_1_39' title="bbox 461 3597 2120 3674">
    <p class='ocr_par' dir='ltr' id='par_1_39' title="bbox 461 3597 2120 3674">
     <span class='ocr_line' id='line_1_39' title="bbox 461 3597 2120 3674; baseline 0.005 -24"><span class='ocrx_word' id='word_1_321' title='bbox 461 3598 560 3667; x_wconf 91' lang='grc' dir='ltr'>τῆς</span> <span class='ocrx_word' id='word_1_322' title='bbox 593 3599 745 3667; x_wconf 89' lang='grc' dir='ltr'>παρά</span> <span class='ocrx_word' id='word_1_323' title='bbox 772 3597 867 3651; x_wconf 85' lang='grc' dir='ltr'>τοῦ</span> <span class='ocrx_word' id='word_1_324' title='bbox 893 3598 1028 3652; x_wconf 90' lang='grc' dir='ltr'>Θεοῦ</span> <span class='ocrx_word' id='word_1_325' title='bbox 1059 3599 1307 3667; x_wconf 81' lang='grc' dir='ltr'>εὐλογίας</span> <span class='ocrx_word' id='word_1_326' title='bbox 1329 3599 1568 3669; x_wconf 75' lang='grc' dir='ltr'>ἠξιοῦτο,</span> <span class='ocrx_word' id='word_1_327' title='bbox 1607 3601 1701 3655; x_wconf 80' lang='grc' dir='ltr'>καὶ</span> <span class='ocrx_word' id='word_1_328' title='bbox 1725 3601 1888 3656; x_wconf 84' lang='grc' dir='ltr'>πάλιν</span> <span class='ocrx_word' id='word_1_329' title='bbox 1914 3603 2014 3674; x_wconf 80' lang='grc' dir='ltr'>τὴν</span> <span class='ocrx_word' id='word_1_330' title='bbox 2039 3609 2120 3659; x_wconf 82' lang='grc' dir='ltr'>οι-</span> 
     </span>
    </p>
   </div>
   <div class='ocr_carea' id='block_1_40' title="bbox 463 3685 2118 3759">
    <p class='ocr_par' dir='ltr' id='par_1_40' title="bbox 463 3685 2118 3759">
     <span class='ocr_line' id='line_1_40' title="bbox 463 3685 2118 3759; baseline 0.004 -21"><span class='ocrx_word' id='word_1_331' title='bbox 463 3685 616 3739; x_wconf 89' lang='grc' dir='ltr'>κείαν</span> <span class='ocrx_word' id='word_1_332' title='bbox 636 3685 1048 3755; x_wconf 80' lang='grc' dir='ltr'>εὐγνωμοσύνην</span> <span class='ocrx_word' id='word_1_333' title='bbox 1079 3686 1164 3738; x_wconf 89' lang='grc' dir='ltr'>διά</span> <span class='ocrx_word' id='word_1_334' title='bbox 1183 3685 1290 3738; x_wconf 89' lang='grc' dir='ltr'>τῶν</span> <span class='ocrx_word' id='word_1_335' title='bbox 1315 3685 1491 3756; x_wconf 66' lang='grc' dir='ltr'>ἔργων</span> <span class='ocrx_word' id='word_1_336' title='bbox 1508 3686 1762 3759; x_wconf 78' lang='grc' dir='ltr'>έπλήρου·</span> <span class='ocrx_word' id='word_1_337' title='bbox 1795 3690 1889 3742; x_wconf 71' lang='grc' dir='ltr'>καὶ</span> <span class='ocrx_word' id='word_1_338' title='bbox 1913 3705 2118 3745; x_wconf 84' lang='grc' dir='ltr'>παντα-</span> 
     </span>
    </p>
   </div>
   <div class='ocr_carea' id='block_1_41' title="bbox 463 3767 2120 3847">
    <p class='ocr_par' dir='ltr' id='par_1_41' title="bbox 463 3767 2120 3847">
     <span class='ocr_line' id='line_1_41' title="bbox 463 3767 2120 3847; baseline 0.004 -25"><span class='ocrx_word' id='word_1_339' title='bbox 463 3771 560 3839; x_wconf 91' lang='grc' dir='ltr'>χοῦ</span> <span class='ocrx_word' id='word_1_340' title='bbox 580 3771 829 3840; x_wconf 88' lang='grc' dir='ltr'>εὑρήσεις</span> <span class='ocrx_word' id='word_1_341' title='bbox 841 3767 937 3833; x_wconf 76' lang='grc' dir='ltr'>τὰς</span> <span class='ocrx_word' id='word_1_342' title='bbox 959 3769 1131 3839; x_wconf 79' lang='grc' dir='ltr'>ἀρχὰς</span> <span class='ocrx_word' id='word_1_343' title='bbox 1151 3772 1278 3841; x_wconf 84' lang='grc' dir='ltr'>παρ’</span> <span class='ocrx_word' id='word_1_344' title='bbox 1305 3769 1469 3825; x_wconf 88' lang='grc' dir='ltr'>αὐτοῦ</span> <span class='ocrx_word' id='word_1_345' title='bbox 1492 3772 2120 3847; x_wconf 81' lang='grc' dir='ltr'>είσφερομένας.”οσπερ</span> 
     </span>
    </p>
   </div>
   <div class='ocr_carea' id='block_1_42' title="bbox 462 3854 2118 3929">
    <p class='ocr_par' dir='ltr' id='par_1_42' title="bbox 462 3854 2118 3929">
     <span class='ocr_line' id='line_1_42' title="bbox 462 3854 2118 3929; baseline 0.006 -23"><span class='ocrx_word' id='word_1_346' title='bbox 462 3856 519 3907; x_wconf 75' lang='grc' dir='ltr'>δι</span> <span class='ocrx_word' id='word_1_347' title='bbox 541 3856 640 3925; x_wconf 81' lang='grc' dir='ltr'>τήν</span> <span class='ocrx_word' id='word_1_348' title='bbox 661 3854 882 3925; x_wconf 85' lang='grc' dir='ltr'>πρώτην</span> <span class='ocrx_word' id='word_1_349' title='bbox 917 3854 1134 3908; x_wconf 72' lang='grc' dir='ltr'>ἃπασαν</span> <span class='ocrx_word' id='word_1_350' title='bbox 1160 3854 1378 3926; x_wconf 79' lang='grc' dir='ltr'>ήλικίαν</span> <span class='ocrx_word' id='word_1_351' title='bbox 1400 3855 1499 3927; x_wconf 80' lang='grc' dir='ltr'>τὴν</span> <span class='ocrx_word' id='word_1_352' title='bbox 1535 3857 1733 3928; x_wconf 73' lang='grc' dir='ltr'>ἀρετήν</span> <span class='ocrx_word' id='word_1_353' title='bbox 1765 3861 2118 3929; x_wconf 76' lang='grc' dir='ltr'>μεταδιώξας,</span> 
     </span>
    </p>
   </div>
   <div class='ocr_carea' id='block_1_43' title="bbox 464 3940 2122 4016">
    <p class='ocr_par' dir='ltr' id='par_1_43' title="bbox 464 3940 2122 4016">
     <span class='ocr_line' id='line_1_43' title="bbox 464 3940 2122 4016; baseline 0.004 -22"><span class='ocrx_word' id='word_1_354' title='bbox 464 3940 557 3994; x_wconf 76' lang='grc' dir='ltr'>καὶ</span> <span class='ocrx_word' id='word_1_355' title='bbox 588 3940 685 4010; x_wconf 89' lang='grc' dir='ltr'>τῆς</span> <span class='ocrx_word' id='word_1_356' title='bbox 713 3940 909 3996; x_wconf 79' lang='grc' dir='ltr'>κακίας</span> <span class='ocrx_word' id='word_1_357' title='bbox 937 3940 1159 3993; x_wconf 66' lang='grc' dir='ltr'>ἐκείνων</span> <span class='ocrx_word' id='word_1_358' title='bbox 1186 3941 1341 4004; x_wconf 81' lang='grc' dir='ltr'>έκτδς</span> <span class='ocrx_word' id='word_1_359' title='bbox 1361 3940 1682 4010; x_wconf 82' lang='grc' dir='ltr'>γεγονὼς,ού</span> <span class='ocrx_word' id='word_1_360' title='bbox 1713 3945 2122 4016; x_wconf 83' lang='grc' dir='ltr'>συναπήλαυσεν</span> 
     </span>
    </p>
   </div>
   <div class='ocr_carea' id='block_1_44' title="bbox 463 4027 2120 4104">
    <p class='ocr_par' dir='ltr' id='par_1_44' title="bbox 463 4027 2120 4104">
     <span class='ocr_line' id='line_1_44' title="bbox 463 4027 2120 4104; baseline 0.003 -22"><span class='ocrx_word' id='word_1_361' title='bbox 463 4029 642 4090; x_wconf 86' lang='grc' dir='ltr'>αὐτοῖς</span> <span class='ocrx_word' id='word_1_362' title='bbox 667 4027 768 4097; x_wconf 87' lang='grc' dir='ltr'>τῆς</span> <span class='ocrx_word' id='word_1_363' title='bbox 791 4027 1084 4098; x_wconf 78' lang='grc' dir='ltr'>τιμωρίας,</span> <span class='ocrx_word' id='word_1_364' title='bbox 1125 4027 1260 4082; x_wconf 87' lang='grc' dir='ltr'>ἀλλά</span> <span class='ocrx_word' id='word_1_365' title='bbox 1288 4028 1506 4083; x_wconf 81' lang='grc' dir='ltr'>πάντων</span> <span class='ocrx_word' id='word_1_366' title='bbox 1533 4029 1878 4102; x_wconf 79' lang='grc' dir='ltr'>ὑποϐρυχίων</span> <span class='ocrx_word' id='word_1_367' title='bbox 1901 4035 2120 4104; x_wconf 84' lang='grc' dir='ltr'>γινομέ-</span> 
     </span>
    </p>
   </div>
   <div class='ocr_carea' id='block_1_45' title="bbox 461 4109 2120 4188">
    <p class='ocr_par' dir='ltr' id='par_1_45' title="bbox 461 4109 2120 4188">
     <span class='ocr_line' id='line_1_45' title="bbox 461 4109 2120 4188; baseline 0.006 -28"><span class='ocrx_word' id='word_1_368' title='bbox 461 4125 568 4160; x_wconf 89' lang='grc' dir='ltr'>νων</span> <span class='ocrx_word' id='word_1_369' title='bbox 596 4109 752 4171; x_wconf 81' lang='grc' dir='ltr'>αὐτὸς</span> <span class='ocrx_word' id='word_1_370' title='bbox 791 4109 948 4178; x_wconf 85' lang='grc' dir='ltr'>μόνος</span> <span class='ocrx_word' id='word_1_371' title='bbox 975 4109 1279 4173; x_wconf 80' lang='grc' dir='ltr'>διεσώζετο·</span> <span class='ocrx_word' id='word_1_372' title='bbox 1317 4109 1460 4163; x_wconf 78' lang='grc' dir='ltr'>οὑτω</span> <span class='ocrx_word' id='word_1_373' title='bbox 1496 4110 1659 4165; x_wconf 84' lang='grc' dir='ltr'>πάλιν</span> <span class='ocrx_word' id='word_1_374' title='bbox 1684 4113 1872 4187; x_wconf 63' lang='grc' dir='ltr'>ἀπειθῆ</span> <span class='ocrx_word' id='word_1_375' title='bbox 1922 4117 2120 4188; x_wconf 68' lang='grc' dir='ltr'>πολλὴν</span> 
     </span>
    </p>
   </div>
   <div class='ocr_carea' id='block_1_46' title="bbox 461 4193 2119 4275">
    <p class='ocr_par' dir='ltr' id='par_1_46' title="bbox 461 4193 2119 4275">
     <span class='ocr_line' id='line_1_46' title="bbox 461 4193 2119 4275; baseline 0.008 -32"><span class='ocrx_word' id='word_1_376' title='bbox 461 4194 562 4262; x_wconf 81' lang='grc' dir='ltr'>τὴν</span> <span class='ocrx_word' id='word_1_377' title='bbox 587 4193 765 4246; x_wconf 85' lang='grc' dir='ltr'>πίστιν</span> <span class='ocrx_word' id='word_1_378' title='bbox 795 4195 1098 4264; x_wconf 75' lang='grc' dir='ltr'>εἰσήνεγκε,</span> <span class='ocrx_word' id='word_1_379' title='bbox 1152 4195 1245 4248; x_wconf 81' lang='grc' dir='ltr'>καὶ</span> <span class='ocrx_word' id='word_1_380' title='bbox 1278 4197 1394 4266; x_wconf 84' lang='grc' dir='ltr'>μετ’</span> <span class='ocrx_word' id='word_1_381' title='bbox 1422 4197 1773 4268; x_wconf 73' lang='grc' dir='ltr'>εὐχαριστίας</span> <span class='ocrx_word' id='word_1_382' title='bbox 1801 4200 1902 4271; x_wconf 83' lang='grc' dir='ltr'>τῆς</span> <span class='ocrx_word' id='word_1_383' title='bbox 1945 4201 2004 4255; x_wconf 80' lang='grc' dir='ltr'>έν</span> <span class='ocrx_word' id='word_1_384' title='bbox 2049 4206 2119 4275; x_wconf 70' lang='grc' dir='ltr'>τῇ</span> 
     </span>
    </p>
   </div>
   <div class='ocr_carea' id='block_1_47' title="bbox 464 4278 2120 4357">
    <p class='ocr_par' dir='ltr' id='par_1_47' title="bbox 464 4278 2120 4357">
     <span class='ocr_line' id='line_1_47' title="bbox 464 4278 2120 4357; baseline 0.008 -26"><span class='ocrx_word' id='word_1_385' title='bbox 464 4278 676 4348; x_wconf 90' lang='grc' dir='ltr'>κιϐωτῷ</span> <span class='ocrx_word' id='word_1_386' title='bbox 705 4280 969 4350; x_wconf 73' lang='grc' dir='ltr'>οἰκήσεως</span> <span class='ocrx_word' id='word_1_387' title='bbox 999 4281 1270 4350; x_wconf 73' lang='grc' dir='ltr'>ἠνέσχετο,</span> <span class='ocrx_word' id='word_1_388' title='bbox 1325 4280 1484 4334; x_wconf 81' lang='grc' dir='ltr'>πάλιν</span> <span class='ocrx_word' id='word_1_389' title='bbox 1529 4281 1598 4336; x_wconf 87' lang='grc' dir='ltr'>τά</span> <span class='ocrx_word' id='word_1_390' title='bbox 1647 4285 1795 4357; x_wconf 79' lang='grc' dir='ltr'>παρά</span> <span class='ocrx_word' id='word_1_391' title='bbox 1850 4288 1944 4342; x_wconf 87' lang='grc' dir='ltr'>τοῦ</span> <span class='ocrx_word' id='word_1_392' title='bbox 1983 4289 2120 4344; x_wconf 82' lang='grc' dir='ltr'>Θεοῦ</span> 
     </span>
    </p>
   </div>
   <div class='ocr_carea' id='block_1_48' title="bbox 459 4362 2120 4446">
    <p class='ocr_par' dir='ltr' id='par_1_48' title="bbox 459 4362 2120 4446">
     <span class='ocr_line' id='line_1_48' title="bbox 459 4362 2120 4446; baseline 0.008 -33"><span class='ocrx_word' id='word_1_393' title='bbox 459 4362 786 4431; x_wconf 74' lang='grc' dir='ltr'>ἠκολούθησε</span> <span class='ocrx_word' id='word_1_394' title='bbox 811 4364 949 4432; x_wconf 88' lang='grc' dir='ltr'>μετά</span> <span class='ocrx_word' id='word_1_395' title='bbox 1000 4363 1200 4432; x_wconf 85' lang='grc' dir='ltr'>πολλῆς</span> <span class='ocrx_word' id='word_1_396' title='bbox 1225 4367 1321 4435; x_wconf 80' lang='grc' dir='ltr'>τῆς</span> <span class='ocrx_word' id='word_1_397' title='bbox 1342 4366 1670 4436; x_wconf 80' lang='grc' dir='ltr'>φιλοτιμίας,</span> <span class='ocrx_word' id='word_1_398' title='bbox 1701 4371 1794 4423; x_wconf 73' lang='grc' dir='ltr'>καὶ</span> <span class='ocrx_word' id='word_1_399' title='bbox 1819 4370 2120 4446; x_wconf 75' lang='grc' dir='ltr'>έξενεχθεὶς</span> 
     </span>
    </p>
   </div>
   <div class='ocr_carea' id='block_1_49' title="bbox 459 4447 2118 4527">
    <p class='ocr_par' dir='ltr' id='par_1_49' title="bbox 459 4447 2118 4527">
     <span class='ocr_line' id='line_1_49' title="bbox 459 4447 2118 4527; baseline 0.011 -30"><span class='ocrx_word' id='word_1_400' title='bbox 459 4447 558 4514; x_wconf 85' lang='grc' dir='ltr'>τῆς</span> <span class='ocrx_word' id='word_1_401' title='bbox 590 4447 840 4512; x_wconf 89' lang='grc' dir='ltr'>κιϐωτοῦ,</span> <span class='ocrx_word' id='word_1_402' title='bbox 873 4450 967 4501; x_wconf 80' lang='grc' dir='ltr'>καὶ</span> <span class='ocrx_word' id='word_1_403' title='bbox 1002 4450 1082 4512; x_wconf 90' lang='grc' dir='ltr'>είς</span> <span class='ocrx_word' id='word_1_404' title='bbox 1108 4451 1206 4520; x_wconf 72' lang='grc' dir='ltr'>τὴν</span> <span class='ocrx_word' id='word_1_405' title='bbox 1239 4451 1507 4522; x_wconf 87' lang='grc' dir='ltr'>προτέραν</span> <span class='ocrx_word' id='word_1_406' title='bbox 1537 4451 1812 4527; x_wconf 75' lang='grc' dir='ltr'>διαγωγὴν</span> <span class='ocrx_word' id='word_1_407' title='bbox 1841 4457 2118 4515; x_wconf 82' lang='grc' dir='ltr'>ἀποκατα-</span> 
     </span>
    </p>
   </div>
   <div class='ocr_carea' id='block_1_50' title="bbox 462 4531 2117 4616">
    <p class='ocr_par' dir='ltr' id='par_1_50' title="bbox 462 4531 2117 4616">
     <span class='ocr_line' id='line_1_50' title="bbox 462 4531 2117 4616; baseline 0.011 -34"><span class='ocrx_word' id='word_1_408' title='bbox 462 4531 698 4593; x_wconf 77' lang='grc' dir='ltr'>σταθεὶς,</span> <span class='ocrx_word' id='word_1_409' title='bbox 733 4532 929 4596; x_wconf 86' lang='grc' dir='ltr'>εὐθέως</span> <span class='ocrx_word' id='word_1_410' title='bbox 981 4536 1227 4601; x_wconf 81' lang='grc' dir='ltr'>εὐλογίας</span> <span class='ocrx_word' id='word_1_411' title='bbox 1256 4535 1521 4602; x_wconf 77' lang='grc' dir='ltr'>ἀξιοῦται,</span> <span class='ocrx_word' id='word_1_412' title='bbox 1582 4541 1676 4592; x_wconf 81' lang='grc' dir='ltr'>καὶ</span> <span class='ocrx_word' id='word_1_413' title='bbox 1709 4541 1872 4596; x_wconf 83' lang='grc' dir='ltr'>πάλιν</span> <span class='ocrx_word' id='word_1_414' title='bbox 1901 4545 2001 4616; x_wconf 80' lang='grc' dir='ltr'>τὴν</span> <span class='ocrx_word' id='word_1_415' title='bbox 2037 4550 2117 4600; x_wconf 56' lang='lat' dir='ltr'>oi-</span> 
     </span>
    </p>
   </div>
   <div class='ocr_carea' id='block_1_51' title="bbox 460 4616 2115 4693">
    <p class='ocr_par' dir='ltr' id='par_1_51' title="bbox 460 4616 2115 4693">
     <span class='ocr_line' id='line_1_51' title="bbox 460 4616 2115 4693; baseline 0.01 -25"><span class='ocrx_word' id='word_1_416' title='bbox 460 4617 614 4668; x_wconf 86' lang='grc' dir='ltr'>κείαν</span> <span class='ocrx_word' id='word_1_417' title='bbox 641 4616 1057 4686; x_wconf 85' lang='grc' dir='ltr'>εὐγνωμοσύνην</span> <span class='ocrx_word' id='word_1_418' title='bbox 1093 4619 1516 4688; x_wconf 71' lang='grc' dir='ltr'>ἀπιδειξάμενος.</span> <span class='ocrx_word' id='word_1_419' title='bbox 1558 4624 1648 4675; x_wconf 75' lang='grc' dir='ltr'>καὶ</span> <span class='ocrx_word' id='word_1_420' title='bbox 1667 4625 1765 4693; x_wconf 81' lang='grc' dir='ltr'>τήν</span> <span class='ocrx_word' id='word_1_421' title='bbox 1795 4629 1931 4681; x_wconf 87' lang='grc' dir='ltr'>κατά</span> <span class='ocrx_word' id='word_1_422' title='bbox 1956 4630 2115 4684; x_wconf 87' lang='grc' dir='ltr'>δύνα-</span> 
     </span>
    </p>
   </div>
   <div class='ocr_carea' id='block_1_52' title="bbox 462 4701 2118 4779">
    <p class='ocr_par' dir='ltr' id='par_1_52' title="bbox 462 4701 2118 4779">
     <span class='ocr_line' id='line_1_52' title="bbox 462 4701 2118 4779; baseline 0.01 -27"><span class='ocrx_word' id='word_1_423' title='bbox 462 4718 554 4770; x_wconf 88' lang='grc' dir='ltr'>μιν</span> <span class='ocrx_word' id='word_1_424' title='bbox 581 4701 923 4771; x_wconf 84' lang='grc' dir='ltr'>εὐχαριστίαν</span> <span class='ocrx_word' id='word_1_425' title='bbox 951 4703 1332 4772; x_wconf 77' lang='grc' dir='ltr'>ποιησάμενος,</span> <span class='ocrx_word' id='word_1_426' title='bbox 1361 4707 1460 4758; x_wconf 68' lang='grc' dir='ltr'>καὶ</span> <span class='ocrx_word' id='word_1_427' title='bbox 1486 4706 1628 4761; x_wconf 84' lang='grc' dir='ltr'>οὑτω</span> <span class='ocrx_word' id='word_1_428' title='bbox 1658 4710 1917 4778; x_wconf 80' lang='grc' dir='ltr'>μειζόνων</span> <span class='ocrx_word' id='word_1_429' title='bbox 1940 4715 2118 4779; x_wconf 80' lang='grc' dir='ltr'>ἀξιοῦ-</span> 
     </span>
    </p>
   </div>
   <div class='ocr_carea' id='block_1_53' title="bbox 455 4787 2119 4872">
    <p class='ocr_par' dir='ltr' id='par_1_53' title="bbox 455 4787 2119 4872">
     <span class='ocr_line' id='line_1_53' title="bbox 455 4787 2119 4872; baseline 0.015 -41"><span class='ocrx_word' id='word_1_430' title='bbox 455 4804 543 4840; x_wconf 69' lang='grc' dir='ltr'>ται</span> <span class='ocrx_word' id='word_1_431' title='bbox 571 4788 718 4858; x_wconf 78' lang='grc' dir='ltr'>παρὰ</span> <span class='ocrx_word' id='word_1_432' title='bbox 746 4789 840 4840; x_wconf 83' lang='grc' dir='ltr'>τοῦ</span> <span class='ocrx_word' id='word_1_433' title='bbox 866 4787 1241 4859; x_wconf 78' lang='grc' dir='ltr'>φιλανθρώπου</span> <span class='ocrx_word' id='word_1_434' title='bbox 1261 4791 1414 4844; x_wconf 83' lang='grc' dir='ltr'>Θεοῦ.</span> <span class='ocrx_word' id='word_1_435' title='bbox 1453 4793 1561 4846; x_wconf 78' lang='grc' dir='ltr'>Καὶ</span> <span class='ocrx_word' id='word_1_436' title='bbox 1582 4795 1690 4864; x_wconf 83' lang='grc' dir='ltr'>γὰρ</span> <span class='ocrx_word' id='word_1_437' title='bbox 1720 4794 1840 4860; x_wconf 72' lang='grc' dir='ltr'>εθος</span> <span class='ocrx_word' id='word_1_438' title='bbox 1865 4799 2022 4853; x_wconf 88' lang='grc' dir='ltr'>τοῦτο</span> <span class='ocrx_word' id='word_1_439' title='bbox 2041 4803 2119 4872; x_wconf 83' lang='grc' dir='ltr'>τῷ</span> 
     </span>
    </p>
   </div>
   <div class='ocr_carea' id='block_1_54' title="bbox 455 4874 2116 4959">
    <p class='ocr_par' dir='ltr' id='par_1_54' title="bbox 455 4874 2116 4959">
     <span class='ocr_line' id='line_1_54' title="bbox 455 4874 2116 4959; baseline 0.011 -35"><span class='ocrx_word' id='word_1_440' title='bbox 455 4874 595 4945; x_wconf 79' lang='grc' dir='ltr'>θεῷ,</span> <span class='ocrx_word' id='word_1_441' title='bbox 626 4876 841 4929; x_wconf 72' lang='grc' dir='ltr'>ἐπειδὰν</span> <span class='ocrx_word' id='word_1_442' title='bbox 883 4877 1054 4946; x_wconf 86' lang='grc' dir='ltr'>μικρὰ</span> <span class='ocrx_word' id='word_1_443' title='bbox 1109 4878 1202 4930; x_wconf 77' lang='grc' dir='ltr'>καὶ</span> <span class='ocrx_word' id='word_1_444' title='bbox 1228 4879 1417 4948; x_wconf 85' lang='grc' dir='ltr'>εὐτελῆ</span> <span class='ocrx_word' id='word_1_445' title='bbox 1451 4879 1579 4950; x_wconf 86' lang='grc' dir='ltr'>παρ’</span> <span class='ocrx_word' id='word_1_446' title='bbox 1610 4881 1769 4951; x_wconf 83' lang='grc' dir='ltr'>ήμῶν</span> <span class='ocrx_word' id='word_1_447' title='bbox 1813 4887 2116 4959; x_wconf 73' lang='grc' dir='ltr'>είσενεχθῇ.</span> 
     </span>
    </p>
   </div>
   <div class='ocr_carea' id='block_1_55' title="bbox 454 4959 2118 5040">
    <p class='ocr_par' dir='ltr' id='par_1_55' title="bbox 454 4959 2118 5040">
     <span class='ocr_line' id='line_1_55' title="bbox 454 4959 2118 5040; baseline 0.006 -26"><span class='ocrx_word' id='word_1_448' title='bbox 454 4963 604 5031; x_wconf 82' lang='grc' dir='ltr'>ὅμως</span> <span class='ocrx_word' id='word_1_449' title='bbox 633 4962 677 5014; x_wconf 78' lang='grc' dir='ltr'>δ’</span> <span class='ocrx_word' id='word_1_450' title='bbox 703 4959 797 5015; x_wconf 89' lang='lat' dir='ltr'><strong>06v</strong></span> <span class='ocrx_word' id='word_1_451' title='bbox 823 4963 1122 5033; x_wconf 69' lang='grc' dir='ltr'>είσενεχθῇ,</span> <span class='ocrx_word' id='word_1_452' title='bbox 1174 4963 1369 5034; x_wconf 81' lang='grc' dir='ltr'>πολλὴν</span> <span class='ocrx_word' id='word_1_453' title='bbox 1389 4967 1519 5035; x_wconf 84' lang='grc' dir='ltr'>ήμῐν</span> <span class='ocrx_word' id='word_1_454' title='bbox 1537 4968 1636 5038; x_wconf 80' lang='grc' dir='ltr'>τὴν</span> <span class='ocrx_word' id='word_1_455' title='bbox 1671 4973 1798 5040; x_wconf 79' lang='grc' dir='ltr'>παρ’</span> <span class='ocrx_word' id='word_1_456' title='bbox 1828 4973 1991 5026; x_wconf 86' lang='grc' dir='ltr'>αὑτοῦ</span> <span class='ocrx_word' id='word_1_457' title='bbox 2016 4975 2118 5029; x_wconf 84' lang='grc' dir='ltr'>δω-</span> 
     </span>
    </p>
   </div>
   <div class='ocr_carea' id='block_1_56' title="bbox 457 5043 2118 5126">
    <p class='ocr_par' dir='ltr' id='par_1_56' title="bbox 457 5043 2118 5126">
     <span class='ocr_line' id='line_1_56' title="bbox 457 5043 2118 5126; baseline 0.008 -31"><span class='ocrx_word' id='word_1_458' title='bbox 457 5043 667 5114; x_wconf 82' lang='grc' dir='ltr'>ρεῖσθαι</span> <span class='ocrx_word' id='word_1_459' title='bbox 699 5044 1027 5113; x_wconf 84' lang='grc' dir='ltr'>φιλοτιμίαν.</span> <span class='ocrx_word' id='word_1_460' title='bbox 1053 5047 1162 5098; x_wconf 73' lang='grc' dir='ltr'>Καὶ</span> <span class='ocrx_word' id='word_1_461' title='bbox 1183 5046 1267 5099; x_wconf 78' lang='grc' dir='ltr'>ἵνα</span> <span class='ocrx_word' id='word_1_462' title='bbox 1295 5047 1470 5117; x_wconf 81' lang='grc' dir='ltr'>μάθῃς</span> <span class='ocrx_word' id='word_1_463' title='bbox 1520 5050 1616 5102; x_wconf 69' lang='grc' dir='ltr'>καὶ</span> <span class='ocrx_word' id='word_1_464' title='bbox 1645 5051 1744 5120; x_wconf 84' lang='grc' dir='ltr'>τῆς</span> <span class='ocrx_word' id='word_1_465' title='bbox 1773 5053 2118 5126; x_wconf 83' lang='grc' dir='ltr'>ἀνθρωπίνης</span> 
     </span>
    </p>
   </div>
   <div class='ocr_carea' id='block_1_57' title="bbox 457 5130 2116 5210">
    <p class='ocr_par' dir='ltr' id='par_1_57' title="bbox 457 5130 2116 5210">
     <span class='ocr_line' id='line_1_57' title="bbox 457 5130 2116 5210; baseline 0.008 -29"><span class='ocrx_word' id='word_1_466' title='bbox 457 5130 725 5192; x_wconf 87' lang='grc' dir='ltr'>εὐτελείας</span> <span class='ocrx_word' id='word_1_467' title='bbox 754 5130 852 5200; x_wconf 77' lang='grc' dir='ltr'>τὴν</span> <span class='ocrx_word' id='word_1_468' title='bbox 886 5131 1208 5203; x_wconf 77' lang='grc' dir='ltr'>ὑπερϐολὴν,</span> <span class='ocrx_word' id='word_1_469' title='bbox 1236 5132 1444 5185; x_wconf 78' lang='grc' dir='ltr'>καὶτοῦ</span> <span class='ocrx_word' id='word_1_470' title='bbox 1481 5135 1748 5190; x_wconf 74' lang='grc' dir='ltr'>Δεσπάωυ</span> <span class='ocrx_word' id='word_1_471' title='bbox 1781 5155 1874 5191; x_wconf 86' lang='grc' dir='ltr'>σου</span> <span class='ocrx_word' id='word_1_472' title='bbox 1893 5140 1992 5210; x_wconf 74' lang='grc' dir='ltr'>τήν</span> <span class='ocrx_word' id='word_1_473' title='bbox 2025 5159 2116 5210; x_wconf 91' lang='grc' dir='ltr'>φι-</span> 
     </span>
    </p>
   </div>
   <div class='ocr_carea' id='block_1_58' title="bbox 456 5215 2114 5296">
    <p class='ocr_par' dir='ltr' id='par_1_58' title="bbox 456 5215 2114 5296">
     <span class='ocr_line' id='line_1_58' title="bbox 456 5215 2114 5296; baseline 0.008 -29"><span class='ocrx_word' id='word_1_474' title='bbox 456 5215 725 5284; x_wconf 85' lang='grc' dir='ltr'>λοτιμίαν,</span> <span class='ocrx_word' id='word_1_475' title='bbox 759 5217 949 5270; x_wconf 88' lang='grc' dir='ltr'>σκόπει</span> <span class='ocrx_word' id='word_1_476' title='bbox 985 5235 1076 5286; x_wconf 88' lang='grc' dir='ltr'>μοι</span> <span class='ocrx_word' id='word_1_477' title='bbox 1104 5219 1356 5272; x_wconf 77' lang='grc' dir='ltr'>ενταῦθα.</span> <span class='ocrx_word' id='word_1_478' title='bbox 1383 5219 1501 5273; x_wconf 81' lang='grc' dir='ltr'>Κάν</span> <span class='ocrx_word' id='word_1_479' title='bbox 1535 5221 1642 5290; x_wconf 84' lang='grc' dir='ltr'>γὰρ</span> <span class='ocrx_word' id='word_1_480' title='bbox 1681 5221 2028 5296; x_wconf 81' lang='grc' dir='ltr'>βουληθῶμέν</span> <span class='ocrx_word' id='word_1_481' title='bbox 2061 5245 2114 5282; x_wconf 90' lang='grc' dir='ltr'>τι</span> 
     </span>
    </p>
   </div>
   <div class='ocr_carea' id='block_1_59' title="bbox 457 5300 2116 5379">
    <p class='ocr_par' dir='ltr' id='par_1_59' title="bbox 457 5300 2116 5379">
     <span class='ocr_line' id='line_1_59' title="bbox 457 5300 2116 5379; baseline 0.01 -28"><span class='ocrx_word' id='word_1_482' title='bbox 457 5300 801 5368; x_wconf 76' lang='grc' dir='ltr'>ιίσενεγκεῖν,</span> <span class='ocrx_word' id='word_1_483' title='bbox 820 5304 872 5354; x_wconf 89' lang='grc' dir='ltr'>τί</span> <span class='ocrx_word' id='word_1_484' title='bbox 903 5302 1154 5356; x_wconf 89' lang='grc' dir='ltr'>τοσοῦτον</span> <span class='ocrx_word' id='word_1_485' title='bbox 1178 5303 1536 5374; x_wconf 85' lang='grc' dir='ltr'>δυνησόμεθα,</span> <span class='ocrx_word' id='word_1_486' title='bbox 1562 5305 1595 5375; x_wconf 74' lang='grc' dir='ltr'>ἦ</span> <span class='ocrx_word' id='word_1_487' title='bbox 1617 5307 1739 5360; x_wconf 79' lang='grc' dir='ltr'>ὅσον</span> <span class='ocrx_word' id='word_1_488' title='bbox 1771 5309 1868 5379; x_wconf 80' lang='grc' dir='ltr'>τὴν</span> <span class='ocrx_word' id='word_1_489' title='bbox 1888 5311 1974 5364; x_wconf 85' lang='grc' dir='ltr'>διὰ</span> <span class='ocrx_word' id='word_1_490' title='bbox 2007 5315 2116 5367; x_wconf 90' lang='grc' dir='ltr'>τῶν</span> 
     </span>
    </p>
   </div>
   <div class='ocr_carea' id='block_1_60' title="bbox 455 5387 2113 5466">
    <p class='ocr_par' dir='ltr' id='par_1_60' title="bbox 455 5387 2113 5466">
     <span class='ocr_line' id='line_1_60' title="bbox 455 5387 2113 5466; baseline 0.01 -29"><span class='ocrx_word' id='word_1_491' title='bbox 455 5387 625 5453; x_wconf 81' lang='grc' dir='ltr'>λόγων</span> <span class='ocrx_word' id='word_1_492' title='bbox 655 5387 1002 5456; x_wconf 86' lang='grc' dir='ltr'>εὐχαριστίαν</span> <span class='ocrx_word' id='word_1_493' title='bbox 1023 5388 1389 5454; x_wconf 64' lang='grc' dir='ltr'>ἐπιδείξασθαι</span> <span class='ocrx_word' id='word_1_494' title='bbox 1415 5406 1430 5453; x_wconf 89' lang='lat'>;</span> <span class='ocrx_word' id='word_1_495' title='bbox 1462 5390 1543 5443; x_wconf 83' lang='grc' dir='ltr'>Τά</span> <span class='ocrx_word' id='word_1_496' title='bbox 1568 5392 1668 5461; x_wconf 88' lang='grc' dir='ltr'>μέν</span> <span class='ocrx_word' id='word_1_497' title='bbox 1692 5408 1772 5445; x_wconf 90' lang='grc' dir='ltr'>τοι</span> <span class='ocrx_word' id='word_1_498' title='bbox 1786 5399 1922 5466; x_wconf 78' lang='grc' dir='ltr'>παρ’</span> <span class='ocrx_word' id='word_1_499' title='bbox 1951 5399 2113 5453; x_wconf 89' lang='lat'><strong>06106</strong></span> 
     </span>
    </p>
   </div>
   <div class='ocr_carea' id='block_1_61' title="bbox 454 5471 2114 5545">
    <p class='ocr_par' dir='ltr' id='par_1_61' title="bbox 454 5471 2114 5545">
     <span class='ocr_line' id='line_1_61' title="bbox 454 5471 2114 5545; baseline 0.008 -21"><span class='ocrx_word' id='word_1_500' title='bbox 454 5471 545 5524; x_wconf 84' lang='grc' dir='ltr'>διά</span> <span class='ocrx_word' id='word_1_501' title='bbox 579 5471 683 5525; x_wconf 80' lang='grc' dir='ltr'>τῶν</span> <span class='ocrx_word' id='word_1_502' title='bbox 711 5473 887 5542; x_wconf 69' lang='grc' dir='ltr'>ἔργων</span> <span class='ocrx_word' id='word_1_503' title='bbox 924 5474 1002 5537; x_wconf 89' lang='grc' dir='ltr'>εἰς</span> <span class='ocrx_word' id='word_1_504' title='bbox 1037 5475 1181 5545; x_wconf 73' lang='grc' dir='ltr'>ἡμᾶς</span> <span class='ocrx_word' id='word_1_505' title='bbox 1210 5474 1595 5544; x_wconf 69' lang='grc' dir='ltr'>ἐκπληροῦται.</span> <span class='ocrx_word' id='word_1_506' title='bbox 1627 5477 1737 5532; x_wconf 87' lang='grc' dir='ltr'>Ποῦ</span> <span class='ocrx_word' id='word_1_507' title='bbox 1785 5476 1876 5536; x_wconf 85' lang='lat' dir='ltr'><strong>06v</strong></span> <span class='ocrx_word' id='word_1_508' title='bbox 1905 5483 1970 5537; x_wconf 82' lang='grc' dir='ltr'>ἂν</span> <span class='ocrx_word' id='word_1_509' title='bbox 2004 5484 2114 5540; x_wconf 72' lang='grc' dir='ltr'>ἴσον</span> 
     </span>
    </p>
   </div>
   <div class='ocr_carea' id='block_1_62' title="bbox 520 5657 1586 5728">
    <p class='ocr_par' dir='ltr' id='par_1_62' title="bbox 520 5657 1586 5728">
     <span class='ocr_line' id='line_1_62' title="bbox 520 5657 1586 5728; baseline 0.008 -21"><span class='ocrx_word' id='word_1_510' title='bbox 520 5661 543 5688; x_wconf 82' lang='grc'><strong><em>⁸</em></strong></span> <span class='ocrx_word' id='word_1_511' title='bbox 573 5657 710 5711; x_wconf 69' lang='lat' dir='ltr'>Multi</span> <span class='ocrx_word' id='word_1_512' title='bbox 735 5674 844 5710; x_wconf 77' lang='lat' dir='ltr'>mss.</span> <span class='ocrx_word' id='word_1_513' title='bbox 867 5665 991 5712; x_wconf 84' lang='grc' dir='ltr'>οὕτω</span> <span class='ocrx_word' id='word_1_514' title='bbox 1010 5664 1258 5714; x_wconf 82' lang='grc' dir='ltr'>παιδεῦσαι</span> <span class='ocrx_word' id='word_1_515' title='bbox 1280 5664 1586 5728; x_wconf 75' lang='grc' dir='ltr'>δυνησόμεθα.</span> 
     </span>
    </p>
   </div>
   <div class='ocr_carea' id='block_1_63' title="bbox 1208 310 3065 376">
    <p class='ocr_par' dir='ltr' id='par_1_63' title="bbox 1208 310 3065 376">
     <span class='ocr_line' id='line_1_63' title="bbox 1208 310 3065 376; baseline 0.002 -8"><span class='ocrx_word' id='word_1_516' title='bbox 1208 315 1267 368; x_wconf 84' lang='lat' dir='ltr'>S.</span> <span class='ocrx_word' id='word_1_517' title='bbox 1311 310 1589 370; x_wconf 73' lang='lat' dir='ltr'>JOANNIS</span> <span class='ocrx_word' id='word_1_518' title='bbox 1625 314 2110 374; x_wconf 67' lang='lat' dir='ltr'>CHRYSOSTOMI</span> <span class='ocrx_word' id='word_1_519' title='bbox 2160 319 2479 376; x_wconf 72' lang='lat' dir='ltr'>ARCHIEP.</span> <span class='ocrx_word' id='word_1_520' title='bbox 2521 316 3065 376; x_wconf 69' lang='lat' dir='ltr'>CONSTANTINOP.</span> 
     </span>
    </p>
   </div>
   <div class='ocr_carea' id='block_1_64' title="bbox 3765 86 4029 258">
    <p class='ocr_par' dir='ltr' id='par_1_64' title="bbox 3765 86 4029 258">
     <span class='ocr_line' id='line_1_64' title="bbox 3765 86 4029 258; baseline 0.004 -21"><span class='ocrx_word' id='word_1_521' title='bbox 3765 86 4029 238; x_wconf 45' lang='grc' dir='ltr'>*Ἴ</span> 
     </span>
    </p>
   </div>
   <div class='ocr_carea' id='block_1_65' title="bbox 2223 428 3894 509">
    <p class='ocr_par' dir='ltr' id='par_1_65' title="bbox 2223 428 3894 509">
     <span class='ocr_line' id='line_1_65' title="bbox 2223 428 3894 509; baseline -0.005 -18"><span class='ocrx_word' id='word_1_522' title='bbox 2223 438 2429 506; x_wconf 87' lang='grc' dir='ltr'>γένοιτο</span> <span class='ocrx_word' id='word_1_523' title='bbox 2451 440 2586 509; x_wconf 72' lang='grc' dir='ltr'>ἔργα</span> <span class='ocrx_word' id='word_1_524' title='bbox 2623 438 2714 490; x_wconf 74' lang='grc' dir='ltr'>καὶ</span> <span class='ocrx_word' id='word_1_525' title='bbox 2746 437 2924 504; x_wconf 71' lang='grc' dir='ltr'>λόγοις</span> <span class='ocrx_word' id='word_1_526' title='bbox 2968 432 3241 504; x_wconf 70' lang='grc' dir='ltr'>Ἀνενϐεὴς</span> <span class='ocrx_word' id='word_1_527' title='bbox 3270 430 3378 502; x_wconf 85' lang='grc' dir='ltr'>γάρ</span> <span class='ocrx_word' id='word_1_528' title='bbox 3413 430 3489 484; x_wconf 77' lang='grc' dir='ltr'>ὢν</span> <span class='ocrx_word' id='word_1_529' title='bbox 3509 429 3656 503; x_wconf 66' lang='lat'><strong>[255]</strong></span> <span class='ocrx_word' id='word_1_530' title='bbox 3684 430 3841 501; x_wconf 68' lang='grc' dir='ltr'>ἡμῶν</span> <span class='ocrx_word' id='word_1_531' title='bbox 3861 428 3894 483; x_wconf 71' lang='grc' dir='ltr'><strong>ὅ</strong></span> 
     </span>
    </p>
   </div>
   <div class='ocr_carea' id='block_1_66' title="bbox 2224 513 3890 592">
    <p class='ocr_par' dir='ltr' id='par_1_66' title="bbox 2224 513 3890 592">
     <span class='ocr_line' id='line_1_66' title="bbox 2224 513 3890 592; baseline -0.002 -19"><span class='ocrx_word' id='word_1_532' title='bbox 2224 523 2519 592; x_wconf 85' lang='grc' dir='ltr'>Δεσπότης,</span> <span class='ocrx_word' id='word_1_533' title='bbox 2553 520 2762 580; x_wconf 79' lang='grc' dir='ltr'>οὐδενὸς</span> <span class='ocrx_word' id='word_1_534' title='bbox 2777 519 2946 571; x_wconf 84' lang='grc' dir='ltr'>δεῖται</span> <span class='ocrx_word' id='word_1_535' title='bbox 2972 517 3078 570; x_wconf 84' lang='grc' dir='ltr'>τῶν</span> <span class='ocrx_word' id='word_1_536' title='bbox 3108 518 3233 588; x_wconf 83' lang='grc' dir='ltr'>παρ’</span> <span class='ocrx_word' id='word_1_537' title='bbox 3256 513 3434 584; x_wconf 80' lang='grc' dir='ltr'>ήμῶν,</span> <span class='ocrx_word' id='word_1_538' title='bbox 3468 517 3516 566; x_wconf 89' lang='grc' dir='ltr'>εί</span> <span class='ocrx_word' id='word_1_539' title='bbox 3549 515 3624 584; x_wconf 83' lang='grc' dir='ltr'>μὴ</span> <span class='ocrx_word' id='word_1_540' title='bbox 3652 514 3762 566; x_wconf 88' lang='grc' dir='ltr'>τῶν</span> <span class='ocrx_word' id='word_1_541' title='bbox 3792 517 3890 584; x_wconf 75' lang='grc' dir='ltr'>ρη-</span> 
     </span>
    </p>
   </div>
   <div class='ocr_carea' id='block_1_67' title="bbox 2227 597 3892 672">
    <p class='ocr_par' dir='ltr' id='par_1_67' title="bbox 2227 597 3892 672">
     <span class='ocr_line' id='line_1_67' title="bbox 2227 597 3892 672; baseline -0.004 -19"><span class='ocrx_word' id='word_1_542' title='bbox 2227 603 2414 670; x_wconf 82' lang='grc' dir='ltr'>μὰτων</span> <span class='ocrx_word' id='word_1_543' title='bbox 2451 603 2628 672; x_wconf 85' lang='grc' dir='ltr'>μόνον·</span> <span class='ocrx_word' id='word_1_544' title='bbox 2672 601 2765 653; x_wconf 72' lang='grc' dir='ltr'>καὶ</span> <span class='ocrx_word' id='word_1_545' title='bbox 2793 600 2962 670; x_wconf 72' lang='grc' dir='ltr'>αὐτὴν</span> <span class='ocrx_word' id='word_1_546' title='bbox 2993 600 3049 652; x_wconf 79' lang='grc' dir='ltr'>δὲ</span> <span class='ocrx_word' id='word_1_547' title='bbox 3077 598 3175 668; x_wconf 73' lang='grc' dir='ltr'>τὴν</span> <span class='ocrx_word' id='word_1_548' title='bbox 3202 597 3289 649; x_wconf 80' lang='grc' dir='ltr'>διὰ</span> <span class='ocrx_word' id='word_1_549' title='bbox 3315 597 3422 649; x_wconf 88' lang='grc' dir='ltr'>τῶν</span> <span class='ocrx_word' id='word_1_550' title='bbox 3455 597 3630 664; x_wconf 83' lang='grc' dir='ltr'>λόγων</span> <span class='ocrx_word' id='word_1_551' title='bbox 3671 597 3892 666; x_wconf 79' lang='grc' dir='ltr'>εὐχαρι-</span> 
     </span>
    </p>
   </div>
   <div class='ocr_carea' id='block_1_68' title="bbox 2225 677 3890 750">
    <p class='ocr_par' dir='ltr' id='par_1_68' title="bbox 2225 677 3890 750">
     <span class='ocr_line' id='line_1_68' title="bbox 2225 677 3890 750; baseline -0.003 -16"><span class='ocrx_word' id='word_1_552' title='bbox 2225 684 2380 736; x_wconf 88' lang='grc' dir='ltr'>στίαν</span> <span class='ocrx_word' id='word_1_553' title='bbox 2406 684 2659 744; x_wconf 84' lang='grc' dir='ltr'>ἀπαιτεῖ,</span> <span class='ocrx_word' id='word_1_554' title='bbox 2687 683 2786 750; x_wconf 88' lang='grc' dir='ltr'>οὐχ</span> <span class='ocrx_word' id='word_1_555' title='bbox 2817 682 2892 742; x_wconf 91' lang='grc' dir='ltr'>ώς</span> <span class='ocrx_word' id='word_1_556' title='bbox 2916 681 3122 749; x_wconf 79' lang='grc' dir='ltr'>ταύτης</span> <span class='ocrx_word' id='word_1_557' title='bbox 3179 679 3395 750; x_wconf 59' lang='lat' dir='ltr'><strong>x91;ng</strong></span> <span class='ocrx_word' id='word_1_558' title='bbox 3426 679 3607 738; x_wconf 74' lang='grc' dir='ltr'>αὐτὸς,</span> <span class='ocrx_word' id='word_1_559' title='bbox 3642 677 3756 730; x_wconf 81' lang='grc' dir='ltr'>ἀλλ’</span> <span class='ocrx_word' id='word_1_560' title='bbox 3803 678 3890 729; x_wconf 85' lang='grc' dir='ltr'>ἴνα</span> 
     </span>
    </p>
   </div>
   <div class='ocr_carea' id='block_1_69' title="bbox 2223 757 3890 838">
    <p class='ocr_par' dir='ltr' id='par_1_69' title="bbox 2223 757 3890 838">
     <span class='ocr_line' id='line_1_69' title="bbox 2223 757 3890 838; baseline -0.005 -20"><span class='ocrx_word' id='word_1_561' title='bbox 2223 768 2370 835; x_wconf 77' lang='grc' dir='ltr'>ἡμᾶς</span> <span class='ocrx_word' id='word_1_562' title='bbox 2408 765 2670 838; x_wconf 79' lang='grc' dir='ltr'>παιδεύσῃ</span> <span class='ocrx_word' id='word_1_563' title='bbox 2697 763 3046 833; x_wconf 85' lang='grc' dir='ltr'>εὐγνώμονας</span> <span class='ocrx_word' id='word_1_564' title='bbox 3073 759 3232 827; x_wconf 75' lang='grc' dir='ltr'>εἶναι,</span> <span class='ocrx_word' id='word_1_565' title='bbox 3265 763 3360 814; x_wconf 72' lang='grc' dir='ltr'>καὶ</span> <span class='ocrx_word' id='word_1_566' title='bbox 3394 759 3773 827; x_wconf 74' lang='grc' dir='ltr'>ἐπιγινώσκειν</span> <span class='ocrx_word' id='word_1_567' title='bbox 3799 757 3890 811; x_wconf 68' lang='grc' dir='ltr'>τὸν</span> 
     </span>
    </p>
   </div>
   <div class='ocr_carea' id='block_1_70' title="bbox 2223 843 3889 918">
    <p class='ocr_par' dir='ltr' id='par_1_70' title="bbox 2223 843 3889 918">
     <span class='ocr_line' id='line_1_70' title="bbox 2223 843 3889 918; baseline -0.005 -18"><span class='ocrx_word' id='word_1_568' title='bbox 2223 849 2331 900; x_wconf 90' lang='grc' dir='ltr'>τῶν</span> <span class='ocrx_word' id='word_1_569' title='bbox 2376 848 2600 916; x_wconf 89' lang='grc' dir='ltr'>ἀγαθῶν</span> <span class='ocrx_word' id='word_1_570' title='bbox 2635 847 2886 918; x_wconf 87' lang='grc' dir='ltr'>χορηγόν.</span> <span class='ocrx_word' id='word_1_571' title='bbox 2942 845 3040 898; x_wconf 87' lang='grc' dir='ltr'>Διά</span> <span class='ocrx_word' id='word_1_572' title='bbox 3079 845 3235 898; x_wconf 80' lang='grc' dir='ltr'>τοῦτο</span> <span class='ocrx_word' id='word_1_573' title='bbox 3281 848 3372 897; x_wconf 68' lang='grc' dir='ltr'>καὶ</span> <span class='ocrx_word' id='word_1_574' title='bbox 3420 844 3628 905; x_wconf 86' lang='grc' dir='ltr'>Παῦλος</span> <span class='ocrx_word' id='word_1_575' title='bbox 3665 843 3889 912; x_wconf 78' lang='grc' dir='ltr'>γράφων</span> 
     </span>
    </p>
   </div>
   <div class='ocr_carea' id='block_1_71' title="bbox 2222 922 3889 997">
    <p class='ocr_par' dir='ltr' id='par_1_71' title="bbox 2222 922 3889 997">
     <span class='ocr_line' id='line_1_71' title="bbox 2222 922 3889 997; baseline -0.005 -14"><span class='ocrx_word' id='word_1_576' title='bbox 2222 930 2427 997; x_wconf 77' lang='grc' dir='ltr'>ἔλεγεν,</span> <span class='ocrx_word' id='word_1_577' title='bbox 2458 929 2815 996; x_wconf 80' lang='grc' dir='ltr'>Εὐχάριστοι</span> <span class='ocrx_word' id='word_1_578' title='bbox 2847 928 3081 997; x_wconf 76' lang='grc' dir='ltr'>γίνεσθε</span> <span class='ocrx_word' id='word_1_579' title='bbox 3121 926 3286 979; x_wconf 78' lang='grc' dir='ltr'>Οὐδὲν</span> <span class='ocrx_word' id='word_1_580' title='bbox 3315 926 3424 996; x_wconf 85' lang='lat'>7&amp;9</span> <span class='ocrx_word' id='word_1_581' title='bbox 3451 926 3623 987; x_wconf 76' lang='grc' dir='ltr'>οὕτως</span> <span class='ocrx_word' id='word_1_582' title='bbox 3645 922 3889 993; x_wconf 73' lang='grc' dir='ltr'>ἐπιζητεῖ</span> 
     </span>
    </p>
   </div>
   <div class='ocr_carea' id='block_1_72' title="bbox 2224 1006 3889 1081">
    <p class='ocr_par' dir='ltr' id='par_1_72' title="bbox 2224 1006 3889 1081">
     <span class='ocr_line' id='line_1_72' title="bbox 2224 1006 3889 1081; baseline -0.004 -18"><span class='ocrx_word' id='word_1_583' title='bbox 2224 1010 2350 1080; x_wconf 83' lang='grc' dir='ltr'>παρ’</span> <span class='ocrx_word' id='word_1_584' title='bbox 2379 1010 2533 1081; x_wconf 86' lang='grc' dir='ltr'>ήμῶν</span> <span class='ocrx_word' id='word_1_585' title='bbox 2563 1015 2592 1062; x_wconf 86' lang='grc' dir='ltr'>ὁ</span> <span class='ocrx_word' id='word_1_586' title='bbox 2633 1012 2928 1080; x_wconf 83' lang='grc' dir='ltr'>Δεσπότης,</span> <span class='ocrx_word' id='word_1_587' title='bbox 2984 1009 3060 1073; x_wconf 82' lang='grc' dir='ltr'>ὡς</span> <span class='ocrx_word' id='word_1_588' title='bbox 3111 1008 3270 1061; x_wconf 86' lang='grc' dir='ltr'>τοῦτο</span> <span class='ocrx_word' id='word_1_589' title='bbox 3303 1007 3364 1059; x_wconf 88' lang='grc' dir='ltr'>τὸ</span> <span class='ocrx_word' id='word_1_590' title='bbox 3409 1007 3756 1077; x_wconf 88' lang='grc' dir='ltr'>κατόρθωμα.</span> <span class='ocrx_word' id='word_1_591' title='bbox 3799 1006 3889 1074; x_wconf 71' lang='grc' dir='ltr'>Μή</span> 
     </span>
    </p>
   </div>
   <div class='ocr_carea' id='block_1_73' title="bbox 2223 1089 3894 1162">
    <p class='ocr_par' dir='ltr' id='par_1_73' title="bbox 2223 1089 3894 1162">
     <span class='ocr_line' id='line_1_73' title="bbox 2223 1089 3894 1162; baseline -0.004 -16"><span class='ocrx_word' id='word_1_592' title='bbox 2223 1094 2399 1146; x_wconf 87' lang='grc' dir='ltr'>τοίνυν</span> <span class='ocrx_word' id='word_1_593' title='bbox 2438 1092 2747 1162; x_wconf 78' lang='grc' dir='ltr'>ἀγνώμονες</span> <span class='ocrx_word' id='word_1_594' title='bbox 2779 1092 3075 1161; x_wconf 89' lang='grc' dir='ltr'>γινώμεθα,</span> <span class='ocrx_word' id='word_1_595' title='bbox 3116 1091 3248 1161; x_wconf 80' lang='grc' dir='ltr'>μηδὲ</span> <span class='ocrx_word' id='word_1_596' title='bbox 3275 1090 3339 1142; x_wconf 80' lang='grc' dir='ltr'>δι’</span> <span class='ocrx_word' id='word_1_597' title='bbox 3376 1089 3551 1159; x_wconf 72' lang='grc' dir='ltr'>ἔργων</span> <span class='ocrx_word' id='word_1_598' title='bbox 3577 1089 3894 1159; x_wconf 81' lang='grc' dir='ltr'>εὐεργετού-</span> 
     </span>
    </p>
   </div>
   <div class='ocr_carea' id='block_1_74' title="bbox 2227 1170 3894 1244">
    <p class='ocr_par' dir='ltr' id='par_1_74' title="bbox 2227 1170 3894 1244">
     <span class='ocr_line' id='line_1_74' title="bbox 2227 1170 3894 1244; baseline -0.004 -16"><span class='ocrx_word' id='word_1_599' title='bbox 2227 1193 2376 1244; x_wconf 77' lang='grc' dir='ltr'>μενοι</span> <span class='ocrx_word' id='word_1_600' title='bbox 2411 1176 2584 1237; x_wconf 73' lang='grc' dir='ltr'>αὐτοὶ,</span> <span class='ocrx_word' id='word_1_601' title='bbox 2625 1174 2870 1244; x_wconf 87' lang='grc' dir='ltr'>όκνῶμεν</span> <span class='ocrx_word' id='word_1_602' title='bbox 2914 1174 3010 1242; x_wconf 77' lang='grc' dir='ltr'>τήν</span> <span class='ocrx_word' id='word_1_603' title='bbox 3059 1173 3146 1226; x_wconf 87' lang='grc' dir='ltr'>διά</span> <span class='ocrx_word' id='word_1_604' title='bbox 3189 1173 3296 1225; x_wconf 83' lang='grc' dir='ltr'>τῶν</span> <span class='ocrx_word' id='word_1_605' title='bbox 3326 1172 3497 1238; x_wconf 87' lang='grc' dir='ltr'>λόγων</span> <span class='ocrx_word' id='word_1_606' title='bbox 3543 1170 3894 1242; x_wconf 81' lang='grc' dir='ltr'>εὐχαριστίαν</span> 
     </span>
    </p>
   </div>
   <div class='ocr_carea' id='block_1_75' title="bbox 2225 1252 3895 1326">
    <p class='ocr_par' dir='ltr' id='par_1_75' title="bbox 2225 1252 3895 1326">
     <span class='ocr_line' id='line_1_75' title="bbox 2225 1252 3895 1326; baseline -0.001 -19"><span class='ocrx_word' id='word_1_607' title='bbox 2225 1255 2514 1326; x_wconf 84' lang='grc' dir='ltr'>ἀναφέρειν</span> <span class='ocrx_word' id='word_1_608' title='bbox 2564 1255 2640 1324; x_wconf 85' lang='grc' dir='ltr'>τῷ</span> <span class='ocrx_word' id='word_1_609' title='bbox 2673 1255 2936 1326; x_wconf 70' lang='grc' dir='ltr'>Δεστυότῃ·</span> <span class='ocrx_word' id='word_1_610' title='bbox 2993 1253 3157 1306; x_wconf 80' lang='grc' dir='ltr'>πάλιν</span> <span class='ocrx_word' id='word_1_611' title='bbox 3188 1253 3296 1323; x_wconf 79' lang='lat'>7&amp;9</span> <span class='ocrx_word' id='word_1_612' title='bbox 3333 1255 3413 1316; x_wconf 84' lang='grc' dir='ltr'>είς</span> <span class='ocrx_word' id='word_1_613' title='bbox 3443 1255 3589 1323; x_wconf 75' lang='grc' dir='ltr'>ἡμεῖς</span> <span class='ocrx_word' id='word_1_614' title='bbox 3620 1253 3681 1304; x_wconf 77' lang='grc' dir='ltr'>τὸ</span> <span class='ocrx_word' id='word_1_615' title='bbox 3709 1252 3895 1320; x_wconf 76' lang='grc' dir='ltr'>κέρδος</span> 
     </span>
    </p>
   </div>
   <div class='ocr_carea' id='block_1_76' title="bbox 2226 1335 3892 1408">
    <p class='ocr_par' dir='ltr' id='par_1_76' title="bbox 2226 1335 3892 1408">
     <span class='ocr_line' id='line_1_76' title="bbox 2226 1335 3892 1408; baseline -0.002 -19"><span class='ocrx_word' id='word_1_616' title='bbox 2226 1338 2588 1408; x_wconf 82' lang='grc' dir='ltr'>περιίσταται.</span> <span class='ocrx_word' id='word_1_617' title='bbox 2655 1337 2778 1390; x_wconf 87' lang='grc' dir='ltr'>Ἐὰν</span> <span class='ocrx_word' id='word_1_618' title='bbox 2814 1338 2923 1407; x_wconf 84' lang='grc' dir='ltr'>γὰρ</span> <span class='ocrx_word' id='word_1_619' title='bbox 2957 1336 3048 1388; x_wconf 74' lang='grc' dir='ltr'>ἐπὶ</span> <span class='ocrx_word' id='word_1_620' title='bbox 3096 1338 3206 1396; x_wconf 85' lang='grc' dir='ltr'>τοῖς</span> <span class='ocrx_word' id='word_1_621' title='bbox 3261 1337 3528 1404; x_wconf 79' lang='grc' dir='ltr'>φθάσασιν</span> <span class='ocrx_word' id='word_1_622' title='bbox 3581 1335 3892 1404; x_wconf 73' lang='grc' dir='ltr'>εὐχάριστοι</span> 
     </span>
    </p>
   </div>
   <div class='ocr_carea' id='block_1_77' title="bbox 2226 1418 3896 1494">
    <p class='ocr_par' dir='ltr' id='par_1_77' title="bbox 2226 1418 3896 1494">
     <span class='ocr_line' id='line_1_77' title="bbox 2226 1418 3896 1494; baseline -0.002 -20"><span class='ocrx_word' id='word_1_623' title='bbox 2226 1423 2520 1492; x_wconf 86' lang='grc' dir='ltr'>γινώμεθα,</span> <span class='ocrx_word' id='word_1_624' title='bbox 2550 1425 2644 1477; x_wconf 69' lang='grc' dir='ltr'>καὶ</span> <span class='ocrx_word' id='word_1_625' title='bbox 2662 1423 2792 1494; x_wconf 77' lang='grc' dir='ltr'>πρὸς</span> <span class='ocrx_word' id='word_1_626' title='bbox 2814 1423 2873 1476; x_wconf 80' lang='grc' dir='ltr'>τὸ</span> <span class='ocrx_word' id='word_1_627' title='bbox 2893 1423 2998 1475; x_wconf 85' lang='grc' dir='ltr'>τῶν</span> <span class='ocrx_word' id='word_1_628' title='bbox 3029 1421 3289 1492; x_wconf 76' lang='grc' dir='ltr'>μειζόνων</span> <span class='ocrx_word' id='word_1_629' title='bbox 3318 1423 3500 1490; x_wconf 86' lang='grc' dir='ltr'>τυχεῖν</span> <span class='ocrx_word' id='word_1_630' title='bbox 3527 1423 3745 1482; x_wconf 78' lang='grc' dir='ltr'>ἑαυτοῖς</span> <span class='ocrx_word' id='word_1_631' title='bbox 3771 1418 3896 1472; x_wconf 84' lang='grc' dir='ltr'>πολ-</span> 
     </span>
    </p>
   </div>
   <div class='ocr_carea' id='block_1_78' title="bbox 2224 1505 3891 1580">
    <p class='ocr_par' dir='ltr' id='par_1_78' title="bbox 2224 1505 3891 1580">
     <span class='ocr_line' id='line_1_78' title="bbox 2224 1505 3891 1580; baseline -0.001 -20"><span class='ocrx_word' id='word_1_632' title='bbox 2224 1509 2321 1576; x_wconf 79' lang='grc' dir='ltr'>λὴν</span> <span class='ocrx_word' id='word_1_633' title='bbox 2344 1509 2836 1580; x_wconf 75' lang='grc' dir='ltr'>προευτρεπίζομεν</span> <span class='ocrx_word' id='word_1_634' title='bbox 2857 1511 2954 1579; x_wconf 82' lang='grc' dir='ltr'>τὴν</span> <span class='ocrx_word' id='word_1_635' title='bbox 2977 1508 3307 1578; x_wconf 77' lang='grc' dir='ltr'>παρρησίαν.</span> <span class='ocrx_word' id='word_1_636' title='bbox 3337 1507 3529 1567; x_wconf 85' lang='grc' dir='ltr'>Μόνον,</span> <span class='ocrx_word' id='word_1_637' title='bbox 3566 1505 3891 1572; x_wconf 84' lang='grc' dir='ltr'>παρακαλῶ.</span> 
     </span>
    </p>
   </div>
   <div class='ocr_carea' id='block_1_79' title="bbox 2225 1589 3896 1668">
    <p class='ocr_par' dir='ltr' id='par_1_79' title="bbox 2225 1589 3896 1668">
     <span class='ocr_line' id='line_1_79' title="bbox 2225 1589 3896 1668; baseline -0.004 -19"><span class='ocrx_word' id='word_1_638' title='bbox 2225 1596 2344 1649; x_wconf 80' lang='grc' dir='ltr'>καθ’</span> <span class='ocrx_word' id='word_1_639' title='bbox 2377 1597 2612 1666; x_wconf 82' lang='grc' dir='ltr'>ἑκάστην</span> <span class='ocrx_word' id='word_1_640' title='bbox 2662 1598 2877 1668; x_wconf 74' lang='grc' dir='ltr'>ἡμέραν</span> <span class='ocrx_word' id='word_1_641' title='bbox 2911 1596 3001 1649; x_wconf 80' lang='grc' dir='ltr'>καὶ</span> <span class='ocrx_word' id='word_1_642' title='bbox 3027 1595 3196 1666; x_wconf 85' lang='grc' dir='ltr'>ὥραν,</span> <span class='ocrx_word' id='word_1_643' title='bbox 3236 1597 3284 1648; x_wconf 90' lang='grc' dir='ltr'>εί</span> <span class='ocrx_word' id='word_1_644' title='bbox 3315 1589 3425 1646; x_wconf 75' lang='grc' dir='ltr'>οἶόν</span> <span class='ocrx_word' id='word_1_645' title='bbox 3454 1611 3532 1652; x_wconf 82' lang='grc' dir='ltr'>τε,</span> <span class='ocrx_word' id='word_1_646' title='bbox 3565 1589 3896 1660; x_wconf 74' lang='grc' dir='ltr'>ἀναλογιζώ-</span> 
     </span>
    </p>
   </div>
   <div class='ocr_carea' id='block_1_80' title="bbox 2230 1676 3895 1752">
    <p class='ocr_par' dir='ltr' id='par_1_80' title="bbox 2230 1676 3895 1752">
     <span class='ocr_line' id='line_1_80' title="bbox 2230 1676 3895 1752; baseline -0.002 -18"><span class='ocrx_word' id='word_1_647' title='bbox 2230 1681 2366 1752; x_wconf 84' lang='grc' dir='ltr'>μεθα</span> <span class='ocrx_word' id='word_1_648' title='bbox 2401 1681 2522 1734; x_wconf 83' lang='grc' dir='ltr'>καθ’</span> <span class='ocrx_word' id='word_1_649' title='bbox 2548 1684 2774 1744; x_wconf 74' lang='grc' dir='ltr'>ἑαυτοὺς</span> <span class='ocrx_word' id='word_1_650' title='bbox 2805 1683 2879 1752; x_wconf 83' lang='grc' dir='ltr'>μὴ</span> <span class='ocrx_word' id='word_1_651' title='bbox 2908 1682 3006 1744; x_wconf 88' lang='grc' dir='ltr'>τάς</span> <span class='ocrx_word' id='word_1_652' title='bbox 3031 1681 3215 1745; x_wconf 75' lang='grc' dir='ltr'>κοινὰς</span> <span class='ocrx_word' id='word_1_653' title='bbox 3270 1683 3428 1752; x_wconf 88' lang='grc' dir='ltr'>μόνον</span> <span class='ocrx_word' id='word_1_654' title='bbox 3462 1679 3805 1750; x_wconf 87' lang='grc' dir='ltr'>εὐεργεσίας,</span> <span class='ocrx_word' id='word_1_655' title='bbox 3832 1676 3895 1739; x_wconf 66' lang='grc' dir='ltr'>ἃς</span> 
     </span>
    </p>
   </div>
   <div class='ocr_carea' id='block_1_81' title="bbox 2226 1765 3895 1840">
    <p class='ocr_par' dir='ltr' id='par_1_81' title="bbox 2226 1765 3895 1840">
     <span class='ocr_line' id='line_1_81' title="bbox 2226 1765 3895 1840; baseline 0 -20"><span class='ocrx_word' id='word_1_656' title='bbox 2226 1769 2372 1838; x_wconf 81' lang='grc' dir='ltr'>πάσῃ</span> <span class='ocrx_word' id='word_1_657' title='bbox 2397 1770 2462 1838; x_wconf 79' lang='grc' dir='ltr'>τῇ</span> <span class='ocrx_word' id='word_1_658' title='bbox 2492 1767 2649 1836; x_wconf 88' lang='grc' dir='ltr'>φύσει</span> <span class='ocrx_word' id='word_1_659' title='bbox 2681 1771 2709 1821; x_wconf 89' lang='grc' dir='ltr'>ό</span> <span class='ocrx_word' id='word_1_660' title='bbox 2733 1769 2841 1820; x_wconf 85' lang='grc' dir='ltr'>τῶν</span> <span class='ocrx_word' id='word_1_661' title='bbox 2873 1768 3006 1820; x_wconf 77' lang='grc' dir='ltr'>ὅλων</span> <span class='ocrx_word' id='word_1_662' title='bbox 3037 1768 3361 1840; x_wconf 79' lang='grc' dir='ltr'>δημιουργὸς</span> <span class='ocrx_word' id='word_1_663' title='bbox 3392 1768 3737 1838; x_wconf 75' lang='grc' dir='ltr'>κεχάρισται,</span> <span class='ocrx_word' id='word_1_664' title='bbox 3763 1765 3895 1820; x_wconf 81' lang='grc' dir='ltr'>ἀλλά</span> 
     </span>
    </p>
   </div>
   <div class='ocr_carea' id='block_1_82' title="bbox 2226 1852 3674 1926">
    <p class='ocr_par' dir='ltr' id='par_1_82' title="bbox 2226 1852 3674 1926">
     <span class='ocr_line' id='line_1_82' title="bbox 2226 1852 3674 1926; baseline 0 -20"><span class='ocrx_word' id='word_1_665' title='bbox 2226 1855 2320 1908; x_wconf 80' lang='grc' dir='ltr'>καὶ</span> <span class='ocrx_word' id='word_1_666' title='bbox 2345 1856 2438 1918; x_wconf 80' lang='grc' dir='ltr'>τὰς</span> <span class='ocrx_word' id='word_1_667' title='bbox 2463 1853 2568 1926; x_wconf 72' lang='grc' dir='ltr'>ίδία</span> <span class='ocrx_word' id='word_1_668' title='bbox 2602 1856 2693 1908; x_wconf 78' lang='grc' dir='ltr'>καὶ</span> <span class='ocrx_word' id='word_1_669' title='bbox 2721 1853 2840 1908; x_wconf 76' lang='grc' dir='ltr'>καθ’</span> <span class='ocrx_word' id='word_1_670' title='bbox 2859 1854 3088 1908; x_wconf 72' lang='grc' dir='ltr'>ἕκαστον</span> <span class='ocrx_word' id='word_1_671' title='bbox 3116 1856 3246 1923; x_wconf 87' lang='grc' dir='ltr'>ήμῖν</span> <span class='ocrx_word' id='word_1_672' title='bbox 3273 1852 3674 1923; x_wconf 83' lang='grc' dir='ltr'>παρεχομένας.</span> 
     </span>
    </p>
   </div>
   <div class='ocr_carea' id='block_1_83' title="bbox 2297 1953 3890 2026">
    <p class='ocr_par' dir='ltr' id='par_1_83' title="bbox 2297 1953 3890 2026">
     <span class='ocr_line' id='line_1_83' title="bbox 2297 1953 3890 2026; baseline -0.003 -16"><span class='ocrx_word' id='word_1_673' title='bbox 2297 1957 2406 2011; x_wconf 69' lang='grc' dir='ltr'>Καὶ</span> <span class='ocrx_word' id='word_1_674' title='bbox 2430 1958 2481 2011; x_wconf 91' lang='grc' dir='ltr'>τί</span> <span class='ocrx_word' id='word_1_675' title='bbox 2506 1957 2648 2025; x_wconf 85' lang='grc' dir='ltr'>λέγω</span> <span class='ocrx_word' id='word_1_676' title='bbox 2671 1957 2770 2020; x_wconf 82' lang='grc' dir='ltr'>τὰς</span> <span class='ocrx_word' id='word_1_677' title='bbox 2796 1956 2900 2026; x_wconf 73' lang='grc' dir='ltr'>ἰδίᾳ</span> <span class='ocrx_word' id='word_1_678' title='bbox 2930 1956 3022 2009; x_wconf 75' lang='grc' dir='ltr'>καὶ</span> <span class='ocrx_word' id='word_1_679' title='bbox 3052 1956 3170 2009; x_wconf 88' lang='grc' dir='ltr'>καθ’</span> <span class='ocrx_word' id='word_1_680' title='bbox 3203 1956 3431 2008; x_wconf 75' lang='grc' dir='ltr'>ἕκαστον</span> <span class='ocrx_word' id='word_1_681' title='bbox 3477 1953 3890 2025; x_wconf 76' lang='grc' dir='ltr'>παρεχομέναςς</span> 
     </span>
    </p>
   </div>
   <div class='ocr_carea' id='block_1_84' title="bbox 2228 2037 3896 2115">
    <p class='ocr_par' dir='ltr' id='par_1_84' title="bbox 2228 2037 3896 2115">
     <span class='ocr_line' id='line_1_84' title="bbox 2228 2037 3896 2115; baseline -0.003 -17"><span class='ocrx_word' id='word_1_682' title='bbox 2228 2047 2334 2100; x_wconf 68' lang='grc' dir='ltr'>Καὶ</span> <span class='ocrx_word' id='word_1_683' title='bbox 2363 2044 2501 2115; x_wconf 79' lang='grc' dir='ltr'>ὑπὲρ</span> <span class='ocrx_word' id='word_1_684' title='bbox 2521 2037 2595 2098; x_wconf 81' lang='grc' dir='ltr'>ὧν</span> <span class='ocrx_word' id='word_1_685' title='bbox 2625 2043 2942 2111; x_wconf 83' lang='grc' dir='ltr'>ἀγνοοῦντες</span> <span class='ocrx_word' id='word_1_686' title='bbox 2983 2041 3432 2112; x_wconf 84' lang='grc' dir='ltr'>εὐεργετούμεθα,</span> <span class='ocrx_word' id='word_1_687' title='bbox 3469 2042 3564 2093; x_wconf 73' lang='grc' dir='ltr'>καὶ</span> <span class='ocrx_word' id='word_1_688' title='bbox 3598 2041 3742 2112; x_wconf 84' lang='grc' dir='ltr'>ὑπὲρ</span> <span class='ocrx_word' id='word_1_689' title='bbox 3771 2040 3896 2093; x_wconf 83' lang='grc' dir='ltr'>τού-</span> 
     </span>
    </p>
   </div>
   <div class='ocr_carea' id='block_1_85' title="bbox 2226 2128 3899 2202">
    <p class='ocr_par' dir='ltr' id='par_1_85' title="bbox 2226 2128 3899 2202">
     <span class='ocr_line' id='line_1_85' title="bbox 2226 2128 3899 2202; baseline -0.004 -16"><span class='ocrx_word' id='word_1_690' title='bbox 2226 2149 2332 2186; x_wconf 88' lang='grc' dir='ltr'>των</span> <span class='ocrx_word' id='word_1_691' title='bbox 2357 2130 2786 2202; x_wconf 84' lang='grc' dir='ltr'>εὐχαριστῶμεν.</span> <span class='ocrx_word' id='word_1_692' title='bbox 2833 2128 3050 2199; x_wconf 80' lang='grc' dir='ltr'>Ἐπειδὴ</span> <span class='ocrx_word' id='word_1_693' title='bbox 3102 2128 3210 2200; x_wconf 81' lang='grc' dir='ltr'>γὰρ</span> <span class='ocrx_word' id='word_1_694' title='bbox 3241 2129 3458 2197; x_wconf 82' lang='grc' dir='ltr'>κήδεται</span> <span class='ocrx_word' id='word_1_695' title='bbox 3489 2128 3585 2196; x_wconf 85' lang='grc' dir='ltr'>τῆς</span> <span class='ocrx_word' id='word_1_696' title='bbox 3619 2128 3899 2198; x_wconf 71' lang='grc' dir='ltr'>ἡμετέρας</span> 
     </span>
    </p>
   </div>
   <div class='ocr_carea' id='block_1_86' title="bbox 2228 2214 3900 2289">
    <p class='ocr_par' dir='ltr' id='par_1_86' title="bbox 2228 2214 3900 2289">
     <span class='ocr_line' id='line_1_86' title="bbox 2228 2214 3900 2289; baseline -0.002 -19"><span class='ocrx_word' id='word_1_697' title='bbox 2228 2219 2516 2289; x_wconf 78' lang='grc' dir='ltr'>σωτηρίας,</span> <span class='ocrx_word' id='word_1_698' title='bbox 2575 2215 2745 2268; x_wconf 74' lang='grc' dir='ltr'>πολλά</span> <span class='ocrx_word' id='word_1_699' title='bbox 2772 2215 2865 2268; x_wconf 74' lang='grc' dir='ltr'>καὶ</span> <span class='ocrx_word' id='word_1_700' title='bbox 2899 2214 2973 2286; x_wconf 83' lang='grc' dir='ltr'>μὴ</span> <span class='ocrx_word' id='word_1_701' title='bbox 3018 2215 3223 2278; x_wconf 82' lang='grc' dir='ltr'>εἰδότας</span> <span class='ocrx_word' id='word_1_702' title='bbox 3251 2217 3399 2285; x_wconf 80' lang='grc' dir='ltr'>ἡμᾶς</span> <span class='ocrx_word' id='word_1_703' title='bbox 3445 2215 3746 2285; x_wconf 84' lang='grc' dir='ltr'>εὐεργετεῖ,</span> <span class='ocrx_word' id='word_1_704' title='bbox 3801 2217 3900 2268; x_wconf 76' lang='grc' dir='ltr'>καὶ</span> 
     </span>
    </p>
   </div>
   <div class='ocr_carea' id='block_1_87' title="bbox 2226 2300 3901 2371">
    <p class='ocr_par' dir='ltr' id='par_1_87' title="bbox 2226 2300 3901 2371">
     <span class='ocr_line' id='line_1_87' title="bbox 2226 2300 3901 2371; baseline -0.001 -16"><span class='ocrx_word' id='word_1_705' title='bbox 2226 2305 2482 2367; x_wconf 80' lang='grc' dir='ltr'>πολλάκις</span> <span class='ocrx_word' id='word_1_706' title='bbox 2510 2301 2600 2356; x_wconf 70' lang='grc' dir='ltr'>καὶ</span> <span class='ocrx_word' id='word_1_707' title='bbox 2625 2300 2882 2355; x_wconf 87' lang='grc' dir='ltr'>κινδύνων</span> <span class='ocrx_word' id='word_1_708' title='bbox 2907 2301 3222 2371; x_wconf 75' lang='grc' dir='ltr'>ἐξαρπάζει,</span> <span class='ocrx_word' id='word_1_709' title='bbox 3247 2303 3340 2354; x_wconf 74' lang='grc' dir='ltr'>καὶ</span> <span class='ocrx_word' id='word_1_710' title='bbox 3365 2301 3552 2370; x_wconf 76' lang='grc' dir='ltr'>ἐτέρας</span> <span class='ocrx_word' id='word_1_711' title='bbox 3575 2301 3901 2369; x_wconf 82' lang='grc' dir='ltr'>εὐεργεσίας</span> 
     </span>
    </p>
   </div>
   <div class='ocr_carea' id='block_1_88' title="bbox 2226 2387 3902 2461">
    <p class='ocr_par' dir='ltr' id='par_1_88' title="bbox 2226 2387 3902 2461">
     <span class='ocr_line' id='line_1_88' title="bbox 2226 2387 3902 2461; baseline -0.002 -18"><span class='ocrx_word' id='word_1_712' title='bbox 2226 2394 2304 2452; x_wconf 85' lang='grc' dir='ltr'>είς</span> <span class='ocrx_word' id='word_1_713' title='bbox 2333 2392 2479 2461; x_wconf 75' lang='grc' dir='ltr'>ήμᾶς</span> <span class='ocrx_word' id='word_1_714' title='bbox 2500 2389 2866 2444; x_wconf 87' lang='grc' dir='ltr'>κατατίθεται.</span> <span class='ocrx_word' id='word_1_715' title='bbox 2891 2389 3047 2458; x_wconf 82' lang='grc' dir='ltr'>Πηγή</span> <span class='ocrx_word' id='word_1_716' title='bbox 3064 2389 3172 2460; x_wconf 88' lang='grc' dir='ltr'>γάρ</span> <span class='ocrx_word' id='word_1_717' title='bbox 3197 2390 3312 2441; x_wconf 76' lang='grc' dir='ltr'>ἐστι</span> <span class='ocrx_word' id='word_1_718' title='bbox 3344 2388 3775 2456; x_wconf 83' lang='grc' dir='ltr'>φιλανθρωπίας.</span> <span class='ocrx_word' id='word_1_719' title='bbox 3798 2387 3902 2440; x_wconf 68' lang='grc' dir='ltr'>καὶ</span> 
     </span>
    </p>
   </div>
   <div class='ocr_carea' id='block_1_89' title="bbox 2224 2473 3902 2546">
    <p class='ocr_par' dir='ltr' id='par_1_89' title="bbox 2224 2473 3902 2546">
     <span class='ocr_line' id='line_1_89' title="bbox 2224 2473 3902 2546; baseline -0.003 -15"><span class='ocrx_word' id='word_1_720' title='bbox 2224 2478 2474 2531; x_wconf 81' lang='grc' dir='ltr'>οὐδέποτε</span> <span class='ocrx_word' id='word_1_721' title='bbox 2505 2475 2736 2531; x_wconf 86' lang='grc' dir='ltr'>παύεται</span> <span class='ocrx_word' id='word_1_722' title='bbox 2773 2475 2842 2528; x_wconf 85' lang='grc' dir='ltr'>τά</span> <span class='ocrx_word' id='word_1_723' title='bbox 2868 2474 3077 2527; x_wconf 77' lang='grc' dir='ltr'>ἐκεῖθεν</span> <span class='ocrx_word' id='word_1_724' title='bbox 3105 2475 3322 2544; x_wconf 83' lang='grc' dir='ltr'>νάματα</span> <span class='ocrx_word' id='word_1_725' title='bbox 3358 2477 3423 2544; x_wconf 82' lang='grc' dir='ltr'>τῇ</span> <span class='ocrx_word' id='word_1_726' title='bbox 3454 2473 3562 2526; x_wconf 87' lang='grc' dir='ltr'>τῶν</span> <span class='ocrx_word' id='word_1_727' title='bbox 3589 2474 3902 2546; x_wconf 74' lang='grc' dir='ltr'>ἀνθρώπων</span> 
     </span>
    </p>
   </div>
   <div class='ocr_carea' id='block_1_90' title="bbox 2229 2559 3908 2635">
    <p class='ocr_par' dir='ltr' id='par_1_90' title="bbox 2229 2559 3908 2635">
     <span class='ocr_line' id='line_1_90' title="bbox 2229 2559 3908 2635; baseline -0.002 -18"><span class='ocrx_word' id='word_1_728' title='bbox 2229 2563 2385 2634; x_wconf 89' lang='grc' dir='ltr'>φύσει</span> <span class='ocrx_word' id='word_1_729' title='bbox 2420 2563 2747 2635; x_wconf 86' lang='grc' dir='ltr'>προχέουσα.</span> <span class='ocrx_word' id='word_1_730' title='bbox 2788 2564 2884 2615; x_wconf 75' lang='grc' dir='ltr'>Ἂν</span> <span class='ocrx_word' id='word_1_731' title='bbox 2934 2562 3114 2614; x_wconf 88' lang='grc' dir='ltr'>τοίνυν</span> <span class='ocrx_word' id='word_1_732' title='bbox 3161 2561 3332 2614; x_wconf 83' lang='grc' dir='ltr'>ταῦτα</span> <span class='ocrx_word' id='word_1_733' title='bbox 3388 2559 3749 2630; x_wconf 73' lang='grc' dir='ltr'>λογιζώμεθα,</span> <span class='ocrx_word' id='word_1_734' title='bbox 3798 2559 3908 2614; x_wconf 71' lang='grc' dir='ltr'>καὶ</span> 
     </span>
    </p>
   </div>
   <div class='ocr_carea' id='block_1_91' title="bbox 2229 2645 3909 2721">
    <p class='ocr_par' dir='ltr' id='par_1_91' title="bbox 2229 2645 3909 2721">
     <span class='ocr_line' id='line_1_91' title="bbox 2229 2645 3909 2721; baseline -0.004 -17"><span class='ocrx_word' id='word_1_735' title='bbox 2229 2649 2616 2721; x_wconf 77' lang='grc' dir='ltr'>σπουδάζωμεν</span> <span class='ocrx_word' id='word_1_736' title='bbox 2641 2649 2736 2702; x_wconf 75' lang='grc' dir='ltr'>καὶ</span> <span class='ocrx_word' id='word_1_737' title='bbox 2768 2648 2909 2719; x_wconf 82' lang='grc' dir='ltr'>ὑπὲρ</span> <span class='ocrx_word' id='word_1_738' title='bbox 2929 2648 3038 2700; x_wconf 89' lang='grc' dir='ltr'>τῶν</span> <span class='ocrx_word' id='word_1_739' title='bbox 3071 2647 3393 2715; x_wconf 86' lang='grc' dir='ltr'>φθασάντων</span> <span class='ocrx_word' id='word_1_740' title='bbox 3420 2648 3520 2709; x_wconf 88' lang='grc' dir='ltr'>τάς</span> <span class='ocrx_word' id='word_1_741' title='bbox 3548 2645 3909 2717; x_wconf 72' lang='grc' dir='ltr'>εὐχαριστίας</span> 
     </span>
    </p>
   </div>
   <div class='ocr_carea' id='block_1_92' title="bbox 2226 2733 3911 2808">
    <p class='ocr_par' dir='ltr' id='par_1_92' title="bbox 2226 2733 3911 2808">
     <span class='ocr_line' id='line_1_92' title="bbox 2226 2733 3911 2808; baseline -0.002 -16"><span class='ocrx_word' id='word_1_742' title='bbox 2226 2738 2518 2808; x_wconf 85' lang='grc' dir='ltr'>ἀναφέρειν</span> <span class='ocrx_word' id='word_1_743' title='bbox 2569 2735 2648 2807; x_wconf 81' lang='grc' dir='ltr'>τῷ</span> <span class='ocrx_word' id='word_1_744' title='bbox 2673 2737 2938 2806; x_wconf 79' lang='grc' dir='ltr'>Δεσπότῃ,</span> <span class='ocrx_word' id='word_1_745' title='bbox 2985 2736 3081 2789; x_wconf 78' lang='grc' dir='ltr'>καὶ</span> <span class='ocrx_word' id='word_1_746' title='bbox 3108 2735 3248 2806; x_wconf 73' lang='grc' dir='ltr'>ὑπερ</span> <span class='ocrx_word' id='word_1_747' title='bbox 3284 2735 3392 2788; x_wconf 84' lang='grc' dir='ltr'>τῶν</span> <span class='ocrx_word' id='word_1_748' title='bbox 3447 2735 3573 2804; x_wconf 69' lang='grc' dir='ltr'>ἑξῆς</span> <span class='ocrx_word' id='word_1_749' title='bbox 3621 2733 3911 2798; x_wconf 81' lang='grc' dir='ltr'>τοιούτους</span> 
     </span>
    </p>
   </div>
   <div class='ocr_carea' id='block_1_93' title="bbox 2226 2820 3911 2891">
    <p class='ocr_par' dir='ltr' id='par_1_93' title="bbox 2226 2820 3911 2891">
     <span class='ocr_line' id='line_1_93' title="bbox 2226 2820 3911 2891; baseline -0.004 -12"><span class='ocrx_word' id='word_1_750' title='bbox 2226 2825 2450 2888; x_wconf 70' lang='grc' dir='ltr'>ἑαυτοὺς</span> <span class='ocrx_word' id='word_1_751' title='bbox 2479 2822 2932 2888; x_wconf 78' lang='grc' dir='ltr'>κατασκευάζειν,</span> <span class='ocrx_word' id='word_1_752' title='bbox 2965 2820 3106 2874; x_wconf 85' lang='grc' dir='ltr'>ὥστε</span> <span class='ocrx_word' id='word_1_753' title='bbox 3135 2821 3209 2891; x_wconf 81' lang='grc' dir='ltr'>μὴ</span> <span class='ocrx_word' id='word_1_754' title='bbox 3253 2821 3503 2885; x_wconf 74' lang='grc' dir='ltr'>ἀναξίους</span> <span class='ocrx_word' id='word_1_755' title='bbox 3525 2821 3754 2891; x_wconf 82' lang='grc' dir='ltr'>φανῆναι</span> <span class='ocrx_word' id='word_1_756' title='bbox 3783 2822 3911 2875; x_wconf 78' lang='grc' dir='ltr'>τῶν</span> 
     </span>
    </p>
   </div>
   <div class='ocr_carea' id='block_1_94' title="bbox 2227 2905 3913 2980">
    <p class='ocr_par' dir='ltr' id='par_1_94' title="bbox 2227 2905 3913 2980">
     <span class='ocr_line' id='line_1_94' title="bbox 2227 2905 3913 2980; baseline -0.002 -17"><span class='ocrx_word' id='word_1_757' title='bbox 2227 2910 2358 2980; x_wconf 84' lang='grc' dir='ltr'>παρ’</span> <span class='ocrx_word' id='word_1_758' title='bbox 2385 2907 2549 2962; x_wconf 87' lang='grc' dir='ltr'>αὐτοῦ</span> <span class='ocrx_word' id='word_1_759' title='bbox 2577 2907 2928 2979; x_wconf 84' lang='grc' dir='ltr'>εὐεργεσιῶν,</span> <span class='ocrx_word' id='word_1_760' title='bbox 2957 2906 3295 2977; x_wconf 86' lang='grc' dir='ltr'>δυνησόμεθα</span> <span class='ocrx_word' id='word_1_761' title='bbox 3342 2907 3436 2960; x_wconf 74' lang='grc' dir='ltr'>καὶ</span> <span class='ocrx_word' id='word_1_762' title='bbox 3468 2906 3736 2960; x_wconf 81' lang='grc' dir='ltr'>πολιτείαν</span> <span class='ocrx_word' id='word_1_763' title='bbox 3766 2905 3913 2977; x_wconf 67' lang='lat' dir='ltr'><strong>09l-</strong></span> 
     </span>
    </p>
   </div>
   <div class='ocr_carea' id='block_1_95' title="bbox 2229 2992 3913 3066">
    <p class='ocr_par' dir='ltr' id='par_1_95' title="bbox 2229 2992 3913 3066">
     <span class='ocr_line' id='line_1_95' title="bbox 2229 2992 3913 3066; baseline -0.002 -16"><span class='ocrx_word' id='word_1_764' title='bbox 2229 3013 2363 3066; x_wconf 88' lang='grc' dir='ltr'>στην</span> <span class='ocrx_word' id='word_1_765' title='bbox 2400 2993 2791 3060; x_wconf 65' lang='grc' dir='ltr'>ἐπιδείξασθαι,</span> <span class='ocrx_word' id='word_1_766' title='bbox 2840 2993 2936 3047; x_wconf 83' lang='grc' dir='ltr'>καὶ</span> <span class='ocrx_word' id='word_1_767' title='bbox 2969 2993 3068 3062; x_wconf 86' lang='grc' dir='ltr'>τῆς</span> <span class='ocrx_word' id='word_1_768' title='bbox 3100 2993 3299 3056; x_wconf 88' lang='grc' dir='ltr'>κακίας</span> <span class='ocrx_word' id='word_1_769' title='bbox 3327 2992 3428 3063; x_wconf 83' lang='grc' dir='ltr'>τήν</span> <span class='ocrx_word' id='word_1_770' title='bbox 3473 2995 3662 3063; x_wconf 86' lang='grc' dir='ltr'>πεῖραν</span> <span class='ocrx_word' id='word_1_771' title='bbox 3700 2993 3913 3062; x_wconf 76' lang='grc' dir='ltr'>διαφυο</span> 
     </span>
    </p>
   </div>
   <div class='ocr_carea' id='block_1_96' title="bbox 2229 3077 3912 3151">
    <p class='ocr_par' dir='ltr' id='par_1_96' title="bbox 2229 3077 3912 3151">
     <span class='ocr_line' id='line_1_96' title="bbox 2229 3077 3912 3151; baseline -0.001 -16"><span class='ocrx_word' id='word_1_772' title='bbox 2229 3086 2366 3150; x_wconf 85' lang='grc' dir='ltr'>γεῖν.</span> <span class='ocrx_word' id='word_1_773' title='bbox 2405 3081 2470 3135; x_wconf 83' lang='grc' dir='ltr'><strong>Ἦ</strong></span> <span class='ocrx_word' id='word_1_774' title='bbox 2515 3080 2626 3151; x_wconf 83' lang='grc' dir='ltr'>γὰρ</span> <span class='ocrx_word' id='word_1_775' title='bbox 2661 3081 2850 3150; x_wconf 89' lang='grc' dir='ltr'>μνήμη</span> <span class='ocrx_word' id='word_1_776' title='bbox 2882 3077 2990 3132; x_wconf 90' lang='grc' dir='ltr'>τῶν</span> <span class='ocrx_word' id='word_1_777' title='bbox 3017 3078 3342 3149; x_wconf 84' lang='grc' dir='ltr'>εὐεργεσιῶν</span> <span class='ocrx_word' id='word_1_778' title='bbox 3375 3080 3531 3150; x_wconf 82' lang='grc' dir='ltr'>ίκανή</span> <span class='ocrx_word' id='word_1_779' title='bbox 3577 3079 3912 3143; x_wconf 66' lang='grc' dir='ltr'>διδάσκαλος</span> 
     </span>
    </p>
   </div>
   <div class='ocr_carea' id='block_1_97' title="bbox 2229 3165 3908 3238">
    <p class='ocr_par' dir='ltr' id='par_1_97' title="bbox 2229 3165 3908 3238">
     <span class='ocr_line' id='line_1_97' title="bbox 2229 3165 3908 3238; baseline 0.001 -17"><span class='ocrx_word' id='word_1_780' title='bbox 2229 3171 2358 3238; x_wconf 89' lang='grc' dir='ltr'>ήμῖν</span> <span class='ocrx_word' id='word_1_781' title='bbox 2389 3168 2539 3221; x_wconf 78' lang='grc' dir='ltr'>έσται</span> <span class='ocrx_word' id='word_1_782' title='bbox 2565 3167 2665 3234; x_wconf 85' lang='grc' dir='ltr'>τῆς</span> <span class='ocrx_word' id='word_1_783' title='bbox 2693 3168 2812 3218; x_wconf 88' lang='grc' dir='ltr'>κατ’</span> <span class='ocrx_word' id='word_1_784' title='bbox 2842 3165 3040 3235; x_wconf 79' lang='grc' dir='ltr'>ἀρετὴν</span> <span class='ocrx_word' id='word_1_785' title='bbox 3065 3165 3356 3230; x_wconf 89' lang='grc' dir='ltr'>πολιτείας,</span> <span class='ocrx_word' id='word_1_786' title='bbox 3385 3166 3486 3220; x_wconf 86' lang='grc' dir='ltr'>οὐκ</span> <span class='ocrx_word' id='word_1_787' title='bbox 3508 3167 3726 3236; x_wconf 83' lang='grc' dir='ltr'>ἀφιεῖσά</span> <span class='ocrx_word' id='word_1_788' title='bbox 3767 3184 3908 3223; x_wconf 77' lang='grc' dir='ltr'>ποτε</span> 
     </span>
    </p>
   </div>
   <div class='ocr_carea' id='block_1_98' title="bbox 2227 3252 3910 3326">
    <p class='ocr_par' dir='ltr' id='par_1_98' title="bbox 2227 3252 3910 3326">
     <span class='ocr_line' id='line_1_98' title="bbox 2227 3252 3910 3326; baseline 0.002 -19"><span class='ocrx_word' id='word_1_789' title='bbox 2227 3257 2308 3319; x_wconf 85' lang='grc' dir='ltr'>είς</span> <span class='ocrx_word' id='word_1_790' title='bbox 2331 3253 2601 3326; x_wconf 78' lang='grc' dir='ltr'>ρᾳθυμίαν</span> <span class='ocrx_word' id='word_1_791' title='bbox 2648 3253 2985 3323; x_wconf 72' lang='grc' dir='ltr'>ἐμπεσόντας</span> <span class='ocrx_word' id='word_1_792' title='bbox 3009 3252 3102 3304; x_wconf 81' lang='grc' dir='ltr'>καὶ</span> <span class='ocrx_word' id='word_1_793' title='bbox 3133 3253 3322 3323; x_wconf 85' lang='grc' dir='ltr'>λήθην,</span> <span class='ocrx_word' id='word_1_794' title='bbox 3360 3253 3497 3323; x_wconf 76' lang='grc' dir='ltr'>πρὸς</span> <span class='ocrx_word' id='word_1_795' title='bbox 3548 3253 3643 3323; x_wconf 77' lang='grc' dir='ltr'>τὴν</span> <span class='ocrx_word' id='word_1_796' title='bbox 3694 3254 3910 3310; x_wconf 75' lang='grc' dir='ltr'>κακίαν</span> 
     </span>
    </p>
   </div>
   <div class='ocr_carea' id='block_1_99' title="bbox 2228 3339 3909 3412">
    <p class='ocr_par' dir='ltr' id='par_1_99' title="bbox 2228 3339 3909 3412">
     <span class='ocr_line' id='line_1_99' title="bbox 2228 3339 3909 3412; baseline -0.004 -17"><span class='ocrx_word' id='word_1_797' title='bbox 2228 3340 2612 3411; x_wconf 80' lang='grc' dir='ltr'>αὐτομολῆσαι.</span> <span class='ocrx_word' id='word_1_798' title='bbox 2647 3340 2709 3391; x_wconf 85' lang='lat' dir='ltr'>&#39;H</span> <span class='ocrx_word' id='word_1_799' title='bbox 2738 3339 2847 3409; x_wconf 85' lang='lat'>7&amp;9</span> <span class='ocrx_word' id='word_1_800' title='bbox 2879 3339 3124 3409; x_wconf 87' lang='grc' dir='ltr'>νήφουσα</span> <span class='ocrx_word' id='word_1_801' title='bbox 3155 3340 3248 3392; x_wconf 75' lang='grc' dir='ltr'>καὶ</span> <span class='ocrx_word' id='word_1_802' title='bbox 3295 3341 3630 3410; x_wconf 82' lang='grc' dir='ltr'>ὲγρηγορυῖα</span> <span class='ocrx_word' id='word_1_803' title='bbox 3651 3340 3805 3412; x_wconf 76' lang='grc' dir='ltr'>ψυχὴ</span> <span class='ocrx_word' id='word_1_804' title='bbox 3841 3343 3909 3396; x_wconf 69' lang='grc' dir='ltr'>οὗ</span> 
     </span>
    </p>
   </div>
   <div class='ocr_carea' id='block_1_100' title="bbox 2227 3425 3906 3498">
    <p class='ocr_par' dir='ltr' id='par_1_100' title="bbox 2227 3425 3906 3498">
     <span class='ocr_line' id='line_1_100' title="bbox 2227 3425 3906 3498; baseline -0.004 -16"><span class='ocrx_word' id='word_1_805' title='bbox 2227 3430 2346 3482; x_wconf 91' lang='grc' dir='ltr'>τότε</span> <span class='ocrx_word' id='word_1_806' title='bbox 2379 3428 2538 3498; x_wconf 90' lang='grc' dir='ltr'>μόνον</span> <span class='ocrx_word' id='word_1_807' title='bbox 2564 3427 2782 3480; x_wconf 66' lang='grc' dir='ltr'>ἐπειδὰν</span> <span class='ocrx_word' id='word_1_808' title='bbox 2833 3426 2972 3478; x_wconf 83' lang='grc' dir='ltr'>κατὰ</span> <span class='ocrx_word' id='word_1_809' title='bbox 3006 3425 3134 3496; x_wconf 75' lang='grc' dir='ltr'>ῥοῦν</span> <span class='ocrx_word' id='word_1_810' title='bbox 3184 3426 3418 3497; x_wconf 85' lang='grc' dir='ltr'>φέρηται</span> <span class='ocrx_word' id='word_1_811' title='bbox 3449 3427 3518 3480; x_wconf 89' lang='grc' dir='ltr'>τά</span> <span class='ocrx_word' id='word_1_812' title='bbox 3569 3428 3906 3498; x_wconf 72' lang='grc' dir='ltr'>πράγματα,</span> 
     </span>
    </p>
   </div>
   <div class='ocr_carea' id='block_1_101' title="bbox 2228 3511 3909 3586">
    <p class='ocr_par' dir='ltr' id='par_1_101' title="bbox 2228 3511 3909 3586">
     <span class='ocr_line' id='line_1_101' title="bbox 2228 3511 3909 3586; baseline -0.002 -17"><span class='ocrx_word' id='word_1_813' title='bbox 2228 3513 2644 3584; x_wconf 87' lang='grc' dir='ltr'>εὐγνωμοσύνην</span> <span class='ocrx_word' id='word_1_814' title='bbox 2666 3512 3047 3575; x_wconf 78' lang='grc' dir='ltr'>ἐπιδείκνυται,</span> <span class='ocrx_word' id='word_1_815' title='bbox 3079 3511 3214 3565; x_wconf 90' lang='grc' dir='ltr'>ἀλλά</span> <span class='ocrx_word' id='word_1_816' title='bbox 3244 3512 3346 3565; x_wconf 74' lang='grc' dir='ltr'>κᾶν</span> <span class='ocrx_word' id='word_1_817' title='bbox 3373 3513 3592 3568; x_wconf 64' lang='grc' dir='ltr'>ἐναντία</span> <span class='ocrx_word' id='word_1_818' title='bbox 3634 3531 3716 3575; x_wconf 90' lang='grc' dir='ltr'>τις</span> <span class='ocrx_word' id='word_1_819' title='bbox 3748 3533 3909 3586; x_wconf 65' lang='grc' dir='ltr'>τερα.</span> 
     </span>
    </p>
   </div>
   <div class='ocr_carea' id='block_1_102' title="bbox 2228 3595 3908 3669">
    <p class='ocr_par' dir='ltr' id='par_1_102' title="bbox 2228 3595 3908 3669">
     <span class='ocr_line' id='line_1_102' title="bbox 2228 3595 3908 3669; baseline 0 -19"><span class='ocrx_word' id='word_1_820' title='bbox 2228 3599 2450 3667; x_wconf 86' lang='grc' dir='ltr'>γμάτων</span> <span class='ocrx_word' id='word_1_821' title='bbox 2496 3597 2816 3669; x_wconf 87' lang='grc' dir='ltr'>περίστασις</span> <span class='ocrx_word' id='word_1_822' title='bbox 2849 3595 3326 3668; x_wconf 78' lang='grc' dir='ltr'>παρακολουθήσῃ.</span> <span class='ocrx_word' id='word_1_823' title='bbox 3360 3595 3455 3648; x_wconf 74' lang='grc' dir='ltr'>καὶ</span> <span class='ocrx_word' id='word_1_824' title='bbox 3475 3596 3594 3649; x_wconf 88' lang='grc' dir='ltr'>τότε</span> <span class='ocrx_word' id='word_1_825' title='bbox 3624 3597 3721 3667; x_wconf 75' lang='grc' dir='ltr'>τὴν</span> <span class='ocrx_word' id='word_1_826' title='bbox 3779 3598 3908 3668; x_wconf 72' lang='grc' dir='ltr'>ἴσην</span> 
     </span>
    </p>
   </div>
   <div class='ocr_carea' id='block_1_103' title="bbox 2228 3681 3908 3757">
    <p class='ocr_par' dir='ltr' id='par_1_103' title="bbox 2228 3681 3908 3757">
     <span class='ocr_line' id='line_1_103' title="bbox 2228 3681 3908 3757; baseline 0.001 -20"><span class='ocrx_word' id='word_1_827' title='bbox 2228 3685 2576 3757; x_wconf 88' lang='grc' dir='ltr'>εὐχαριστίαν</span> <span class='ocrx_word' id='word_1_828' title='bbox 2613 3684 2896 3754; x_wconf 85' lang='grc' dir='ltr'>ἀναφέρει,</span> <span class='ocrx_word' id='word_1_829' title='bbox 2931 3681 3085 3734; x_wconf 81' lang='grc' dir='ltr'>οὐδὲν</span> <span class='ocrx_word' id='word_1_830' title='bbox 3135 3681 3244 3736; x_wconf 75' lang='grc' dir='ltr'>ἀπὺ</span> <span class='ocrx_word' id='word_1_831' title='bbox 3273 3683 3371 3753; x_wconf 81' lang='grc' dir='ltr'>τῆς</span> <span class='ocrx_word' id='word_1_832' title='bbox 3403 3681 3513 3734; x_wconf 89' lang='grc' dir='ltr'>τῶν</span> <span class='ocrx_word' id='word_1_833' title='bbox 3558 3684 3908 3753; x_wconf 76' lang='grc' dir='ltr'>πραγμάτων</span> 
     </span>
    </p>
   </div>
   <div class='ocr_carea' id='block_1_104' title="bbox 2231 3767 3904 3842">
    <p class='ocr_par' dir='ltr' id='par_1_104' title="bbox 2231 3767 3904 3842">
     <span class='ocr_line' id='line_1_104' title="bbox 2231 3767 3904 3842; baseline -0.001 -18"><span class='ocrx_word' id='word_1_834' title='bbox 2231 3771 2529 3841; x_wconf 86' lang='grc' dir='ltr'>μεταϐολῆς</span> <span class='ocrx_word' id='word_1_835' title='bbox 2555 3769 2910 3841; x_wconf 83' lang='grc' dir='ltr'>χαυνουμένη,</span> <span class='ocrx_word' id='word_1_836' title='bbox 2945 3767 3079 3822; x_wconf 84' lang='grc' dir='ltr'>ἀλλά</span> <span class='ocrx_word' id='word_1_837' title='bbox 3110 3767 3280 3840; x_wconf 78' lang='grc' dir='ltr'>ταύτῃ</span> <span class='ocrx_word' id='word_1_838' title='bbox 3312 3769 3511 3839; x_wconf 77' lang='grc' dir='ltr'>μᾶλλον</span> <span class='ocrx_word' id='word_1_839' title='bbox 3539 3771 3904 3842; x_wconf 80' lang='grc' dir='ltr'>νευρουμένη,</span> 
     </span>
    </p>
   </div>
   <div class='ocr_carea' id='block_1_105' title="bbox 2230 3853 3906 3928">
    <p class='ocr_par' dir='ltr' id='par_1_105' title="bbox 2230 3853 3906 3928">
     <span class='ocr_line' id='line_1_105' title="bbox 2230 3853 3906 3928; baseline 0 -18"><span class='ocrx_word' id='word_1_840' title='bbox 2230 3859 2323 3910; x_wconf 79' lang='grc' dir='ltr'>καὶ</span> <span class='ocrx_word' id='word_1_841' title='bbox 2344 3857 2442 3928; x_wconf 82' lang='grc' dir='ltr'>τὴν</span> <span class='ocrx_word' id='word_1_842' title='bbox 2471 3857 2673 3925; x_wconf 87' lang='grc' dir='ltr'>ἀφατον</span> <span class='ocrx_word' id='word_1_843' title='bbox 2703 3855 2794 3908; x_wconf 89' lang='grc' dir='ltr'>τοῦ</span> <span class='ocrx_word' id='word_1_844' title='bbox 2825 3853 2960 3908; x_wconf 86' lang='grc' dir='ltr'>Θεοῦ</span> <span class='ocrx_word' id='word_1_845' title='bbox 2985 3854 3308 3924; x_wconf 84' lang='grc' dir='ltr'>κηδεμονίαν</span> <span class='ocrx_word' id='word_1_846' title='bbox 3329 3855 3678 3927; x_wconf 72' lang='grc' dir='ltr'>λογιζομένη.</span> <span class='ocrx_word' id='word_1_847' title='bbox 3703 3858 3804 3912; x_wconf 78' lang='grc' dir='ltr'>καὶ</span> <span class='ocrx_word' id='word_1_848' title='bbox 3828 3860 3906 3922; x_wconf 80' lang='grc' dir='ltr'>ὡς</span> 
     </span>
    </p>
   </div>
   <div class='ocr_carea' id='block_1_106' title="bbox 2229 3940 3905 4012">
    <p class='ocr_par' dir='ltr' id='par_1_106' title="bbox 2229 3940 3905 4012">
     <span class='ocr_line' id='line_1_106' title="bbox 2229 3940 3905 4012; baseline 0.001 -17"><span class='ocrx_word' id='word_1_849' title='bbox 2229 3941 2458 4012; x_wconf 75' lang='grc' dir='ltr'>εὔπορος</span> <span class='ocrx_word' id='word_1_850' title='bbox 2486 3940 2561 3995; x_wconf 80' lang='grc' dir='ltr'>ὢν</span> <span class='ocrx_word' id='word_1_851' title='bbox 2612 3942 2707 3996; x_wconf 74' lang='grc' dir='ltr'>καὶ</span> <span class='ocrx_word' id='word_1_852' title='bbox 2763 3941 3070 4011; x_wconf 87' lang='grc' dir='ltr'>εὐμήχανος</span> <span class='ocrx_word' id='word_1_853' title='bbox 3117 3941 3341 3996; x_wconf 88' lang='grc' dir='ltr'>δύναται</span> <span class='ocrx_word' id='word_1_854' title='bbox 3381 3942 3474 3996; x_wconf 75' lang='grc' dir='ltr'>καὶ</span> <span class='ocrx_word' id='word_1_855' title='bbox 3525 3942 3595 3996; x_wconf 84' lang='grc' dir='ltr'>δι’</span> <span class='ocrx_word' id='word_1_856' title='bbox 3639 3943 3905 3997; x_wconf 71' lang='grc' dir='ltr'>εναντίων</span> 
     </span>
    </p>
   </div>
   <div class='ocr_carea' id='block_1_107' title="bbox 2231 4029 3904 4102">
    <p class='ocr_par' dir='ltr' id='par_1_107' title="bbox 2231 4029 3904 4102">
     <span class='ocr_line' id='line_1_107' title="bbox 2231 4029 3904 4102; baseline 0.001 -20"><span class='ocrx_word' id='word_1_857' title='bbox 2231 4029 2607 4100; x_wconf 82' lang='grc' dir='ltr'>πραγμάτων,</span> <span class='ocrx_word' id='word_1_858' title='bbox 2665 4029 2714 4081; x_wconf 92' lang='grc' dir='ltr'>εί</span> <span class='ocrx_word' id='word_1_859' title='bbox 2745 4029 2837 4081; x_wconf 75' lang='grc' dir='ltr'>καὶ</span> <span class='ocrx_word' id='word_1_860' title='bbox 2868 4029 3029 4099; x_wconf 83' lang='grc' dir='ltr'>ήμεϊς</span> <span class='ocrx_word' id='word_1_861' title='bbox 3067 4029 3168 4100; x_wconf 84' lang='grc' dir='ltr'>τήν</span> <span class='ocrx_word' id='word_1_862' title='bbox 3215 4029 3420 4102; x_wconf 85' lang='grc' dir='ltr'>ἀκριϐῆ</span> <span class='ocrx_word' id='word_1_863' title='bbox 3472 4030 3777 4100; x_wconf 74' lang='grc' dir='ltr'>κατάληψιν</span> <span class='ocrx_word' id='word_1_864' title='bbox 3826 4034 3904 4102; x_wconf 75' lang='grc' dir='ltr'>μή</span> 
     </span>
    </p>
   </div>
   <div class='ocr_carea' id='block_1_108' title="bbox 2232 4113 3901 4188">
    <p class='ocr_par' dir='ltr' id='par_1_108' title="bbox 2232 4113 3901 4188">
     <span class='ocr_line' id='line_1_108' title="bbox 2232 4113 3901 4188; baseline 0.002 -21"><span class='ocrx_word' id='word_1_865' title='bbox 2232 4113 2502 4185; x_wconf 87' lang='grc' dir='ltr'>ίσχύωμεν</span> <span class='ocrx_word' id='word_1_866' title='bbox 2535 4114 2784 4177; x_wconf 76' lang='grc' dir='ltr'>συνιδεῖν,</span> <span class='ocrx_word' id='word_1_867' title='bbox 2807 4114 2904 4184; x_wconf 78' lang='grc' dir='ltr'>τὴν</span> <span class='ocrx_word' id='word_1_868' title='bbox 2927 4114 3120 4170; x_wconf 73' lang='grc' dir='ltr'>ἑαυτοῦ</span> <span class='ocrx_word' id='word_1_869' title='bbox 3144 4114 3470 4188; x_wconf 85' lang='grc' dir='ltr'>κηδεμονίαν</span> <span class='ocrx_word' id='word_1_870' title='bbox 3498 4116 3901 4182; x_wconf 64' lang='grc' dir='ltr'>ἐπιδείξασθαι.</span> 
     </span>
    </p>
   </div>
   <div class='ocr_carea' id='block_1_109' title="bbox 2300 4199 3900 4274">
    <p class='ocr_par' dir='ltr' id='par_1_109' title="bbox 2300 4199 3900 4274">
     <span class='ocr_line' id='line_1_109' title="bbox 2300 4199 3900 4274; baseline 0.003 -20"><span class='ocrx_word' id='word_1_871' title='bbox 2300 4208 2374 4265; x_wconf 84' lang='grc' dir='ltr'>ς’.</span> <span class='ocrx_word' id='word_1_872' title='bbox 2411 4199 2567 4254; x_wconf 83' lang='grc' dir='ltr'>υῦτω</span> <span class='ocrx_word' id='word_1_873' title='bbox 2605 4200 2786 4254; x_wconf 90' lang='grc' dir='ltr'>τοίνυν</span> <span class='ocrx_word' id='word_1_874' title='bbox 2816 4202 3033 4256; x_wconf 82' lang='grc' dir='ltr'>ἀπαντα</span> <span class='ocrx_word' id='word_1_875' title='bbox 3068 4201 3140 4255; x_wconf 78' lang='grc' dir='ltr'>τὰ</span> <span class='ocrx_word' id='word_1_876' title='bbox 3167 4203 3291 4256; x_wconf 80' lang='grc' dir='ltr'>καθ’</span> <span class='ocrx_word' id='word_1_877' title='bbox 3328 4204 3476 4274; x_wconf 75' lang='grc' dir='ltr'>ήμᾶς</span> <span class='ocrx_word' id='word_1_878' title='bbox 3508 4203 3900 4274; x_wconf 65' lang='grc' dir='ltr'>παραχωροῦνς</span> 
     </span>
    </p>
   </div>
   <div class='ocr_carea' id='block_1_110' title="bbox 2226 4287 3902 4362">
    <p class='ocr_par' dir='ltr' id='par_1_110' title="bbox 2226 4287 3902 4362">
     <span class='ocr_line' id='line_1_110' title="bbox 2226 4287 3902 4362; baseline 0.003 -22"><span class='ocrx_word' id='word_1_879' title='bbox 2226 4304 2337 4352; x_wconf 90' lang='grc' dir='ltr'>τες,</span> <span class='ocrx_word' id='word_1_880' title='bbox 2355 4289 2500 4352; x_wconf 76' lang='grc' dir='ltr'>ὅπως</span> <span class='ocrx_word' id='word_1_881' title='bbox 2517 4287 2581 4342; x_wconf 80' lang='grc' dir='ltr'>ἀν</span> <span class='ocrx_word' id='word_1_882' title='bbox 2596 4287 2826 4358; x_wconf 87' lang='grc' dir='ltr'>φέρηται</span> <span class='ocrx_word' id='word_1_883' title='bbox 2852 4287 2917 4341; x_wconf 86' lang='grc' dir='ltr'>τὰ</span> <span class='ocrx_word' id='word_1_884' title='bbox 2945 4288 3266 4359; x_wconf 81' lang='grc' dir='ltr'>πράγματα,</span> <span class='ocrx_word' id='word_1_885' title='bbox 3287 4291 3446 4360; x_wconf 88' lang='grc' dir='ltr'>ήμεῖς</span> <span class='ocrx_word' id='word_1_886' title='bbox 3473 4290 3531 4343; x_wconf 75' lang='grc' dir='ltr'>έν</span> <span class='ocrx_word' id='word_1_887' title='bbox 3552 4291 3715 4359; x_wconf 90' lang='grc' dir='ltr'>μόνον</span> <span class='ocrx_word' id='word_1_888' title='bbox 3738 4291 3902 4362; x_wconf 76' lang='grc' dir='ltr'>έργον</span> 
     </span>
    </p>
   </div>
   <div class='ocr_carea' id='block_1_111' title="bbox 2228 4372 3895 4447">
    <p class='ocr_par' dir='ltr' id='par_1_111' title="bbox 2228 4372 3895 4447">
     <span class='ocr_line' id='line_1_111' title="bbox 2228 4372 3895 4447; baseline 0.004 -23"><span class='ocrx_word' id='word_1_889' title='bbox 2228 4372 2462 4443; x_wconf 70' lang='grc' dir='ltr'>ἔχωμεν,</span> <span class='ocrx_word' id='word_1_890' title='bbox 2489 4373 2548 4426; x_wconf 74' lang='grc' dir='ltr'>τὸ</span> <span class='ocrx_word' id='word_1_891' title='bbox 2573 4373 2836 4444; x_wconf 86' lang='grc' dir='ltr'>διηνεκῶς</span> <span class='ocrx_word' id='word_1_892' title='bbox 2867 4373 3017 4444; x_wconf 86' lang='grc' dir='ltr'>αὐτῷ</span> <span class='ocrx_word' id='word_1_893' title='bbox 3064 4374 3404 4444; x_wconf 78' lang='grc' dir='ltr'>εὐχαριστεῖν</span> <span class='ocrx_word' id='word_1_894' title='bbox 3448 4375 3588 4447; x_wconf 70' lang='grc' dir='ltr'>ὑπερ</span> <span class='ocrx_word' id='word_1_895' title='bbox 3615 4377 3895 4431; x_wconf 77' lang='grc' dir='ltr'>ἁπάντων.</span> 
     </span>
    </p>
   </div>
   <div class='ocr_carea' id='block_1_112' title="bbox 2228 4459 3899 4534">
    <p class='ocr_par' dir='ltr' id='par_1_112' title="bbox 2228 4459 3899 4534">
     <span class='ocr_line' id='line_1_112' title="bbox 2228 4459 3899 4534; baseline 0.001 -19"><span class='ocrx_word' id='word_1_896' title='bbox 2228 4463 2325 4515; x_wconf 87' lang='grc' dir='ltr'>Διά</span> <span class='ocrx_word' id='word_1_897' title='bbox 2350 4461 2458 4532; x_wconf 80' lang='grc' dir='ltr'>γὰρ</span> <span class='ocrx_word' id='word_1_898' title='bbox 2491 4460 2648 4514; x_wconf 89' lang='lat'><strong>10610</strong></span> <span class='ocrx_word' id='word_1_899' title='bbox 2673 4459 2879 4529; x_wconf 85' lang='grc' dir='ltr'>λογικοί</span> <span class='ocrx_word' id='word_1_900' title='bbox 2904 4477 3049 4524; x_wconf 87' lang='grc' dir='ltr'>τινες</span> <span class='ocrx_word' id='word_1_901' title='bbox 3089 4462 3412 4532; x_wconf 89' lang='grc' dir='ltr'>γεγόναμεν,</span> <span class='ocrx_word' id='word_1_902' title='bbox 3445 4465 3540 4515; x_wconf 82' lang='grc' dir='ltr'>καὶ</span> <span class='ocrx_word' id='word_1_903' title='bbox 3564 4464 3741 4534; x_wconf 78' lang='grc' dir='ltr'>ταύτῃ</span> <span class='ocrx_word' id='word_1_904' title='bbox 3789 4464 3899 4517; x_wconf 81' lang='grc' dir='ltr'>τῶν</span> 
     </span>
    </p>
   </div>
   <div class='ocr_carea' id='block_1_113' title="bbox 2226 4547 3898 4622">
    <p class='ocr_par' dir='ltr' id='par_1_113' title="bbox 2226 4547 3898 4622">
     <span class='ocr_line' id='line_1_113' title="bbox 2226 4547 3898 4622; baseline 0.002 -19"><span class='ocrx_word' id='word_1_905' title='bbox 2226 4550 2435 4618; x_wconf 85' lang='grc' dir='ltr'>ἀλόγων</span> <span class='ocrx_word' id='word_1_906' title='bbox 2461 4547 2840 4619; x_wconf 85' lang='grc' dir='ltr'>διεστήκαμεν,</span> <span class='ocrx_word' id='word_1_907' title='bbox 2882 4549 2969 4603; x_wconf 76' lang='grc' dir='ltr'>ἵνα</span> <span class='ocrx_word' id='word_1_908' title='bbox 2998 4550 3095 4612; x_wconf 85' lang='grc' dir='ltr'>τάς</span> <span class='ocrx_word' id='word_1_909' title='bbox 3118 4551 3389 4619; x_wconf 86' lang='grc' dir='ltr'>εὐφημίας</span> <span class='ocrx_word' id='word_1_910' title='bbox 3414 4551 3509 4604; x_wconf 79' lang='grc' dir='ltr'>καὶ</span> <span class='ocrx_word' id='word_1_911' title='bbox 3538 4553 3664 4614; x_wconf 76' lang='grc' dir='ltr'>τοὺς</span> <span class='ocrx_word' id='word_1_912' title='bbox 3693 4551 3898 4622; x_wconf 79' lang='grc' dir='ltr'>ῦμνους</span> 
     </span>
    </p>
   </div>
   <div class='ocr_carea' id='block_1_114' title="bbox 2228 4635 3897 4710">
    <p class='ocr_par' dir='ltr' id='par_1_114' title="bbox 2228 4635 3897 4710">
     <span class='ocr_line' id='line_1_114' title="bbox 2228 4635 3897 4710; baseline 0.001 -21"><span class='ocrx_word' id='word_1_913' title='bbox 2228 4637 2320 4690; x_wconf 78' lang='grc' dir='ltr'>καὶ</span> <span class='ocrx_word' id='word_1_914' title='bbox 2342 4636 2607 4706; x_wconf 79' lang='grc' dir='ltr'>διηνεκεῖς</span> <span class='ocrx_word' id='word_1_915' title='bbox 2635 4635 2942 4702; x_wconf 82' lang='grc' dir='ltr'>δοξολογίας</span> <span class='ocrx_word' id='word_1_916' title='bbox 2993 4636 3355 4707; x_wconf 83' lang='grc' dir='ltr'>ἀναφέρωμεν</span> <span class='ocrx_word' id='word_1_917' title='bbox 3403 4637 3480 4706; x_wconf 82' lang='grc' dir='ltr'>τῷ</span> <span class='ocrx_word' id='word_1_918' title='bbox 3511 4637 3619 4690; x_wconf 88' lang='grc' dir='ltr'>τῶν</span> <span class='ocrx_word' id='word_1_919' title='bbox 3643 4638 3784 4691; x_wconf 81' lang='grc' dir='ltr'>ὅλων</span> <span class='ocrx_word' id='word_1_920' title='bbox 3807 4639 3897 4710; x_wconf 82' lang='grc' dir='ltr'>δη-</span> 
     </span>
    </p>
   </div>
   <div class='ocr_carea' id='block_1_115' title="bbox 2231 4721 3896 4793">
    <p class='ocr_par' dir='ltr' id='par_1_115' title="bbox 2231 4721 3896 4793">
     <span class='ocr_line' id='line_1_115' title="bbox 2231 4721 3896 4793; baseline 0.004 -20"><span class='ocrx_word' id='word_1_921' title='bbox 2231 4721 2493 4791; x_wconf 81' lang='grc' dir='ltr'>μιουργῷ.</span> <span class='ocrx_word' id='word_1_922' title='bbox 2523 4721 2620 4774; x_wconf 88' lang='grc' dir='ltr'>Διά</span> <span class='ocrx_word' id='word_1_923' title='bbox 2641 4721 2800 4774; x_wconf 87' lang='grc' dir='ltr'>τοῦτο</span> <span class='ocrx_word' id='word_1_924' title='bbox 2823 4722 2916 4775; x_wconf 72' lang='grc' dir='ltr'>καὶ</span> <span class='ocrx_word' id='word_1_925' title='bbox 2937 4721 3113 4793; x_wconf 78' lang='grc' dir='ltr'>ψυχὴν</span> <span class='ocrx_word' id='word_1_926' title='bbox 3140 4725 3272 4792; x_wconf 88' lang='grc' dir='ltr'>ήμῖν</span> <span class='ocrx_word' id='word_1_927' title='bbox 3289 4725 3600 4786; x_wconf 70' lang='grc' dir='ltr'>ἐνέπνευσε,</span> <span class='ocrx_word' id='word_1_928' title='bbox 3614 4725 3710 4778; x_wconf 70' lang='grc' dir='ltr'>καὶ</span> <span class='ocrx_word' id='word_1_929' title='bbox 3728 4726 3896 4793; x_wconf 80' lang='grc' dir='ltr'>γλῶσ-</span> 
     </span>
    </p>
   </div>
   <div class='ocr_carea' id='block_1_116' title="bbox 2231 4807 3902 4882">
    <p class='ocr_par' dir='ltr' id='par_1_116' title="bbox 2231 4807 3902 4882">
     <span class='ocr_line' id='line_1_116' title="bbox 2231 4807 3902 4882; baseline 0.004 -23"><span class='ocrx_word' id='word_1_930' title='bbox 2231 4823 2324 4860; x_wconf 82' lang='grc' dir='ltr'>εαν</span> <span class='ocrx_word' id='word_1_931' title='bbox 2350 4809 2658 4877; x_wconf 71' lang='grc' dir='ltr'>ἐχαρίσατο,</span> <span class='ocrx_word' id='word_1_932' title='bbox 2703 4809 2788 4860; x_wconf 81' lang='grc' dir='ltr'>ἵνα</span> <span class='ocrx_word' id='word_1_933' title='bbox 2807 4807 2915 4860; x_wconf 91' lang='grc' dir='ltr'>τῶν</span> <span class='ocrx_word' id='word_1_934' title='bbox 2940 4808 3070 4879; x_wconf 78' lang='grc' dir='ltr'>παρ’</span> <span class='ocrx_word' id='word_1_935' title='bbox 3096 4809 3258 4862; x_wconf 89' lang='grc' dir='ltr'>αὑτοῦ</span> <span class='ocrx_word' id='word_1_936' title='bbox 3295 4812 3374 4873; x_wconf 83' lang='grc' dir='ltr'>είς</span> <span class='ocrx_word' id='word_1_937' title='bbox 3394 4811 3542 4880; x_wconf 75' lang='grc' dir='ltr'>ήμᾶς</span> <span class='ocrx_word' id='word_1_938' title='bbox 3563 4811 3902 4882; x_wconf 84' lang='grc' dir='ltr'>εὐεργεσιῶν</span> 
     </span>
    </p>
   </div>
   <div class='ocr_carea' id='block_1_117' title="bbox 2226 4893 3895 4965">
    <p class='ocr_par' dir='ltr' id='par_1_117' title="bbox 2226 4893 3895 4965">
     <span class='ocr_line' id='line_1_117' title="bbox 2226 4893 3895 4965; baseline 0.005 -22"><span class='ocrx_word' id='word_1_939' title='bbox 2226 4895 2303 4955; x_wconf 84' lang='grc' dir='ltr'>είς</span> <span class='ocrx_word' id='word_1_940' title='bbox 2330 4893 2580 4963; x_wconf 88' lang='grc' dir='ltr'>αίσθησιν</span> <span class='ocrx_word' id='word_1_941' title='bbox 2607 4896 2907 4965; x_wconf 72' lang='grc' dir='ltr'>ἐρχόμενοι,</span> <span class='ocrx_word' id='word_1_942' title='bbox 2947 4895 3040 4947; x_wconf 70' lang='grc' dir='ltr'>καὶ</span> <span class='ocrx_word' id='word_1_943' title='bbox 3071 4894 3169 4963; x_wconf 76' lang='grc' dir='ltr'>τὴν</span> <span class='ocrx_word' id='word_1_944' title='bbox 3191 4896 3504 4950; x_wconf 84' lang='grc' dir='ltr'>δεσποτείαν</span> <span class='ocrx_word' id='word_1_945' title='bbox 3525 4899 3895 4964; x_wconf 73' lang='grc' dir='ltr'>ἐπιγινώσκω-</span> 
     </span>
    </p>
   </div>
   <div class='ocr_carea' id='block_1_118' title="bbox 2229 4979 3894 5055">
    <p class='ocr_par' dir='ltr' id='par_1_118' title="bbox 2229 4979 3894 5055">
     <span class='ocr_line' id='line_1_118' title="bbox 2229 4979 3894 5055; baseline 0.004 -24"><span class='ocrx_word' id='word_1_946' title='bbox 2229 4995 2347 5048; x_wconf 87' lang='grc' dir='ltr'>μεν,</span> <span class='ocrx_word' id='word_1_947' title='bbox 2367 4981 2459 5034; x_wconf 79' lang='grc' dir='ltr'>καὶ</span> <span class='ocrx_word' id='word_1_948' title='bbox 2477 4982 2577 5049; x_wconf 81' lang='grc' dir='ltr'>τήν</span> <span class='ocrx_word' id='word_1_949' title='bbox 2605 4979 3022 5051; x_wconf 84' lang='grc' dir='ltr'>εὐγνωμοσύνην</span> <span class='ocrx_word' id='word_1_950' title='bbox 3051 4979 3200 5050; x_wconf 69' lang='grc' dir='ltr'>[εει]</span> <span class='ocrx_word' id='word_1_951' title='bbox 3224 4980 3642 5052; x_wconf 74' lang='grc' dir='ltr'>επιδειξώμεθα,</span> <span class='ocrx_word' id='word_1_952' title='bbox 3685 4985 3785 5038; x_wconf 78' lang='grc' dir='ltr'>καὶ</span> <span class='ocrx_word' id='word_1_953' title='bbox 3801 4985 3894 5055; x_wconf 76' lang='grc' dir='ltr'>τήν</span> 
     </span>
    </p>
   </div>
   <div class='ocr_carea' id='block_1_119' title="bbox 2226 5066 3894 5141">
    <p class='ocr_par' dir='ltr' id='par_1_119' title="bbox 2226 5066 3894 5141">
     <span class='ocr_line' id='line_1_119' title="bbox 2226 5066 3894 5141; baseline 0.004 -22"><span class='ocrx_word' id='word_1_954' title='bbox 2226 5067 2366 5120; x_wconf 89' lang='grc' dir='ltr'>κατά</span> <span class='ocrx_word' id='word_1_955' title='bbox 2401 5067 2626 5137; x_wconf 88' lang='grc' dir='ltr'>δύναμιν</span> <span class='ocrx_word' id='word_1_956' title='bbox 2655 5066 3002 5137; x_wconf 85' lang='grc' dir='ltr'>εὐχαριστίαν</span> <span class='ocrx_word' id='word_1_957' title='bbox 3026 5067 3384 5138; x_wconf 86' lang='grc' dir='ltr'>ἀναφέρωμεν</span> <span class='ocrx_word' id='word_1_958' title='bbox 3412 5069 3489 5138; x_wconf 83' lang='grc' dir='ltr'>τῷ</span> <span class='ocrx_word' id='word_1_959' title='bbox 3518 5071 3790 5141; x_wconf 72' lang='grc' dir='ltr'>Δεσπότη.</span> <span class='ocrx_word' id='word_1_960' title='bbox 3831 5071 3894 5125; x_wconf 78' lang='grc' dir='ltr'>ει</span> 
     </span>
    </p>
   </div>
   <div class='ocr_carea' id='block_1_120' title="bbox 2226 5153 3893 5225">
    <p class='ocr_par' dir='ltr' id='par_1_120' title="bbox 2226 5153 3893 5225">
     <span class='ocr_line' id='line_1_120' title="bbox 2226 5153 3893 5225; baseline 0.002 -18"><span class='ocrx_word' id='word_1_961' title='bbox 2226 5154 2332 5223; x_wconf 86' lang='grc' dir='ltr'>γάρ</span> <span class='ocrx_word' id='word_1_962' title='bbox 2379 5154 2652 5224; x_wconf 76' lang='grc' dir='ltr'>ἄνθρωποι</span> <span class='ocrx_word' id='word_1_963' title='bbox 2712 5155 2759 5205; x_wconf 87' lang='grc' dir='ltr'>οί</span> <span class='ocrx_word' id='word_1_964' title='bbox 2786 5154 2886 5222; x_wconf 80' lang='grc' dir='ltr'>τῆς</span> <span class='ocrx_word' id='word_1_965' title='bbox 2913 5153 3082 5224; x_wconf 85' lang='grc' dir='ltr'>αὐτῆς</span> <span class='ocrx_word' id='word_1_966' title='bbox 3112 5156 3241 5225; x_wconf 84' lang='grc' dir='ltr'>ήμῖν</span> <span class='ocrx_word' id='word_1_967' title='bbox 3261 5155 3472 5224; x_wconf 89' lang='grc' dir='ltr'>φύσεως</span> <span class='ocrx_word' id='word_1_968' title='bbox 3487 5156 3893 5222; x_wconf 77' lang='grc' dir='ltr'>κοινωνοῦντες,</span> 
     </span>
    </p>
   </div>
   <div class='ocr_carea' id='block_1_121' title="bbox 2229 5239 3893 5314">
    <p class='ocr_par' dir='ltr' id='par_1_121' title="bbox 2229 5239 3893 5314">
     <span class='ocr_line' id='line_1_121' title="bbox 2229 5239 3893 5314; baseline 0.003 -23"><span class='ocrx_word' id='word_1_969' title='bbox 2229 5241 2428 5310; x_wconf 83' lang='grc' dir='ltr'>μικράν</span> <span class='ocrx_word' id='word_1_970' title='bbox 2458 5257 2576 5293; x_wconf 88' lang='grc' dir='ltr'>τινα</span> <span class='ocrx_word' id='word_1_971' title='bbox 2608 5239 2866 5300; x_wconf 77' lang='grc' dir='ltr'>πολλάκις</span> <span class='ocrx_word' id='word_1_972' title='bbox 2907 5239 3000 5292; x_wconf 78' lang='grc' dir='ltr'>καὶ</span> <span class='ocrx_word' id='word_1_973' title='bbox 3027 5240 3217 5310; x_wconf 85' lang='grc' dir='ltr'>εὐτελῆ</span> <span class='ocrx_word' id='word_1_974' title='bbox 3263 5243 3345 5305; x_wconf 87' lang='grc' dir='ltr'>είς</span> <span class='ocrx_word' id='word_1_975' title='bbox 3373 5243 3518 5312; x_wconf 76' lang='grc' dir='ltr'>ἡμᾶς</span> <span class='ocrx_word' id='word_1_976' title='bbox 3568 5243 3893 5314; x_wconf 85' lang='grc' dir='ltr'>εὐεργεσίαν</span> 
     </span>
    </p>
   </div>
   <div class='ocr_carea' id='block_1_122' title="bbox 2225 5321 3891 5400">
    <p class='ocr_par' dir='ltr' id='par_1_122' title="bbox 2225 5321 3891 5400">
     <span class='ocr_line' id='line_1_122' title="bbox 2225 5321 3891 5400; baseline 0.004 -23"><span class='ocrx_word' id='word_1_977' title='bbox 2225 5325 2598 5394; x_wconf 83' lang='grc' dir='ltr'>καταθέμενοι,</span> <span class='ocrx_word' id='word_1_978' title='bbox 2624 5323 2914 5377; x_wconf 87' lang='grc' dir='ltr'>ἀπαιτοῦσι</span> <span class='ocrx_word' id='word_1_979' title='bbox 2943 5323 3040 5394; x_wconf 81' lang='grc' dir='ltr'>τὴν</span> <span class='ocrx_word' id='word_1_980' title='bbox 3072 5327 3210 5396; x_wconf 87' lang='grc' dir='ltr'>ὑπὲρ</span> <span class='ocrx_word' id='word_1_981' title='bbox 3235 5321 3310 5380; x_wconf 80' lang='grc' dir='ltr'>ὧν</span> <span class='ocrx_word' id='word_1_982' title='bbox 3357 5328 3705 5398; x_wconf 76' lang='grc' dir='ltr'>πεπόνθαμεν</span> <span class='ocrx_word' id='word_1_983' title='bbox 3731 5331 3891 5400; x_wconf 82' lang='grc' dir='ltr'>εὐχα-</span> 
     </span>
    </p>
   </div>
   <div class='ocr_carea' id='block_1_123' title="bbox 2227 5410 3890 5483">
    <p class='ocr_par' dir='ltr' id='par_1_123' title="bbox 2227 5410 3890 5483">
     <span class='ocr_line' id='line_1_123' title="bbox 2227 5410 3890 5483; baseline 0.004 -23"><span class='ocrx_word' id='word_1_984' title='bbox 2227 5411 2465 5481; x_wconf 88' lang='grc' dir='ltr'>ριστίαν,</span> <span class='ocrx_word' id='word_1_985' title='bbox 2501 5412 2561 5463; x_wconf 90' lang='grc' dir='ltr'>οὐ</span> <span class='ocrx_word' id='word_1_986' title='bbox 2591 5410 2678 5462; x_wconf 86' lang='grc' dir='ltr'>διά</span> <span class='ocrx_word' id='word_1_987' title='bbox 2719 5410 2817 5479; x_wconf 82' lang='grc' dir='ltr'>τὴν</span> <span class='ocrx_word' id='word_1_988' title='bbox 2843 5411 3118 5482; x_wconf 78' lang='grc' dir='ltr'>ἡμετέραν</span> <span class='ocrx_word' id='word_1_989' title='bbox 3149 5411 3582 5483; x_wconf 89' lang='grc' dir='ltr'>εὐγνωμοσύνην,</span> <span class='ocrx_word' id='word_1_990' title='bbox 3644 5412 3763 5465; x_wconf 79' lang='grc' dir='ltr'>ἀλλ’</span> <span class='ocrx_word' id='word_1_991' title='bbox 3803 5415 3890 5467; x_wconf 75' lang='grc' dir='ltr'>ἵνα</span> 
     </span>
    </p>
   </div>
   <div class='ocr_carea' id='block_1_124' title="bbox 2223 5497 3890 5570">
    <p class='ocr_par' dir='ltr' id='par_1_124' title="bbox 2223 5497 3890 5570">
     <span class='ocr_line' id='line_1_124' title="bbox 2223 5497 3890 5570; baseline 0.002 -21"><span class='ocrx_word' id='word_1_992' title='bbox 2223 5497 2316 5550; x_wconf 78' lang='grc' dir='ltr'>καὶ</span> <span class='ocrx_word' id='word_1_993' title='bbox 2341 5498 2493 5549; x_wconf 75' lang='grc' dir='ltr'>αὐτοὶ</span> <span class='ocrx_word' id='word_1_994' title='bbox 2517 5497 2764 5549; x_wconf 72' lang='grc' dir='ltr'>ἐντεῦθεν</span> <span class='ocrx_word' id='word_1_995' title='bbox 2795 5497 3157 5569; x_wconf 86' lang='grc' dir='ltr'>λαμπρότεροι</span> <span class='ocrx_word' id='word_1_996' title='bbox 3187 5499 3498 5567; x_wconf 86' lang='grc' dir='ltr'>φαίνωνται·</span> <span class='ocrx_word' id='word_1_997' title='bbox 3531 5498 3710 5569; x_wconf 88' lang='grc' dir='ltr'>πολλῷ</span> <span class='ocrx_word' id='word_1_998' title='bbox 3748 5502 3890 5570; x_wconf 74' lang='grc' dir='ltr'>μᾶλ-</span> 
     </span>
    </p>
   </div>
   <div class='ocr_carea' id='block_1_125' title="bbox 2222 5582 3886 5657">
    <p class='ocr_par' dir='ltr' id='par_1_125' title="bbox 2222 5582 3886 5657">
     <span class='ocr_line' id='line_1_125' title="bbox 2222 5582 3886 5657; baseline 0.002 -23"><span class='ocrx_word' id='word_1_999' title='bbox 2222 5583 2311 5636; x_wconf 92' lang='grc' dir='ltr'>λον</span> <span class='ocrx_word' id='word_1_1000' title='bbox 2341 5585 2430 5636; x_wconf 72' lang='grc' dir='ltr'>ἐπὶ</span> <span class='ocrx_word' id='word_1_1001' title='bbox 2455 5583 2550 5636; x_wconf 90' lang='grc' dir='ltr'>τοῦ</span> <span class='ocrx_word' id='word_1_1002' title='bbox 2578 5582 2956 5651; x_wconf 87' lang='grc' dir='ltr'>φιλανθρώπου</span> <span class='ocrx_word' id='word_1_1003' title='bbox 2977 5585 3112 5638; x_wconf 84' lang='grc' dir='ltr'>Θεοῦ</span> <span class='ocrx_word' id='word_1_1004' title='bbox 3151 5585 3308 5639; x_wconf 79' lang='grc' dir='ltr'>τοῦτο</span> <span class='ocrx_word' id='word_1_1005' title='bbox 3347 5585 3516 5638; x_wconf 88' lang='grc' dir='ltr'>πλείω</span> <span class='ocrx_word' id='word_1_1006' title='bbox 3541 5589 3716 5638; x_wconf 81' lang='grc' dir='ltr'>ποιεῖν</span> <span class='ocrx_word' id='word_1_1007' title='bbox 3739 5589 3886 5657; x_wconf 63' lang='grc' dir='ltr'>ἡμᾶς</span> 
     </span>
    </p>
   </div>
   <div class='ocr_carea' id='block_1_126' title="bbox 2222 5669 3885 5744">
    <p class='ocr_par' dir='ltr' id='par_1_126' title="bbox 2222 5669 3885 5744">
     <span class='ocr_line' id='line_1_126' title="bbox 2222 5669 3885 5744; baseline -0.006 -19"><span class='ocrx_word' id='word_1_1008' title='bbox 2222 5669 2348 5740; x_wconf 79' lang='grc' dir='ltr'>χρὴ,</span> <span class='ocrx_word' id='word_1_1009' title='bbox 2381 5671 2474 5723; x_wconf 87' lang='grc' dir='ltr'>τοῦ</span> <span class='ocrx_word' id='word_1_1010' title='bbox 2499 5670 2584 5722; x_wconf 77' lang='grc' dir='ltr'>διὰ</span> <span class='ocrx_word' id='word_1_1011' title='bbox 2608 5669 2703 5739; x_wconf 75' lang='grc' dir='ltr'>τὴν</span> <span class='ocrx_word' id='word_1_1012' title='bbox 2729 5671 3002 5740; x_wconf 80' lang='grc' dir='ltr'>ἡμετέραν</span> <span class='ocrx_word' id='word_1_1013' title='bbox 3043 5672 3306 5740; x_wconf 82' lang='grc' dir='ltr'>ὠφέλειαν</span> <span class='ocrx_word' id='word_1_1014' title='bbox 3348 5673 3505 5744; x_wconf 82' lang='grc' dir='ltr'>μόνον</span> <span class='ocrx_word' id='word_1_1015' title='bbox 3560 5673 3718 5728; x_wconf 83' lang='grc' dir='ltr'>τοῦτο</span> <span class='ocrx_word' id='word_1_1016' title='bbox 3742 5675 3885 5741; x_wconf 72' lang='grc' dir='ltr'>τινε-</span> 
     </span>
    </p>
   </div>
  </div>
