4054 6312
284 321 358 383 37
1244 324 1309 385 lN
1349 327 1499 385 CAP.
1542 325 1669 381 Vill.
1717 318 1963 385 GENES.
2006 327 2231 388 HOMIL.
2278 327 2463 390 XXVI.

215 455 455 499 vostram
503 445 808 515 caritatem,
868 456 923 502 ut
970 448 1221 502 continuo
1271 448 1482 502 beatum
1531 448 1694 502 istum
1744 445 1802 499 in

218 536 485 590 memoria
539 547 716 591 vestra
759 539 990 607 geratis,
1043 547 1097 592 et
1150 539 1295 592 illius
1332 537 1544 591 virtutis
1578 535 1810 605 pulchri-

214 624 461 680 tudinem
505 626 645 681 bene
693 628 943 692 discatis,
979 638 1085 697 quo
1121 643 1247 683 eum
1288 628 1590 681 imitemini.
1618 626 1807 681 Anim-

210 714 441 772 adverte
480 718 620 771 enim
644 758 661 782 ,
695 720 920 775 obsecro
941 761 955 783 ,
989 728 1223 787 quantus
1257 718 1469 772 virtutis
1521 717 1660 771 illius
1692 717 1808 770 the-

210 822 430 871 sattrus,
480 810 604 876 quia
641 824 762 864 cum
818 826 913 880 per
965 818 1039 864 tot
1082 810 1197 864 dies
1239 809 1309 864 de
1346 808 1438 863 illo
1489 807 1808 861 disserueri-

210 912 361 960 mus,
407 896 638 952 nondum
683 898 841 954 ﬁnem
890 899 1172 970 imponere
1212 896 1506 951 narrationi
1534 898 1806 966 potuimus

208 1000 404 1040 eorum
433 1004 550 1055 qua:
590 988 657 1042 ad
704 989 849 1043 illum
878 990 1123 1044 attinent.
1154 988 1291 1055 Quid
1333 989 1454 1043 dico
1491 987 1651 1042 ﬁnem
1699 986 1804 1041 im-

210 1077 467 1143 poneret
506 1088 929 1148 quantacumque
973 1078 1298 1142 dixerimus,
1348 1091 1454 1130 non
1512 1074 1807 1145 puterimus

209 1164 280 1217 ad
302 1166 514 1220 culmen
534 1168 835 1235 pertingere
866 1185 880 1221 :
910 1167 1005 1222 sed
1034 1167 1274 1236 quamvis
1294 1174 1348 1222 et
1377 1180 1475 1219 nos
1501 1173 1558 1220 et
1579 1164 1801 1233 posteri,

210 1258 384 1310 Inulta
414 1256 481 1310 de
508 1258 599 1311 illo
628 1258 806 1312 dicere
833 1258 1127 1323 valeamus,
1183 1274 1287 1311 nun
1335 1254 1511 1310 tamen
1548 1254 1614 1309 ad
1644 1254 1805 1309 ﬁnem

212 1348 500 1414 pervenire
530 1347 820 1415 poterimus
854 1366 867 1402 :
902 1358 1043 1402 tanta
1085 1364 1171 1403 res
1214 1357 1297 1403 est
1344 1348 1530 1402 virtus.
1580 1345 1635 1402 Si
1663 1346 1803 1400 enim

212 1436 542 1490 voluerimus
564 1476 581 1499 ,
637 1439 827 1506 poterit
854 1437 938 1491 hic
964 1440 1264 1492 universam
1294 1447 1527 1492 nostram
1564 1446 1803 1490 naturam

213 1523 495 1580 instituere
524 1526 565 1589 ⁸,
590 1533 645 1579 et
670 1526 736 1579 ad
763 1526 971 1581 virtutis
999 1526 1345 1581 imitationem
1372 1524 1642 1580 inducere.
1672 1524 1803 1579 Nam

211 1614 257 1665 si
284 1613 376 1669 ille
403 1614 541 1668 inter
568 1624 646 1669 tot
676 1615 949 1684 improbos
987 1629 1207 1670 versans
1228 1656 1244 1682 ,
1274 1629 1445 1684 neque
1480 1614 1682 1668 habens
1722 1612 1804 1666 fa-

216 1704 485 1760 miliarem
511 1704 766 1776 aliquem,
814 1707 868 1762 in
897 1716 1101 1762 tantum
1130 1707 1342 1763 virtutis
1370 1706 1634 1776 fastigium
1680 1717 1804 1776 per-

212 1802 428 1855 venisse
455 1801 700 1855 inventus
725 1810 807 1855 est
838 1818 851 1853 :
883 1816 1004 1870 qua:
1030 1801 1341 1876 nostraIerit
1367 1800 1661 1863 excusatio,
1682 1812 1804 1852 cum

210 1902 319 1941 nec
343 1888 464 1943 talia
493 1891 647 1945 nobis
672 1889 780 1944 sint
808 1888 1208 1959 impedimenta,
1235 1897 1290 1943 et
1316 1896 1494 1943 tamen
1529 1887 1804 1957 negligen-

213 1990 302 2035 tes
339 1980 506 2035 simus
561 1983 629 2035 ad
682 1982 817 2047 bona
874 1981 1077 2051 opera?
1110 1980 1245 2035 Nolo
1296 1979 1440 2034 enim
1484 1978 1630 2032 dicas
1676 1976 1807 2032 mibi

212 2070 385 2124 solam
415 2071 556 2126 illam
599 2073 1010 2141 quingentorum
1050 2085 1309 2125 annorum
1354 2071 1540 2132 vitam,
1591 2068 1807 2138 quando

211 2160 642 2216 subsannabatur
710 2170 766 2216 et
831 2161 1184 2227 irridebatur,
1267 2162 1681 2231 versabaturque
1749 2162 1804 2216 in

212 2250 397 2306 medio
444 2252 824 2321 tlagitiosorum
873 2269 888 2307 :
935 2250 1031 2306 sed
1080 2259 1137 2306 et
1174 2265 1370 2304 annum
1423 2249 1593 2315 illum,
1644 2264 1805 2319 quem

222 2351 395 2395 tutum
443 2341 495 2395 in
546 2356 670 2396 arca
714 2342 988 2411 transegit,
1031 2340 1119 2409 qui
1147 2353 1275 2393 sane
1299 2337 1653 2393 oonferendus
1677 2338 1804 2392 mihi

219 2432 436 2487 videtur
482 2432 577 2487 toti
627 2432 853 2501 tempori
893 2430 1154 2501 superiori
1185 2445 1202 2483 :
1233 2438 1431 2484 tantam
1467 2428 1539 2483 ibi
1566 2426 1807 2483 afﬂictio-

214 2539 340 2578 nem
393 2523 533 2587 ferre
572 2526 861 2593 cogebatur
892 2523 1068 2589 justus
1113 2521 1232 2587 ille,
1280 2522 1333 2575 in
1374 2520 1538 2574 tantis
1584 2534 1806 2574 versans

212 2614 495 2683 angustiis,
546 2628 719 2681 neque
756 2614 1020 2682 respirare
1046 2611 1250 2675 valens,
1280 2620 1335 2665 et
1364 2611 1593 2664 terarum
1623 2609 1806 2663 bruto-

211 2717 441 2772 rumque
467 2704 766 2757 convictum
796 2702 979 2756 terens
1007 2719 1021 2755 :
1048 2702 1137 2771 qui
1158 2709 1211 2755 et
1232 2700 1285 2754 in
1309 2699 1557 2754 omnibus
1570 2706 1804 2753 mentem

214 2807 367 2846 suam
413 2792 637 2846 solidam
680 2791 1005 2854 tit-clarabat,
1054 2798 1111 2844 et
1155 2789 1478 2843 voluntatem
1523 2786 1662 2841 ﬂecti
1708 2801 1804 2841 ne-

213 2886 403 2949 sciam,
456 2892 514 2939 et
553 2883 711 2938 tidem
763 2897 888 2952 erga
919 2882 1106 2945 Deum,
1136 2894 1231 2950 per
1256 2894 1415 2949 quam
1446 2878 1600 2933 facile
1637 2888 1686 2933 et
1718 2877 1799 2932 le-

213 2974 352 3027 viter
391 2974 570 3027 omnia
607 2974 922 3027 sustinebat.
960 2973 1133 3041 Atque
1160 2970 1381 3036 ideirco,
1411 2969 1661 3039 quoniam
1686 2983 1806 3039 qua:

207 3076 308 3115 sua
337 3071 491 3116 erant
517 3062 693 3116 omnia
719 3060 999 3125 aﬂ’erebat,
1044 3074 1233 3115 eorum
1274 3059 1436 3114 etiam
1473 3074 1593 3128 qua:
1637 3072 1667 3111 a
1698 3058 1805 3113 Deo

210 3160 391 3217 erant,
414 3151 628 3206 abunde
655 3152 853 3221 potitus
870 3159 973 3204 est.
995 3150 1248 3217 Quamvis
1272 3148 1417 3203 enim
1445 3148 1666 3201 multam
1696 3146 1805 3201 fer-

211 3252 300 3298 ret
329 3245 381 3296 in
406 3257 530 3297 area
558 3242 876 3312 angustiam,
920 3251 1153 3294 attamen
1185 3239 1476 3294 terribilem
1518 3247 1805 3307 tempesta-

208 3345 322 3389 tettt
350 3346 402 3389 et
431 3348 771 3390 communem
798 3334 1034 3386 omnium
1061 3331 1480 3386 internecionem
1498 3327 1802 3398 et't‘ugieltat.

210 3424 282 3480 Et
330 3435 611 3495 propterea
651 3431 773 3493 post
807 3422 1105 3492 angustiam
1153 3420 1298 3474 illam
1338 3430 1393 3474 et
1419 3418 1805 3473 intolerabilem

208 3530 505 3579 carcerem,
552 3514 890 3570 securitatem
936 3522 991 3567 et
1034 3512 1265 3581 quietem
1318 3510 1542 3579 adeptus
1578 3519 1660 3564 est
1700 3525 1805 3563 una

204 3622 336 3660 cum
365 3607 540 3662 divina
568 3605 977 3669 benedictione;
1011 3605 1310 3672 iterumque
1341 3613 1551 3672 gratum
1570 3602 1803 3655 animum

204 3699 466 3767 «mribus
502 3698 776 3761 indicavit,
817 3706 875 3751 et
920 3696 1118 3764 ubique
1173 3695 1411 3749 invenies
1453 3694 1598 3747 illtun
1636 3693 1804 3761 prima

204 3791 522 3846 contulisse.
562 3789 697 3845 Nam
745 3788 885 3843 sicut
928 3789 980 3842 in
1021 3787 1189 3858 prima
1215 3797 1372 3840 artato
1400 3799 1614 3839 onmem
1641 3785 1807 3838 virtu-

205 3891 323 3936 tem
351 3891 581 3936 sectatus
609 3887 712 3943 est,
759 3887 810 3933 et
838 3894 868 3932 a
896 3878 1038 3932 vitiis
1076 3892 1135 3931 se
1164 3876 1433 3939 alienavit,
1478 3874 1670 3945 quibus
1707 3875 1798 3944 qui

206 3983 343 4028 tunc
387 3972 649 4033 vivebant,
703 3968 882 4024 infecti
911 3977 1065 4023 erant
1095 3983 1112 4022 :
1145 3966 1287 4021 unde
1324 3979 1498 4034 neque
1528 3979 1803 4033 poenarum

208 4064 481 4135 particeps
528 4063 647 4126 fuit,
688 4070 890 4116 etcum
937 4059 1028 4113 alii
1074 4071 1263 4112 omnes
1311 4057 1802 4125 submergerentur,

208 4157 332 4225 ipse
379 4155 523 4208 Solus
568 4162 809 4207 servatus
852 4159 934 4204 est
963 4167 975 4201 :
1011 4151 1078 4202 ita
1112 4161 1295 4201 rursus
1321 4148 1443 4216 quia
1485 4145 1642 4199 [idem
1672 4158 1806 4213 quo-

206 4260 321 4314 que
370 4243 581 4307 habuit,
630 4252 685 4298 ct
725 4256 845 4295 cunt
870 4240 1157 4310 gratiarum
1187 4237 1397 4291 actione
1426 4250 1575 4289 suum
1602 4236 1656 4287 in
1681 4246 1804 4287 arca

209 4335 597 4391 habitationem
642 4333 792 4396 tulit,
837 4331 1026 4385 iterum
1067 4327 1242 4381 divina
1284 4327 1423 4381 dona
1469 4324 1685 4394 capiose
1731 4324 1804 4378 illl

207 4409 472 4481 concessa
502 4434 663 4488 sunt,
704 4428 757 4475 et
793 4437 913 4476 cutn
955 4434 1207 4490 egressus
1246 4434 1309 4472 ex
1337 4431 1481 4481 arca,
1526 4425 1581 4469 et
1609 4420 1661 4468 in
1698 4416 1805 4484 pri-

208 4518 411 4571 stinum
438 4525 632 4569 statum
659 4513 933 4567 restitutus
960 4520 1103 4565 esset
1121 4550 1135 4572 ,
1164 4510 1340 4562 statim
1368 4508 1791 4563 benedictionem

208 4613 573 4674 consequutus
603 4613 704 4667 est,
740 4612 794 4655 ct
842 4604 1030 4654 iterum
1071 4600 1279 4653 Solitum
1306 4614 1414 4666 pra:
1442 4613 1500 4652 se
1531 4598 1649 4650 tttlit
1667 4597 1804 4666 grati

208 4695 378 4750 animi
398 4692 735 4764 probitatem,
764 4693 1063 4759 emissaque
1090 4691 1377 4759 gratiarum
1405 4688 1614 4741 actione
1642 4687 1803 4740 etiam

212 4801 345 4842 tunc
373 4785 662 4851 majoribus
693 4781 963 4835 beneﬁciis
988 4795 1017 4831 a
1064 4779 1174 4833 Deo
1212 4777 1509 4831 cumulatus
1548 4786 1649 4829 est.
1691 4775 1806 4830 Mos

211 4879 363 4933 enim
410 4877 499 4929 Dei
540 4884 641 4936 est,
688 4882 747 4926 ut
792 4873 836 4926 si
868 4885 966 4924 nos
996 4870 1171 4924 tenuia
1198 4868 1439 4938 quaedam
1470 4877 1524 4921 et
1549 4868 1669 4921 vilia
1699 4868 1801 4921 ob-

212 4967 527 5026 tuleritnus.
561 4966 656 5020 sed
699 4973 874 5017 tamen
902 4962 1271 5026 obtulerimus,
1301 4962 1464 5015 multa
1492 4960 1805 5019 liberalitate

213 5076 315 5114 nos
343 5065 668 5112 remuncret.
714 5055 780 5108 Et
806 5064 862 5107 ut
891 5053 1067 5106 discos
1094 5062 1287 5122 quanta
1330 5052 1399 5105 sit
1450 5052 1679 5105 humana
1724 5060 1803 5105 te-

216 5152 416 5214 nuitas,
467 5158 662 5218 quanta
710 5147 801 5201 Dei
843 5144 1253 5214 magniﬁcentia,
1300 5142 1389 5195 hic
1428 5153 1658 5197 mentem
1707 5142 1804 5196 ad~

216 5244 366 5297 bibe.
420 5240 528 5295 Nos
554 5240 695 5294 enim
721 5239 765 5291 si
796 5237 922 5304 quid
950 5236 1274 5290 voluerimus
1297 5233 1511 5299 offerre,
1537 5234 1663 5303 qttid
1692 5250 1806 5288 am-

216 5336 360 5402 plius
385 5332 582 5386 offerre
613 5344 916 5398 possumus,
961 5343 1117 5395 quam
1157 5335 1411 5396 quantum
1467 5327 1643 5379 verbis
1686 5342 1807 5395 gra-

216 5426 321 5477 tias
370 5421 692 5476 relerimus'!
722 5420 795 5472 Ea
834 5433 963 5471 sane
1012 5432 1130 5483 qua:
1186 5416 1299 5485 ipse
1343 5414 1593 5478 exhibet,
1643 5430 1806 5483 opere

217 5514 376 5569 nobis
413 5519 652 5579 praesunt.
696 5511 863 5577 Quam
913 5508 1131 5576 imparia
1175 5515 1355 5560 autem
1393 5514 1516 5559 sunt
1557 5504 1717 5559 verba
1749 5512 1806 5558 et

284 5672 299 5700 ι
340 5667 463 5714 uniti
500 5673 627 5721 Mss,
652 5662 843 5733 stertit»
874 5660 1182 5733 uoluerimus,
1228 5660 1489 5723 poterimus
1533 5657 1802 5709 urtit'et'sam

216 5738 442 5783 naturam
465 5733 676 5776 nostram
707 5726 777 5774 sic
794 5726 1057 5774 utstituere.

3389 334 3500 400 133

1914 446 2117 517 opera?
2154 458 2207 504 et
2239 449 2489 505 Dominus
2518 445 2778 505 nullarum
2802 459 2982 508 rerum
3010 446 3224 525 indigns
3249 464 3353 519 est,
3382 458 3499 509 nuta-

1921 538 2070 607 'aqne
2118 554 2300 594 rerum
2338 552 2638 596 nostrarum
2685 550 2826 612 eget,
2878 552 3232 614 prmterquam
3272 544 3498 601 verbis:

1910 642 2069 698 atque
2096 626 2233 699 hanc
2252 631 2418 700 ipsam
2446 632 2621 687 verbis
2648 633 2905 702 prolatam
2931 634 3217 705 gratiarum
3235 635 3500 691 actionem

1911 719 2092 788 exigit,
2142 734 2248 774 non
2289 721 2430 788 quod
2485 736 2547 776 ea
2592 721 2708 792 ipse
2749 738 2885 793 opus
2930 723 3141 785 habeat.
3173 724 3270 780 sed
3300 734 3358 779 ut
3401 739 3499 779 nos

1910 808 2097 863 doceat
2136 821 2314 878 gratos
2357 827 2499 873 esse.
2541 821 2595 867 et
2623 828 2914 883 agnoscere
2941 823 3208 879 tantorum
3237 815 3500 870 bonorum

1909 901 2383 969 suppeditatoretn.
2437 906 2501 959 Et
2549 900 2692 960 illam
2721 906 2792 961 ob
2814 918 3033 961 causam
3066 907 3259 965 Paulus
3286 921 3498 978 quoque

1914 992 2151 1047 scribens
2178 993 2386 1049 dicebat
2418 1017 2433 1050 :
2462 996 2612 1052 Grati
2635 1008 2791 1053 estote
2833 996 3055 1068 (Colon.
3092 994 3145 1055 3.
3176 997 3306 1068 15).
3351 998 3499 1053 Nihil

1910 1083 2052 1135 enim
2097 1085 2174 1138 sic
2200 1086 2419 1154 requirit
2454 1103 2483 1141 a
2522 1088 2676 1143 nobis
2716 1089 2988 1154 Dominus,
3030 1098 3089 1143 ut
3126 1088 3265 1144 istud
3303 1090 3499 1160 ipsum.

1912 1173 2140 1229 Proinde
2184 1192 2251 1231 ne
2295 1178 2465 1233 simus
2494 1180 2706 1249 ingrati,
2756 1196 2928 1249 neque
2952 1175 3077 1235 dum
3108 1192 3167 1234 re
3193 1180 3304 1249 ipsa
3337 1169 3503 1235 bene-

1909 1262 2027 1318 licia
2074 1267 2409 1335 experimur,
2483 1280 2772 1339 gravemur
2809 1270 3002 1325 offerre
3044 1270 3271 1325 Domino
3319 1268 3500 1324 verbis

1910 1356 2107 1410 nostris
2131 1359 2417 1425 gratiarum
2468 1360 2730 1416 actionem
2765 1378 2778 1414 :
2812 1362 3001 1416 iterum
3027 1360 3169 1415 enim
3195 1362 3401 1415 lucrum
3445 1362 3498 1414 in

1910 1459 2009 1498 nus
2036 1445 2311 1501 redundat.
2336 1447 2489 1515 Quod
2514 1449 2561 1503 si
2586 1449 2655 1503 de
2677 1451 2860 1519 primis
2883 1444 3019 1521 grati
3047 1449 3325 1514 fuerimus,
3366 1465 3501 1517 prae-

1910 1544 2147 1605 terquam
2186 1536 2328 1605 quod
2369 1538 2571 1604 majora
2612 1540 2987 1605 nanciscimur,
3054 1538 3214 1592 etiam
3247 1538 3498 1594 ﬁduciam

1910 1624 2062 1680 nobis
2104 1640 2347 1695 tnagnam
2390 1640 2784 1697 comparamus.
2817 1622 2993 1684 Unum
3046 1628 3185 1696 hoc,
3238 1630 3498 1694 obsecro,

1908 1711 2130 1784 singulis
2170 1714 2359 1770 diebus
2387 1724 2444 1771 et
2472 1715 2638 1781 horis,
2694 1719 2738 1772 si
2776 1717 2887 1772 ﬁeri
2926 1727 3123 1788 potest,
3156 1728 3504 1787 supputemus

1909 1804 2207 1867 nobiscum,
2259 1820 2366 1860 non
2408 1807 2708 1862 communia
2738 1816 2942 1861 tantum
2971 1808 3227 1862 beneﬁcia
3256 1819 3376 1877 qua:
3408 1809 3502 1861 toti

1909 1906 2111 1951 naturae
2156 1900 2393 1953 omnium
2430 1897 2615 1968 Opilex
2659 1899 2918 1966 contulit,
2961 1899 3057 1956 sed
3102 1907 3158 1954 et
3195 1900 3400 1969 privata
3449 1907 3502 1955 et

1908 1985 2232 2056 quotidiana.

1978 2074 2235 2145 Beneﬁcia
2275 2076 2411 2131 Deus
2448 2079 2591 2132 nobis
2619 2079 2835 2149 confert,
2864 2080 3013 2134 etiam
3040 2080 3242 2135 nesciis.
3269 2100 3341 2121 -τ-
3359 2079 3498 2146 Quid

1908 2167 2029 2222 dico
2076 2169 2275 2237 privata
2306 2178 2360 2223 et
2388 2171 2736 2239 quotidiana?
2768 2171 2940 2226 Etiam
2965 2186 3027 2226 ea
3053 2187 3173 2241 quae
3207 2171 3504 2241 ignoranti-

1911 2256 2007 2311 bus
2032 2258 2184 2311 nohis
2210 2256 2439 2324 oonfert,
2468 2274 2668 2329 proque
2706 2260 2787 2315 his
2814 2261 3012 2329 gratias
3054 2274 3294 2330 agamus.
3320 2260 3502 2328 Quarto

1909 2344 2192 2415 doquidem
2222 2348 2363 2402 enim
2392 2363 2487 2418 pro
2514 2350 2685 2404 salute
2710 2358 2890 2404 nostra
2916 2350 3174 2404 sollicitus
3200 2358 3301 2415 est,
3335 2348 3499 2403 multa

1910 2437 2067 2490 etiam
2099 2437 2150 2490 in
2190 2452 2288 2493 nos
2318 2439 2527 2493 nescios
2573 2437 2829 2494 beneﬁcia
2863 2440 3105 2503 conlert,
3150 2454 3295 2509 szepe
3337 2442 3500 2493 etiam

1909 2543 1940 2581 e
1970 2528 2219 2597 periculis
2246 2528 2423 2598 eripit,
2453 2539 2613 2600 atque
2648 2531 2748 2584 alia
2786 2530 3042 2587 beneﬁcia
3072 2540 3306 2601 praestat.
3358 2525 3502 2585 Fons

1908 2622 2050 2673 enim
2079 2629 2161 2674 est
2200 2621 2521 2688 clementiae,
2553 2636 2648 2677 sua
2679 2621 2876 2677 ﬂuenta
2901 2635 3113 2692 semper
3141 2621 3377 2678 humano
3403 2638 3499 2693 ge.

1909 2712 2025 2766 neri
2066 2712 2412 2781 profundens.
2444 2714 2606 2784 Igitur
2646 2716 2691 2770 si
2733 2714 2849 2770 haec
2889 2717 3205 2786 cogitemus,
3248 2728 3501 2784 operam-

1908 2818 2012 2873 que
2039 2803 2227 2859 demus
2253 2814 2313 2860 ut
2340 2814 2397 2860 et
2424 2821 2520 2875 pro
2548 2806 2737 2877 primis
2785 2808 2897 2861 suis
2928 2808 3084 2863 donis
3118 2807 3317 2878 gratias
3357 2807 3461 2861 utre

1910 2911 2089 2949 ramus
2139 2897 2383 2963 Domino,
2436 2906 2491 2952 et
2523 2913 2621 2966 pro
2648 2897 2838 2952 futuris
2865 2897 2944 2954 sic
2972 2912 3070 2952 nos
3100 2911 3461 2967 praeparemus
3481 2938 3498 2961 ,

1910 2995 1967 3039 ut
1996 3000 2101 3040 non
2130 2986 2402 3042 videamur
2441 2988 2640 3058 indigni
2666 2988 2781 3058 ejus
2806 2988 3097 3054 beneﬁciis,
3124 2991 3305 3044 statim
3333 2990 3494 3043 vitam

1908 3076 2173 3145 egregiam
2224 3078 2518 3144 instituere,
2571 3086 2629 3133 et
2673 3078 2892 3133 malitiae
2933 3079 3225 3148 periculum
3262 3075 3500 3149 eti'ugerc

1910 3165 2222 3234 poterimus.
2258 3166 2638 3221 Beneﬁciorum
2668 3168 2812 3223 enim
2845 3170 3102 3223 memoria
3125 3168 3314 3223 idonea
3345 3170 3502 3224 nobis

1910 3266 1995 3311 est
2020 3257 2269 3327 magistra
2301 3258 2367 3311 ad
2393 3258 2556 3312 vitam
2603 3261 2797 3313 virtute
2833 3259 3131 3328 praeditam,
3185 3275 3292 3315 non
3316 3261 3501 3316 sincns

1907 3361 2009 3402 nos
2036 3347 2087 3401 in
2106 3358 2373 3417 torporem
2399 3350 2829 3426 oblivionemque
2848 3350 3106 3418 incidere,
3128 3359 3188 3408 et
3213 3352 3278 3407 ad
3298 3353 3500 3408 malum

1908 3438 2196 3494 declinare.
2242 3439 2391 3495 Mens
2416 3441 2559 3495 enim
2585 3440 2765 3495 sobria
2792 3449 2850 3496 et
2882 3441 3127 3510 vigilans,
3178 3456 3282 3496 non
3313 3443 3491 3497 solum

1908 3543 2027 3584 cum
2048 3530 2272 3585 feliciter
2296 3545 2383 3585 res
2417 3530 2732 3597 succedunt,
2761 3530 2855 3586 sed
2885 3534 3046 3587 etiam
3066 3532 3281 3602 quando
3304 3541 3499 3602 prmter

1908 3620 2223 3673 sententiam
2276 3622 2783 3675 nostram-adversa
2829 3622 3115 3685 eveniunt,
3168 3635 3275 3676 non
3322 3622 3503 3678 minus

1908 3710 2103 3778 gratias
2133 3710 2261 3781 agit,
2300 3711 2572 3780 nihiloque
2606 3726 2671 3766 ex
2706 3727 2883 3765 rerum
2914 3711 3283 3767 vicissitudine
3306 3712 3498 3767 remis-

1908 3800 2019 3853 sior
2061 3799 2119 3853 ﬁt
2161 3816 2174 3851 :
2217 3800 2313 3854 sed
2358 3801 2527 3870 magis
2568 3800 2887 3867 roboratur,
2939 3810 2996 3856 et
3034 3800 3354 3857 inelt‘abilem
3396 3799 3497 3856 Dei

1910 3889 2291 3959 providentiam
2311 3889 2633 3957 considerat,
2655 3892 2744 3961 qui
2773 3904 2895 3945 cum
2921 3892 2991 3945 sit
3012 3891 3163 3946 dives
3179 3901 3237 3947 et
3258 3893 3497 3964 sapiens,

1908 3979 2066 4033 etiam
2100 3994 2194 4048 per
2214 3994 2303 4036 res
2327 3980 2613 4046 adversas,
2665 3981 2909 4051 quamvis
2929 3980 3031 4036 hoc
3062 3980 3360 4051 intelligere
3388 3996 3495 4036 non

1908 4071 2196 4141 possimus,
2242 4087 2393 4127 suam
2423 4072 2698 4128 declarare
2728 4082 2902 4142 potest
2929 4072 3335 4142 providentiam.

1979 4163 2033 4217 6.
2075 4159 2292 4216 Horatia
2332 4163 2639 4217 exhortatio.
2694 4192 2766 4203 --
2807 4162 2972 4234 Igitur
2994 4164 3073 4218 sic
3095 4171 3151 4218 et
3180 4179 3278 4217 nos
3315 4165 3495 4218 omnia

1909 4263 2090 4310 nostra
2132 4253 2426 4317 iaciamus,
2476 4264 2534 4308 ut
2593 4253 3050 4325 qualitercumque
3089 4253 3315 4320 cadant,
3380 4256 3499 4307 uni-

1907 4361 2028 4399 cum
2050 4354 2289 4400 nostrum
2314 4358 2448 4415 opus
2474 4346 2542 4399 sit
2568 4344 2821 4400 continuo
2849 4359 2944 4413 pro
2974 4346 3077 4399 illis
3096 4345 3290 4416 gratias
3313 4356 3493 4415 Igerc.

1909 4435 2134 4504 Propter
2162 4436 2261 4489 hoc
2307 4438 2449 4489 enim
2482 4435 2771 4490 rationales
2796 4433 2920 4491 facti
2949 4450 3155 4503 sumus,
3181 4444 3239 4492 et
3266 4452 3294 4487 a
3326 4437 3497 4490 brutis

1907 4524 2219 4589 tliﬂ‘erimns,
2267 4535 2323 4578 ttt
2365 4524 2679 4591 laudemus,
2715 4525 3084 4590 celebremus,
3134 4525 3492 4595 gloriﬁccmns

1903 4617 2101 4685 jugitcr
2132 4615 2414 4669 Dominum
2444 4616 2681 4669 omnium
2711 4616 3063 4671 conditorem.
3104 4609 3399 4685 Eapropter
3440 4624 3499 4671 et

1909 4707 2139 4758 animam
2186 4706 2338 4758 nobis
2372 4706 2668 4775 inspiravit,
2714 4716 2771 4760 et
2809 4706 3040 4776 linguam
3089 4706 3256 4772 dedit,
3299 4718 3354 4761 ut
3378 4708 3494 4776 ejus

1912 4796 1962 4847 in
1995 4810 2093 4849 nos
2127 4795 2380 4848 beneﬁcia
2409 4809 2568 4849 sensu
2593 4796 2967 4865 percipientes,
2998 4795 3292 4851 dominium
3326 4812 3496 4865 agno-

1910 4901 2140 4949 scamus,
2170 4896 2225 4941 et
2267 4901 2362 4939 nos
2401 4896 2583 4954 gratos
2628 4876 3002 4950 exhibeamus,
3049 4899 3113 4940 ac
3159 4902 3255 4955 pro
3295 4888 3495 4940 viribus

1914 4977 2135 5030 ilomino
2170 4977 2369 5044 gratias
2414 4989 2653 5043 agamus.
2699 4974 2830 5029 Nam
2881 4976 2923 5027 si
2975 4974 3245 5040 homines,
3303 4977 3496 5045 quibus

1909 5069 2095 5124 eadem
2122 5078 2203 5122 cst
2232 5077 2416 5121 natura
2446 5068 2743 5126 nobiscum,
2790 5081 2910 5119 cum
2954 5081 3176 5133 parvum
3210 5067 3497 5136 aliquando

1910 5177 1972 5216 ac
2001 5162 2103 5215 vile
2130 5160 2282 5214 nobis
2316 5158 2629 5213 beneﬁcium
2658 5156 3017 5226 prmstitcrint,
3042 5157 3256 5225 exigunt
3282 5171 3311 5209 a
3343 5157 3497 5210 nobis

1909 5253 2198 5321 gratiarum
2231 5248 2513 5310 actionem,
2556 5261 2660 5300 non
2708 5244 2851 5314 quod
2881 5255 3119 5298 nostrum
3158 5254 3347 5299 curent
3373 5259 3489 5313 grao

1913 5354 2021 5395 tum
2070 5341 2340 5400 animum,
2382 5335 2477 5391 sed
2532 5345 2590 5389 ut
2644 5335 2747 5403 ipsi
2794 5333 2915 5387 inde
2956 5332 3278 5401 celebriores
3316 5332 3446 5386 ﬁant
3475 5351 3494 5385 ι

1911 5442 2105 5501 quanto
2145 5430 2312 5499 magis
2356 5427 2406 5481 id
2444 5426 2596 5479 nobis
2625 5425 2921 5479 faciendtun
2965 5426 3018 5477 in
3068 5425 3129 5477 iis
3166 5440 3284 5494 qua:
3322 5440 3352 5476 a
3382 5423 3495 5479 Deo

1910 5523 2245 5591 accepimus,
2296 5520 2383 5589 qui
2440 5517 2542 5571 hoc
2585 5516 2757 5570 solum
2807 5516 2878 5568 ob
2930 5524 3165 5568 nostram
3214 5514 3495 5567 utilitatem

1910 5615 2023 5668 vult
2061 5612 2214 5665 ﬁeri?
2269 5609 2400 5663 Nam
2447 5607 2585 5661 sicut
2632 5620 2750 5658 cum
2796 5606 2930 5674 grati
2958 5619 3140 5657 sumus
3167 5603 3498 5667 hominibus,

1907 5708 1997 5776 qui
2040 5703 2192 5757 nobis
2232 5698 2649 5761 benel'ecerunt,
2717 5695 2839 5749 illos
2881 5693 3136 5749 clariores
3180 5691 3483 5753 reddimus:
