4054 6312
584 355 694 414 (ὶῦυ

589 461 661 515 ita
705 466 762 514 et
811 458 856 512 si
896 456 950 511 la
998 452 1277 524 benignum
1326 448 1489 502 Deum
1528 443 1784 499 fuerimus
1823 438 1994 513 grati,
2052 448 2152 490 nos

592 550 736 619 ipsos
774 547 1090 601 illustriores
1135 540 1394 603 facimus;
1434 535 1683 605 quoniam
1733 546 1838 587 non
1885 537 1943 584 ut
1978 532 2154 619 nostra

592 615 949 695 celebratione
984 647 1129 703 opus
1171 629 1391 692 habens,
1442 626 1544 680 hoc
1589 623 1701 679 fieri
1744 620 1858 676 vult
1896 636 1910 672 :
1952 615 2045 671 sed
2095 622 2156 669 ut

594 726 846 800 quidquid
893 725 944 781 id
993 723 1124 779 lucri
1174 727 1278 784 est,
1308 720 1497 773 iterum
1535 715 1601 769 ad
1637 726 1734 768 nos
1773 710 2050 800 redeat,_et
2070 704 2153 760 di-

590 798 725 889 gnos
748 798 1003 870 faciamus
1031 826 1126 866 nos
1156 811 1302 879 ipsos
1341 806 1631 876 majoribus
1666 801 1934 859 subsidiis.
1961 798 2155 865 Quam-

594 910 675 964 vis
714 917 885 961 autem
933 918 1038 959 non
1081 903 1346 972 possimus
1387 898 1437 955 id
1474 897 1666 961 facere,
1712 903 1770 949 ut
1791 892 2007 961 dignum
2034 896 2151 943 est:

590 999 679 1068 qui
722 996 859 1051 enim
901 993 1003 1052 hoc
1048 993 1164 1048 ﬁeri
1195 997 1396 1064 posset,
1443 1003 1563 1042 cum
1608 995 1716 1039 tam
1747 982 1913 1052 fragili
1953 988 2155 1068 naturae

587 1065 784 1157 alligati
835 1083 1039 1141 simus?
1094 1091 1149 1138 et
1192 1078 1318 1152 quid
1363 1080 1482 1134 dico
1535 1077 1814 1130 humanam
1871 1065 2154 1125 naturam?

587 1178 767 1247 Neque
825 1178 952 1247 ipsa:
997 1175 1320 1242 incorporea:
1364 1178 1419 1224 et
1461 1164 1755 1222 invisibiles
1792 1162 2046 1223 virtutes,
2098 1165 2156 1214 et

587 1266 908 1337 principatus
934 1272 988 1319 et
1015 1270 1330 1331 potestates,
1355 1267 1409 1314 et
1431 1254 1745 1320 Cberubim,
1771 1258 1825 1307 et
1850 1247 2147 1317 Scrapbim.

588 1365 647 1413 ut
694 1356 908 1426 dignum
954 1364 1069 1420 est,
1134 1353 1405 1407 celebrare
1469 1348 1617 1403 illum
1666 1351 1907 1415 possunt,
1946 1337 2152 1394 etiamsi

587 1461 687 1517 pro
708 1447 905 1501 viribus
932 1444 1150 1514 gloriam
1179 1442 1251 1496 illi
1280 1438 1504 1497 offerant
1535 1452 1553 1493 :
1592 1432 1933 1490 nihilominus
1952 1428 2152 1498 justum

590 1538 747 1595 fuerit
793 1552 889 1608 pro
936 1534 1137 1590 viribus
1182 1534 1466 1603 gratiarum
1506 1526 1766 1582 actionem
1821 1521 2012 1576 oﬂ'erre
2033 1560 2050 1582 ,
2096 1527 2151 1571 et

590 1628 951 1684 indesinenter
998 1624 1271 1679 celebrare
1320 1618 1599 1673 Dominum
1649 1622 1907 1677 nostrum,
1963 1618 2017 1663 et
2063 1619 2157 1677 per

591 1716 801 1772 laudum
829 1728 1008 1779 voces,
1054 1720 1108 1768 et
1144 1727 1237 1782 per
1256 1712 1415 1765 vitam
1456 1706 1730 1777 optimam.
1775 1701 1876 1756 Ista
1904 1698 2047 1754 enim
2074 1704 2157 1751 est

593 1804 884 1863 clarissima
912 1801 1005 1857 Dei
1024 1799 1333 1864 celebratio,
1360 1793 1571 1867 quando
1599 1806 1693 1862 per
1722 1791 2026 1845 innumeras
2046 1786 2150 1839 lin-

590 1909 719 1964 guas
741 1893 963 1965 gloriam
1010 1890 1110 1961 ipsi
1147 1887 1435 1944 offerimus.
1480 1884 1613 1941 Nam
1660 1880 1749 1951 qui
1788 1880 1981 1933 virtute
2022 1892 2159 1945 prm-

593 1988 736 2041 ditus
774 1991 879 2049 est,
925 1982 977 2037 id
1014 1981 1179 2036 efficit
1213 1987 1277 2034 ut
1313 1989 1521 2038 omnes,
1567 1974 1655 2043 qui
1700 1972 1971 2026 intuentur
2011 1982 2152 2030 eum,

596 2077 872 2132 Dominum
920 2073 1037 2144 ejus
1084 2069 1341 2124 laudent:
1372 2077 1425 2121 et
1468 2062 1755 2121 celebratio
1798 2063 1911 2113 ha‘c
1951 2057 2021 2121 ei,
2061 2057 2154 2126 qui

592 2164 922 2221 occasionem
980 2159 1236 2232 prtebuit,
1301 2169 1544 2227 magnam
1591 2162 1645 2206 et
1687 2148 2003 2205 incﬂabilem
2064 2145 2154 2199 Dei

591 2252 1009 2309 benevolentiam
1052 2247 1319 2305 conciliat.
1371 2242 1506 2313 Quid
1561 2242 1716 2311 igitur
1759 2238 1911 2293 nobis
1951 2236 2156 2291 beatius

593 2345 755 2415 foret,
802 2344 846 2399 si
894 2357 999 2396 non
1047 2340 1217 2396 solum
1261 2336 1455 2393 nostris
1498 2335 1687 2404 linguis
1743 2331 1937 2386 bonum
1989 2326 2155 2381 Deum

592 2435 756 2506 gloria
806 2434 1171 2496 aﬂlceremus,
1238 2428 1331 2484 sed
1383 2435 1437 2481 et
1478 2425 1747 2495 proximos
1783 2433 2026 2489 quoque,
2102 2427 2161 2470 ut

595 2534 775 2579 nostro
814 2522 1027 2577 nomine
1069 2534 1191 2577 eum
1233 2517 1581 2579 celebrarent,
1614 2509 2157 2567 iucitaremuslTan-

594 2628 704 2671 tum
741 2617 883 2671 enim
929 2613 1139 2668 virtutis
1186 2613 1348 2667 robur
1392 2620 1489 2669 est,
1537 2615 1598 2661 ut
1649 2606 1941 2661 innumeris
1967 2602 2160 2673 linguis

594 2703 935 2759 Conditorem
984 2701 1201 2758 laudare
1244 2710 1423 2770 queat.
1485 2696 1626 2750 Nihil
1663 2696 1845 2763 utique
1882 2693 2004 2747 vita:
2052 2693 2160 2746 vir-

592 2798 718 2851 tutis
751 2794 1001 2850 studioste
1046 2791 1340 2859 comparari
1390 2795 1585 2857 potest,
1637 2784 1850 2840 dilecte.
1900 2781 2049 2839 Unde
2104 2789 2159 2835 et

594 2886 847 2943 Dominus
869 2883 1076 2938 dicebat
1108 2900 1121 2935 :
1151 2879 1333 2935 Luceat
1363 2879 1451 2932 tua:
1476 2885 1636 2931 uestra
1663 2889 1834 2929 coram
1856 2870 2155 2935 hontinibus,

597 2986 651 3031 ut
687 2976 883 3030 trideant
918 2988 1071 3042 opera
1115 2981 1275 3023 vestra
1322 2969 1480 3030 bona,
1523 2976 1570 3020 et
1618 2964 1899 3035 gloriﬁcent
1952 2959 2158 3015 Patrem

597 3073 809 3119 oestrum
848 3062 941 3133 qui
967 3070 1040 3116 est
1075 3061 1133 3113 in
1169 3059 1303 3112 ratiis
1332 3055 1538 3126 (Matth.
1567 3055 1620 3110 5.
1655 3054 1767 3121 16).
1800 3050 1986 3106 Vidisti
2029 3065 2158 3119 quo-

602 3152 761 3206 modo
812 3154 985 3206 lumen
1025 3164 1148 3205 cum
1190 3151 1530 3218 apparuerit,
1578 3142 1825 3214 dispellat
1871 3140 2161 3196 tenebras?

599 3243 670 3296 Ita
694 3251 748 3296 ct
774 3243 957 3304 virtus,
997 3240 1042 3294 si
1092 3238 1376 3307 conspicua
1424 3234 1601 3299 fuerit,
1649 3242 1703 3289 et
1744 3233 1995 3287 malitiam
2020 3230 2163 3300 fugat

595 3343 649 3390 et
690 3333 885 3389 erroris
926 3330 1178 3386 tenebras
1228 3327 1432 3397 abigit,
1477 3334 1818 3394 mentemque
1866 3322 2156 3377 videntium

596 3424 792 3479 excitat
828 3421 893 3477 ad
934 3421 1095 3475 Deum
1140 3417 1539 3475 celebrandum.
1579 3414 1834 3482 Quocirca
1862 3422 2162 3482 satagamus

600 3525 656 3567 ut
695 3512 773 3567 sic
806 3511 1014 3566 luceant
1049 3523 1209 3577 opera
1254 3516 1455 3573 nostra,
1507 3520 1614 3575 quo
1657 3512 1713 3560 et
1759 3503 2014 3558 Dominus
2064 3516 2165 3556 no-

598 3614 709 3659 ster
732 3600 1050 3658 celebretur.
1083 3599 1208 3655 Haec
1260 3609 1435 3653 autem
1480 3597 1615 3653 dixit
1650 3595 1911 3661 Christus,
1961 3609 2064 3648 non
2107 3601 2166 3648 ut

600 3693 665 3746 ad
711 3692 1117 3746 ostentationem
1160 3688 1354 3759 aliquid
1398 3687 1689 3753 faciamus;
1735 3686 1876 3741 absit
1914 3703 1928 3741 :
1971 3684 2066 3740 sed
2110 3691 2166 3737 ut

603 3782 898 3851 diligenter,
924 3789 978 3835 ct
1004 3790 1063 3833 ut
1107 3778 1205 3847 ipsi
1252 3779 1522 3847 probatur,
1569 3779 1729 3831 vitam
1776 3790 2015 3845 agamus,
2059 3788 2165 3828 non

607 3870 944 3941 blasphemia:
968 3869 1194 3938 cuipiam
1239 3868 1411 3922 locum
1439 3866 1809 3931 concedentes,
1859 3866 1951 3921 sed
1974 3867 2022 3919 id
2049 3865 2162 3919 θαί-

605 3964 845 4025 cientes,
895 3970 952 4015 ut
1014 3960 1165 4013 bonis
1230 3958 1482 4027 operibus
1538 3960 1589 4011 in
1644 3958 1851 4011 laudem
1908 3957 1998 4010 Dei
2048 3969 2169 4025 pro-

609 4060 849 4109 rumpam
890 4065 1079 4124 omnes
1113 4051 1199 4119 qui
1251 4063 1349 4103 nos
1394 4048 1593 4102 vident.
1646 4047 1794 4102 Tunc
1828 4048 2002 4108 enim,
2048 4057 2171 4101 tunc

602 4142 775 4211 ipsius
797 4138 948 4194 nobis
971 4140 1192 4207 gratiam
1220 4138 1473 4207 majorem
1499 4135 1926 4197 conciliabimus,
1966 4144 2019 4190 et
2061 4149 2172 4203 pa:-

606 4244 729 4283 uatn
756 4227 1005 4296 ell'ugere,
1025 4226 1270 4295 bonaque
1308 4225 1590 4279 ineffabilia
1613 4225 1831 4294 adipisci
1860 4224 2171 4292 poterimus,

609 4317 773 4386 gratia
815 4326 869 4370 et
911 4315 1271 4371 misericordia
1318 4315 1524 4369 Domini
1579 4314 1744 4368 nostri
1784 4312 1910 4368 Jesu
1946 4312 2173 4379 Christi,

610 4421 731 4460 cum
769 4420 874 4475 quo
917 4405 1058 4459 Patri
1104 4405 1256 4459 simul
1298 4414 1351 4459 et
1393 4405 1609 4473 Spiritui
1647 4414 1832 4458 sancto
1876 4405 1946 4459 sit
1984 4404 2172 4473 gloria,

612 4496 929 4567 imperium,
980 4495 1169 4561 honor,
1227 4510 1366 4549 nunc
1414 4503 1468 4547 ct
1507 4509 1739 4563 semper,
1784 4505 1838 4549 et
1887 4496 1939 4548 in
1986 4496 2175 4548 saecula

611 4587 943 4641 mulorum.
995 4585 1182 4641 Amen.

1129 4672 1401 4730 llOMlLlA
1442 4670 1653 4726 XXVII.

616 4769 684 4822 Et
711 4766 976 4835 arcti/ienuit
1012 4764 1121 4819 Noe
1159 4764 1319 4818 altare
1351 4761 1600 4828 Domino,
1644 4772 1692 4814 et
1720 4763 1908 4830 accepit
1936 4763 1998 4815 de
2018 4764 2182 4815 omni-

690 4860 779 4911 bus
828 4855 1084 4927 pecoribus
1131 4855 1367 4918 mundis,
1433 4862 1479 4907 et
1527 4855 1593 4907 de
1631 4853 1859 4907 omnibus
1905 4854 2184 4908 volucribus

688 4948 888 5001 mundis
910 4986 926 5011 ,
966 4954 1011 4997 et
1055 4944 1228 4997 obtulit
1275 4943 1615 4997 holocaustum
1655 4960 1804 5011 super
1840 4944 2000 4997 altare
2028 4943 2180 5014 (Gen.

690 5040 743 5091 8.
774 5036 900 5095 20).

696 5129 748 5182 l.
778 5124 1140 5192 Beneﬁciorum
1167 5121 1264 5177 Dei
1289 5123 1549 5176 memoria.
1575 5108 1644 5163 -ὲ-
1688 5122 1907 5177 Vidistis
1938 5124 2049 5177 heri
2076 5123 2185 5177 cle-

628 5216 820 5273 mentis
847 5213 1050 5268 Domini
1080 5212 1363 5266 bonitatem
1389 5253 1404 5276 ,
1451 5212 1722 5281 quomodo
1751 5228 1812 5267 ex
1842 5227 1963 5267 arca
1987 5214 2187 5282 justum

592 5324 599 5332 ·
630 5308 829 5371 eduxit,
856 5305 923 5359 ab
949 5303 1064 5373 ejus
1093 5302 1412 5358 habitatione
1437 5303 1713 5365 liberavit,
1743 5317 1807 5357 ex
1847 5303 1937 5357 illo
1965 5304 2097 5357 tristi
2130 5317 2192 5357 ac

630 5397 856 5449 molesto
873 5405 1089 5447 carcere
1113 5391 1325 5461 eripuit,
1370 5398 1423 5445 et
1454 5390 1756 5461 patientiam
1780 5390 1918 5444 illius
1946 5406 2191 5445 remune-

627 5486 789 5549 ravit,
836 5481 1020 5535 dicens
1053 5498 1067 5533 :
1105 5479 1318 5534 Crescite
1350 5488 1398 5532 et
1442 5479 1867 5546 multiplicamini.
1920 5480 2192 5534 Discamus

633 5576 793 5631 hodie
825 5582 982 5636 quam
1021 5568 1307 5623 benevolus
1326 5611 1340 5634 ,
1372 5577 1421 5621 et
1450 5584 1603 5635 quam
1631 5577 1792 5635 grata:
1820 5570 2010 5623 animae
2039 5567 2196 5624 fuerit

637 5662 771 5729 Noe,
833 5659 954 5713 inde
982 5661 1091 5727 ipse
1119 5662 1282 5714 multo
1319 5660 1613 5715 uberiorem
1659 5661 1747 5715 Dei
1788 5674 1909 5729 erga
1946 5677 2003 5715 se
2035 5662 2196 5717 bene-

1292 340 1349 396 S.
1387 332 1661 394 JO.\NNIS
1692 319 2163 387 CllRYSOSTOMl
2202 320 2517 382 ARCHIEP.
2544 326 3069 385 CONSTANTINOP.

3727 329 3842 387 1.50

2260 434 2543 493 volentiam
2587 437 2688 493 sibi
2735 438 3112 494 conciliaverit.
3165 436 3295 491 Nam
3345 438 3482 492 solet
3523 438 3665 494 Dens
3710 457 3837 496 cum

2257 527 2485 597 aliquem
2513 526 2654 581 videt
2696 526 2785 594 qui
2822 537 3005 596 gratus
3051 529 3120 581 sit
3164 525 3232 580 de
3279 525 3583 595 prioribus,
3635 528 3837 598 largius

2256 628 2311 673 et
2338 619 2652 673 cumulatius
2679 631 2773 673 sua
2796 617 2933 671 dona
2968 617 3029 671 'iu
3066 617 3218 672 illum
3257 615 3599 686 profundere.
3632 617 3834 672 Demus

2259 706 2415 776 igitur
2451 716 2506 762 et
2550 721 2647 760 nos
2675 720 2891 775 operam
2917 746 2932 769 ,
2962 715 3020 759 ut
3044 706 3333 775 gratiarum
3373 707 3609 761 notiones
3632 720 3732 775 pro
3754 708 3831 761 vi-

2258 794 2340 849 rili
2370 795 2591 849 Domino
2619 793 2902 850 oﬂ'eramus
2938 809 3035 863 pro
3078 795 3230 849 donis
3260 809 3378 864 quae
3422 795 3489 849 ab
3516 810 3586 850 eo
3623 796 3833 864 pridem

2256 884 2409 939 nobis
2438 885 2671 953 prastita
2716 895 2861 950 sunt,
2888 894 2945 938 ut
2968 895 3019 938 et
3042 885 3239 953 majora
3268 884 3389 939 inde
3413 901 3830 956 consequamur,

2254 981 2312 1025 et
2351 988 2637 1042 numquam
2678 973 3052 1028 obliviscamur
3081 974 3174 1027 Dei
3221 974 3476 1028 beneficia
3508 975 3563 1029 in
3596 989 3697 1029 nos
3722 976 3834 1029 col-

2257 1062 2383 1126 lata,
2414 1062 2506 1118 sed
2533 1078 2744 1131 semper
2768 1077 2830 1117 ea
2856 1064 2908 1117 in
2939 1071 3116 1118 mente
3142 1073 3320 1118 nostra
3346 1079 3645 1132 versemus,
3674 1074 3734 1119 ut
3762 1065 3832 1119 ad

2253 1151 2556 1206 continuam
2581 1150 2866 1220 gratiarum
2892 1152 3155 1206 actionem
3185 1166 3369 1206 eorum
3398 1154 3656 1207 memoria
3686 1167 3838 1209 cem-

2250 1241 2513 1309 pellamur
2533 1279 2549 1305 ,
2591 1242 2798 1294 tametsi
2834 1248 2915 1294 tot
2938 1242 3064 1306 sint,
3100 1251 3156 1295 ut
3185 1254 3543 1317 mens_nostra
3582 1259 3689 1299 non
3720 1244 3838 1300 suf-

2258 1330 2395 1384 ficiat
2411 1330 2477 1385 ad
2500 1330 3056 1398 Comprelicndendum
3072 1343 3124 1386 et
3142 1333 3563 1387 enumerandnm
3587 1348 3837 1403 magnam

2255 1434 2372 1487 qua:
2422 1419 2571 1474 nobis
2605 1420 2823 1489 contigit
2849 1434 2913 1474 ex
2947 1423 3062 1489 ejus
3092 1420 3405 1475 liberalitate
3428 1422 3662 1491 copiam.
3694 1423 3841 1489 Quo-

2258 1506 2415 1562 modo
2440 1509 2580 1563 cuim
2611 1509 2728 1578 quis
2770 1508 3001 1578 cogitare
3028 1518 3209 1578 posset
3231 1524 3293 1564 ea
3323 1524 3443 1579 qua:
3484 1511 3539 1564 in
3580 1526 3682 1564 nos
3725 1511 3838 1579 jam

2256 1605 2379 1650 sunt
2418 1597 2608 1651 collata
2632 1636 2647 1661 ,
2691 1612 2810 1667 quae
2845 1599 2971 1651 item
3009 1598 3269 1667 promissa
3296 1639 3312 1665 ,
3353 1613 3472 1667 qua:
3506 1606 3560 1653 et
3594 1599 3841 1669 quotidie

2256 1677 2597 1741 coniciuntur
2628 1701 2642 1740 :
2669 1684 2809 1756 quod
2833 1702 2899 1740 cx
2928 1685 3093 1740 nihilo
3130 1686 3439 1755 produxerit
3476 1698 3533 1741 ut
3569 1703 3839 1751 essemus,

2259 1775 2396 1845 quod
2424 1790 2617 1845 corpus
2640 1785 2695 1831 et
2715 1776 2945 1839 annnam
2983 1776 3217 1841 dederit,
3251 1777 3393 1845 quod
3424 1778 3716 1831 rationales
3740 1793 3842 1832 nos

2260 1864 2581 1929 formaverit,
2606 1865 2747 1935 quod
2771 1879 2949 1921 aerem
2979 1867 3311 1936 respirationi
3328 1870 3677 1929 concesserit,
3694 1867 3840 1939 quod

2259 1960 2553 2010 creaturam
2581 1968 2793 2008 omnem
2820 1962 3037 2024 prapter
3062 1955 3347 2010 humanum
3375 1970 3545 2025 genus
3571 1956 3841 2026 produxe-

2260 2043 2330 2096 rit
2349 2082 2363 2107 ,
2395 2042 2539 2112 quod
2580 2045 2691 2112 ipse
2716 2044 2927 2113 quidem
2957 2045 3024 2099 ab
3050 2045 3200 2099 initio
3227 2046 3457 2101 voluerit
3480 2046 3758 2101 hominem
3787 2049 3841 2103 ia

2260 2135 2506 2204 paradiso
2532 2137 2693 2189 vitam
2736 2149 2897 2203 agere
2933 2136 3067 2190 citra
3095 2152 3308 2191 omnem
3335 2137 3575 2193 dolorem
3603 2146 3661 2191 et
3686 2137 3842 2192 labo-
3884 2186 3915 2191 η

2260 2238 2404 2289 rem,
2439 2234 2494 2280 et
2528 2224 2665 2280 nihil
2684 2227 2860 2281 minus
2886 2226 3166 2282 habentem
3196 2229 3399 2297 angelis
3427 2238 3482 2283 et
3509 2229 3845 2296 incorporcis

2261 2317 2370 2371 illis
2396 2319 2700 2384 virtutibus,
2729 2319 3074 2375 exsistantem
3104 2318 3155 2371 in
3178 2334 3423 2389 corpore.
3450 2319 3546 2375 sed
3572 2330 3626 2373 et
3651 2334 3849 2389 corpo-

2261 2408 2456 2462 ralibus
2483 2407 2883 2463 necessitatibus
2901 2423 3006 2462 non
3031 2408 3362 2462 obnoxium?
3393 2407 3595 2463 Deinde
3620 2408 3841 2477 quando

2261 2500 2329 2552 ob
2360 2499 2729 2567 negligentiam
2766 2498 3079 2567 deceptione
3120 2498 3380 2553 diabolica
3415 2510 3839 2568 penserpentem

2260 2590 2417 2642 allata
2442 2590 2807 2658 supplantatns
2834 2589 2963 2652 fuit,
2992 2604 3165 2657 neque
3192 2591 3272 2644 sic
3297 2590 3501 2644 destitit
3528 2590 3844 2658 praevarica-

2263 2679 2365 2733 tori
2413 2677 2724 2733 benefacere
2755 2696 2767 2731 :
2794 2678 2887 2732 sed
2930 2687 2984 2733 et
3027 2693 3121 2745 per
3166 2677 3255 2731 illa
3289 2678 3431 2747 ipsa,
3479 2692 3719 2747 perquzn
3745 2692 3847 2747 pn-

2263 2769 2432 2824 uierat
2454 2808 2471 2836 ,
2503 2770 2639 2824 sicut
2667 2770 2778 2824 heri
2802 2769 3055 2833 diximus,
3084 2767 3443 2824 excellentem
3474 2784 3625 2822 suam
3650 2766 3850 2821 huma—

2263 2859 2478 2913 nitatem
2506 2848 2827 2939 declaravit,
2858 2868 3017 2929 atque
3047 2859 3239 2912 multas
3263 2857 3393 2913 alias
3424 2859 3850 2927 innumerasque

2262 2950 2639 3007 beneficiorum
2663 2951 2872 3019 species
2914 2951 2966 3004 in
2998 2951 3144 3004 illum
3190 2950 3492 3005 collocavit.
3548 2950 3612 3003 Et
3657 2958 3847 3017 postea

2264 3040 2584 3110 procedente
2610 3048 2847 3109 tempore
2869 3050 2921 3094 et
2936 3049 3212 3095 crescente
3228 3054 3444 3109 genere.
3470 3055 3532 3094 ac
3558 3041 3608 3093 in
3624 3054 3849 3095 (tionem

2264 3131 2518 3185 malitiam
2548 3136 2820 3200 vergente,
2862 3130 2983 3200 quia
3006 3129 3217 3184 videbat
3240 3128 3548 3184 incurabilia
3576 3144 3697 3184 esse
3724 3130 3855 3185 vul-

2266 3236 2413 3289 nera,
2441 3222 2687 3290 nequitite
2715 3231 3024 3290 operatores
3047 3261 3062 3285 ,
3111 3221 3263 3289 quasi
3309 3218 3631 3276 fermentum
3661 3219 3813 3290 quod
3832 3248 3846 3261 -

2263 3312 2385 3366 dam
2430 3312 2627 3366 malum
2664 3310 2897 3375 delevit,
2928 3310 3116 3366 relicto
3153 3310 3298 3379 justo
3340 3308 3432 3363 illo
3476 3310 3564 3378 qui
3613 3309 3764 3364 radix
3792 3317 3853 3364 et

2264 3407 2415 3475 origo
2446 3405 2595 3460 ﬂeret
2617 3404 2826 3475 generis
2853 3402 3090 3456 humani.
3121 3402 3189 3457 Et
3207 3402 3326 3456 vide
3348 3403 3563 3464 iterum,
3588 3410 3850 3471 quantam

2265 3513 2388 3570 erga
2410 3497 2612 3567 justum
2644 3497 2791 3569 illum
2816 3493 3056 3549 declaret
3079 3494 3473 3548 liberalitatem.
3516 3492 3710 3548 Totum
3741 3493 3850 3547 hn-

2266 3602 2479 3642 manum
2506 3600 2673 3656 genus
2700 3585 2767 3639 ab
2797 3599 2863 3638 eo
2886 3593 2943 3639 et
2986 3583 3106 3637 filiis
3134 3584 3251 3652 ejus
3301 3583 3650 3647 instauravit,
3696 3590 3753 3636 et
3792 3582 3851 3637 in

2268 3686 2469 3733 tantam
2510 3676 2907 3731 multitudinem
2940 3687 3252 3729 excresocre
3275 3674 3522 3737 curavit,
3567 3673 3855 3743 paulatim-

2268 3784 2371 3836 que
2390 3753 2563 3837 justos
2591 3768 2812 3835 eligens,
2845 3765 3171 3834 patriarchas
3196 3761 3337 3827 dico,
3368 3772 3728 3833 prmcejitores
3752 3761 3853 3817 de-

2271 3859 2348 3913 dit
2382 3857 2585 3926 reliquo
2626 3856 2899 3910 hominum
2930 3854 3113 3925 generi
3139 3895 3155 3919 ,
3184 3854 3271 3922 qui
3301 3867 3397 3907 sua
3429 3853 3626 3907 virtute
3660 3858 3855 3907 omnes

2273 3965 2371 4004 nos
2397 3950 2674 4005 instituere
2702 3990 2717 4014 ,
2739 3959 2791 4002 et
2813 3991 2827 4013 ,
2874 3949 3022 4018 quasi
3050 3947 3282 4012 medici,
3311 3956 3635 4016 aegrotantes
3658 3961 3856 4000 curare

2277 4044 2499 4111 possint.
2542 4042 2607 4096 Et
2631 4040 2790 4095 modo
2818 4054 2912 4095 eos
2941 4041 2991 4093 in
3022 4039 3359 4093 Palmstinam
3379 4078 3393 4103 ,
3424 4036 3586 4091 modo
3608 4038 3660 4091 in
3682 4035 3853 4107 Egy—

2278 4138 2423 4199 ptum
2444 4127 2687 4194 deducit,
2729 4129 2886 4182 simul
2907 4136 2961 4181 ct
2997 4141 3273 4180 servorum
3300 4136 3515 4180 suomm
3542 4123 3852 4194 patientiori

2278 4232 2535 4273 exercens
2560 4258 2575 4283 ,
2620 4226 2675 4272 et
2722 4232 2869 4272 suam
2906 4216 3154 4269 virtutem
3193 4214 3477 4270 clariorem
3521 4225 3852 4278 monstrans,

2280 4307 2577 4375 mansitque
2612 4319 2823 4373 semper
2851 4304 3039 4359 eodem
3071 4302 3233 4356 modo
3260 4302 3507 4357 humanae
3546 4302 3739 4356 salutis
3766 4318 3856 4357 cu-

2279 4411 2392 4449 ram
2420 4409 2608 4465 gerens
2636 4410 2652 4449 :
2682 4395 2924 4449 exhibuit
2960 4395 3248 4463 prophetas
3269 4434 3283 4458 ,
3318 4402 3376 4449 et
3409 4408 3506 4464 per
3546 4394 3669 4448 illos
3706 4396 3855 4464 signa

2281 4495 2335 4539 ct
2363 4484 2595 4554 prodigia
2621 4484 2808 4540 edidit.
2856 4484 3049 4552 Atque,
3078 4493 3136 4536 ut
3166 4483 3381 4539 brevius
3400 4483 3585 4540 dicam
3620 4502 3634 4536 :
3664 4500 3853 4553 quem-

2283 4573 2567 4627 admodum
2597 4574 2738 4628 cnim
2759 4576 2919 4629 maris
2949 4572 3138 4627 ﬂuctus
3158 4611 3173 4635 ,
3202 4575 3449 4643 quamvis
3474 4575 3779 4630 sexcenties
3810 4576 3856 4630 id

2283 4676 2559 4727 conemur,
2583 4678 2895 4717 enumerare
2920 4677 3202 4732 numquam
3220 4663 3513 4730 poterimus
3541 4685 3555 4718 :
3588 4665 3658 4719 ita
3686 4680 3860 4736 neque

2286 4752 2661 4807 beneficiorum
2698 4754 2824 4818 Dei,
2852 4768 2972 4821 qua:
2994 4752 3047 4805 in
3076 4763 3310 4808 nostram
3340 4754 3566 4808 contulit
3590 4764 3855 4819 naturam,

2288 4844 2615 4899 varietatem.
2644 4842 2881 4913 Tandem
2909 4841 2997 4898 ubi
3022 4843 3153 4896 vidit
3178 4852 3299 4911 post
3326 4850 3525 4897 tantam
3557 4858 3708 4898 suam
3743 4860 3863 4913 pro-

2290 4933 2572 4989 videntiam
2611 4934 2786 4990 adhuc
2815 4934 2979 4987 multa
3005 4941 3061 4987 et
3098 4930 3348 4987 ineffabili
3388 4934 3756 4988 misericordia
3789 4936 3862 4988 in-

2290 5029 2471 5099 digere
2526 5026 2814 5080 humanum
2860 5037 3066 5094 genus,
3112 5031 3167 5077 et
3204 5023 3334 5077 nihil
3382 5023 3500 5092 plus
3546 5022 3738 5080 fecisse
3783 5025 3860 5079 vel

2291 5117 2639 5188 patriarchas,
2672 5116 2754 5169 vel
2784 5114 3088 5182 prophetas,
3121 5113 3202 5169 vel
3232 5114 3379 5183 signa
3396 5114 3752 5181 admirabilia,
3786 5117 3862 5170 vel

2296 5223 2512 5277 poenas,
2558 5207 2637 5261 vel
2683 5204 3073 5258 admonitiones
3104 5204 3220 5257 illas
3261 5203 3694 5273 frequentissime
3722 5207 3855 5261 adhi-

2294 5302 2430 5355 bitas
2453 5339 2470 5363 ,
2504 5307 2558 5353 et
2580 5282 2910 5366 captivita'tes
2938 5295 3052 5348 illas
3081 5294 3188 5347 sibi
3223 5295 3446 5348 invicem
3474 5296 3822 5351 succedentes
3850 5312 3866 5347 :

2296 5392 2446 5460 quasi
2473 5391 2755 5444 miseratus
2780 5398 2945 5455 genus
2971 5394 3205 5439 nostrum
3228 5427 3241 5449 ,
3274 5387 3417 5439 misit
3454 5385 3519 5440 ad
3552 5400 3652 5440 nos
3679 5388 3847 5440 anima

2298 5496 2415 5535 rum
2464 5487 2850 5546 corporumque
2897 5475 3198 5539 medicum,
3250 5474 3578 5542 unigenitum
3608 5489 3763 5529 suum
3792 5475 3872 5530 1-".—

2302 5572 2426 5623 lium
2450 5609 2464 5631 ,
2507 5583 2568 5620 ex
2600 5566 2863 5634 paternis,
2908 5572 2963 5618 ut
3003 5564 3069 5617 ita
3098 5562 3265 5616 dicam
3298 5605 3312 5626 ,
3363 5565 3568 5618 sinibus
3596 5562 3839 5617 excitans
3874 5577 3888 5627 ξ

2308 5661 2468 5715 voluit
2491 5667 2730 5727 suscepta
2762 5657 2896 5711 servi
2930 5655 3100 5709 forma
3126 5669 3154 5708 e
3186 5653 3399 5724 Virgine
3430 5656 3595 5722 nasci,
3637 5654 3887 5714 etnobi-
