4054 6312
207 382 326 438 239

208 505 351 563 dm.
381 506 735 580 βουλομένου.
771 511 984 584 Ὥσπερ
1016 509 1128 582 γάρ
1153 509 1246 564 ἐπὶ
1283 509 1393 564 τῶν
1423 508 1730 580 ἀνθρώπων
1759 508 1793 578 ή
1823 525 1908 577 γι-

205 591 425 665 νομένη
472 594 799 666 εὐχαριστία
846 596 926 658 είς
975 595 1102 658 τοὺς
1158 592 1616 666 εὐεργετηκότας,
1669 591 1909 652 ἐκείνους

207 672 640 748 λαμπροτέρους
677 676 990 749 ἐργάζεται,
1019 676 1192 742 οὕτως
1238 678 1333 731 ἐπὶ
1374 674 1471 729 τοῦ
1521 671 1908 744 φιλανθρώπου

207 761 363 817 Θεοῦ
385 765 511 820 ὅταν
544 764 704 818 τοῦτο
731 764 994 838 ποιῶμεν,
1043 765 1268 829 ἑαυτοὺς
1298 762 1713 834 λαμπροτέρους
1740 763 1911 832 ἀπερο

210 847 526 918 γαζόμεθαο
553 847 739 919 ἐπειδὴ
760 848 883 918 οὐχὶ
910 849 1011 920 τῆς
1033 850 1161 920 παρ’
1178 849 1334 920 ήμῶν
1360 848 1612 920 δεόμενος
1633 843 1908 918 εὐφημίας

210 927 388 983 τοῦτο
422 929 668 1000 βούλεται
692 930 958 1000 γίνεσθαι,
992 931 1108 984 ἀλλ’
1138 932 1227 988 ἵνα
1255 932 1418 986 πάλιν
1450 933 1530 994 είς
1575 931 1723 1002 ἡμᾶς
1757 944 1912 998 περι-

216 1014 327 1085 στῇ
363 1014 426 1067 τδ
453 1014 666 1086 κέρδος.
693 1017 788 1069 καὶ
820 1015 1066 1086 μείζονος
1094 1016 1412 1086 συμμαχίας
1467 1014 1692 1076 ἑαυτοὺς
1725 1010 1911 1079 ἀξίους

214 1101 680 1172 καταστήσωμεν.
709 1101 774 1156 El
798 1103 907 1174 γάρ
929 1102 1022 1156 καὶ⁸
1049 1101 1122 1173 μή
1146 1101 1424 1172 δυνάμεθα
1446 1101 1570 1155 κατ’
1599 1099 1756 1167 ἀξίαν
1780 1097 1910 1151 ποτὲ

215 1181 388 1236 τοῦτο
413 1183 659 1254 ποιῆσαν
691 1184 810 1246 πῶς
845 1184 979 1256 γάρ,
1004 1184 1240 1257 τοσαύτῃ
1257 1184 1515 1256 ἀσθενείᾳ
1545 1182 1763 1253 φύσεως
1783 1197 1910 1234 συν-

215 1265 502 1336 δεδεμένοι
523 1284 537 1331 ;
572 1267 666 1320 καὶ
685 1266 738 1320 τί
757 1266 901 1334 λέγω
925 1267 1024 1339 τὴν
1052 1266 1406 1338 ἀνθρωπίνην
1425 1266 1589 1337 φύσιν
1613 1283 1629 1333 ;
1655 1264 1770 1319 ἀλλ’
1790 1264 1911 1317 οὐδὲ

219 1349 390 1403 αὐταὶ
407 1351 465 1405 al
483 1350 761 1422 ἀσώματοι
782 1351 878 1405 καὶ
898 1351 1121 1423 ἀόρατοι
1142 1351 1420 1420 δυνάμεις,
1435 1351 1531 1403 καὶ
1553 1350 1609 1402 αί
1629 1346 1913 1421 ἀρχαὶκαὶ

221 1435 283 1486 αἱ
309 1433 570 1499 ἐξουσίαι,
594 1435 690 1488 καὶ
717 1435 787 1488 τά
815 1435 1116 1508 Χερουϐὶμ,
1146 1434 1241 1488 καὶ
1260 1433 1329 1488 τά
1350 1433 1631 1505 Σεραφεὶμ
1656 1432 1756 1503 τήν
1789 1430 1911 1485 κατ’

220 1517 389 1582 ἀξίαν
418 1517 725 1587 δοξολογίαν
749 1518 1044 1591 ἀναφέρειν
1088 1517 1540 1590 εὐχαριστοῦντες
1570 1517 1909 1587 δυνήσονται”

219 1601 345 1654 ἀλλ’
380 1602 532 1671 ὅμως
549 1601 648 1673 τὴν
674 1600 815 1655 κατά
843 1600 1073 1673 δύναμιν
1106 1603 1418 1670 ἀνενεγκεῖν
1445 1599 1798 1671 εὐχαριστίαν
1836 1597 1913 1651 δί-

220 1700 384 1738 καιον
410 1683 476 1738 ἂν
500 1684 608 1756 είη,
630 1688 723 1738 καὶ
751 1685 1017 1756 διηνεκῶς
1044 1683 1288 1752 δοξάζειν
1306 1685 1399 1738 τὸν
1427 1684 1696 1756 ἡμέτερον
1717 1683 1916 1735 Δεσπό-

217 1781 329 1835 την
371 1767 464 1821 καὶ
483 1766 574 1820 διὰ
595 1766 698 1838 τῆς
721 1767 831 1822 τῶν
860 1766 1036 1836 λόγων
1079 1768 1372 1838 εὐφημίας,
1406 1768 1500 1822 καὶ
1519 1766 1608 1820 διά
1644 1765 1766 1836 τῆς
1793 1767 1914 1837 ἀρί-

224 1863 366 1918 στης
415 1849 712 1913 πολιτείας.
770 1849 920 1921 Αὕτη
968 1849 1080 1922 γὰρ
1133 1850 1369 1921 μάλιστα
1423 1849 1517 1903 καὶ
1554 1848 1913 1920 λαμπροτέρα

221 1933 442 1999 γένοιτο
463 1935 498 2004 ή
531 1933 796 2006 εὐφημία,
832 1936 962 1988 ὅταν
989 1934 1078 2013 διὰ
1113 1933 1324 2007 μυρίων
1352 1932 1612 2003 γλωσσῶν
1636 1931 1733 2005 τὴν
1763 1934 1913 2000 δοξο-

221 2013 418 2082 λογίαν
439 2015 826 2087 ἀναφέρωμεν.
873 2016 932 2070 Ὀ
975 2016 1086 2088 γάρ
1124 2015 1380 2085 ἐνάρετος
1407 2014 1640 2070 ἕκαστον
1679 2016 1788 2068 τῶν
1833 2016 1913 2080 είς

221 2097 394 2152 αὐτὸν
419 2097 672 2171 ὁρώντων
723 2098 1134 2170 παρασκευάζει
1163 2100 1255 2152 τὸν
1284 2097 1451 2152 αὐτοῦ
1481 2097 1758 2168 Δεσπότην
1823 2098 1915 2152 ἀν-

222 2188 444 2256 υμνεῖν⁹
478 2187 572 2241 καὶ
602 2187 636 2258 ή
671 2187 801 2259 παρ’
831 2187 1057 2242 ἐκείνων
1109 2185 1386 2253 δοξολογία
1423 2185 1625 2257 πολλὴν
1657 2187 1751 2240 καὶ
1771 2186 1913 2254 ἀφα-

222 2286 321 2323 τον
347 2268 427 2340 τῷ
463 2270 562 2342 τήν
603 2271 784 2324 αίτίαν
828 2270 1122 2342 παρέχοντι
1174 2270 1456 2341 χαρίζεται
1504 2269 1606 2339 τήν
1634 2268 1787 2340 παρά
1817 2270 1912 2323 τοῦ

225 2354 504 2407 Δεσπότου
537 2352 771 2408 εὐνοιαν.
810 2353 878 2406 Τί
902 2350 997 2408 οὖν
1026 2353 1094 2408 ἂν
1137 2353 1294 2425 ήμῶν
1323 2353 1789 2426 μακαριστότερον
1815 2352 1914 2422 γέο

222 2453 392 2500 νοιτο,
421 2439 469 2490 εί
487 2437 774 2507 μέλλοιμεν
804 2437 880 2509 μὴ
912 2439 1073 2508 μόνον
1104 2438 1257 2491 αὐτοὶ
1281 2437 1368 2492 διά
1392 2437 1492 2509 τῆς
1517 2438 1722 2502 οίκείας
1743 2437 1915 2506 γλώτ-

223 2535 329 2590 της
367 2517 614 2586 δοξάζειν
660 2518 754 2574 τὸν
807 2519 1014 2588 ἀγαθὸν
1040 2519 1195 2586 Θεδν,
1221 2520 1358 2574 ἀλλά
1401 2521 1495 2574 καὶ
1531 2520 1740 2586 πάντας
1786 2523 1914 2586 τούς

223 2603 512 2670 ὁμογενεῖς
565 2599 979 2671 διεγείρειν-εἰς
1033 2601 1134 2673 τὴν
1187 2604 1327 2674 ὑπὲρ
1362 2603 1523 2674 ήμῶν
1561 2603 1910 2674 δοξολογίαν;

223 2683 477 2754 Τοσαύτη
501 2682 612 2755 γάρ
631 2685 732 2755 τῆς
759 2684 966 2756 ἀρετῆς
995 2686 1028 2755 ή
1067 2686 1220 2756 ίσχύς
1245 2727 1258 2750 ,
1307 2686 1384 2751 ὼς
1435 2687 1652 2758 μυρίοις
1683 2686 1913 2759 στόμασι

222 2764 487 2819 δύνασθαι
511 2766 604 2819 τὸν
624 2765 955 2838 δημιουργὸν
998 2769 1274 2838 ἀνυμνεῖν.
1307 2768 1474 2823 Οὐδὲν
1526 2768 1658 2841 γάρί
1685 2771 1914 2842 ἀρίστης

225 2849 507 2913 πολιτείας
540 2852 655 2904 ἴσον
683 2849 926 2918 γένοιτο,
971 2850 1243 2920 ἀγαπητέ.
1295 2852 1396 2906 Διά
1444 2851 1603 2905 τοῦτο
1631 2853 1724 2907 καὶ
1743 2855 1773 2907 ό
1803 2853 1915 2906 Κύ-

226 2948 348 3000 ριος
391 2932 570 3002 ἔλεγεν
617 2931 923 3003 Λαμψάτω
976 2933 1044 2986 τὸ
1086 2931 1213 3003 φῶς
1239 2933 1407 3002 ὑμῶν
1434 2935 1776 3004 ἔμπροσθεν
1797 2935 1915 2991 τῶν

221 3011 576 3080 ἀνθρώπων,
621 3013 784 3081 ὅπως
825 3013 1040 3069 ἴδωσιν
1078 3014 1248 3084 ὑμῶν
1290 3017 1364 3070 τὰ
1424 3018 1585 3071 καλὰ
1613 3019 1781 3088 ἔργα,
1816 3019 1914 3072 καί

221 3091 535 3158 δοξάσωσι
557 3095 666 3149 τὸν
705 3096 941 3164 Πατέρα
968 3094 1137 3165 ὑμῶν
1191 3096 1303 3151 τὸν
1327 3098 1400 3152 έν
1447 3098 1575 3165 τοῖς
1610 3100 1912 3169 οὐρανοῖς.

222 3171 384 3240 Εἶδες
411 3176 530 3240 πῶς
568 3176 818 3249 καθάπερ
849 3177 908 3230 τὸ
932 3178 1049 3248 φῶς
1074 3178 1242 3247 φανὲν
1287 3179 1582 3235 ἀπελαύνει
1611 3181 1673 3234 τὸ
1700 3183 1910 3248 σκότος,

221 3258 375 3314 οὕτω
400 3260 496 3314 καὶ
528 3261 562 3331 ή
583 3259 754 3331 ἀρετή
767 3260 1000 3330 ὀφθεῖσα
1020 3261 1116 3314 καὶ
1136 3260 1235 3333 τήν
1258 3261 1459 3317 κακίαν
1488 3263 1800 3333 φυγαδεύει,
1819 3268 1914 3321 καὶ

221 3343 330 3414 τῆς
362 3342 572 3416 πλάνης
603 3344 666 3399 τὸ
687 3344 879 3410 σκότος
904 3343 1226 3399 ἀπελάσασα
1253 3345 1394 3416 πρὸς
1419 3345 1727 3415 δοξολογίαν
1776 3353 1918 3404 κινεῖ

219 3426 339 3482 τῶν
368 3428 621 3500 ὁρώντων
655 3427 756 3500 τήν
801 3427 1078 3493 διάνοιαν;
1109 3427 1263 3481 Οὐτω
1315 3429 1493 3482 τοίνυν
1528 3430 1914 3505 σπουδάζωμεν

222 3509 388 3579 ήμῶν
415 3510 654 3581 λάμπειν
679 3509 751 3563 τά
777 3509 937 3581 έργα,
976 3511 1053 3574 ὡς
1085 3510 1177 3564 τὸν
1196 3511 1462 3582 ἡμέτερον
1483 3510 1799 3577 δοξάζεσθαι
1821 3520 1916 3569 Δε-

227 3596 458 3664 σπότην.
494 3593 678 3648 Ταῦτα
701 3593 757 3646 δὲ
787 3592 974 3663 ἔλεγεν
1021 3595 1050 3647 ό
1083 3594 1346 3665 Χριστὸς,
1388 3597 1487 3665 οὐχ
1523 3597 1608 3650 ἵνα
1627 3598 1763 3669 πρὸς
1799 3601 1917 3653 ἐπί-

224 3676 400 3743 δειξίν
426 3696 480 3731 τι
509 3677 861 3748 πράττωμενο
901 3677 976 3748 μὴ
1025 3677 1254 3746 γένοιτο·
1281 3678 1398 3732 ἀλλ’
1438 3680 1524 3733 ἵνα
1585 3682 1723 3752 μετά
1752 3685 1912 3756 ἀκρι-

220 3759 384 3825 σείας
409 3760 504 3816 καὶ
522 3759 666 3814 κατά
688 3759 751 3813 τὸ
775 3757 926 3830 αὐτῷ
943 3759 1134 3813 δοκοῦν
1159 3759 1566 3830 πολιτευόμενοι
1581 3763 1719 3834 μήτε
1747 3765 1912 3835 βλασ-

227 3842 420 3915 φημίᾳ
484 3845 594 3898 τινί⁹
643 3842 829 3915 χώραν
861 3842 1215 3914 παρέχωμεν,
1271 3844 1365 3899 καὶ
1392 3845 1482 3900 διὰ
1510 3846 1611 3917 τῆς
1649 3847 1758 3901 τῶν
1777 3850 1914 3916 ἀγα-

221 3926 341 3981 θῶν
360 3927 542 4000 ἔργων
575 3924 831 3998 πράξεως
867 3928 1377 3998 παρασκευάζωμεν
1404 3929 1529 3993 τοὺς
1551 3931 1793 4003 ὁρῶντας
1830 3933 1916 3985 δο-

223 4010 415 4077 ξάζειν
437 4011 532 4064 τὸν
574 4009 685 4064 τῶν
712 4010 850 4064 ὅλων
870 4009 1025 4063 Θεόν.
1051 4009 1186 4063 Τότε
1211 4011 1341 4084 γάρ,
1370 4014 1494 4066 τότε
1526 4015 1618 4067 καὶ
1647 4016 1748 4086 τὴν
1781 4015 1913 4086 παρ’

221 4092 394 4148 αὐτοῦ
429 4091 644 4146 εὔνοιαν
669 4089 935 4162 μειζόνως
967 4092 1410 4162 ἐπισπασόμεθα,
1446 4094 1541 4147 καὶ
1572 4094 1671 4167 τὴν
1692 4095 1915 4152 κόλασιν

218 4178 512 4248 διαφυγεῖν
536 4174 900 4248 δυνησόμεθα,
924 4175 1021 4228 καὶ
1039 4172 1150 4227 τῶν
1175 4175 1508 4248 ἀπορρήτων
1530 4177 1752 4247 ἀγαθῶν
1791 4180 1916 4232 ἐπι-

222 4265 429 4334 τυχεῖν,
461 4262 645 4334 χάριτι
676 4261 771 4314 καῖ
802 4257 1186 4330 φιλανθρωπία
1211 4259 1305 4312 τοῦ
1332 4261 1539 4332 Κυρίου
1562 4261 1721 4333 ήμῶν
1738 4261 1913 4332 Ἰησοῦ

223 4344 383 4418 [255]
420 4342 681 4415 Χριστοῦ,
744 4342 863 4412 μεθ’
893 4335 956 4396 οὐ
989 4340 1068 4412 τῷ
1118 4340 1296 4410 Πατρὶ
1333 4341 1450 4412 ἅμα
1510 4344 1607 4396 καὶ
1643 4344 1723 4414 τῷ
1776 4346 1916 4416 ἁγίῳ

226 4427 512 4499 Πνεύματι
544 4425 691 4490 δόξα,
723 4425 944 4495 κράτος,
966 4423 1123 4494 τιμὴ,
1149 4423 1244 4477 νῦν
1279 4425 1375 4477 καὶ
1419 4425 1528 4491 ἀεὶ,
1557 4427 1653 4481 καὶ
1685 4428 1762 4491 είς
1787 4431 1915 4493 τοὺς

223 4512 430 4576 αἰῶνας
447 4509 559 4565 τῶν
581 4507 812 4563 αίώνων.
853 4508 1046 4578 Ἀμήν.

828 4670 1074 4724 ΟΜΙΛΙᾹ
1108 4672 1199 4726 ΚΖ
1214 4679 1227 4692 ⁸

227 4815 335 4874 Καὶ
357 4813 714 4883 ᾠκοδόμησε
747 4809 876 4865 Νῶε
926 4811 1367 4878 θυσιαστήριον
1416 4809 1497 4876 τῷ
1534 4814 1749 4880 Κυρίῳ,
1814 4818 1913 4870 καὶ

253 4900 256 4903 ’
295 4901 518 4955 ἐλαϐεν
541 4895 661 4951 ἀπὸ
686 4893 929 4948 πάντων
954 4892 1076 4947 τῶν
1104 4894 1341 4961 κτηνῶν
1361 4894 1482 4948 τῶν
1506 4897 1800 4965 καθαρῶν,
1817 4901 1916 4954 καί

294 4981 416 5041 ἀπὸ
433 4980 679 5035 πάντων
702 4975 822 5032 τῶν
843 4974 1131 5031 πετεινῶν
1146 4975 1443 5044 καθαρῶν,
1459 4977 1558 5030 καὶ
1582 4977 1916 5050 ἀνήνεγκεν

297 5063 729 5133 ωοκὰρπωσιν
763 5061 853 5125 είς
889 5060 957 5113 τὸ
988 5057 1441 5127 θυσιαστήριον.

297 5168 571 5225 αοοεινδετε
601 5165 729 5237 χθὲς
757 5162 853 5218 τοῦ
887 5163 1270 5234 φιλανθρώπου
1300 5164 1572 5218 Δεσπότου
1601 5166 1700 5237 τὴν
1722 5169 1918 5236 ἀγαθό-

222 5271 390 5325 τητα,
421 5253 572 5312 ὅπως
588 5249 682 5302 τὸν
727 5247 936 5301 δίκαιον
963 5247 1230 5316 ἐξήγαγεν
1260 5249 1325 5300 ὲκ
1344 5248 1443 5318 τῆς
1481 5251 1737 5316 κιόωτοῦ,
1774 5254 1918 5308 ἐλευ.

225 5339 481 5416 θερὼσας
516 5338 612 5391 καὶ
638 5336 739 5406 τῆς
761 5337 879 5388 ἐκεῖ
901 5332 1201 5402 διαγωγῆς,
1228 5333 1322 5386 καὶ
1352 5335 1668 5401 ἀπαλλάξας
1691 5337 1786 5391 τοῦ
1813 5359 1913 5410 χα-

225 5423 398 5478 λεποῦ
431 5420 643 5476 ἐκείνου
664 5419 756 5471 καὶ
783 5417 932 5482 ξένου
959 5416 1355 5488 δεσμωτηρίου,
1389 5417 1604 5489 καὶτῆς
1636 5421 1916 5495 ὑπομονῆς

225 5510 382 5582 αὐτῷ
401 5509 500 5574 τὰς
521 5505 757 5578 ἀμοιϐάς
791 5504 1129 5559 ἀποδέδωκεν
1178 5503 1369 5557 εἰπών·
1401 5505 1748 5570 Αὺξάνεσθε
1814 5512 1912 5564 καί

226 5595 638 5663 εληθύνεσθε.
669 5588 946 5658 Μάθωμεν
989 5588 1230 5658 σήμερον
1282 5584 1374 5640 τοῦ
1419 5587 1543 5640 Νῶε
1578 5587 1675 5661 τὴν
1707 5590 1914 5659 εὐγνω-

231 5679 495 5753 μωύνην,
518 5677 614 5729 καὶ
643 5673 746 5743 τὴν
771 5672 1091 5742 εὐχάριστον
1110 5668 1309 5740 ψυχήν,
1327 5668 1393 5722 δι’
1411 5663 1479 5741 ἧς
1499 5670 1660 5724 πάλιν
1693 5672 1914 5728 πλείονα

229 5764 323 5819 καὶ
347 5758 529 5830 πολλῷ
561 5755 784 5829 μείζονα
806 5754 1166 5819 ἐξεκαλέσατο
1185 5753 1276 5807 τοῦ
1297 5753 1434 5808 Θεοῦ
1466 5756 1564 5826 τὴν
1597 5757 1722 5827 περὶ
1751 5757 1911 5812 αὐτὸν

225 5843 458 5906 εὔνοιαν.
488 5840 599 5900 Kal
620 5841 728 5912 γάρ
759 5837 999 5902 τοιοῦτος
1026 5839 1054 5891 ὁ
1092 5837 1244 5902 Θεός·
1274 5837 1489 5893 ἐπειδὰν
1531 5838 1615 5908 ἴδῃ
1661 5840 1751 5894 ἐπὶ
1798 5844 1908 5903 τοῖς

1367 393 1435 450 ΙΝ
1467 391 1622 449 CAP.
1669 388 1783 446 Vlll
1820 387 2061 445 GENES.
2097 385 2330 444 HOMIL.
2373 384 2584 444 XXV".

2017 505 2290 576 φθάσασιν
2318 502 2668 574 εὐγνώμονας
2693 497 3114 572 γεγενημένους,
3147 495 3586 568 ἐπιδαψιλεύεται
3602 498 3704 559 τὰς

2017 589 2148 658 παρ’
2179 585 2375 641 ἑαυτοῦ
2397 585 2624 658 δωρεάς.
2645 581 3044 652 Σπουδάζωμεν
3073 579 3253 634 τοίνυν
3271 580 3362 633 καὶ
3389 579 3551 650 ἡμεῖς
3605 578 3706 648 τήν

2017 657 2159 726 κατὰ
2190 670 2420 740 δύναμιν
2446 657 2798 739 εὐχαριστίαν
2833 665 3127 738 ἀναφέρειν
3165 657 3521 734 τῷΔεσπότῃ
3562 659 3705 730 ὐπὶρ

2017 753 2125 808 τῶν
2151 752 2511 825 ὑπαρξάντων
2530 754 2661 823 ἡμῖν
2700 750 2832 822 παρτ
2852 747 3024 803 αὐτοῦ
3052 747 3294 817 ἀγαθῶν,
3323 745 3411 799 ἵνα
3450 743 3545 798 καὶ
3580 758 3703 825 μει-

2019 836 2188 901 ζόνων
2210 824 2554 904 ἀξιωθῶμεν,
2602 834 2698 888 καὶ
2752 831 3024 904 μηδέποτε
3058 825 3549 899 ἐπιλανθανώμεθα
3594 824 3704 879 τῶν

2019 919 2171 990 παρὰ
2193 918 2287 972 τοῦ
2313 917 2450 972 Θεοῦ
2485 916 2819 987 εὐεργεσιῶν
2843 915 2924 977 είς
2953 914 3099 984 ήμῶς
3126 910 3532 982 γεγενημένων,
3565 905 3708 990 ἀλλά

2017 988 2114 1054 ἀεὶ-
2133 1000 2309 1055 ταῦτα
2343 999 2666 1071 στρέφωμεν
2692 997 2786 1051 ἐπὶ
2800 996 2901 1068 τῆς
2926 995 3164 1059 διανοίας
3177 994 3278 1064 τῆς
3299 990 3601 1063 ἡμετέρας,
3620 988 3708 1042 ἵνα

2021 1087 2125 1140 ὐπὸ
2157 1087 2260 1157 τῆς
2285 1088 2508 1158 μνήμης
2534 1083 2930 1154 συνωθούμενοι
2965 1082 3188 1152 διηνεκῆ
3226 1081 3323 1152 τὴν
3356 1072 3708 1158 εὐχαριστίαν

2022 1156 2323 1242 ποιώμεθα,
2365 1156 2413 1223 εί
2441 1156 2535 1222 καὶ
2562 1165 2819 1220 τοσαῦται
2843 1166 2903 1220 τὸ
2928 1164 3132 1235 πλῆθός
3159 1165 3317 1223 είσιν,
3350 1160 3427 1224 ὡς
3458 1157 3592 1231 μηδὲ
3607 1156 3713 1229 ἀρ-
3754 1236 3755 1239 η

2018 1260 2140 1313 κεῖν
2174 1257 2266 1311 τὸν
2302 1257 2561 1328 λογισμὸν
2579 1255 2673 1309 τὸν
2695 1254 2978 1326 ήμέτερονί
3006 1247 3478 1322 ἐξαριθμήσασθαι
3503 1243 3606 1318 τὴν
3626 1244 3708 1309 εις

2019 1346 2169 1418 ἡμᾶς
2201 1342 2518 1415 φιλοτιμίαν
2547 1342 2715 1396 αὐτοῦ
2741 1339 3138 1410 γεγενημένην.
3174 1335 3240 1389 Τί
3269 1335 3377 1407 γὰρ
3416 1335 3480 1388 ἀν
3513 1330 3712 1418 τις-λο-

2020 1414 2234 1497 γίσαιτο
2263 1428 2330 1480 τά
2350 1427 2452 1497 ⁴ήδη
2481 1428 2562 1489 είς
2592 1426 2745 1496 ήμᾶς
2791 1422 3155 1492 γεγενημένα,
3206 1417 3276 1473 τά
3299 1414 3706 1487 ἐπηγγελμένα,

2020 1508 2088 1562 τά
2123 1508 2245 1562 καθ’
2278 1510 2518 1580 ἑκάστην
2541 1507 2754 1578 ἡμέραν
2782 1504 3065 1575 γινόμενα·
3095 1503 3177 1557 ὅτι
3208 1503 3271 1554 ὲκ
3318 1499 3413 1554 τοῦ
3449 1499 3525 1570 μὴ
3557 1498 3713 1563 δντος

2022 1592 2102 1654 είς
2119 1592 2181 1643 τὸ
2202 1585 2341 1643 εἶναι
2367 1591 2710 1662 παρήγαγεν,
2740 1589 2822 1642 δτι
2845 1588 2941 1640 καὶ
2975 1585 3134 1657 σῶμα
3189 1585 3284 1638 καὶ
3318 1583 3497 1654 ψυχὴν
3531 1583 3714 1654 ἐχαρί-

2025 1674 2280 1738 σατο,δτι
2309 1673 2559 1742 λογικούς
2613 1672 2763 1742 ἡμᾶς
2811 1668 3267 1741 ἐδημιούργησεν,
3316 1668 3398 1720 ὅτι
3454 1665 3546 1719 τὸν
3571 1664 3711 1736 ἀέρα

2020 1756 2210 1810 τοῦτον
2245 1757 2505 1810 ἀναπνεῖν
2553 1754 2868 1825 ἐχαρίσατο,
2904 1753 2985 1809 ὅτι
3022 1752 3122 1822 τὴν
3156 1750 3335 1804 κτίσιν
3372 1748 3592 1802 ἃπασαν
3623 1747 3714 1801 διά

2020 1840 2121 1910 τήν
2146 1837 2495 1912 ἀνθρωπίνην
2550 1837 2713 1907 φύσιν
2741 1837 3086 1906 παρήγαγεν,
3110 1833 3192 1887 ὃτι
3224 1829 3389 1894 αὐτὸς
3431 1830 3531 1901 μὲν
3555 1829 3714 1882 ἐδουο

2022 1923 2161 1996 λήθη
2181 1925 2247 1977 ἐκ
2273 1922 2576 1994 προοιμίων
2593 1923 2690 1990 τῆς
2705 1919 2801 1973 τοῦ
2831 1920 3159 1989 παραδείσου
3178 1918 3388 1987 διαίτης
3415 1912 3712 1996 ἀπολαύειν

2020 1994 2112 2060 τόν
2146 1994 2452 2078 ἄνθρωπον,
2504 2004 2601 2058 καὶ
2657 2002 2929 2058 ἀνώδυνον
2970 2002 3083 2072 βίον
3129 2001 3295 2072 ἔχειν,
3352 2001 3447 2054 καὶ
3506 1994 3700 2070 μόχθοι

2022 2092 2224 2158 παντὸς
2258 2090 2700 2165 ἀπηλλαγμένον,
2740 2091 2833 2144 καὶ
2859 2089 3027 2162 μηδὲν
3051 2089 3272 2143 ἔλαττον
3299 2085 3447 2157 ἔχειν
3473 2085 3583 2140 τῶν
3612 2086 3705 2158 ἀγ-

2022 2176 2196 2245 γέλων
2216 2177 2310 2230 καί¹
2335 2176 2444 2229 τῶν
2476 2175 2788 2244 ἀσωμάτων
2827 2175 3053 2228 ἐκείνων
3106 2174 3386 2244 δυνάμεων
3410 2174 3467 2226 ἐν
3498 2171 3714 2242 σώματι

2021 2258 2380 2331 τυγχάνοντα,
2417 2257 2554 2314 ἀλλά
2591 2259 2685 2311 καὶ
2722 2257 2994 2330 ἀνώτερον
3049 2253 3186 2310 εἷναι
3216 2255 3324 2309 τῶν
3383 2253 3715 2326 σωματικῶν

2021 2343 2276 2411 ἀναγκῶν
2300 2359 2316 2408 ;
2351 2335 2485 2395 Είτα
2513 2341 2702 2412 ἐπειδὴ
2730 2340 2820 2395 διά
2845 2340 3122 2412 ρᾳθυμίαν
3143 2337 3364 2409 ὑπήχθη
3409 2338 3475 2408 τῇ
3527 2337 3714 2408 ἀπάτῃ

2021 2420 2114 2475 τοῦ
2143 2420 2391 2476 διαδόλου
2420 2423 2488 2491 τῇ
2513 2420 2606 2474 διά
2634 2420 2729 2474 τοῦ
2774 2421 2953 2490 ὄφεως
2987 2418 3382 2490 προσαχθείσῃ,
3411 2417 3532 2470 οὐδέ
3570 2414 3715 2470 οὕτω

2021 2504 2226 2558 διέλιπε
2261 2505 2352 2558 τὸν
2375 2505 2757 2576 ἡμαρτηκότα,
2792 2504 2884 2558 τὸν
2920 2503 3349 2575 παραόεὸηκότα
3385 2500 3712 2572 εὐεργετῶν,

2021 2593 2158 2648 ἀλλά
2182 2592 2277 2646 καὶ
2305 2586 2466 2645 δι’ὧν
2495 2592 2901 2662 ἐτιμωρήσατο,
2962 2589 3219 2660 καθάπερ
3274 2589 3370 2642 καὶ
3416 2587 3545 2658 χθὲς
3596 2585 3715 2640 ἐλέ-

2021 2698 2210 2752 γομεν,
2261 2681 2361 2752 τῆς
2395 2679 2608 2742 οίκείας
2659 2677 3076 2750 φιλανθρωπίας
3102 2676 3199 2748 τὴν
3261 2673 3568 2746 ὑπερϐολὴν
3619 2675 3714 2726 ἐπ-

2022 2767 2282 2834 εδείξατο,
2329 2767 2425 2821 καὶ
2459 2765 2631 2820 πολλά
2664 2765 2830 2836 ἕτερα
2863 2765 2958 2818 καὶ
2983 2763 3333 2835 ἀναρίθμητα
3378 2759 3717 2832 εὐεργεσιῶν

2023 2856 2142 2927 εἴδη
2169 2857 2251 2920 είς
2278 2854 2443 2910 αὐτὸν
2476 2854 2757 2908 κατέθετο.
2797 2853 2907 2906 Kal
2961 2851 3147 2906 λοιπὸν
3175 2850 3271 2904 τοῦ
3329 2851 3524 2921 χρόνου
3577 2865 3715 2920 προ-

2021 2943 2227 3008 ἰόντος,
2271 2943 2367 2995 καὶ
2413 2940 2508 2996 τοῦ
2561 2942 2754 3010 γένους
2774 2939 3142 3010 αὐξανομένου
3173 2977 3189 3003 ,
3244 2938 3338 2991 καὶ
3385 2941 3465 3000 είς
3511 2937 3716 2990 κακίαν

2020 3028 2432 3092 ἀποκλίναντος,
2486 3027 2674 3097 ἐπειδὴ
2717 3026 2864 3099 ἐώρα
2894 3026 3090 3080 ἀνίατα
3133 3025 3394 3095 γινόμενα
3441 3022 3511 3077 τὰ
3541 3021 3712 3095 τραύ-

2026 3134 2194 3192 ματα,
2214 3115 2471 3186 καθάπερ
2505 3114 2686 3186 ζύμην
2733 3111 2856 3168 τινά
2904 3110 3170 3185 πονηρὰν,
3205 3114 3335 3176 τοὺς
3375 3110 3473 3182 τῆς
3511 3110 3714 3175 κακίας

2022 3205 2261 3276 ἐργάτας
2282 3204 2549 3272 ἠφάνισε,
2639 3197 2960 3256 καταλιπὼν
3035 3200 3128 3253 τὸν
3198 3199 3407 3253 δίκππιον
3483 3200 3713 3265 τοῦτον,

2025 3290 2180 3361 ῥίζαν
2216 3290 2312 3344 καὶ
2353 3289 2528 3360 ἀρχὴν
2562 3287 2817 3359 γενέσθαι
2856 3287 2950 3341 τοῦ
2993 3286 3103 3341 τῶν
3147 3286 3452 3359 ἀνθρωπων
3494 3286 3709 3356 γένους.

2023 3379 2132 3432 Καὶ
2176 3378 2338 3432 πάλιν
2362 3378 2565 3443 ,σκόπει
2615 3375 2788 3444 πόσην
2825 3375 2958 3446 περὶ
2996 3373 3160 3428 αὐτὸν
3207 3373 3574 3428 ἐπιδείκνυται
3609 3374 3715 3446 τὴν

2024 3465 2355 3536 φιλοτιμίαν.
2391 3463 2524 3517 Ἀπὸ
2545 3463 2640 3517 τοῦ
2659 3462 2870 3517 δικαίου
2894 3461 3085 3516 τούτου
3110 3463 3206 3516 καὶ
3233 3461 3342 3516 τῶν
3361 3461 3553 3516 τούτου
3575 3461 3710 3514 υίῶν

2024 3554 2245 3609 ἃπασαν
2291 3553 2392 3623 τὴν
2424 3552 2534 3604 τῶν
2579 3549 2887 3623 ἀνθρώπων
2929 3549 3092 3618 φύσιν
3131 3551 3213 3614 είς
3259 3547 3515 3604 τοσοῦτον
3558 3549 3711 3622 [256]

2024 3641 2228 3712 πλῆθος
2272 3640 2568 3694 ἐπιδιδόναι
2602 3638 3008 3710 παρεσκεύασε,
3038 3639 3134 3692 καὶ
3176 3639 3320 3693 κατά
3353 3638 3550 3711 μικρὸν
3583 3638 3714 3702 τοὺς

2022 3728 2260 3790 δικαίους
2295 3725 2678 3797 ἐκλεξάμενος,
2710 3725 2838 3790 τούς
2870 3726 3221 3798 πατριάρχας
3250 3726 3416 3794 λέγω,
3453 3725 3714 3780 διδασκά-

2023 3815 2147 3878 λους
2182 3814 2452 3885 ἐπέστησε
2492 3813 2572 3885 τῷ
2599 3812 2774 3884 λοιπῷ
2809 3813 2919 3867 τῶν
2947 3813 3254 3886 ἀνθρώπων
3284 3814 3456 3883 γένει,
3492 3811 3582 3868 διά
3614 3814 3715 3885 τῆς

2022 3903 2228 3967 οίκείας
2277 3901 2483 3974 ἀρετῆς
2534 3901 2782 3965 ἅπαντας
2844 3903 3138 3971 ἐναγαγείν
3195 3901 3554 3972 δυναμένους,
3614 3902 3713 3956 καὶ

2023 3989 2278 4061 καθάπερ
2314 3989 2556 4061 ίατρούς,
2575 3990 2705 4052 τοὺς
2735 3989 3100 4060 νενοσηκότας
3130 3988 3459 4060 θεραπεύειν
3477 3988 3718 4059 δυναμέ-

2022 4095 2165 4140 νους.
2198 4077 2337 4131 Ποτέ
2368 4077 2470 4147 μὲν
2505 4077 2586 4140 είς
2618 4077 2720 4148 τὴν
2751 4076 3140 4146 Παλαιστίνην,
3173 4077 3304 4130 ποτέ
3341 4077 3399 4130 δὲ
3433 4078 3513 4140 είς
3547 4078 3717 4144 Λίγυ-

2023 4183 2157 4221 πτον
2188 4165 2438 4234 κατάγει,
2473 4152 2612 4234 ὁμοῦ
2641 4161 2870 4218 καὶτῶν
2909 4161 3077 4218 αὐτοῦ
3109 4163 3312 4218 δούλων
3351 4163 3716 4234 ὲγγυμνάζων

2023 4254 2122 4324 τὴν
2150 4252 2452 4324 ὑπομονὴν,
2489 4252 2585 4305 καὶ
2607 4250 2707 4324 τήν
2733 4251 2941 4304 οἰκείαν
2979 4251 3212 4322 δύναμιν
3246 4253 3715 4324 περιφανεστέραν

2022 4337 2271 4402 δεικνύς⁹
2309 4337 2402 4391 καὶ
2454 4336 2722 4408 διηνεκῶς
2771 4336 2918 4392 οὕτω
2962 4337 3229 4392 διετέλεσε
3278 4338 3582 4408 φροντίζων
3613 4339 3713 4408 τῆς

2022 4425 2131 4480 τῶν
2187 4424 2490 4492 ἀνθρώπιον
2539 4423 2836 4494 σωτηρίας,
2884 4427 3172 4495 προφήτας
3221 4424 3560 4488 ἀναδεικνὺς,
3620 4426 3710 4478 καὶ

2023 4515 2227 4582 σημεῖα
2251 4513 2345 4565 καὶ
2373 4510 2629 4580 θαύματα
2654 4511 2721 4562 δι’
2743 4510 2923 4564 αὐτῶν
2944 4511 3310 4565 ἐπιτελεῖσθαι
3339 4513 3526 4566 ποιῶν.
3558 4509 3708 4579 Εἶτα,

2023 4601 2111 4654 ἵνα
2139 4587 2429 4668 συντεμὼν
2452 4598 2594 4650 εἴπω
2619 4612 2632 4624 ·
2664 4597 2918 4668 καθάπερ
2947 4599 3057 4669 γὰρ
3089 4598 3190 4668 τῆς
3222 4599 3496 4670 θαλάττης
3524 4601 3596 4654 τὰ
3623 4600 3720 4655 κύ-

2026 4704 2192 4759 ματα,
2225 4685 2330 4740 κᾶν
2361 4684 2622 4757 μυριάκις
2660 4684 2999 4756 βιασώμεθα,
3033 4686 3135 4739 οὐκ
3168 4685 3233 4740 ἀν
3260 4703 3393 4740 ποτε
3424 4686 3714 4760 δυνηθείη-

2026 4791 2126 4846 μεν
2151 4771 2588 4844 ἐξαριθμεῖσθαι,
2624 4772 2798 4836 οὕτως
2833 4773 3044 4827 οὐδὲτὸ
3085 4773 3331 4828 ποικίλον
3354 4773 3465 4830 τῶν
3490 4778 3712 4846 εὐεργε-

2026 4862 2157 4914 σιῶν
2184 4860 2277 4914 τοῦ
2305 4858 2466 4926 Θεοῦ,
2488 4852 2564 4912 ὧν
2592 4861 2721 4931 περὶ
2752 4860 2850 4930 τήν
2879 4860 3154 4933 ἡμετέραν
3179 4862 3343 4932 φύσιν
3373 4863 3712 4928 ἐπεδείξατο.

2024 4948 2096 5000 Τὸ
2123 4947 2180 5001 δὲ
2211 4943 2540 5013 τελευταῖον,
2587 4945 2782 5017 ἐπειδὴ
2811 4944 2921 5001 εἶδε
2968 4948 3108 5018 μετὰ
3153 4949 3424 5021 τοσαύτην
3454 4952 3715 5022 πρόνοιαν

2023 5033 2105 5087 ἐτι
2132 5033 2337 5103 πολλῆς
2369 5035 2464 5087 καὶ
2498 5034 2708 5102 ἀφάτου
2735 5034 3147 5106 φιλανθρωπίας
3175 5036 3440 5109 δεομένην
3471 5038 3571 5110 τήν
3603 5037 3717 5093 τῶν

2024 5120 2328 5192 ἀνθρώπων
2361 5119 2545 5184 φύσιν,
2575 5121 2669 5174 καὶ
2699 5121 2852 5175 οὐδὲν
2890 5121 3051 5177 πλέον
3095 5122 3445 5194 ίσχύσαντας,
3480 5126 3541 5179 οὐ
3585 5128 3716 5191 τοὺς

2025 5209 2391 5279 πατριάρχας,
2434 5208 2496 5260 οὐ
2526 5207 2654 5272 τούς
2694 5209 2999 5280 προφήτας,
3034 5211 3096 5264 οὐ
3129 5210 3201 5264 τά
3242 5211 3498 5283 θαύματα
3531 5216 3712 5270 ἐκεῖνον

2021 5295 2092 5349 τὰ
2123 5294 2422 5365 παράδοξα,
2472 5294 2534 5347 οὐ
2575 5294 2675 5358 τὰς
2710 5295 2982 5367 τιμωρίας
3025 5298 3121 5352 καὶ
3159 5299 3260 5362 τάς
3299 5299 3580 5366 νουθεσίας
3612 5303 3714 5367 τὰς

2024 5381 2145 5435 καθ’
2168 5381 2398 5435 ἕκαστον
2425 5381 2793 5452 ἐπαγομένας,
2825 5383 2922 5435 καὶ
2947 5384 3048 5448 τάς
3089 5385 3470 5456 αίχμαλωσίας
3495 5390 3713 5458 ἐκείνας

2022 5470 2120 5535 τὰς
2151 5469 2509 5540 ἐπαλλήλους,
2533 5467 2725 5540 ὥσπερ
2744 5469 3021 5544 οἰκτείρας
3050 5472 3112 5526 τὸ
3142 5473 3297 5542 γένος
3329 5475 3390 5528 τὸ
3419 5477 3710 5550 ἡμέτερον,

2021 5558 2131 5611 τῶν
2160 5556 2352 5627 ψυχῶν
2394 5557 2489 5612 καὶ
2531 5557 2643 5611 τῶν
2672 5557 2943 5629 σωμάτων
2987 5560 3192 5631 ίατρὸν,
3231 5561 3323 5614 τὸν
3366 5562 3495 5616 Υίὺν
3545 5564 3710 5619 αὐτοῦ

2021 5645 2114 5698 τὸν
2156 5644 2422 5715 μονογενῆ
2475 5646 2541 5697 ἐκ
2584 5643 2693 5699 τῶν
2733 5643 2955 5701 κόλπων
2998 5647 3335 5716 ἀναστήσας,
3387 5647 3462 5713 ὡς
3510 5651 3710 5714 είπεῖν,

2021 5732 2130 5785 τῶν
2157 5730 2461 5801 πατρικῶν,
2486 5729 2673 5786 δούλου
2699 5732 2916 5804 μορφὴν
2937 5733 3275 5790 ἀναλαϐόντα
3297 5738 3714 5806 παρεσκεύασεν

2024 5822 2088 5875 ἐκ
2116 5817 2388 5892 παρθένου
2425 5819 2700 5891 τεχθῆναι,
2737 5821 2826 5874 καὶ
2865 5818 2962 5882 σὺν
2997 5821 3126 5892 ήμῖν
3153 5820 3582 5897 ἀναστραφῆναι,
3613 5825 3708 5884 καὶ
