4054 6312
182 437 266 497 ιιι

177 566 289 609 eum
337 547 645 604 conversari
673 587 686 610 ,
733 553 787 599 et
814 539 992 597 omnia
1041 548 1221 592 nostra
1266 536 1442 600 ferre,
1496 541 1552 586 ut
1588 545 1756 601 genus

179 651 406 699 lltlsll‘ttttt
434 639 667 710 peccatis
697 647 1012 704 oppressum
1037 629 1223 700 jacens
1243 643 1271 680 a
1306 625 1461 680 terris
1488 624 1539 676 in
1569 621 1756 675 caelum

179 732 467 787 subvehere
494 729 679 797 possit.
710 726 777 780 Et
804 725 906 778 hoc
934 722 1318 789 obstupescens
1348 713 1567 769 tonitrui
1595 711 1752 774 illius,

175 822 623 886 consideranspie
651 813 950 870 dilectionis
970 810 1162 865 divinm
1181 804 1574 868 excellentiam,
1597 815 1756 871 quam

177 925 289 980 erga
316 923 488 980 genus
518 914 758 960 nostrum
788 900 1110 964 declaravit,
1137 896 1400 952 clamabat
1426 902 1482 949 et
1506 891 1756 947 dicebat:

179 1003 261 1055 Sic
283 1002 418 1054 enim
460 998 601 1052 Deus
648 997 826 1050 dilexit
872 993 1118 1047 mundum
1163 986 1575 1060 (Joau..’).16).
1625 984 1759 1038 Vide

178 1102 364 1161 quanto
392 1089 654 1144 miracqu
685 1086 839 1157 plena
869 1085 984 1138 hac
1008 1081 1173 1137 dictio
1201 1099 1213 1134 :
1245 1079 1336 1136 Sic
1354 1119 1370 1144 ,
1399 1077 1468 1132 ait
1494 1119 1508 1142 ,
1537 1076 1613 1131 rei
1645 1092 1761 1131 ma-

177 1181 500 1254 gnitudinem
527 1178 859 1249 espendens,
886 1189 1044 1244 quam
1067 1173 1306 1227 dicturus
1325 1179 1440 1225 erat
1473 1186 1486 1223 :
1516 1176 1758 1238 propter-

179 1289 232 1327 ea
267 1270 330 1326 ad
379 1270 521 1325 hunc
560 1267 776 1322 modum
838 1278 1067 1320 exorsus
1103 1271 1232 1318 est:
1275 1260 1366 1316 Sic
1414 1259 1611 1313 dilexit.
1665 1257 1760 1312 Dic

180 1361 326 1432 igitur
345 1360 532 1424 nobis,
563 1359 719 1413 beate
744 1356 979 1411 Joannes
998 1394 1014 1421 ,
1039 1351 1307 1424 quomodo
1333 1348 1422 1404 Sic
1445 1349 1470 1402 .’
1492 1347 1580 1402 dic
1606 1361 1759 1400 meu-

178 1466 344 1507 suram
370 1493 389 1519 ,
433 1450 520 1506 dic
558 1446 977 1518 magnitudinem
1001 1488 1018 1509 ,
1065 1443 1200 1497 doce
1231 1454 1331 1495 nos
1356 1437 1756 1494 excellentiam.

180 1542 264 1598 Sic
286 1543 421 1596 enim
445 1540 620 1594 dilexit
651 1537 788 1592 Deus
821 1535 1069 1590 mundum
1090 1572 1108 1598 ,
1150 1543 1206 1586 ut
1242 1529 1436 1584 Filium
1464 1544 1612 1583 suum
1639 1527 1759 1580 uui-

177 1633 390 1704 genitum
419 1632 583 1698 daret,
613 1639 668 1684 ut
694 1629 856 1684 onuu's
875 1627 961 1698 qui
980 1624 1138 1680 credit
1162 1623 1216 1678 in
1243 1622 1412 1685 illum,
1445 1636 1547 1674 non
1566 1627 1757 1689 pereat,

178 1723 259 1777 sed
281 1723 461 1776 habent
487 1721 642 1775 vitam
666 1730 931 1773 (sternam.

243 1813 410 1869 Causa
433 1814 673 1866 adpetitus
700 1808 906 1864 Christi.
929 1837 1005 1849 —
1028 1804 1213 1861 Vidisti
1241 1817 1456 1858 causam
1497 1803 1761 1856 adventus

179 1903 290 1960 Filii
331 1907 469 1959 hanc
495 1917 638 1969 esse,
669 1909 730 1956 ut
771 1916 868 1970 per
895 1898 1054 1955 ﬁdem
1082 1898 1135 1952 in
1160 1897 1309 1951 illum
1341 1895 1376 1949 ii
1411 1894 1503 1965 qui
1535 1892 1757 1962 perituri

179 2007 342 2062 erant,
372 1996 563 2052 salutis
584 1994 920 2049 occasionem
951 1988 1297 2044 invenirent?
1324 1984 1606 2054 Quomodo
1632 1984 1752 2053 quis

180 2097 346 2143 mente
383 2086 691 2156 conceperit
732 2097 980 2155 magnam
1016 2091 1070 2136 et
1095 2078 1466 2135 admirabilem
1495 2076 1678 2141 illam,
1706 2085 1758 2129 et

180 2191 293 2249 qua:
336 2192 550 2232 omnem
594 2175 855 2230 rationem
893 2173 1092 2238 vincit,
1147 2169 1518 2225 liberalitatem
1540 2208 1557 2234 ,
1602 2181 1761 2237 quam

180 2278 376 2324 uatum
402 2277 598 2324 nostra:
619 2282 714 2338 per
728 2265 926 2321 donum
949 2262 1196 2333 baptismi
1215 2260 1499 2322 concessit,
1520 2259 1756 2312 omnium

182 2373 514 2431 peccatorum
560 2369 867 2414 nostrorum
911 2357 1032 2411 data
1075 2351 1434 2411 remissione?
1486 2350 1591 2406 Sed
1636 2349 1762 2420 quid

179 2449 387 2505 dicam?
413 2465 585 2521 neque
614 2464 766 2502 mens
795 2446 1028 2510 sufﬁcit,
1075 2460 1248 2514 neque
1275 2457 1453 2498 sermo
1478 2442 1616 2496 valet
1655 2456 1764 2494 cae-

181 2551 286 2595 tera
311 2553 650 2614 enumerare.
678 2538 809 2594 Nam
829 2536 1168 2608 quantumvis
1192 2533 1400 2600 dixem,
1423 2533 1592 2586 multo
1616 2532 1763 2601 plura

178 2633 330 2689 dictis
375 2642 653 2704 praetereo.
703 2631 822 2687 iam
863 2631 984 2700 quis
1027 2627 1356 2700 poenitentiae
1397 2626 1536 2679 viam
1565 2624 1767 2692 cogita-

183 2725 331 2788 verit,
383 2738 541 2794 quam
591 2723 824 2777 humano
868 2720 1049 2790 generi
1102 2725 1284 2770 nostro
1326 2714 1396 2770 ob
1442 2711 1763 2768 ineﬁ'abilem

184 2813 597 2870 misericordiam
628 2828 780 2867 suam
809 2809 1103 2871 concessit,
1133 2817 1187 2861 et
1217 2815 1340 2876 post
1369 2803 1616 2873 baptismi
1645 2817 1768 2872 gra-

183 2906 338 2970 tiam,
378 2904 640 2960 mirabilia
685 2904 775 2958 illa
817 2901 1064 2956 mandata
1093 2939 1109 2964 ,
1139 2913 1234 2967 per
1260 2910 1380 2966 qua:
1399 2935 1415 2961 ,
1445 2895 1489 2948 si
1515 2894 1765 2961 velimus,

187 2997 472 3068 poterimus
498 2995 615 3066 ejus
641 2992 796 3048 nobis
811 2992 1033 3062 gratiam
1056 2985 1383 3045 conciliare?

249 3086 304 3142 2.
333 3086 524 3142 Vidisti
548 3127 565 3154 ,
613 3086 808 3141 dilecte
826 3124 842 3147 ,
888 3083 1140 3152 abyssum
1169 3079 1313 3134 illius
1335 3075 1718 3133 beneficiorum
1743 3073 1768 3127 ἲ

185 3177 355 3233 vidisti
383 3187 582 3248 quanta
606 3173 1099 3230 enumeraverimus
1124 3212 1138 3234 ,
1166 3169 1261 3226 sed
1290 3166 1526 3222 nondum
1548 3179 1767 3235 parvam

183 3283 366 3325 eorum
394 3276 595 3338 partem
618 3267 800 3321 dicere
831 3263 1098 3333 potuimus
1122 3260 1146 3313 ’ἰ
1188 3256 1467 3324 Quomodo
1495 3256 1637 3311 enim
1667 3255 1765 3307 hu-

185 3375 336 3416 mana
367 3360 542 3429 lingua
569 3373 687 3429 qua:
707 3372 736 3409 a
762 3357 870 3410 Deo
899 3355 1053 3409 nobis
1080 3352 1272 3407 collata
1297 3357 1422 3404 sunt
1450 3356 1772 3417 pertractare

186 3451 400 3522 t‘osset?
445 3453 514 3505 At
538 3451 661 3504 licet
691 3448 776 3502 illa
805 3454 949 3502 tanta
970 3460 1036 3500 ac
1061 3443 1185 3499 talia
1216 3443 1344 3508 sint,
1373 3440 1541 3494 multo
1569 3439 1769 3508 majora

187 3553 239 3598 et
274 3543 622 3598 iueﬁ‘abiliora
653 3549 778 3595 sunt
808 3538 1063 3594 beneﬁcia
1090 3578 1105 3602 ,
1138 3549 1258 3606 quas
1283 3535 1335 3588 in
1366 3531 1546 3586 futuro
1575 3530 1773 3584 smcnlo

189 3649 280 3706 per
304 3636 555 3690 virtutum
584 3633 722 3687 viam
750 3629 1116 3686 incedentibus
1136 3669 1152 3694 ,
1183 3636 1240 3681 et
1269 3625 1392 3678 hinc
1420 3620 1772 3691 migrantibus

186 3726 427 3790 daturum
453 3740 513 3779 se
535 3724 804 3795 promisit.
844 3721 1080 3789 Quorum
1109 3715 1527 3786 magnitudinem
1560 3721 1617 3766 ut
1644 3727 1776 3780 pau-

187 3820 261 3872 cis
282 3818 460 3873 verbis
487 3817 640 3871 nobis
668 3812 1069 3869 commendaret
1095 3809 1284 3864 beatus
1314 3805 1507 3862 Paulus
1528 3846 1545 3872 ,
1575 3804 1772 3874 inquit:

191 3909 312 3973 Qui:
337 3908 516 3962 oculus
545 3923 643 3960 non
678 3905 798 3958 vidit
821 3944 837 3971 ,
883 3913 930 3958 et
957 3902 1096 3956 auris
1119 3917 1220 3954 non
1245 3898 1436 3952 audivit
1461 3937 1478 3962 ,
1523 3905 1570 3949 et
1609 3899 1664 3948 in
1691 3911 1778 3948 cor

191 3999 403 4053 houriuis
427 4013 530 4052 non
556 3996 886 4050 ascenderunt
907 4034 922 4057 ,
962 4008 1075 4062 qua!
1105 3989 1409 4061 preparavit
1437 3985 1574 4041 Deus
1602 3987 1665 4041 iis
1689 3987 1778 4056 qui

189 4093 402 4162 diligunt
439 4105 495 4144 se
531 4091 611 4158 (i.
643 4086 761 4142 Cor.
789 4085 844 4140 2.
867 4086 944 4154 9).
1005 4084 1191 4138 Vidisti
1234 4081 1374 4137 dona
1418 4077 1777 4133 excellentia?

192 4184 360 4238 vidisti
390 4180 652 4237 beneﬁcia
683 4179 824 4232 illius
845 4191 1059 4231 omnem
1090 4174 1377 4228 humanam
1401 4171 1776 4241 cogitationem

193 4270 668 4328 transcendentia?
699 4268 836 4324 Dicit
852 4267 1015 4330 enim,
1047 4264 1112 4318 In
1137 4280 1224 4318 cor
1243 4262 1461 4317 hominis
1487 4277 1588 4314 nou
1611 4276 1778 4314 ascen-

194 4365 386 4418 derunt.
417 4363 475 4418 Si
504 4363 663 4432 igitur
690 4355 934 4414 volumus
962 4357 1046 4411 illa
1077 4356 1255 4410 animo
1280 4352 1580 4414 revolvere.
1607 4360 1661 4407 et
1682 4365 1782 4421 pro

194 4455 388 4510 viribus
433 4453 632 4508 nostris
679 4451 876 4521 gratias
913 4463 1106 4518 agere,
1156 4444 1450 4517 poterimus
1476 4443 1642 4498 multo
1671 4457 1782 4496 ma-

193 4547 358 4614 jorem
388 4545 536 4598 illius
561 4543 784 4612 gratiam
816 4539 970 4594 nobis
994 4537 1279 4593 conciliare
1300 4575 1316 4600 ,
1343 4543 1397 4589 et
1423 4533 1489 4587 ad
1530 4534 1779 4587 virtutem

195 4638 357 4706 magis
402 4635 586 4690 idonei
633 4632 769 4691 ﬁeri.
821 4629 1072 4686 Memoria
1103 4629 1244 4683 enim
1275 4623 1656 4681 beneﬁciorum
1689 4621 1783 4677 Dei

197 4727 464 4783 sufﬁciens
487 4733 590 4791 est,
616 4738 736 4794 qua:
753 4721 818 4777 ad
840 4724 1090 4776 virtutum
1107 4719 1315 4773 labores
1335 4730 1431 4770 nos
1446 4715 1783 4780 adhortelur,

196 4827 249 4873 et
273 4826 535 4888 prmparet
555 4824 616 4868 ut
641 4813 920 4883 prasseutia
948 4811 1126 4864 omnia
1151 4807 1508 4877 despiciamus
1532 4847 1546 4871 ,
1575 4814 1629 4859 et
1652 4813 1709 4859 ut
1736 4804 1786 4858 ei

197 4909 282 4980 qui
331 4918 477 4962 tanta
527 4905 580 4959 in
634 4918 732 4958 nos
777 4901 1031 4955 benelicia
1084 4898 1340 4961 contulit,
1394 4895 1783 4959 adhaereamus,

199 5017 430 5059 amorem
459 5000 514 5053 in
546 4998 690 5052 illum
727 4994 948 5064 singulis
973 4992 1160 5046 diebus
1199 4998 1413 5043 auctum
1448 4985 1784 5041 exhibentes.

200 5091 330 5148 Hinc
357 5089 559 5146 etenim
593 5087 778 5140 beatus
806 5085 904 5138 iste
936 5090 1132 5136 lautam
1168 5080 1259 5133 Dei
1287 5077 1509 5147 gratiam
1536 5085 1592 5130 et
1613 5075 1785 5128 hono-

204 5199 310 5238 rem
339 5181 443 5237 sibi
471 5177 804 5250 conciliavit,
843 5175 963 5244 quia
991 5173 1058 5226 de
1090 5169 1354 5241 prioribus
1381 5166 1581 5237 gratias
1611 5163 1789 5219 reddi-

203 5273 293 5329 dit.
341 5271 448 5326 Sed
495 5277 553 5323 ut
581 5267 914 5322 manifestior
949 5264 1100 5318 nobis
1129 5262 1216 5316 ille
1249 5272 1429 5313 sermo
1460 5259 1583 5322 tiat,
1611 5270 1788 5324 operae

208 5363 428 5432 pretium
452 5369 537 5414 est
560 5399 575 5423 ,
607 5367 663 5413 ut
689 5355 896 5411 initium
925 5370 1110 5409 eorum
1138 5367 1255 5421 quae
1287 5349 1446 5403 hodie
1474 5347 1611 5401 lecta
1638 5354 1787 5412 sunt,

207 5453 406 5509 caritati
460 5461 656 5505 vestrm
699 5461 1014 5516 proponam.
1069 5443 1202 5498 Nam
1255 5449 1533 5511 postquam
1562 5452 1627 5492 es
1666 5451 1788 5491 arca

209 5547 366 5602 exivit
399 5542 697 5599 secundum
739 5539 1046 5594 mandatum
1076 5535 1280 5591 Domini
1309 5575 1324 5598 ,
1373 5547 1495 5587 cum
1543 5528 1666 5583 liliis
1689 5569 1705 5593 ,
1735 5537 1791 5582 et

209 5653 300 5695 sua
325 5651 525 5701 uxore,
556 5643 613 5689 et
638 5632 893 5688 uxoribus
921 5632 1149 5686 liliorum
1189 5641 1431 5693 suorum,
1463 5633 1518 5679 et
1543 5620 1791 5677 omnibus

213 5730 333 5785 leris
355 5737 411 5783 et
437 5725 745 5781 volatilibus
769 5765 782 5789 ,
829 5732 882 5778 et
929 5730 1050 5792 post
1091 5732 1368 5790 egressum
1394 5713 1599 5785 accepit
1625 5725 1654 5765 a
1680 5709 1792 5766 Deo

214 5813 638 5876 benedictionem
685 5813 826 5869 illam
868 5821 1068 5867 tantum
1112 5809 1211 5864 sibi
1258 5807 1564 5862 aﬁ‘ercntem
1591 5805 1790 5862 solatii:

1187 422 1256 478 IN
1294 420 1446 479 CAP.
1491 418 1622 474 Vill.
1663 415 1907 474 GENES.
1949 414 2181 472 HOMIL.
2209 412 2425 469 XXVII.

3356 409 3462 464 2~l2

1872 528 1953 582 his
1974 527 2153 583 verbis
2178 546 2190 582 :
2209 525 2424 584 Crescite
2445 535 2491 581 et
2513 523 2938 595 multiplicamini,
2958 523 3159 579 docens
3188 538 3288 580 nos
3311 523 3457 580 Scri-

1869 629 2020 686 p:ura
2064 617 2192 686 justi
2233 624 2440 685 gratum
2469 616 2742 678 animum,
2783 614 2911 668 dicit
2945 612 3076 668 :20.
3111 613 3463 682 Etadiﬁcavit

1877 707 1993 761 Noe
2017 707 2179 760 altare
2211 705 2462 771 Domino,
2505 715 2550 758 et
2586 705 2778 772 accepit
2819 705 2882 758 de
2923 704 3154 758 cornibus
3202 706 3462 773 pecoribus

1870 796 2091 862 mundis,
2115 806 2161 848 et
2191 795 2253 849 de
2272 794 2500 848 omnibus
2529 793 2813 847 volatilibus
2834 795 3057 860 mundis,
3086 803 3132 847 et
3160 794 3338 847 obtulit
3363 795 3455 846 lio-

1875 887 2149 940 locaustum
2189 903 2340 955 super
2368 883 2551 939 altare.
2609 884 2902 954 Diligenter
2938 884 3221 939 considera
3247 926 3263 953 ,
3291 886 3460 940 caris-

1868 979 2042 1044 sime,
2088 993 2156 1033 ex
2198 977 2549 1047 praesentibus
2579 977 2793 1040 verbis,
2846 975 3117 1046 quomodo
3167 975 3220 1030 in
3271 985 3460 1031 natura

1869 1077 2048 1122 nostra
2073 1071 2315 1123 omnium
2331 1066 2589 1123 Conditor
2614 1067 2805 1122 insevit
2828 1077 3030 1122 certam
3054 1066 3270 1122 virtutis
3296 1068 3464 1122 scim.

1870 1158 2018 1213 tiam.
2046 1158 2197 1213 Unde
2227 1159 2367 1212 enim
2396 1201 2408 1224 ,
2451 1157 2536 1212 dic
2556 1199 2570 1223 ,
2598 1171 2717 1224 oro,
2744 1157 2891 1228 justo
2915 1157 2989 1212 illi
3022 1157 3121 1211 hoc
3149 1159 3202 1212 in
3226 1169 3460 1213 mentum

1868 1247 2144 1302 venisset?
2184 1247 2370 1302 Nullus
2408 1259 2524 1302 erat
2552 1246 2687 1302 alius
2715 1263 2873 1318 quem
2903 1248 3126 1302 videret.
3174 1249 3277 1305 Sed
3319 1250 3463 1305 sicut

1868 1336 1922 1390 in
1953 1337 2216 1406 principio
2245 1337 2378 1393 Abel
2423 1338 2512 1393 ille
2544 1339 2697 1406 primi
2740 1338 2970 1394 hominisl
3015 1337 3187 1401 illius,
3221 1353 3250 1392 a
3282 1340 3461 1409 seipso

1867 1428 2225 1482 commonitus
2247 1467 2266 1494 ,
2311 1442 2499 1496 magna
2527 1427 2801 1498 diligentia
2830 1427 3155 1482 oblationem
3185 1427 3412 1497 perfecit
3444 1444 3458 1482 :

1869 1518 1948 1573 sic
1975 1521 2158 1588 utique
2188 1534 2329 1574 nunc
2354 1529 2409 1574 et
2443 1519 2621 1590 jusws
2651 1520 2739 1574 ille
2762 1560 2779 1586 ,
2807 1535 2903 1575 sua
2930 1521 3209 1573 voluntate
3233 1528 3287 1573 et
3313 1519 3459 1572 arbi-

1869 1609 1973 1662 trio
1997 1625 2131 1664 sano
2153 1649 2171 1674 ,
2215 1619 2472 1680 quantum
2518 1609 2767 1666 humanis
2796 1610 2996 1666 viribus
3041 1611 3213 1678 potuit
3235 1649 3251 1676 ,
3299 1621 3462 1680 utque

1870 1699 2169 1754 faciendum
2215 1701 2450 1769 putavit,
2486 1701 2714 1755 Domino
2742 1715 2838 1770 per
2865 1698 3126 1754 eaet-iﬁcia
3168 1701 3460 1768 gratiarum

1867 1789 2133 1844 actionem
2162 1789 2364 1845 retulit.
2386 1789 2454 1845 Et
2483 1791 2604 1845 vide
2630 1799 2827 1860 quanta
2857 1789 3121 1861 sapientia
3148 1791 3461 1858 essequizur

1869 1883 2067 1935 omnia.
2101 1881 2284 1951 Neque
2305 1883 2447 1937 enim
2479 1880 2762 1951 splendido
2785 1893 2923 1951 opus
2953 1881 3179 1934 habebat
3209 1879 3459 1943 aediﬁcio,

1870 1986 2044 2041 neque
2100 1972 2334 2042 templo,
2392 1986 2571 2042 neque
2624 1971 2786 2027 domo
2835 1970 3083 2040 quapiam
3134 1968 3462 2030 admirabili,

1870 2075 2044 2132 neque
2065 2062 2173 2116 alio
2199 2061 2388 2132 quovis
2420 2080 2434 2114 :
2467 2061 2672 2117 sciebat
2698 2061 2840 2116 enim
2865 2102 2880 2127 ,
2908 2060 3113 2115 sciebat
3142 2060 3324 2130 utique
3351 2058 3460 2112 Do-

1869 2155 2071 2210 minum
2113 2163 2350 2209 mentem
2383 2154 2552 2210 solam
2595 2154 2906 2224 requirere;
2953 2160 3012 2208 et
3054 2162 3330 2207 exstructo
3375 2161 3461 2204 tu-

1869 2245 2152 2300 multuaria
2193 2259 2356 2314 opera
2399 2245 2591 2312 altari,
2632 2259 2755 2299 cum
2799 2244 3096 2313 accepisset
3122 2242 3368 2314 quaedam
3396 2259 3460 2298 es

1869 2338 2187 2392 animalibus
2215 2337 2427 2392 mundis
2451 2379 2466 2400 ,
2513 2346 2568 2393 et
2602 2352 2672 2391 ex
2715 2336 2900 2391 avibus
2927 2335 3177 2403 mundis,
3206 2334 3448 2390 holocau-

1870 2437 2012 2482 stum
2049 2428 2280 2494 obtulit,
2325 2436 2642 2499 gratamque
2689 2441 2840 2482 suam
2889 2426 3220 2481 voluntatem
3266 2433 3466 2494 quanta

1872 2520 2042 2590 potuit
2085 2521 2218 2575 facu'
2250 2527 2334 2575 ate
2375 2519 2650 2574 ostendit:
2691 2533 2850 2588 quam
2901 2516 3208 2588 approbatis
3256 2515 3466 2571 miseri-

1870 2625 1994 2666 cors
2015 2610 2155 2665 Deus
2183 2619 2238 2666 et
2265 2610 2592 2665 voluntatem
2626 2609 2905 2664 coronavit
2928 2649 2943 2672 ,
2990 2617 3044 2662 et
3087 2609 3283 2663 iterum
3313 2621 3467 2660 suam

1871 2703 2243 2758 liberalitatem
2271 2717 2398 2772 erga
2428 2702 2578 2757 illum
2607 2701 2919 2757 declaravit.
2970 2699 3109 2754 Dicit
3142 2700 3288 2753 enim
3319 2696 3466 2753 Scri-

1875 2806 2027 2866 ptura
2061 2812 2076 2849 :
2115 2794 2206 2849 2|.
2238 2794 2306 2848 Et
2343 2794 2584 2848 odoratus
2613 2802 2684 2846 est
2712 2790 2962 2847 Dominus
2987 2790 3196 2846 odorem
3224 2793 3466 2860 fragran-

1873 2886 1976 2939 tia.
2034 2885 2165 2940 Vide
2211 2884 2480 2954 quomodo
2526 2884 2737 2938 animus
2786 2882 3062 2937 oﬂ‘erentis
3117 2880 3363 2943 fumum,
3411 2889 3466 2934 et

1876 2977 2116 3032 nidorem
2143 3017 2158 3043 ,
2197 2985 2252 3032 et
2275 2990 2490 3031 omnem
2518 2991 2638 3046 qua:
2668 2976 2791 3030 inde
2821 2975 3062 3028 nascitur
3086 2973 3464 3028 insuavitatcm

1875 3068 2037 3122 multa
2068 3066 2357 3136 fragrantia
2386 3065 2644 3137 implevit.
2689 3065 2893 3121 idcirco
2921 3075 2977 3120 et
3001 3063 3198 3119 Paulus
3225 3063 3470 3118 scribens

1872 3157 2085 3213 dicebat
2115 3174 2128 3211 :
2156 3156 2333 3212 Bonus
2360 3157 2487 3212 odor
2513 3155 2701 3211 Christi
2732 3172 2910 3210 sumus
2933 3196 2948 3223 ,
2980 3157 3035 3209 iu
3058 3155 3120 3209 iis
3146 3155 3230 3223 qui
3257 3154 3468 3209 saluam

1876 3261 1993 3318 tur,
2032 3260 2079 3304 et
2120 3251 2173 3303 in
2203 3250 2266 3302 iis
2293 3251 2379 3319 qui
2410 3258 2617 3318 pereunt
2644 3263 2665 3303 :
2701 3258 2748 3302 et
2789 3249 2852 3302 iis
2893 3247 3098 3316 quidem
3134 3245 3264 3300 odor
3293 3246 3471 3300 mortis

1875 3345 1928 3396 in
1956 3352 2188 3407 mortem,
2216 3342 2320 3394 illis
2343 3351 2513 3394 autem
2540 3340 2666 3394 odor
2692 3339 2805 3393 vitta
2827 3340 2880 3392 iu
2905 3339 3078 3392 vitam.
3106 3337 3330 3392 Odorem
3356 3340 3467 3407 {rs-

1875 3435 2123 3505 grautiaz‘
2153 3433 2231 3505 (2.
2264 3432 2383 3486 Cor.
2416 3431 2472 3486 2.
2502 3430 2618 3500 15.)

1948 3527 2051 3582 Cur
2079 3525 2216 3580 Deus
2243 3525 2499 3593 sacriﬁcia
2527 3523 2764 3595 exegerit.
2792 3522 3116 3577 Circumcisio
3146 3522 3276 3575 nihil
3318 3521 3474 3592 perfi-

1877 3637 1988 3674 cere
2014 3628 2176 3690 potest
2201 3618 2269 3670 ad
2293 3619 2527 3671 salutem.
2561 3645 2635 3656 —
2683 3614 2762 3670 Ne
2791 3613 3081 3669 oﬁ'endaris
3121 3613 3289 3668 verbo
3328 3627 3474 3668 cras-

1879 3712 2021 3767 siore
2050 3725 2066 3764 :
2095 3710 2190 3766 sed
2221 3709 2380 3779 hujus
2406 3709 2552 3763 verbi
2598 3716 3005 3777 attemperalam
3055 3708 3317 3761 rationem
3369 3715 3471 3759 tum

1881 3804 2176 3860 inﬁrmitati
2203 3803 2517 3858 adscribeus
2540 3802 2774 3871 iutellige
2803 3801 2945 3867 hinc,
2995 3810 3269 3870 acceptam
3311 3799 3473 3853 fuisse

1885 3899 1996 3954 Deo
2022 3897 2346 3953 oblationem
2393 3896 2544 3966 justi.
2598 3894 2668 3950 Ut
2691 3894 2832 3950 enim
2872 3909 2968 3964 per
2994 3907 3084 3947 res
3105 3893 3250 3964 ipsas
3276 3889 3477 3946 sciatur

1883 3989 2170 4044 Dominum
2201 3989 2396 4044 nullius
2424 3986 2683 4056 indigere,
2713 3995 2767 4041 et
2787 3993 3003 4055 propter
3023 3982 3157 4037 nihil
3185 3980 3330 4037 aliud
3360 3979 3477 4034 haec

1884 4081 1999 4136 ﬁeri
2030 4081 2335 4148 permisisse
2361 4121 2376 4146 ,
2402 4093 2560 4149 quam
2582 4085 2639 4133 ut
2660 4077 2904 4132 homines
2923 4075 2988 4130 ad
3005 4083 3215 4145 gratum
3238 4073 3476 4128 animum

1883 4172 2175 4227 adduceret
2208 4188 2221 4225 :
2258 4179 2540 4240 propterea
2589 4167 2859 4223 concessit
2898 4172 2959 4221 ut
3014 4166 3136 4236 igne
3181 4178 3475 4219 consume-

1886 4275 2092 4332 rentur,
2116 4273 2174 4320 ut
2201 4279 2266 4320 ex
2301 4264 2366 4318 iis
2413 4277 2534 4332 quas
2579 4260 2753 4325 ﬁunt,
2782 4259 2993 4314 discant
3020 4257 3056 4312 ii
3083 4257 3173 4328 qui
3217 4255 3473 4320 oﬁ‘eruut,

1885 4361 2062 4414 omnia
2095 4370 2309 4428 propter
2333 4371 2518 4413 eorum
2546 4356 2829 4411 utilitatem
2865 4354 3002 4409 ﬁeri.
3031 4352 3209 4420 Quare
3254 4362 3432 4406 autem
3459 4394 3474 4416 ,

1886 4452 1993 4517 dic,
2023 4464 2228 4521 quaeso,
2260 4448 2376 4503 lucc
2427 4447 2543 4502 ﬁeri
2583 4444 2803 4501 omnino
2850 4444 3108 4514 permittit
3134 4443 3157 4496 ἲ
3183 4442 3251 4496 Et
3291 4441 3344 4494 in
3375 4440 3478 4494 hoc

1892 4553 2089 4597 nostra
2119 4541 2443 4595 inﬁrmitatis
2467 4538 2693 4591 habetur
2717 4535 2871 4589 ratio.
2897 4533 3029 4599 Quia
3061 4531 3210 4587 enim
3230 4530 3480 4585 homines

1888 4635 2139 4707 paulatim
2167 4649 2194 4686 a
2219 4647 2348 4686 vero
2377 4630 2468 4684 Dei
2496 4627 2640 4682 cultu
2668 4625 2924 4681 defecturi
2952 4631 3130 4688 erant,
3147 4631 3205 4677 et
3223 4622 3323 4676 sibi
3344 4621 3478 4676 deos

1888 4726 2212 4797 c00ptaturi,
2241 4724 2434 4793 quibus
2459 4719 2717 4776 sacriﬁcia
2741 4718 3104 4782 immolarent,
3138 4715 3287 4784 prius
3309 4714 3481 4768 voluit

1889 4827 1948 4873 ut
1972 4817 2072 4873 sibi
2104 4815 2245 4871 dona
2267 4813 2614 4876 oﬁ‘errentur,
2637 4823 2748 4879 quo
2773 4807 2858 4863 vel
2882 4807 2961 4862 sic
2980 4806 3275 4876 depelleret
3296 4819 3326 4859 a
3357 4818 3480 4875 per-

1890 4911 2094 4964 nicioso
2118 4919 2302 4962 errore
2329 4917 2423 4958 eos
2447 4902 2640 4973 quibus
2667 4898 2790 4953 inde
2820 4895 3113 4966 periculum
3139 4895 3474 4950 imminebat.

1893 5002 1958 5055 Et
2003 5009 2062 5054 ut
2113 4997 2378 5066 intelligas
2436 4994 2552 5048 btec
2589 4990 2773 5046 omnia
2817 5001 3074 5044 concessa
3101 4986 3478 5042 fuisseobno-

1891 5104 2057 5150 stram
2089 5090 2486 5151 inﬁrmitatem,
2527 5084 2742 5140 attende
2785 5082 3055 5153 quomodo
3104 5089 3292 5152 postea
3339 5091 3481 5136 tein-

1895 5202 2023 5257 pore
2052 5182 2391 5254 procedente,
2425 5177 2653 5234 voluerit
2707 5174 3170 5230 circumcisionem
3215 5188 3316 5242 pro
3367 5175 3483 5243 lege

1894 5277 2074 5340 statui,
2104 5290 2208 5328 non
2237 5272 2378 5343 quod
2424 5269 2489 5323 ad
2537 5269 2730 5322 anima:
2780 5266 3005 5319 salutem
3058 5261 3319 5333 perﬁcere
3366 5263 3484 5320 haec

1892 5368 2063 5440 possit
2081 5363 2278 5434 aliquid
2308 5396 2322 5421 ,
2366 5358 2462 5413 sed
2501 5360 2688 5414 uthoc
2757 5357 2900 5429 grati
2969 5354 3132 5408 animi
3175 5353 3476 5421 indicium,

1893 5461 2044 5534 quasi
2073 5460 2282 5530 signant
2315 5462 2370 5509 ct
2397 5449 2628 5519 sigillum
2653 5447 3061 5501 circumterrent
3087 5442 3258 5498 Judmi
3282 5484 3298 5509 ,
3327 5453 3384 5499 et
3409 5457 3480 5498 ne

1886 5555 2070 5610 liceret
2094 5551 2175 5606 eis
2200 5538 2540 5603 commisceri
2570 5537 2807 5609 gentium
2832 5534 3232 5605 congressibus.

1941 5738 1956 5769 ⁸
1994 5731 2156 5784 Morel.
2183 5739 2236 5782 et
2255 5728 2397 5780 Savil.
2422 5727 2503 5778 hic
2524 5731 2782 5788 repetunt,
2814 5727 2860 5774 et
2880 5723 3110 5778 odoratus
3133 5730 3205 5777 est
3226 5722 3478 5781 Dominus.

1876 5799 2072 5849 odorem
2093 5793 2393 5861 {i-agrautiw,
2417 5803 2527 5853 qua:
2551 5787 2601 5838 in
2625 5795 2732 5838 MSS.
2756 5787 2954 5838 desunt.
