4054 6312
593 396 699 458 ςιέ

652 504 703 554 3.
735 500 864 552 iliuc
888 495 1072 551 beatus
1102 491 1296 547 Paulus
1324 489 1528 557 signum
1576 486 1675 539 hoc
1704 492 1892 548 vocat,
1915 484 2100 537 dicens
2129 498 2141 533 :

586 589 648 642 Et
668 590 864 658 signum
893 584 1027 639 dedit
1055 577 1461 658 circumcisionis,
1489 575 1707 644 sigillum
1737 573 1910 645 (Rom.
1938 571 1992 625 4.
2013 571 2069 658 li
2102 569 2141 638 ).

584 653 879 747 Naqunod
904 673 970 728 ad
1012 653 1267 742 justitiam
1322 666 1451 720 nihil
1507 662 1789 726 conducat,
1825 674 1952 715 ecce
1979 667 2034 714 et
2058 657 2144 711 hic

581 768 750 833 justus
774 805 793 829 ,
818 761 1046 818 nondum
1096 766 1288 813 statuta
1331 753 1756 816 circumcisione,
1787 751 1853 804 ad
1907 748 2144 803 eamdem

585 856 823 923 pervenit
869 853 1135 905 virtutem.
1188 848 1255 902 Et
1298 844 1422 915 quid
1479 843 1641 897 dico?
1688 842 1805 910 ipse
1854 839 2144 909 patriarcha

586 948 871 1008 Abraham,
898 942 1197 1011 priusquam
1228 923 1688 991 circumcisiouem
1717 931 2011 999 acciperet,
2041 928 2144 981 lide

582 1037 692 1091 sola
714 1033 1030 1101 iustificatus
1067 1037 1168 1082 est.
1203 1025 1332 1079 Nam
1363 1032 1485 1076 ante
1537 1019 1991 1075 circumcisionem
2021 1056 2036 1081 ,
2066 1017 2144 1067 in-

580 1124 713 1192 quit,
745 1121 967 1179 Credidit
996 1118 1247 1172 Abraham
1283 1115 1390 1168 Dea
1419 1155 1432 1176 ,
1468 1123 1513 1165 et
1541 1118 1818 1180 reputatum
1849 1115 1921 1161 est
1962 1106 2040 1159 illi
2077 1105 2144 1157 atl

581 1214 821 1277 iustitiam
848 1210 1018 1280 (Rom.
1050 1209 1103 1262 4.
1136 1208 1215 1276 5).
1246 1204 1384 1273 Quid
1436 1204 1598 1271 igitur
1625 1197 1868 1268 superbis
1895 1237 1910 1263 ,
1938 1194 2141 1260 Juda‘e,

582 1306 634 1357 in
664 1296 1103 1357 circumcisione?
1131 1295 1286 1349 Disce
1314 1302 1436 1346 ante
1465 1291 1600 1343 hanc
1626 1288 1787 1359 fuisse
1807 1289 1980 1355 justos
2002 1284 2141 1337 mul-

578 1400 682 1444 tus.
708 1388 915 1443 Etenim
941 1384 1069 1439 Abel
1085 1383 1183 1437 fide
1203 1382 1523 1436 oblationem
1541 1378 1685 1441 fecit,
1702 1371 2143 1444 quemadmodum

587 1489 642 1531 et
667 1477 861 1531 Paulus
885 1474 1015 1528 dicit
1047 1490 1060 1524 :
1094 1470 1223 1525 Fide
1263 1470 1537 1523 uberiorem
1564 1465 1775 1518 hostiam
1818 1461 1996 1515 obtulit
2023 1460 2145 1513 Abel

594 1567 719 1631 Deo,
743 1582 893 1634 quam
916 1562 1041 1619 Cain
1074 1562 1097 1633 (
1120 1560 1276 1615 Hebr.
1304 1560 1393 1615 il.
1420 1558 1454 1612 4
1480 1555 1536 1627 )z
1564 1565 1618 1609 et
1649 1552 1832 1608 Etoch
1861 1550 2144 1606 translatus

580 1665 757 1722 est,et
793 1654 904 1709 Noe
945 1652 1014 1706 oh
1038 1651 1252 1704 multam
1279 1647 1534 1717 justitiam
1580 1649 1945 1711 tempestatem
1998 1640 2141 1693 illam

581 1744 942 1811 gravissimam
999 1739 1181 1807 eﬂ'ugit
1209 1755 1225 1802 ;
1253 1745 1309 1791 et
1356 1734 1620 1789 Abraham
1678 1739 1800 1784 ante
1843 1724 2025 1788 hanc,
2073 1727 2143 1780 ob

586 1848 733 1885 suam
764 1832 816 1885 in
841 1832 1004 1885 Deum
1050 1828 1206 1883 iidem
1249 1825 1549 1880 celebratus
1588 1822 1708 1877 fuit.
1741 1821 1831 1874 Sic
1877 1820 1945 1873 ab
1994 1817 2144 1871 initio

582 1938 682 1989 per
712 1920 867 1976 iidem
898 1922 1185 1973 humanum
1207 1929 1373 1986 genus
1398 1916 1620 1967 salutem
1654 1919 1995 1979 assequutum
2039 1915 2139 1961 est.

581 2014 722 2067 Sane
756 2017 1038 2080 propterea
1066 2007 1303 2077 permisit
1330 2006 1589 2072 benignus
1615 2002 1866 2055 Dominus
1886 1998 2140 2054 sacrificia

578 2103 676 2154 silli
700 2100 900 2166 olferri,
924 2108 981 2153 ut
1007 2098 1254 2167 quoniam
1279 2104 1465 2150 natura
1494 2102 1673 2146 nostra
1704 2090 2061 2159 imper-lectius
2087 2103 2144 2143 se

578 2187 1028 2252 babebat,_simul
1072 2196 1128 2241 et
1172 2199 1323 2238 suam
1351 2192 1555 2253 gratam
1601 2181 1923 2235 voluntatem
1968 2178 2143 2232 decla-

583 2292 722 2341 rare,
753 2286 810 2333 et
835 2276 1095 2331 idolorum
1132 2274 1488 2344 perniciosum
1521 2270 1723 2325 cultum
1755 2269 1986 2337 eii’ugere
2015 2282 2140 2337 pos-

576 2370 666 2422 sit.
697 2367 830 2423 Nam
852 2368 917 2431 si,
944 2381 1065 2422 cum
1094 2373 1293 2418 tantum
1320 2362 1472 2416 nobis
1501 2361 1773 2414 indulserit
1804 2359 1960 2421 Deus,
1991 2357 2140 2412 multi

575 2467 752 2512 tamen
791 2471 819 2508 a
851 2456 1000 2510 ruina
1043 2454 1142 2509 sibi
1183 2468 1286 2507 non
1316 2461 1611 2507 caverunt:
1650 2449 1695 2502 si
1725 2448 1827 2502 hoc
1859 2463 1963 2500 non
2007 2445 2137 2499 fuis-

572 2557 656 2600 set
680 2547 871 2600 factum
898 2586 915 2611 ,
956 2561 1061 2613 quo
1097 2554 1247 2613 pacto
1283 2541 1402 2612 quis
1426 2540 1675 2595 damnum
1701 2539 1804 2594 hoc
1827 2537 2139 2608 effugisset?

578 2632 643 2687 Et
678 2636 915 2689 odoratus
947 2642 1019 2688 est
1053 2632 1302 2687 Dominus
1330 2615 1466 2685 Deus
1504 2630 1703 2684 odorem
1730 2628 2041 2699 fragrantia.
2070 2627 2140 2680 At

573 2729 679 2779 non
709 2726 778 2779 ita
815 2735 896 2779 est
921 2724 988 2778 tie
1018 2724 1234 2792 ingratis
1256 2721 1454 2777 Judaeis
1480 2736 1495 2773 :
1524 2718 1618 2774 sed
1656 2718 1956 2788 quomodo?
2002 2715 2139 2770 Audi

573 2813 882 2883 prophetam
921 2811 1183 2866 dicentem
1227 2829 1241 2863 :
1284 2808 1583 2878 Thymiama
1625 2807 1679 2859 in
1721 2804 2139 2859 abominationem

569 2902 695 2953 aditi
720 2910 791 2955 est
818 2899 967 2971 (leui.
1002 2900 1052 2952 Ι.
1082 2898 1167 2966 i5)
1201 2913 1216 2951 :
1248 2896 1397 2966 quasi
1426 2893 1670 2951 ostendat
1696 2893 1979 2947 voluntatis
2006 2891 2137 2946 offe-

571 2990 795 3042 rentiutn
818 2987 1086 3041 malitiam.
1117 2984 1570 3052 Quemadmodum
1600 2984 1741 3037 enim
1772 2981 1856 3035 llic
1875 2981 2000 3048 justi
2031 2981 2139 3034 vir-

571 3085 659 3131 tus
694 3077 893 3131 fumum
921 3085 977 3131 et
1018 3076 1257 3129 nidorem
1299 3072 1421 3127 fecit
1443 3071 1661 3127 odorem
1693 3069 1993 3139 fragrantia;
2020 3086 2035 3123 :
2061 3069 2138 3122 sic

570 3166 709 3235 apud
740 3167 859 3221 illos
886 3165 1219 3222 oderentium
1253 3164 1485 3233 nequitia
1514 3162 1651 3217 bene
1679 3162 1828 3215 olens
1853 3160 2136 3229 thymiama

576 3256 631 3309 iu
676 3254 1080 3310 abominabilem
1130 3251 1350 3308 odorem
1399 3250 1679 3306 convertit.
1739 3248 1898 3319 igitur
1946 3249 2137 3316 ubique

566 3344 891 3409 audeamus,
917 3359 1115 3413 quaeso,
1139 3352 1370 3398 mentem
1395 3340 1585 3396 aﬂ‘erre
1610 3341 1989 3410 incorruptam.
2006 3340 2135 3395 lia‘c

565 3434 709 3488 enim
736 3448 891 3489 causa
922 3441 1004 3488 est
1037 3432 1275 3487 omnium
1318 3431 1597 3485 bonorum.
1644 3429 1822 3484 Bonus
1849 3429 1987 3483 enim
2026 3430 2134 3484 Do-

566 3524 742 3579 minus
784 3539 888 3578 non
934 3523 1209 3578 consuevit
1249 3520 1526 3578 attendere
1566 3519 1634 3574 ad
1672 3534 1735 3573 ea
1776 3534 1893 3589 quae
1921 3534 1949 3573 a
1980 3519 2133 3574 nobis

566 3615 716 3678 tium,
733 3612 823 3668 sed
840 3612 905 3667 ad
926 3612 1184 3667 internam
1202 3620 1451 3675 mentem,
1469 3626 1497 3663 a
1514 3623 1634 3679 qua,
1654 3618 1710 3664 ut
1725 3609 1839 3663 haec
1859 3607 2129 3675 faciamus,

565 3704 905 3774 impellimur,
933 3712 987 3759 et
1014 3704 1077 3757 ad
1106 3704 1240 3757 bane
1267 3711 1510 3771 spectans
1540 3700 1622 3754 vel
1651 3700 1907 3769 approbat
1925 3713 1985 3753 ea
2012 3712 2132 3767 quae

564 3810 595 3848 a
624 3794 775 3848 nobis
801 3792 929 3847 fiunt
954 3833 970 3857 ,
1010 3794 1091 3848 vel
1119 3801 1414 3846 aversatur.
1472 3791 1653 3859 itaque
1692 3792 1803 3845 sive
1832 3804 2127 3859 precemur,

562 3885 675 3939 sive
711 3883 1055 3954 jejunemus,
1097 3883 1210 3938 sive
1251 3876 1642 3952 eieemosyuam
1673 3880 1924 3961 faciamus
1966 3880 2131 3949 (ipsae

560 3973 701 4029 enim
750 3980 873 4027 sunt
925 3971 1224 4041 spirituales
1271 3980 1465 4025 nostra:
1514 3970 1784 4038 hostiae),
1831 3970 1944 4022 sive
1989 3965 2129 4022 aliud

562 4064 831 4132 spirituale
856 4061 1119 4133 quoddam
1138 4076 1271 4131 opus
1297 4061 1569 4125 faciamus,
1598 4061 1699 4114 hoc
1718 4059 1972 4114 faciamus
1993 4057 2128 4112 bona

564 4162 742 4208 alente
784 4152 982 4207 incitati
1012 4168 1027 4206 :
1057 4160 1114 4205 ut
1156 4160 1211 4205 et
1260 4150 1533 4205 laboribus
1573 4151 1785 4219 dignam
1837 4147 2129 4203 referamus

561 4255 833 4295 coronam.
857 4240 1012 4295 Esset
1040 4242 1181 4295 enim
1210 4239 1607 4307 perabsurdum,
1630 4240 1861 4293 laborem
1887 4254 1982 4293 nos
2004 4254 2124 4293 sus-

559 4332 753 4398 linere,
786 4339 841 4386 et
877 4331 1121 4386 mercede
1160 4329 1427 4394 fraudari,
1472 4331 1515 4384 si
1544 4332 1753 4399 quidem
1784 4344 1888 4385 non
1934 4344 2125 4385 secun-

559 4422 686 4475 dum
728 4422 873 4489 leges
913 4420 981 4474 ab
1025 4420 1117 4474 illo
1162 4419 1312 4474 nobis
1340 4420 1491 4473 datas
1521 4422 1766 4473 virtutem
1795 4433 2123 4474 exercemus.

562 4509 703 4564 Fieri
741 4519 915 4564 autem
947 4518 1119 4577 potest
1139 4510 1207 4563 ob
1235 4525 1475 4579 magnam
1501 4509 1594 4563 Dei
1624 4510 1999 4579 benignitatem
2025 4550 2041 4576 ,
2071 4519 2127 4563 ut

559 4614 719 4669 opere
765 4600 1000 4655 nondum
1044 4600 1349 4669 completo,
1399 4614 1650 4655 coronam
1693 4603 1810 4669 quis
1837 4603 2063 4671 accipiat
2095 4618 2125 4656 a

557 4692 671 4748 sola
700 4692 785 4761 pia
811 4700 1007 4746 mente.
1055 4690 1117 4743 Et
1144 4696 1201 4744 ut
1227 4689 1327 4744 hoc
1352 4690 1528 4745 discas
1551 4732 1565 4753 ,
1594 4692 1811 4745 adverte
1834 4730 1849 4755 ,
1879 4692 2123 4756 obsecro,

558 4780 660 4835 hoc
701 4781 754 4833 in
794 4780 1149 4849 eleemosyna.
1194 4778 1327 4833 Nam
1370 4780 1413 4833 si
1456 4780 1668 4849 quando
1691 4779 1839 4834 vides
1863 4780 2124 4847 jacentem

558 4872 615 4926 in
635 4870 750 4925 foro
769 4911 785 4935 ,
810 4880 866 4925 et
891 4879 1125 4925 extrema
1156 4871 1330 4939 inopia
1358 4870 1655 4937 detentum,
1680 4881 1733 4926 et
1758 4871 2027 4938 condoles,
2061 4888 2124 4927 ac

557 4970 735 5019 mente
761 4962 813 5017 in
841 4962 1028 5015 caelum
1066 4962 1271 5016 sublata
1312 4962 1507 5031 gratias
1546 4964 1659 5032 agis
1701 4963 1959 5026 Domino,
2011 4970 2123 5017 tum

559 5060 777 5123 propter
800 5066 862 5106 ea
889 5065 1006 5121 quae
1036 5050 1127 5104 tibi
1153 5064 1407 5105 concessa
1438 5059 1595 5115 sunt,
1628 5061 1737 5107 tum
1788 5062 2004 5121 propter
2044 5053 2124 5106 in-

553 5141 672 5211 opis
700 5140 1040 5211 patientiam:
1066 5140 1273 5194 etiamsi
1297 5153 1400 5193 non
1424 5142 1595 5208 possis
1620 5142 1831 5209 explere
1856 5150 1910 5195 et
1934 5141 2122 5196 sedare

555 5231 693 5285 illius
723 5230 936 5294 famem,
964 5242 1182 5300 propter
1208 5229 1405 5284 bonum
1434 5233 1759 5299 propositum
1785 5248 2123 5287 consumma-

556 5329 663 5373 tam
703 5319 927 5387 recipies
969 5318 1287 5373 mercedem.
1343 5319 1412 5373 Et
1452 5335 1516 5374 ea
1554 5320 1621 5375 de
1666 5336 1823 5377 causa
1867 5322 2120 5378 Dominus

553 5424 761 5479 quoque
786 5409 994 5464 dicebat
1029 5425 1042 5462 :
1075 5407 1135 5463 Si
1177 5410 1287 5476 quis
1317 5420 1487 5478 potum
1524 5412 1713 5465 dederit
1741 5414 1946 5467 calicem
1980 5430 2122 5481 aqua:

554 5499 757 5569 frigida
783 5508 975 5553 tantum
998 5499 1052 5552 in
1094 5499 1292 5553 nomine
1324 5500 1593 5571 discipuli,
1633 5519 1777 5555 amen
1812 5503 1923 5556 dico
1960 5504 2116 5567 vobis,

553 5606 659 5651 non
686 5592 854 5656 perdet
884 5586 1159 5641 mercedem
1183 5604 1324 5642 suam
1353 5589 1558 5660 (Matth.
1581 5593 1665 5646 10.
1690 5593 1802 5657 ιε).
1836 5592 1968 5646 Num
1997 5593 2119 5661 quid

561 5682 752 5759 poetth
780 5697 927 5755 aquae
954 5683 1152 5755 frigidae
1182 5684 1431 5741 tenuius?
1467 5684 1572 5743 Sed
1599 5686 1806 5741 animus
1835 5686 1951 5759 pius
1973 5701 2109 5743 mero

1347 390 1405 447 S.
1446 383 1723 444 JOANNiS
1761 376 2226 436 CHRYSOSTOMI
2265 378 2575 435 AilCillEP.
2618 375 3145 437 CONSTANTINOP.

3722 369 3839 426 ευ

2244 490 2429 544 cedem
2462 492 2583 545 inde
2620 491 2719 545 sibi
2758 492 3024 546 conciliat.
3078 489 3189 545 iioc
3216 496 3272 544 et
3309 488 3363 543 in
3389 488 3638 560 opposito
3667 488 3824 544 inve-

2245 583 2466 636 niemus.
2496 582 2682 650 Opera:
2706 583 2932 651 pretium
2957 583 3097 635 enim
3124 574 3205 634 est
3223 619 3240 647 ,
3271 586 3327 633 ut
3355 578 3424 635 de
3450 579 3514 633 iis
3538 580 3829 647 loquamur

2241 673 2447 727 caritati
2493 682 2717 738 vestrae,
2767 686 2875 740 quo
2914 671 3063 725 vobis
3100 671 3214 725 lucc
3243 678 3490 725 accurate
3523 669 3823 723 scientibus

2243 762 2517 830 probitatis
2559 772 2789 815 tutamen
2818 761 3157 830 comparetis.
3186 760 3322 815 Audi
3349 760 3492 816 enim
3522 758 3651 829 quid
3677 759 3827 814 dicat

2238 851 2481 907 Christus
2518 869 2532 907 :
2565 852 2665 917 Qui
2706 853 2906 922 respicit
2952 852 3209 906 mulierem
3255 851 3325 905 ad
3362 851 3823 920 concupiscendum

2238 957 2349 994 eam
2374 981 2388 1000 ,
2427 943 2541 1012 jam
2571 943 2844 996 moechatus
2881 952 2951 995 est
2982 957 3092 995 eam
3129 943 3183 994 in
3219 942 3370 995 corde
3394 957 3487 994 suo
3517 940 3733 1009 (Matth.
3759 940 3813 993 5.

2236 1029 2350 1097 28).
2381 1028 2539 1083 Vides
2565 1039 2621 1085 et
2663 1030 2749 1085 ltie
2783 1032 2975 1085 iterum
3002 1030 3192 1083 malam
3234 1037 3468 1084 mentem
3498 1029 3650 1098 sequi
3679 1043 3817 1083 con-

2238 1118 2629 1173 demnationem
2655 1160 2670 1185 ,
2702 1129 2759 1175 et
2780 1121 2850 1175 ob
2874 1120 3317 1175 inconsideratum
3345 1119 3591 1173 intuitum
3617 1160 3632 1180 ,
3664 1119 3817 1187 quasi

2237 1209 2555 1278 completum
2583 1218 2727 1264 esset
2751 1209 2998 1287 adulterii
3020 1225 3173 1279 opus,
3207 1224 3417 1279 pinnam
3447 1208 3631 1264 inferri
3651 1210 3677 1261 ?
3708 1209 3815 1262 Ita-

2237 1313 2342 1367 que
2369 1314 2489 1353 cum
2531 1300 2646 1353 bmc
2686 1301 2961 1364 sciamus,
3014 1299 3246 1370 undique
3289 1311 3523 1355 mentem
3576 1309 3818 1354 nostratui

2238 1388 2375 1442 bene
2405 1389 2703 1443 muniamus
2725 1430 2739 1454 ,
2775 1396 2832 1443 ut
2868 1403 2964 1457 per
2987 1401 3106 1443 eam
3137 1386 3265 1443 [lant
3296 1397 3513 1457 accepta
3541 1403 3663 1457 quae
3687 1386 3819 1441 faci-

2238 1489 2376 1529 mus.
2426 1476 2556 1530 Nam
2597 1478 2643 1530 si
2691 1476 2891 1530 fumum
2920 1486 2975 1531 et
3010 1476 3249 1532 nidorem
3294 1476 3449 1531 vertit
3494 1478 3546 1529 in
3590 1476 3819 1531 odorem

2238 1563 2556 1633 fragrantia,
2582 1565 2707 1634 quid
2734 1581 2840 1619 non
2867 1582 2897 1619 e
2922 1567 3181 1634 spirituali
3207 1576 3391 1620 nostro
3419 1566 3617 1620 faceret
3642 1568 3815 1621 cultu.

2236 1661 2291 1706 et
2317 1663 2566 1720 quantam
2604 1668 2709 1706 non
2754 1655 2976 1722 gratiam
3023 1655 3228 1709 caelitus
3264 1653 3420 1708 nobis
3465 1657 3821 1723 procuraret?

2237 1740 2302 1794 Et
2318 1742 2556 1795 odoratus
2581 1753 2675 1808 est,
2706 1743 2892 1811 inquit,
2925 1742 3173 1797 Dontinus
3189 1742 3328 1797 Deus
3349 1745 3552 1797 odorem
3576 1746 3821 1813 fragran—

2236 1832 2337 1884 tite.
2387 1830 2570 1885 Vidisti
2605 1847 2723 1901 quas
2749 1832 3132 1899 feceritjustus
3159 1872 3176 1897 ,
3218 1832 3485 1902 quomodo
3508 1873 3523 1896 ,
3554 1842 3818 1902 quantum

2235 1920 2301 1974 ad
2345 1929 2622 1975 externum
2669 1922 3029 1991 spectaculum
3078 1924 3339 1992 pertinet,
3386 1937 3500 1975 rem
3548 1936 3816 1990 parvam;

2234 2017 2489 2078 quantum
2514 2019 2691 2064 autem
2736 2010 2801 2063 ad
2843 2013 3112 2075 animum,
3152 2011 3539 2081 permagnam?
3580 2012 3819 2066 Attende

2238 2107 2414 2153 autem
2438 2098 2689 2168 deinceps
2716 2100 3029 2154 immensam
3054 2101 3334 2164 elementis
3362 2100 3568 2154 Domini
3599 2100 3818 2154 bonita—

2235 2192 2361 2239 tem.
2411 2183 2475 2238 Et
2503 2187 2632 2240 dixit
2661 2185 2905 2241 Dominus
2944 2186 3080 2241 Dens
3106 2191 3162 2241 in
3199 2198 3361 2242 mente
3380 2205 3475 2241 su:
3513 2204 3532 2243 :
3568 2188 3661 2243 21.
3688 2189 3817 2245 Non

2229 2274 2470 2344 adjiciam
2507 2276 2643 2328 ultra
2684 2286 2738 2328 nt
2782 2276 3081 2330 maledicam
3121 2287 3267 2331 terra!
3308 2287 3510 2346 propter
3536 2295 3693 2347 opera
3719 2279 3814 2332 Iso-

2232 2365 2455 2429 minum,
2502 2364 2620 2433 quia
2659 2366 2899 2418 incumbit
2934 2382 3072 2419 mens
3107 2367 3323 2421 hominis
3352 2368 3541 2420 intente
3576 2372 3631 2420 in
3669 2369 3812 2420 mala

2230 2469 2382 2522 opera
2409 2470 2440 2506 α
2463 2455 2739 2525 juventute.
2787 2453 2907 2508 Non
2944 2456 3098 2526 igitur
3135 2456 3405 2527 adjiciam,
3450 2468 3504 2509 ut
3532 2458 3812 2524 percutiam

2230 2558 2425 2596 omnem
2448 2559 2648 2597 carnem
2676 2548 2916 2598 uiuentem
2938 2585 2952 2606 ,
2984 2550 3113 2600 sicut
3141 2547 3277 2615 feci,
3316 2546 3407 2599 22.
3439 2546 3669 2602 omnibus
3691 2547 3807 2601 die-

2229 2634 2321 2685 bus
2345 2641 2506 2687 terrm.

2307 2801 2360 2854 4.
2388 2799 2626 2869 Magnum
2648 2798 3010 2856 beneficentiae
3036 2799 3272 2869 pondus;
3304 2804 3487 2870 lugens
3512 2800 3815 2857 clementia:

2233 2889 2581 2959 magnitudo;
2614 2890 2895 2945 ineli'abilis
2946 2891 3240 2945 tolerantia:
3287 2892 3681 2959 exsuperantia.
3744 2891 3814 2945 Et

2235 2976 2361 3029 dixit
2386 2976 2631 3032 Dominus
2660 2978 2796 3033 Deus
2822 2981 2873 3031 in
2900 2990 3062 3032 mente
3086 2996 3199 3032 sua.
3235 2978 3386 3042 Illud,
3415 2979 3482 3033 In
3511 2989 3671 3033 attente
3689 2996 3812 3046 sua,

2236 3066 2425 3122 iterum
2451 3069 2683 3123 humano
2704 3086 2852 3125 more
2881 3069 3029 3135 dicit,
3059 3081 3115 3125 et
3133 3071 3282 3140 quasi
3310 3080 3549 3125 naturam
3572 3081 3812 3126 nostram

2238 3160 2544 3228 respiciens.
2604 3160 2724 3215 Non
2772 3162 3011 3229 adjiciam
3046 3163 3182 3215 ultra
3222 3172 3277 3215 ut
3325 3163 3619 3216 maledicam
3663 3172 3814 3216 terra:

2236 3260 2438 3317 propter
2470 3266 2624 3319 opera
2652 3250 2931 3305 hominum.
2987 3252 3055 3306 Et
3079 3251 3315 3318 homini,
3352 3252 3443 3322 qui
3471 3253 3673 3321 primus
3698 3252 3815 3307 for-

2228 3346 2406 3391 matus
2431 3350 2514 3393 est
2536 3379 2551 3402 ,
2599 3339 2809 3393 dicttbat
2831 3380 2845 3404 ,
2878 3355 2998 3394 cum
3028 3340 3100 3394 illi
3128 3341 3467 3396 malediceret
3493 3359 3508 3393 :
3540 3341 3733 3410 Spinas
3761 3352 3813 3397 et

2234 3429 2441 3485 tribulos
2486 3432 2782 3501 germinabit
2827 3432 2914 3484 tibi
2946 3430 3163 3503 (Genes.
3194 3434 3247 3487 3.
3285 3432 3372 3487 18.
3408 3442 3455 3487 et
3482 3433 3537 3488 4.
3566 3432 3709 3504 li);
3753 3444 3814 3489 et

2230 3519 2397 3573 (Iaino
2416 3521 2677 3575 similiter.
2707 3521 2839 3588 Quia
2860 3531 3034 3575 autem
3048 3536 3189 3576 nunc
3212 3537 3549 3578 communem
3563 3523 3813 3579 omnium

2232 3608 2500 3663 invexerat
2540 3609 2810 3675 interitum
2836 3650 2852 3677 ,
2902 3622 2958 3665 ιιι
2983 3611 3400 3667 consolationem
3443 3612 3535 3667 det
3570 3613 3717 3682 justo
3753 3626 3812 3669 et

2231 3698 2474 3752 ilduciatu
2503 3700 2551 3754 ei
2576 3699 2771 3765 addat,
2823 3715 2892 3753 ne
2930 3699 3070 3754 forte
3111 3700 3305 3769 cogitet
3351 3700 3489 3768 apud
3534 3714 3630 3765 se,
3675 3701 3814 3769 Qua

2230 3788 2423 3842 utilitas
2448 3787 2585 3842 data:
2614 3788 3047 3842 benedictionis?
3075 3797 3129 3842 et
3153 3788 3294 3859 quod
3322 3789 3548 3855 dixerit,
3587 3788 3813 3845 Crescite

2234 3885 2278 3928 et
2300 3876 2705 3945 multiplicamini
2734 3876 2888 3943 (Gen.
2922 3879 2974 3931 Ι.
3002 3878 3099 3948 28)
3120 3919 3135 3942 ,
3180 3878 3227 3932 si
3256 3879 3444 3934 iterum
3462 3917 3481 3944 ,
3509 3880 3598 3936 ubi
3626 3880 3809 3935 multi-

2230 3964 2403 4031 plicati
2431 3964 2686 4021 fuerimus
2705 4008 2721 4031 ,
2753 3967 3082 4036 pereundum
3109 3969 3178 4023 sit
3208 3968 3405 4024 nobis?
3443 3969 3574 4024 Nam
3596 3971 3727 4026 olim
3750 3982 3810 4027 et

2228 4053 2434 4108 Adamo
2461 4055 2664 4110 dixerat
2693 4074 2707 4110 :
2740 4056 2957 4111 Crescite
2982 4067 3030 4111 et
3054 4058 3457 4127 multiplicamini
3486 4075 3505 4113 :
3534 4068 3593 4114 et
3616 4074 3814 4131 super-

2227 4146 2373 4199 venit
2400 4156 2576 4200 tamen
2619 4146 2895 4201 diluvium.
2950 4147 3020 4203 Ut
3048 4164 3176 4217 ergo
3215 4165 3284 4204 ne
3311 4151 3594 4219 cogitando
3614 4166 3803 4206 secum

2228 4235 2349 4289 talia
2392 4236 2445 4289 in
2495 4244 2749 4305 perpetuo
2790 4250 2987 4306 angore
3019 4246 3200 4303 esset,
3258 4237 3381 4293 vide
3424 4240 3807 4307 benignitatem

2229 4325 2457 4379 Domini.
2482 4324 2605 4379 Non
2635 4326 2875 4395 adjiciam
2893 4368 2907 4393 ,
2936 4326 3141 4396 inquit,
3174 4328 3309 4381 ultra
3336 4330 3634 4384 maledicere
3656 4342 3810 4387 terra

2226 4426 2431 4486 propter
2470 4431 2622 4485 opera
2648 4416 2926 4470 hominum.
2960 4416 3090 4472 Vide
3117 4419 3383 4487 quomodo
3406 4419 3715 4487 declaravit,
3746 4437 3808 4477 se

2227 4518 2445 4579 propter
2493 4508 2680 4562 horum
2731 4509 2982 4562 malitiam
3030 4509 3457 4565 maledictioneut
3509 4520 3667 4566 teme
3718 4515 3806 4568 in-

2225 4599 2452 4652 vexisse.
2483 4596 2681 4651 Deinde
2702 4608 2758 4651 ut
2786 4613 2853 4652 ne
2890 4607 3135 4666 putemus
3162 4600 3331 4668 ipsum
3358 4600 3477 4655 ideo
3506 4601 3643 4657 itane
3673 4588 3806 4672 pro--

2226 4688 2534 4741 missionem
2578 4686 2766 4741 fecisse
2787 4726 2805 4752 ,
2854 4688 2977 4756 quia
3007 4688 3108 4756 ipsi
3145 4688 3255 4757 jam
3288 4690 3338 4743 in
3370 4692 3558 4746 melius
3583 4708 3645 4748 se
3671 4709 3808 4749 con-

2226 4785 2513 4843 verterant,
2536 4777 2706 4845 inquit
2733 4795 2746 4830 :
2776 4776 2907 4841 Quia
2948 4778 3183 4831 incumbit
3210 4794 3347 4832 mens
3367 4779 3586 4835 hominis
3614 4783 3807 4838 intente

2225 4868 2277 4922 in
2298 4871 2430 4923 ntala
2459 4884 2614 4939 opera
2638 4886 2671 4922 a
2686 4869 2964 4939 juventute.
3014 4870 3148 4924 Rara
3193 4869 3531 4941 benignitatis
3571 4876 3799 4943 species.

2228 4962 2378 5026 Quia,
2412 4960 2599 5028 inquit,
2625 4961 2865 5014 incumbit
2891 4978 3027 5017 mens
3058 4964 3275 5017 hominis
3303 4966 3567 5035 diligenter
3586 4969 3641 5021 in
3666 4971 3807 5025 mola

2224 5066 2376 5121 opera
2399 5067 2429 5103 a
2446 5052 2706 5121 juventute
2725 5094 2740 5118 ,
2772 5063 2986 5121 propter
3014 5054 3135 5116 hoc,
3168 5053 3291 5109 Non
3315 5059 3454 5111 ultra
3475 5060 3719 5127 adjiciam
3752 5074 3804 5116 nt

2224 5140 2522 5193 maledicam
2563 5150 2728 5195 terrw.
2761 5142 2869 5212 Ego
2897 5144 3070 5210 enim,
3098 5145 3306 5214 inquit,
3333 5161 3453 5217 qua
3478 5148 3545 5202 ad
3568 5165 3655 5204 me
3680 5167 3807 5221 pet-

2226 5230 2394 5284 tinent
2415 5270 2429 5294 ,
2461 5230 2628 5285 semel
2664 5240 2824 5300 atque
2864 5233 3054 5287 iterum
3082 5235 3297 5290 exhibui
3322 5253 3337 5290 :
3367 5237 3487 5306 quia
3510 5249 3689 5295 autem
3718 5244 3802 5297 vi-

2223 5316 2325 5372 deo
2361 5318 2617 5373 malitiam
2650 5318 2718 5371 ita
2759 5320 3060 5377 increscere
3083 5363 3099 5387 ,
3127 5325 3383 5394 promitto
3407 5342 3493 5382 me
3520 5343 3626 5383 non
3659 5332 3798 5386 ultra
3838 5394 3887 5399 ,μ

2224 5410 2624 5464 maledictorum
2656 5419 2833 5465 terrm.
2866 5411 3063 5467 Deinde
3088 5414 3376 5471 ostendens
3410 5430 3519 5472 sua:
3550 5418 3797 5489 benigni-

2226 5503 2346 5555 tatis
2375 5500 2788 5571 magnitudinem
2813 5544 2828 5568 ,
2863 5505 3133 5573 subiunxit
3159 5524 3172 5560 :
3207 5506 3327 5561 Non
3356 5510 3597 5579 adjiciam
3635 5513 3800 5582 igitur

2225 5590 2361 5643 ultra
2388 5599 2442 5643 ut
2472 5590 2749 5658 percutiam
2772 5608 2969 5647 omnem
2997 5611 3197 5649 carnem
3226 5598 3465 5651 viventem
3486 5638 3501 5663 ,
3526 5598 3655 5652 sicut
3676 5604 3803 5669 feci,

2228 5680 2454 5737 omnibus
2484 5680 2677 5735 diebus.
2732 5681 2860 5738 Vide
2884 5723 2899 5747 ,
2922 5683 3166 5752 obsecro,
3203 5697 3447 5757 quantam
3476 5690 3803 5747 consolatur
