4054 6312
213 434 326 491 1‘3

289 555 368 613 τ’.
406 547 506 601 Διά
541 546 707 602 τοῦτο
739 549 832 603 καὶ
870 549 900 602 6
947 546 1213 618 μακάριος
1260 543 1472 608 Παῦλος
1502 546 1727 615 σημεῖον
1767 541 1900 595 αὐτὸ

212 637 379 689 καλεί
395 633 592 704 λέγων·
616 634 729 689 Kal
742 633 995 705 σημεῖον
1014 632 1199 686 ἔδωκε
1220 629 1562 699 περιτομῆς,
1582 627 1900 699 σφραγῖδα.

215 721 356 777 ὀτι
387 723 497 794 γάρ
530 723 671 792 πρὸς
716 722 815 793 τὴν
862 719 1207 790 δικαιοσύνην
1250 718 1404 772 οὐδὲν
1452 719 1591 787 αὐτὴ
1640 716 1905 783 συντελεῖ,

215 810 345 865 ἰδοὺ
374 810 466 864 καὶ
493 804 649 873 οὗτος
671 812 699 863 6
721 810 926 873 δίκαιος
957 807 1183 879 μηδέπω
1210 808 1309 877 τῆς
1348 807 1653 879 περιτομῆς
1679 808 1907 876 νομοθε-

210 896 490 967 τηθείσης
524 898 663 970 πρὸς
695 894 960 964 τοσαύτην
988 894 1221 965 ἔφθασεν
1256 884 1481 965 ἀρετήν.
1510 895 1619 947 Kal
1647 894 1699 947 τί
1726 894 1905 961 λέγω;

214 983 408 1047 Αὐτὸς
444 984 473 1036 ό
522 984 869 1054 πατριάρχης
910 982 1183 1053 Ἀϐραάμ,
1225 983 1354 1053 πρὶν
1402 983 1433 1051 ἢ
1472 981 1573 1050 τὴν
1604 980 1908 1052 περιτομὴν

220 1072 507 1137 δέξασθαι,
539 1072 647 1126 ἀπὸ
682 1071 783 1142 τῆς
816 1070 1050 1134 πίστεως
1086 1070 1253 1139 μόνης
1298 1067 1612 1139 ἐδικαιώθη.
1655 1069 1770 1138 Πρὸ
1800 1068 1909 1139 γάρ

217 1160 333 1229 τῆς
365 1159 686 1231 περιτομῆς,
727 1159 880 1228 φησὶ,
906 1158 1002 1212 καὶ
1041 1158 1399 1212 Ἐπίστευσα
1435 1155 1505 1208 δὲ
1547 1157 1803 1224 Ἀϐραὰμ
1834 1154 1915 1220 τῷ

222 1246 380 1312 Θεῷ,
413 1246 512 1301 καί
547 1246 835 1314 ἐλογίσθη
868 1242 1031 1309 αὐτῷ
1066 1247 1156 1308 είς
1182 1243 1597 1311 δικαιοσύνην.
1634 1243 1699 1296 Τί
1729 1244 1909 1295 τοίνυν

224 1335 379 1403 μέγα
406 1336 644 1404 φρονεῖς.
676 1328 723 1387 ὦ
773 1332 1014 1392 ’1ουδαίε,
1060 1333 1152 1386 ἐπὶ
1186 1335 1251 1404 τῇ
1290 1334 1594 1404 περιτομῇς
1630 1330 1908 1395 Μάνθανε,

220 1424 313 1476 ὅτι
360 1421 466 1495 πρὸ
520 1421 727 1490 ταύτης
773 1421 958 1476 πολλοὶ
1012 1421 1209 1474 δίκαιοι
1256 1420 1529 1489 γεγόνασι.
1580 1420 1692 1473 Kal
1720 1418 1830 1488 γὰρ
1884 1422 1913 1473 6

226 1509 406 1563 ’Λσελ
435 1512 498 1563 ἐκ
528 1510 761 1573 πίστεως
784 1496 882 1579 τὴν
915 1507 1279 1581 προσαγωγὴν
1313 1508 1629 1579 ἐποιήσατο,
1654 1506 1905 1575 καθάπερ

222 1598 329 1649 καὶ
376 1597 588 1660 Παῦλός
634 1614 801 1666 φησιν
820 1615 835 1629 ο
894 1598 1102 1650 Πίστει
1155 1596 1410 1650 πλείονα
1469 1594 1691 1648 θυσίαν
1742 1594 1910 1645 Ἀσελ

223 1685 400 1751 παρὰ
415 1684 566 1737 Κάτν
597 1683 975 1753 προσήνεγκε
1001 1682 1081 1748 τῷ
1107 1681 1231 1747 Θεῷ
1255 1698 1267 1713 ·
1300 1682 1393 1734 καὶ
1428 1680 1600 1749 Ἑνὼχ
1623 1678 1910 1750 μετετέθη,

224 1771 331 1823 καὶ
355 1773 384 1823 6
410 1770 534 1825 Νῶε
578 1770 723 1824 κατὰ
748 1769 847 1841 τὴν
885 1769 1084 1839 πολλὴν
1134 1769 1483 1837 δικαιοσύνην
1513 1768 1577 1821 16
1623 1766 1914 1820 κλυδώνιον

223 1860 414 1912 ἐκεῖνο
444 1858 504 1912 τὸ
542 1858 780 1928 χαλεπὸν
814 1855 965 1928 [259]
1002 1856 1255 1925 διέφυγε⁹
1306 1857 1398 1909 καὶ
1439 1858 1470 1909 6
1508 1854 1762 1923 Ἀϐραὰμ
1805 1852 1913 1923 πρὸ

222 1944 440 2014 ταύτης
474 1945 584 1997 ἀπὸ
616 1943 717 2013 τῆς
741 1945 819 2007 είς
841 1943 935 1996 τὸν
968 1942 1099 1995 Θεὸν
1130 1940 1366 2004 πίστεως
1398 1939 1769 2011 ἀνεκηρύχθη.
1811 1938 1915 1991 O6-

224 2048 342 2094 τως
367 2031 576 2084 ἀνωθεν
608 2031 705 2084 καὶ
744 2029 804 2094 ἐξ
837 2029 1015 2101 ἀρχῆς
1049 2028 1157 2082 ἀπὸ
1199 2030 1432 2091 πίστεως
1469 2029 1532 2083 16
1564 2026 1916 2099 τῶνάνθρώ-

228 2133 354 2169 πων
389 2116 546 2185 γένος
596 2116 698 2187 τῆς
749 2116 1026 2187 σωτηρίας
1057 2117 1313 2185 ἐπέτυχε.
1357 2116 1456 2169 Διά
1500 2131 1584 2168 τοι
1613 2113 1773 2167 τοῦτο
1820 2114 1916 2166 καὶ

224 2204 333 2267 τάς
360 2202 551 2267 θυσίας
590 2201 971 2273 συνεχώρησεν
998 2204 1027 2254 6
1060 2203 1440 2273 φιλάνθρωπος
1464 2202 1741 2271 Δεσπότης
1764 2199 1915 2270 αὐτῷ

227 2291 628 2363 προσάγεσθαι,
662 2291 747 2344 ἵνα
785 2289 972 2360 ἐπειδὴ
1002 2290 1080 2342 ἔτι
1110 2290 1465 2361 ἀτελέστερον
1492 2290 1722 2343 διέκειτο
1750 2290 1784 2358 ἡ
1815 2288 1916 2358 φύ-

229 2395 319 2443 σις
351 2381 385 2450 ἡ
418 2379 685 2450 ἡμετέρα,
714 2378 851 2448 ὁμοῦ
880 2380 972 2431 καὶ
1003 2378 1102 2448 τὴν
1135 2377 1341 2431 οἰκείαν
1371 2377 1793 2447 εὐγνωμοσύνην
1817 2376 1916 2448 ἔχῃ

228 2464 663 2528 ἐπιδείκνυσθαι,
688 2465 783 2518 καὶ
810 2464 909 2537 τῆς
940 2464 1075 2537 πρὸς
1098 2464 1166 2517 τὰ
1196 2463 1390 2518 είδωὶα
1416 2463 1715 2536 θεραπείας
1737 2464 1912 2535 πάντη

227 2550 471 2625 διαφύγῃ
522 2551 623 2623 τὴν
659 2550 857 2621 λύμην.
898 2551 964 2605 El
1002 2550 1133 2622 γάρ,
1175 2551 1268 2605 καὶ
1305 2550 1575 2621 τοσαύτης
1615 2551 1917 2621 γενομένης

232 2638 720 2708 συγκατασάσεως,
755 2634 907 2707 ὅμως
954 2639 1003 2690 οἱ
1043 2637 1228 2691 πολλοὶ
1270 2638 1331 2692 οὐ
1380 2638 1634 2707 διέφυγον
1684 2638 1776 2691 τόν
1808 2638 1917 2691 δλι·

233 2725 381 2790 σθον,
408 2728 457 2780 εί
499 2727 575 2797 μὴ
616 2724 775 2779 τοῦτο
817 2725 1031 2795 γέγονε,
1065 2727 1184 2789 πῶς
1228 2726 1293 2780 ἄν
1328 2744 1413 2790 τις
1442 2726 1540 2797 τὴν
1587 2726 1798 2780 ἐκεῖθεν
1831 2726 1913 2780 δι-

230 2816 401 2885 έφυγε
434 2814 669 2885 βλάδην;
711 2814 821 2869 Kal
844 2813 1170 2883 ὠσφράνθη
1203 2814 1423 2884 Κύριος
1461 2818 1494 2868 ό
1528 2815 1670 2880 Θεὸς
1714 2814 1917 2885 ὀσμὴν

228 2902 502 2969 εὐωδίας.
545 2902 685 2958 Ἀλλ’
723 2902 822 2956 οὐκ
849 2901 942 2956 ἐπὶ
985 2901 1095 2955 τῶν
1135 2902 1467 2972 ἀγνωμόνων
1517 2902 1787 2955 Ἰουδαίων
1825 2902 1915 2955 οὑ-

230 3008 339 3056 τως
360 3007 378 3023 ·
407 2991 542 3045 ἀλλά
566 2992 650 3056 τίς
684 2992 881 3045 ’Ἄκουε
901 2991 996 3045 τοῦ
1024 2993 1303 3063 προφήτου
1335 2992 1605 3061 λέγοντος,
1643 2993 1917 3061 Θυμίαμα

228 3082 321 3145 εἰς
365 3076 687 3148 βδέλυτμά
735 3097 837 3148 μοι
895 3078 1050 3143 ἐστὶ,
1095 3080 1376 3150 μονονουχὶ
1424 3075 1762 3141 δεικνύοντος
1816 3082 1915 3148 τῆς

228 3166 603 3238 προαιρέσεως
649 3165 758 3220 τῶν
797 3166 1185 3237 προσαγόντων
1216 3168 1316 3235 τὴν
1370 3164 1693 3236 μοχθηρίαν.
1728 3164 1914 3219 Καθά-

229 3267 341 3325 περ
372 3253 481 3322 γάρ
523 3251 759 3305 ἐνταῦθα
869 3253 963 3305 τοῦ
992 3252 1202 3306 δικαίου
1250 3252 1422 3323 ἀρετὴ
1451 3250 1542 3305 τὸν
1586 3251 1790 3304 καπνὸν
1820 3253 1914 3305 καὶ

226 3340 332 3411 τὴν
368 3339 592 3393 κνίσσαν
629 3340 805 3410 ὀσμὴν
842 3338 1068 3402 εὐωδίας
1106 3338 1422 3409 εἰργάσατο,
1448 3335 1622 3401 οὕτως
1658 3338 1745 3389 ἐπ’
1768 3339 1910 3390 ἐκεί-

226 3446 337 3482 νων
364 3430 400 3498 ή
425 3427 534 3483 τῶν
566 3428 952 3499 προσαγόντων
987 3427 1222 3497 πονηρία
1251 3426 1313 3479 τὸ
1345 3425 1596 3496 θυμίαμα
1622 3426 1684 3479 16
1714 3426 1911 3489 εὐῶδες

225 3516 310 3578 είς
350 3512 629 3585 βδέλυγμα
680 3512 1051 3584 όσφρανθῆναι
1101 3524 1129 3554 ι
1174 3512 1578 3584 παρεσκεύασε.
1630 3512 1909 3584 Πανταχοῦ

223 3601 411 3656 τοίνυν
456 3601 868 3672 σπουδάζωμεν,
906 3598 1234 3671 παρακαλῶ,
1263 3600 1490 3672 γνώμην
1534 3600 1664 3670 ὑγιῆ
1709 3600 1913 3654 ἐπιδεί-

226 3688 483 3745 κνυσθαι.
524 3686 675 3760 Αὕτη
712 3689 823 3761 γάρ
852 3688 1003 3741 αίτία
1031 3688 1240 3757 γίνεται
1274 3687 1494 3741 πάντων
1524 3687 1635 3741 τῶν
1669 3686 1910 3755 ἀγαθῶν.

236 3775 302 3828 '0
329 3775 439 3848 γὰρ
469 3774 675 3845 ἀγαθὸς
704 3775 983 3847 Δεσπότης
1017 3776 1077 3828 οὐ
1110 3776 1227 3840 τοῖς
1256 3777 1386 3845 παρ’
1412 3774 1571 3844 ήμῶν
1607 3774 1916 3844 γινομένοις

226 3864 521 3933 προσέχειν
543 3863 735 3917 εἴωθεν
760 3862 835 3927 ὡς
856 3866 924 3934 τῇ
954 3862 1168 3917 ἔνδοθεν
1187 3862 1417 3934 διανοίᾳ,
1439 3862 1534 3930 ἀφ’
1558 3857 1625 3933 ἦς
1655 3862 1915 3933 ὁρμώμε-

226 3968 312 4004 νοι
354 3949 532 4005 ταῦτα
557 3949 1028 4023 διαπραττόμεθα,
1071 3950 1167 4004 καὶ
1201 3948 1341 4020 πρὸς
1388 3950 1605 4020 εκείνην
1637 3949 1849 4020 βλέπων
1879 3952 1912 4021 ἢ

228 4038 519 4110 προσίεται
553 4038 624 4093 τά
654 4040 744 4107 ὑφ’
772 4037 933 4110 ἡμῶν
970 4040 1256 4109 γινόμενα,
1283 4038 1317 4109 ἢ
1343 4039 1773 4111 ἀποστρέφεται.
1796 4041 1912 4094 Κάν

224 4143 289 4181 τε
317 4123 415 4181 οῦν
458 4126 768 4199 εὐχώμεθα,
804 4129 907 4184 κάν
945 4146 1003 4182 τε
1036 4128 1407 4199 νηστεύωμεν,
1454 4128 1555 4182 κάν
1583 4146 1643 4182 τε
1687 4129 1915 4201 ἐλεημο-

229 4213 402 4287 σύνην
437 4213 801 4286 ἐργαζώμεθα
825 4211 1008 4284 (αὑται
1044 4215 1154 4286 γὰρ
1184 4217 1339 4287 ἡμῶν
1368 4218 1505 4272 εἰσιν
1534 4218 1589 4270 al
1618 4234 1916 4286 πνευματι-

227 4304 327 4355 καὶ
363 4301 589 4371 θυσίαι),
617 4303 720 4357 κάν
750 4318 810 4356 τε
849 4302 1036 4373 ἕτερόν
1064 4319 1116 4356 τι
1146 4303 1511 4374 πνευματικὸν
1544 4303 1705 4374 ἔργον
1734 4306 1917 4357 ἐπιτε-

227 4389 435 4461 λῶμεν,
464 4390 576 4443 ἀπὸ
618 4390 846 4461 γνώμης
885 4388 1070 4458 ὑγιοῦς
1103 4389 1413 4461 ὁρμώμενοι
1450 4391 1608 4445 τοῦτο
1650 4392 1914 4460 διαπρατ-

227 4477 475 4548 τώμεθα,
513 4478 598 4530 ’ίνα
629 4478 725 4529 καὶ
760 4477 870 4530 τῶν
907 4477 1168 4548 καμάτων
1197 4477 1345 4542 ἀξιον
1376 4479 1467 4531 τὸν
1513 4478 1776 4545 στέφανον
1824 4494 1917 4529 κοο

233 4563 545 4635 μισώμεθα.
574 4565 686 4617 Καὶ
728 4564 837 4634 γάρ
886 4562 949 4618 ἂν
999 4565 1083 4635 είη
1117 4564 1226 4617 τῶν
1275 4565 1639 4619 ἀτοπωτάτων
1688 4565 1779 4618 τὸν
1817 4566 1915 4634 μὲν

231 4652 396 4705 πόνον
425 4652 575 4722 ἡμᾶς
614 4652 925 4722 ὑπομένειν,
968 4650 1070 4720 τῆς
1100 4652 1156 4706 δέ
1200 4652 1437 4723 ἀμοιϐῆς
1472 4651 1913 4723 ἀποστερεῖσθαι,

230 4738 363 4792 ὅταν
390 4737 467 4810 μὴ
500 4738 645 4791 κατά
678 4738 803 4800 τοὺς
834 4739 925 4792 ὑπ’
959 4738 1123 4793 αὐτοῦ
1153 4739 1405 4803 δοθέντας
1436 4740 1632 4810 νόμους
1659 4742 1758 4810 τὴν
1788 4742 1918 4811 ἀρε-

231 4823 335 4894 τὴν
370 4825 667 4896 μετίωμεν.
703 4824 862 4877 Ἐστι
885 4824 1015 4895 γάρ,
1046 4825 1161 4878 ἐστι
1190 4826 1280 4880 διά
1303 4826 1401 4896 τὴν
1434 4826 1641 4895 ἄφατον
1663 4827 1758 4880 τοῦ
1780 4826 1917 4879 Θεοῦ

236 4910 651 4981 φιλανθρωπίαν
689 4912 872 4965 καὶτὸ
910 4911 1068 4981 ἔργον
1101 4911 1175 4982 μὴ
1210 4911 1647 4974 ἐπιτελέσαντας,
1681 4913 1791 4963 ἀπὸ
1820 4912 1918 4979 τῆς

234 4996 466 5069 γνώμης
498 4998 657 5069 μόνον
694 4999 783 5052 16v
835 5000 1095 5067 στέφανον
1130 4998 1460 5069 κομίσασθαι
1483 5016 1496 5028 ·
1546 4999 1640 5052 καὶ
1688 4998 1775 5050 ἵνα
1811 5000 1915 5067 μά-

234 5085 358 5155 θῃς,
394 5087 589 5139 σκόπει
625 5102 713 5156 μοι
758 5085 917 5139 τοῦτο
953 5087 1046 5138 ἐπὶ
1086 5085 1188 5156 τῆς
1222 5084 1620 5157 ἐλεημοσύνης·
1654 5086 1782 5138 ὅταν
1809 5084 1916 5155 γάρ

236 5173 356 5244 ῑδης
378 5172 470 5227 τδν
497 5173 589 5226 ἐπὶ
621 5174 720 5242 τῆς
753 5172 959 5241 ἀγορᾶς
1005 5171 1337 5242 ἐρριμμένον
1380 5173 1473 5225 καὶ
1510 5172 1715 5245 ἐσχάτῃ
1758 5170 1919 5242 πενίᾳ

237 5254 623 5325 κατεχόμενον,
656 5254 748 5308 καὶ
791 5253 1083 5325 συναλγῇς,
1128 5252 1311 5316 τείνας
1343 5270 1403 5306 τε
1433 5253 1531 5325 τὴν
1570 5254 1807 5309 διάνοιαν
1838 5258 1920 5319 είς

234 5342 329 5396 τὸν
369 5340 599 5411 οὐρανὸν
650 5342 1051 5410 εὐχαριστησης
1095 5338 1171 5409 τῷ
1204 5340 1449 5410 Δεστώτῃ
1492 5341 1585 5392 καὶ
1636 5341 1775 5411 ὑπὲρ
1808 5341 1917 5394 τῶν

237 5429 384 5499 κατά
419 5426 634 5492 σαυτὸν,
664 5428 761 5481 καὶ
783 5427 923 5498 ύπέρ
962 5425 1061 5496 τῆς
1092 5426 1368 5497 ὑπομονῆς
1394 5425 1487 5478 τοῦ
1532 5426 1779 5496 πένητος,
1816 5426 1919 5479 κᾶν

240 5517 320 5587 μὴ
345 5514 530 5568 δύναιο
552 5514 857 5586 ἐπαρκέσαι
886 5516 981 5566 καὶ
1004 5513 1162 5566 λῦσαι
1191 5514 1282 5566 τὸν
1321 5512 1500 5583 λιμὸν,
1529 5514 1635 5565 ἀπὸ
1663 5514 1760 5584 τῆς
1786 5514 1919 5582 γνώ-

244 5617 356 5671 μης
405 5600 816 5671 ἀπηρτισμένον
856 5598 1049 5662 έλαδες
1094 5597 1186 5651 τδν
1231 5599 1445 5669 μισθόν.
1478 5600 1576 5652 Διά
1630 5598 1732 5669 γὰρ
1766 5598 1921 5653 τοῦτο

240 5688 340 5742 καὶ
374 5687 406 5739 6
433 5687 708 5755 Δεσπότης
736 5685 920 5755 ελεγεν
944 5701 957 5715 ’
995 5687 1093 5750 ’Ὁς
1120 5686 1227 5739 ἐὰν
1250 5686 1471 5753 ποτίσῃ
1498 5686 1783 5753 ποτήριον
1808 5689 1923 5753 ψυ-

241 5771 394 5843 χροῦ
421 5774 617 5841 μόνον
654 5775 743 5839 είς
780 5774 969 5841 ὄνομα
1015 5773 1305 5842 μαθητοῦ,
1349 5773 1512 5841 ἀμὴν
1542 5772 1697 5841 λέγω
1755 5773 1917 5840 ὑμῖν,

239 5862 314 5915 οὐ
342 5859 428 5928 μὴ
453 5858 733 5926 ἀπολέσῃ
772 5861 875 5915 τὸν
898 5862 1121 5931 μισθὸν
1148 5860 1350 5915 αὐτοῦ.
1383 5862 1472 5932 Μή
1508 5878 1556 5913 τι
1583 5861 1791 5933 ψυχροῦ
1821 5879 1911 5917 πο-

306 5984 331 6014 .
355 5983 457 6038 “ll
482 5983 697 6047 ὀφθῆναι.

1369 428 1434 484 ΙΝ
1473 428 1628 483 CAP.
1673 427 1780 480 VIII
1810 424 2057 482 GENES.
2091 424 2324 484 ιιοιιιι..
2357 428 2565 486 XXVII.

3596 440 3705 500 ΞΗ

2005 542 2193 629 τηρίου
2233 544 2656 618 εὐτελέστερον;
2704 548 2841 601 Ἀλλ’
2876 550 2911 622 η
2953 548 3147 622 γνώμη
3187 549 3279 605 16v
3331 552 3523 624 μισθὸν
3553 556 3708 629 αὐτῷ

2010 627 2362 714 πρπξένησε.
2403 632 2478 685 T6
2521 633 2654 688 αὐτὸ
2698 636 2795 688 καὶ
2826 636 2922 689 ἐπὶ
2961 636 3057 692 τοῦ
3099 638 3341 692 ἐναντίου
3374 627 3703 714 εὑρήσομεν.

2020 713 2160 767 Ἀλλ’
2190 716 2491 785 ἀναγκαῖον
2537 717 2669 787 γοῦν
2714 720 2891 775 ταῦτα
2946 725 3117 776 κινεῖν
3148 724 3242 779 ἐπὶ
3291 726 3394 796 τῆς
3435 726 3706 799 ὑμετέρας

2006 800 2251 873 ἀγάπης,
2288 804 2377 859 τνα
2419 804 2626 860 τούτων
2661 807 2761 878 τὴν
2804 809 3095 880 ἀκρίδειαν
3129 810 3331 876 εἰδότες
3363 812 3566 885 πολλὴν
3608 817 3709 887 τῆς

2009 888 2431 963 εὐγνωμοσύνης
2482 893 2714 965 ποιῆσθε
2765 895 2865 969 τὴν
2914 898 3239 968 ἀσφάλειαν.
3280 903 3479 957 Ἄκουε
3518 904 3628 975 γὰρ
3654 905 3707 959 τί

2009 993 2173 1047 φησιν
2204 978 2233 1031 6
2261 979 2498 1044 Χριστός
2522 998 2533 1011 ·
2580 981 2635 1034 Ὁ
2666 982 2978 1053 ἐμϐλέψας
3011 986 3271 1056 γυναῖκα
3303 989 3457 1056 πρὸς
3488 989 3555 1044 τὸ
3576 990 3709 1045 ἐπι-

2008 1064 2277 1134 θυμῆσαι
2303 1065 2516 1135 αὐτῆς,
2547 1066 2665 1136 ἤδη
2720 1069 3083 1140 ἐμοίχευσεν
3107 1073 3305 1141 αὐτὴν
3337 1075 3408 1129 ἐν
3450 1076 3525 1145 τῇ
3564 1094 3710 1146 καρι-

2008 1151 2109 1218 δίᾳ
2137 1153 2348 1209 αὑτοῦ.
2393 1154 2555 1225 Ὁρᾷς
2580 1148 2675 1209 καὶ
2708 1156 2943 1212 ἐνταῦθα
2973 1159 3136 1214 πάλιν
3166 1161 3276 1215 ἀπὸ
3297 1162 3398 1233 τῆς
3420 1164 3709 1235 μοχθηρᾶς

2010 1239 2237 1311 γνώμης
2263 1243 2358 1295 καὶ
2378 1242 2477 1313 τὴν
2501 1244 2825 1316 κατάκρισιν
2844 1247 3142 1319 ἑπομένην,
3168 1251 3263 1303 καὶ
3281 1248 3369 1304 διὰ
3390 1250 3495 1322 τὴν
3510 1252 3705 1322 ἀπερί-

2014 1343 2246 1381 σκεπτον
2260 1328 2405 1397 ὄψιν,
2432 1330 2582 1401 [2601
2604 1330 2680 1395 ὼς
2703 1334 2784 1395 είς
2806 1330 2966 1404 ἔργον
2980 1337 3080 1405 τῆς
3107 1336 3356 1406 μοιχείας
3380 1337 3707 1409 ἐξελθούσης

2010 1414 2181 1485 αὐτῷ,
2199 1415 2297 1486 τὴν
2324 1416 2547 1471 κόλασιν
2574 1420 2995 1491 ἐπηρτημένην;
3025 1422 3211 1476 Ταῦτα
3250 1425 3431 1478 τοίνυν
3457 1425 3705 1479 ἐννοοῦν-

2011 1518 2123 1565 τες,
2145 1505 2421 1574 πανταχοῦ
2436 1505 2541 1576 τὴν
2558 1504 2784 1577 γνώμην
2804 1507 2965 1578 ἡμῶν
2980 1509 3433 1580 ἀσφαλισώμεθα,
3454 1513 3540 1566 ἵνα
3564 1513 3706 1585 αὐτη

1962 1658 1971 1663 _
2013 1588 2082 1641 τά
2113 1590 2244 1659 παρ’
2274 1590 2433 1661 ημῶν
2472 1592 2732 1661 γινόμενα
2766 1596 3164 1667 παρασκευάσῃ
3214 1597 3587 1667 εὐπρόσδεκτα
3617 1599 3707 1667 γί-

2013 1674 2222 1729 νεσθαι.
2256 1678 2319 1729 EE
2347 1676 2458 1748 γὰρ
2484 1678 2577 1732 16v
2606 1680 2812 1733 καπνὸν
2840 1683 2935 1735 καὶ
2964 1680 3062 1752 τὴν
3106 1683 3336 1737 κνίσσαν
3361 1684 3541 1755 ὀσμὴν
3574 1685 3709 1738 εὐω-

2012 1761 2130 1825 δίας
2158 1764 2405 1833 ἐποίησε,
2432 1766 2484 1818 τί
2500 1767 2598 1820 οὐκ
2622 1767 2687 1819 ἂν
2704 1763 3007 1839 ἐργάσηται
3029 1769 3129 1833 τάς
3151 1771 3525 1841 πνευματικὰς
3548 1771 3709 1844 ἡμῶν

2015 1848 2220 1912 ταύτας
2248 1850 2525 1921 λατρείας,
2551 1854 2644 1906 καὶ
2667 1855 2842 1924 πόσης
2871 1856 3016 1925 ἡμᾶς
3043 1856 3105 1909 οὐ
3145 1856 3541 1930 παρασκευάσῃ
3571 1859 3708 1914 ἀπο-

2014 1935 2210 1991 λαῦσαι
2234 1938 2334 2007 τῆς
2369 1938 2575 1992 ἀνωθεν
2607 1940 2855 2007 εὐνοίας;
2884 1941 2994 1996 Kal
3021 1942 3373 2012 ὠσςεράνθη,
3411 1947 3565 2016 φησὶ,
3594 1946 3707 2000 Κύ-

2008 2040 2142 2089 ριος
2172 2026 2206 2077 ό
2236 2023 2381 2089 Θεὸς
2402 2025 2606 2095 ὀσμὴν
2626 2026 2897 2093 εὐωδίας.
2928 2027 3083 2093 Εἶδες
3101 2030 3169 2084 τά
3204 2030 3354 2101 παρά
3375 2031 3470 2085 τοῦ
3495 2032 3707 2087 δικαίου

2014 2112 2375 2182 γεγενημένα,
2403 2113 2538 2180 πῶς,
2566 2114 2691 2167 ὅσον
2709 2114 2809 2185 μὲν
2840 2116 2976 2187 πρὸς
2996 2116 3097 2188 τὴν
3114 2116 3238 2187 δψιν
3256 2118 3365 2172 τῶν
3379 2120 3707 2188 γεγονότων,

2017 2197 2207 2268 εὐτελῆ
2236 2199 2514 2269 τυγχάνει,
2561 2201 2669 2254 ἀπὸ
2698 2202 2755 2255 δὲ
2782 2202 2884 2273 τῆς
2916 2204 3105 2271 ὑγιοῦς
3144 2205 3309 2259 αὐτοῦ
3348 2206 3577 2279 γνώμης
3610 2208 3709 2262 καὶ

2015 2283 2159 2336 πάνυ
2196 2284 2414 2353 μεγάλα
2445 2286 2720 2340 δείκνυται
2745 2305 2759 2353 ;
2789 2289 2989 2341 Σκόπει
3037 2307 3128 2361 μοι
3156 2290 3343 2346 λοιπὸν
3385 2291 3480 2346 τοῦ
3520 2292 3707 2361 φιλαν-

2014 2368 2235 2440 θρώπου
2294 2373 2571 2427 Δεσπότου
2606 2373 2707 2445 τὴν
2756 2375 2983 2447 ἄπειρον
3028 2376 3365 2447 ἀγαθότητα.
3418 2378 3528 2433 Kal
3574 2376 3707 2435 εἶπε

2014 2456 2231 2523 Κύριος
2285 2460 2319 2511 ό
2355 2458 2503 2524 Θεὸς
2540 2460 2910 2527 διανοηθείςο
2959 2464 3045 2517 Οὐ
3096 2465 3429 2532 προσθήσω
3455 2467 3541 2521 ἔτι
3599 2467 3708 2522 τοῦ

2016 2543 2472 2611 καταράσασθαι
2510 2546 2626 2614 τὴν
2646 2546 2767 2617 γῆν
2797 2547 2896 2601 διὰ
2923 2549 2996 2603 τὰ
3032 2548 3179 2619 ἔργα
3206 2550 3323 2605 τῶν
3354 2552 3705 2622 ἀνθρώπων,

2014 2628 2105 2683 ὅτι
2138 2630 2399 2699 ἔγκειται
2425 2634 2463 2699 ἡ
2498 2632 2735 2687 διάνοια
2770 2634 2880 2689 τοῦ
2915 2634 3236 2704 ἀνθρώπου
3266 2637 3564 2707 ἐπιμελῶς
3604 2640 3710 2696 ἐπὶ

2013 2718 2087 2771 τὰ
2115 2719 2351 2788 πονηρὰ
2376 2720 2445 2774 ἐκ
2477 2722 2783 2789 νεότητος.
2829 2724 2912 2777 Οὐ
2946 2724 3278 2792 προσθήσω
3300 2722 3417 2781 οὖν
3445 2728 3710 2793 πατάξαι

2014 2802 2223 2859 πᾶσαν
2266 2806 2466 2875 σάρκα
2511 2806 2704 2867 ζῶσαν
2772 2810 2965 2877 καθὼς
3014 2811 3296 2881 ἐποίησα,
3355 2814 3445 2868 ἐτι
3499 2814 3710 2885 πάσας

2014 2888 2121 2956 τὰς
2145 2890 2371 2960 ἡμέρας
2400 2892 2511 2962 τῆς
2542 2892 2677 2963 γῆς.

2083 2979 2144 3030 δ’.
2180 2979 2355 3044 Πολὺς
2394 2979 2496 3051 τῆς
2527 2982 2852 3053 εὐεργεσίας
2879 2986 2908 3037 6
2938 2984 3131 3052 ὄγκος,
3160 2987 3255 3039 καὶ
3292 2986 3427 3042 πολὺ
3456 2988 3559 3059 τῆς
3584 2990 3712 3058 φιλ-

2012 3065 2332 3136 ανθρωπίας
2377 3066 2440 3119 16
2474 3066 2726 3137 μέγεθος,
2775 3069 2872 3122 καὶ
2905 3069 3112 3139 ἀφατος
3139 3072 3241 3142 τῆς
3268 3072 3626 3139 ἀνεξικακίας
3668 3078 3705 3148 ἠ

2012 3150 2308 3222 ὑπερϐολή.
2347 3152 2459 3205 Kal
2507 3148 2641 3207 εἷπε
2676 3155 2893 3222 Κύριος
2943 3158 2978 3211 ό
3024 3159 3169 3225 Θεὸς
3202 3157 3565 3230 διανοηθείς.
3608 3163 3707 3232 T6,

2012 3238 2379 3306 Διανοηθείς,
2419 3239 2583 3293 πάλιν
2616 3239 2997 3314 ἀνθρωπίνως,
3029 3245 3125 3298 καὶ⁵
3153 3245 3229 3309 ὡς
3272 3248 3411 3319 πρὸς
3435 3250 3535 3321 τὴν
3565 3251 3707 3321 ἡμε-

2010 3326 2178 3397 τέραν
2202 3326 2387 3396 φύσιν.
2411 3330 2495 3382 Οὐ
2521 3329 2853 3398 προσθήσω
2872 3331 2959 3384 ἔτι
2981 3331 3088 3387 τοῦ
3112 3334 3570 3403 καταράσασθαι
3591 3337 3712 3408 τὴν

2011 3410 2130 3481 γῆν
2150 3412 2247 3466 διὰ
2272 3412 2507 3483 τὰὲργα
2532 3412 2650 3469 τῶν
2673 3416 3023 3484 ἀνθρώπων.
3048 3419 3159 3472 Kal
3186 3422 3295 3492 γάρ
3317 3422 3412 3476 ἐπὶ
3432 3414 3527 3477 τοῦ
3553 3442 3711 3497 πρω·

2009 3500 2312 3554 τοπλάστου
2334 3502 2695 3572 ,κατηράσατο
2724 3504 2916 3569 εἰπὼν,
2957 3504 3244 3575 Ἀκάνθας
3269 3508 3368 3562 καί
3393 3512 3708 3581 τριϐόλους

2011 3587 2315 3641 arande?-
2352 3589 2447 3643 καὶ
2492 3590 2586 3643 ἐπὶ
2621 3589 2717 3643 τοῦ
2771 3592 2909 3645 Κάϊν
2951 3592 3115 3647 πάλιν
3160 3597 3382 3667 ὁμοίως.
3428 3599 3581 3653 Ἐπεὶ
3611 3595 3709 3655 οὖν

2013 3676 2108 3727 καὶ
2138 3673 2233 3728 νῦν
2261 3674 2361 3747 τὴν
2394 3675 2666 3749 τοσαύτην
2712 3676 3095 3750 πανωλεθρίαν
3128 3682 3435 3754 ἐπήγαγεν,
3481 3686 3567 3741 ἵνα
3596 3704 3705 3742 πα-

2014 3754 2404 3833 ραμυθήσηται
2448 3763 2542 3817 16v
2585 3763 2814 3829 δίκαιον,
2868 3764 2964 3820 καὶ
3003 3766 3227 3840 θαρρεῖν
3279 3778 3706 3850 παρασκευάσῃ,

2013 3852 2109 3904 καὶ
2145 3851 2221 3923 μὴ
2264 3850 2433 3925 μέλλῃ
2461 3851 2774 3921 λογίζεσθαι
2814 3854 2936 3908 καθ’
2962 3856 3176 3922 ἑαυτὸν,
3205 3858 3261 3912 τί
3287 3859 3350 3913 16
3386 3861 3579 3933 κέρδος
3602 3863 3708 3934 τῆς

2011 3940 2390 4011 γεγενημένης
2417 3942 2697 4010 εὐλογίας;
2732 3943 2827 3996 καὶ
2866 3942 2960 3996 τοῦ
2994 3946 3562 4012 είπεϊν,Αὐξάνεσθε
3601 3955 3703 4007 καί

2012 4030 2419 4095 πληθύνεσθε,
2450 4032 2498 4083 εί
2533 4030 2822 4102 μέλλοιμεν
2852 4031 3013 4087 πάλιν
3044 4035 3125 4096 είς
3150 4034 3354 4105 πλῆθος
3377 4038 3707 4106 ἐπιδιδόντες

2012 4114 2384 4184 ἀπόλλυσθαι;
2433 4117 2547 4170 Kal
2585 4118 2696 4189 γὰρ
2725 4119 2820 4172 καὶ
2852 4119 2954 4191 ἤδη
3006 4115 3162 4175 εἶπεν
3216 4122 3311 4176 ἐπὶ
3357 4123 3452 4178 τοῦ
3506 4127 3703 4198 Ἀδὰμ,

2004 4201 2354 4265 Αὺξάνεσθε
2409 4204 2509 4257 καί
2550 4206 2961 4271 πληθύνεσθε,
3011 4206 3106 4260 καὶ
3141 4209 3391 4279 ἐπήγαγε
3424 4214 3706 4268 κατακλυο

2015 4289 2171 4359 σμόν.
2208 4290 2326 4343 Ἵνα
2359 4286 2453 4343 οὐν
2485 4290 2562 4361 μὴ
2607 4289 2782 4344 ταῦτα
2828 4290 3179 4363 λογιζόμενος
3220 4297 3315 4349 καὶ
3360 4300 3611 4369 στρέφων
3642 4302 3707 4359 ἐν

2011 4380 2077 4448 τῇ
2104 4377 2311 4447 διανοίᾳ
2339 4376 2600 4448 διηνεκῶς
2625 4377 2727 4445 τὴν
2751 4378 2990 4446 ἀγωνίαν
3012 4380 3131 4453 ἔχῃ,
3162 4382 3264 4451 δρα
3292 4383 3707 4457 φιλανθρωπίαν

2012 4466 2306 4519 Δεσπότου.
2358 4467 2440 4519 οὐ
2475 4463 2822 4532 προσθήσω,
2871 4467 3056 4537 φησὶν,
3102 4465 3192 4523 ἔτι
3246 4472 3705 4539 καταράσασθαι

2012 4551 2129 4619 τὴν
2156 4551 2275 4621 γῆν
2308 4552 2405 4606 διὰ
2425 4553 2499 4607 τὰ
2528 4554 2671 4622 ἔργα
2713 4554 2834 4606 τῶν
2872 4554 3223 4623 ἀνθρώπων.
3254 4557 3399 4629 Ὅρα
3448 4562 3567 4625 πῶς
3605 4564 3709 4616 επ-

2013 4639 2348 4707 εσημήνατο,
2384 4638 2469 4690 ὅτι
2502 4636 2589 4689 διά
2623 4637 2721 4707 την
2752 4637 2957 4692 τούτων
2983 4640 3289 4712 μοχθηρίαν
3316 4644 3414 4713 τὴν
3454 4646 3707 4719 κατάραν

2014 4725 2264 4795 ἐπήγαγε
2289 4726 2353 4794 τῇ
2388 4725 2481 4794 γῇ.
2515 4720 2649 4777 Εἶτα
2677 4724 2767 4776 ἴνα
2805 4725 2881 4795 μὴ
2915 4725 3250 4799 νομίσωμεν,
3284 4728 3365 4783 δτι
3392 4732 3582 4805 ἐπειδὴ
3608 4736 3705 4789 ἐπὶ

2013 4809 2074 4863 16
2105 4808 2314 4881 βέλτιον
2346 4809 2725 4880 μετεϐάλοντο,
2756 4810 2843 4863 διά
2877 4812 3036 4865 τοῦτο
3070 4813 3235 4878 αὐτὸς
3263 4815 3469 4886 ταύτην
3512 4821 3705 4893 ἐποιή-

2016 4914 2148 4951 σατο
2183 4897 2280 4968 τὴν
2311 4896 2629 4967 ὑπόσχεσιν,
2678 4897 2873 4968 φησίν·
2910 4898 3032 4951 Ὅτι
3076 4898 3336 4968 ἔγκειται
3378 4903 3419 4968 ἠ
3468 4904 3706 4962 διάνοια

2016 4982 2121 5036 τοῦ
2145 4982 2461 5050 ἀνθρώπου
2484 4981 2782 5052 ἐπιμελῶς
2805 4983 2904 5037 ἐπί
2933 4984 3005 5037 τὰ
3026 4987 3265 5054 πονηρὰ
3300 4988 3371 5041 ἐκ
3392 4990 3702 5061 νεότητος.

2012 5069 2177 5123 Ξένον
2210 5068 2624 5139 φιλανθρωπίας
2651 5064 2812 5132 εἶδος.
2860 5069 3104 5139 Ἐπειδὴ
3131 5072 3410 5140 ἔγκειται,
3448 5078 3635 5147 φησὶν,
3660 5080 3700 5147 ἡ

2013 5155 2247 5211 διάνοια
2276 5156 2382 5211 τοῦ
2412 5156 2727 5225 ἀνθρώπου
2775 5156 3073 5225 ἐπιμελῶς
3107 5158 3209 5212 ἐπὶ
3260 5160 3337 5214 τὰ
3366 5164 3602 5232 πονηρὰ
3630 5166 3704 5222 ἐκ

2016 5246 2323 5310 νεότητος,
2352 5242 2442 5297 διὰ
2470 5242 2647 5307 τοῦτο,
2679 5242 2893 5297 Οὐκέτι
2922 5245 3254 5312 προσθήσω
3290 5247 3400 5301 τοῦ
3448 5252 3699 5320 καταρά-

2015 5336 2238 5385 σασθαι
2267 5334 2383 5400 τὴν
2417 5330 2553 5401 γῆν.
2603 5330 2744 5398 Ἐγὼ
2786 5332 2885 5401 μὲν
2916 5330 3046 5403 γάρ,
3092 5334 3247 5404 φησὶ,
3278 5334 3347 5389 τά
3376 5338 3509 5409 παρ’
3528 5339 3705 5408 ἐμαυ-

2014 5418 2109 5471 τοῦ
2138 5419 2233 5471 καὶ
2260 5418 2407 5485 ama
2442 5418 2535 5470 καὶ
2567 5416 2822 5488 δεύτερον
2865 5418 3265 5491 ἐπεδειξάμην·
3298 5423 3487 5495 ἐπειδὴ
3512 5424 3568 5478 δέ
3589 5422 3703 5496 όρῶ

2014 5506 2114 5576 τὴν
2154 5504 2350 5557 κακίαν
2401 5502 2799 5573 αὐξανομένην,
2834 5504 3242 5575 ἐπαγγέλλομαι
3292 5508 3491 5577 μηκέτι
3532 5526 3704 5563 κατα.

2018 5590 2286 5662 ράσασθαι
2314 5589 2413 5660 τὴν
2451 5589 2575 5659 γῆν.
2629 5586 2759 5642 Εἶτα
2807 5590 3024 5655 δεικνὺς
3052 5592 3218 5645 αὐτοῦ
3252 5593 3350 5663 τῆς
3388 5594 3701 5667 φιλανθρω-

2015 5679 2147 5742 πίας
2188 5681 2251 5731 16
2282 5678 2533 5747 μέγεθος,
2593 5678 2874 5749 ἐπήγαγεν
2901 5695 2914 5709 ·
2954 5681 3039 5732 Οὐ
3070 5678 3402 5749 προσθήσω
3444 5677 3561 5737 οὖν
3612 5684 3704 5739 ἔτι

2016 5766 2273 5830 πατάξαι
2298 5763 2503 5819 πᾶσαν
2521 5764 2718 5832 σάρκα
2742 5763 2957 5829 ζῶσαν,
2978 5765 3171 5832 καθὼς
3190 5766 3471 5836 ἐποίησα,
3496 5768 3703 5837 πάσας

2024 5855 2128 5919 τὰς
2153 5853 2396 5922 ἡμέρας.
2426 5853 2567 5923 Ὅρα
2602 5870 2691 5922 μοι
2729 5854 2846 5915 πῶς
2875 5854 2963 5907 διὰ
2994 5854 3212 5908 πάντων
3246 5855 3512 5925 μεγίστην
3545 5859 3701 5927 χαρί-

2026 5940 2168 6001 ἵεται
2200 5940 2275 6009 τῷ
2311 5940 2502 6008 δικαίῳ
2544 5938 2637 6008 τὴν
2675 5939 3053 6009 παραμυθία-ι’
3088 5939 3287 6009 μᾶλλον
3315 5940 3370 5994 δὲ
3411 5941 3468 5995 οὐ
3504 5940 3582 6010 τῷ
3615 5944 3700 5997 διν
