4054 6312
241 453 359 509 εδδ

240 581 372 621 Item
399 567 554 622 aliert
578 566 729 637 justo
753 582 770 620 :
797 565 910 622 imo
927 577 1036 618 non
1059 561 1206 633 justo
1231 569 1439 618 tantum
1459 601 1476 626 ,
1504 559 1598 614 sed
1637 571 1693 614 et
1723 573 1846 628 pro-

239 667 547 726 pulsum
575 657 869 712 bonitatem
894 653 1059 711 etiam
1085 654 1340 708 universo
1364 651 1638 705 hominum
1661 649 1846 719 generi

237 757 372 818 post
394 748 544 802 illum
572 747 774 802 futuro.
798 744 927 800 Nam
944 744 1084 816 quod
1105 743 1254 808 dicit,
1288 740 1410 796 Non
1430 741 1673 812 adjiciam
1691 739 1850 808 igitur

236 847 297 891 ut
320 838 610 907 percutiant
634 851 834 889 omnem
866 849 1070 890 carnem
1109 837 1384 897 viventem,
1413 841 1469 887 ct
1496 830 1636 901 quod
1669 830 1839 892 addit,

237 930 393 985 Sicut
422 929 543 1002 feci,
579 927 704 983 item
736 927 887 994 illud,
925 926 1172 982 Omnibus
1194 925 1391 991 diebus,
1424 923 1662 978 declarat
1688 921 1846 975 nobis

235 1032 352 1075 non
381 1020 517 1075 ultra
544 1019 652 1074 tale
669 1018 924 1074 diluvium
951 1025 1236 1072 venturum
1259 1029 1403 1080 esse,
1437 1028 1614 1083 neque
1639 1020 1842 1064 tantum

235 1109 536 1180 perniciem
555 1124 808 1180 umquam
822 1117 992 1164 totum
1007 1106 1192 1161 orbem
1213 1106 1515 1159 invasuram
1529 1117 1651 1157 esse
1691 1101 1842 1156 Dein.

233 1199 483 1255 deetiatn
499 1198 698 1254 indicat
713 1197 1073 1254 beneficentiae
1085 1211 1196 1250 sua:
1213 1196 1617 1268 perpetuitatem
1636 1211 1650 1247 :
1669 1193 1840 1248 Omni-

231 1291 352 1356 bus,
370 1292 560 1363 inquit,
578 1292 774 1357 diebus,
805 1291 906 1346 hoc
922 1299 1006 1346 est
1023 1308 1036 1342 :
1062 1289 1116 1343 In
1137 1304 1296 1344 omne
1312 1289 1566 1344 smculum
1583 1288 1841 1358 promitto

231 1398 326 1438 nte
357 1398 465 1438 non
495 1382 836 1438 inducturum
865 1381 1169 1452 huiusmodi
1200 1379 1638 1451 indignationem,
1659 1394 1837 1449 neque

230 1473 500 1529 iacturum
547 1483 747 1528 tantam
793 1473 1163 1529 confusiOncm
1211 1487 1309 1526 nec
1355 1472 1410 1526 in
1459 1480 1834 1540 tempestatum

229 1563 468 1629 ratione,
502 1578 603 1618 nec
629 1565 683 1618 in
724 1564 1110 1618 elementormn
1155 1565 1284 1616 situ.
1325 1561 1450 1618 Ideo
1488 1561 1701 1617 subdit:
1730 1562 1835 1616 Se.

226 1654 417 1708 utentis
460 1665 509 1710 et
555 1655 753 1722 messis,
783 1655 948 1727 frigus
993 1664 1043 1708 et
1065 1665 1256 1720 testas,
1285 1663 1437 1708 testas
1474 1663 1522 1707 et
1550 1669 1635 1707 ver
1662 1653 1744 1707 die
1772 1669 1832 1707 ac

225 1755 380 1799 nocte
404 1761 508 1800 non
535 1744 866 1815 "quiescent.
899 1743 1214 1811 Immobilis,
1244 1744 1435 1814 inquit,
1465 1748 1568 1799 erit
1595 1742 1711 1798 hac
1735 1761 1830 1798 or-

221 1837 440 1892 dinatio
487 1855 501 1893 :
549 1847 690 1894 terra
735 1853 1028 1910 numquam
1068 1837 1281 1892 desinet
1318 1837 1664 1908 suppeditare
1707 1851 1830 1906 quae

222 1926 510 1983 inuoluunt
534 1929 721 1999 generi
749 1929 1075 1993 necessaria,
1099 1943 1278 1996 neque
1310 1927 1544 1986 cessabit
1582 1927 1830 1996 proferre

221 2018 474 2075 laborum
515 2028 572 2076 et
612 2020 953 2091 agricultura:
983 2020 1224 2090 prsentia,
1255 2034 1429 2085 neque
1470 2019 1598 2072 anui
1645 2028 1830 2088 partes

218 2109 348 2164 aliis
393 2111 838 2165 conversionibus
883 2110 1278 2164 mutabuntur:
1322 2109 1418 2165 sed
1460 2117 1517 2164 et
1567 2108 1733 2180 frigus
1773 2118 1827 2164 et

218 2200 396 2266 calor,
427 2210 484 2256 et
525 2210 687 2256 cstas
726 2209 784 2256 et
829 2215 925 2256 ver
975 2201 1028 2254 in
1076 2215 1398 2269 unoquoque
1447 2201 1573 2254 anni
1622 2198 1825 2255 circulo

219 2300 404 2346 erunt.
432 2291 566 2347 Nam
610 2294 734 2363 quia
781 2307 877 2363 per
925 2293 1116 2347 diluvii
1164 2303 1373 2360 tempus
1426 2291 1526 2346 iuit
1577 2290 1824 2346 confusio

215 2384 468 2454 quaedam
512 2385 678 2440 totius
721 2386 876 2440 istius
906 2386 1133 2450 ordinis,
1161 2394 1218 2439 et
1250 2385 1430 2453 justus
1469 2384 1559 2438 ille
1596 2384 1649 2438 in
1697 2397 1820 2438 arca

214 2489 267 2528 et
283 2483 340 2530 at
360 2483 474 2530 toto
501 2475 598 2530 illo
619 2485 862 2546 tempore
881 2476 1032 2546 quasi
1059 2478 1310 2530 continua
1339 2484 1514 2540 nocte,
1536 2474 1659 2530 ideo
1680 2490 1821 2529 nunc

215 2565 394 2636 inquit
421 2585 436 2621 :
466 2566 652 2638 Neque
681 2583 810 2634 nos,
829 2583 1007 2638 neque
1035 2567 1153 2623 dies
1182 2583 1339 2621 suum
1369 2569 1673 2637 relinquent
1697 2583 1819 2622 cur-

213 2670 364 2723 sum,
383 2656 479 2712 sed
509 2672 679 2727 usque
698 2657 762 2712 ad
789 2658 972 2713 saeculi
994 2658 1511 2712 consummationem
1537 2658 1817 2712 immotum

214 2744 437 2801 illorum
468 2747 804 2816 permanebit
828 2748 1210 2803 ministerium.
1234 2747 1422 2803 Vidisti
1443 2747 1658 2818 dignam
1689 2763 1820 2803 con-

213 2837 562 2905 solationem,
593 2853 713 2909 qute
753 2839 926 2909 potuit
946 2838 1076 2910 justi
1102 2840 1339 2894 animum
1361 2840 1610 2909 erigere?
1638 2839 1816 2894 vidisti

209 2928 428 2998 qualem
467 2930 881 2986 retributionem
925 2932 1193 3002 acceperit
1226 2931 1357 3001 justi
1397 2931 1673 2999 probitas?
1709 2930 1816 2986 Sed

209 3028 270 3075 et
298 3033 362 3075 ex
391 3021 744 3090 sequentibus
768 3022 961 3077 iterum
1001 3021 1126 3077 audi
1171 3021 1491 3076 ineﬂ'abilem
1523 3020 1815 3075 liberalita-

208 3120 343 3165 tem.
367 3112 419 3167 l.
441 3111 589 3182 (Cap.
608 3111 664 3183 9)
685 3112 752 3167 Et
776 3112 1048 3175 benedixit,
1067 3113 1258 3183 inquit,
1278 3111 1414 3166 Deus
1442 3111 1577 3175 Noe,
1607 3121 1655 3164 et
1679 3112 1815 3179 ﬁlios

205 3201 370 3256 illius.
416 3201 483 3256 Et
521 3203 650 3257 dixit
688 3205 759 3258 eis
796 3221 814 3256 :
852 3204 907 3258 2.
938 3202 1156 3258 Crescite
1201 3213 1246 3259 et
1291 3202 1738 3274 multiplicamini,
1766 3212 1814 3256 et

203 3290 416 3361 implete
444 3303 649 3355 terram,
687 3303 734 3347 et
768 3294 1102 3347 dominamini
1135 3295 1201 3348 ei.
1243 3291 1313 3346 Et
1347 3301 1537 3346 tremor
1568 3293 1816 3362 timorque

211 3382 370 3435 vestri
395 3381 488 3434 erit
505 3398 661 3450 super
686 3399 857 3435 omnes
884 3382 1067 3437 bestias
1091 3391 1256 3447 tet-rte,
1280 3391 1326 3436 et
1349 3399 1503 3452 super
1528 3398 1702 3436 omnes
1725 3399 1813 3437 vo-

208 3468 385 3522 lucres
411 3471 542 3534 (teli,
562 3483 607 3523 et
635 3488 787 3540 super
808 3473 985 3526 omnia
1000 3488 1116 3542 qua:
1141 3482 1403 3525 moventur
1425 3487 1578 3541 super
1601 3481 1810 3538 terram,

200 3571 254 3615 et
292 3577 447 3630 super
491 3578 665 3616 omnes
691 3564 854 3630 pisces
897 3565 1054 3616 maris
1084 3564 1180 3617 :in
1208 3579 1388 3616 manus
1423 3574 1610 3616 vestras
1639 3563 1812 3616 omnia

199 3651 349 3706 dedi.
377 3653 432 3707 3.
464 3650 531 3706 Et
557 3670 706 3706 omne
738 3654 937 3723 reptile,
966 3654 1102 3722 quod
1131 3663 1203 3708 est
1244 3655 1431 3720 vivens,
1459 3654 1598 3708 vobis
1636 3654 1729 3708 erit
1758 3655 1813 3709 in

198 3744 398 3799 cibum.
431 3745 596 3813 Quasi
614 3747 754 3800 olera
795 3747 1066 3800 herbarum
1090 3747 1209 3801 dedi
1229 3747 1365 3800 vobis
1391 3747 1580 3800 omnia.
1612 3747 1666 3800 4.
1711 3745 1810 3801 Ve-

199 3846 494 3889 rumtamen
538 3852 744 3890 carnem
793 3838 848 3890 in
891 3839 1136 3908 sanguine
1179 3837 1363 3890 animo:
1411 3854 1474 3890 ne
1515 3838 1806 3892 contedatis.

200 3925 438 3997 Dignum
467 3937 552 3982 est
601 3936 660 3981 ut
703 3927 789 3983 hic
837 3928 1166 3983 admiremur
1191 3928 1545 3984 excellentem
1601 3929 1809 3984 Domini

199 4017 528 4072 bonitatem.
560 4015 696 4073 Vide
716 4019 859 4073 enim
883 4020 971 4073 hic
990 4019 1260 4089 quomodo
1281 4019 1459 4088 justus
1500 4019 1588 4074 ille
1617 4021 1808 4074 iterum

197 4109 454 4162 eamdem
473 4108 902 4164 benedictionem
918 4110 1283 4179 consequitur,
1299 4125 1455 4178 quam
1474 4110 1599 4163 olim
1617 4110 1807 4176 Adam,

198 4210 258 4253 ct
303 4208 548 4268 ereptum
586 4210 868 4269 recuperat
911 4201 1264 4271 principatum
1312 4203 1510 4256 virtute
1553 4216 1669 4265 sua,
1703 4202 1810 4254 imo

199 4289 466 4346 ineffabili
490 4290 700 4345 Domini
720 4292 1027 4346 clementia.
1052 4291 1182 4345 Nam
1203 4293 1345 4346 sicut
1367 4292 1434 4346 de
1459 4291 1550 4346 illo
1575 4292 1807 4360 dicebat,

201 4380 431 4435 Crescite
454 4390 502 4434 et
537 4382 967 4451 multiplicamini,
1005 4393 1051 4437 et
1081 4383 1415 4437 dominamini
1441 4395 1608 4448 terrm,
1640 4393 1687 4438 et
1712 4385 1810 4436 im-

199 4485 382 4543 perate
408 4476 630 4543 piscibus
661 4477 835 4539 maris,
859 4485 905 4528 et
940 4476 1222 4545 reptilibus,
1257 4485 1301 4529 et
1324 4477 1631 4538 volatilibus.
1656 4486 1702 4530 et
1729 4480 1809 4546 [e-

198 4566 276 4620 ris
310 4564 469 4632 (Gen;
501 4566 551 4619 l.
579 4564 672 4633 28)
707 4584 718 4618 :
763 4566 842 4619 sic
868 4581 1008 4620 nunc
1039 4567 1245 4635 inquit:
1283 4565 1345 4618 Et
1373 4575 1560 4619 tremor
1585 4576 1631 4619 et
1660 4567 1811 4619 timor

195 4657 358 4710 uestri
384 4656 478 4708 erit
501 4672 656 4724 super
679 4671 851 4710 omnes
872 4657 1054 4709 bestias
1077 4666 1243 4716 terrai,
1273 4667 1321 4710 et
1348 4672 1502 4725 super
1525 4671 1698 4709 onmes
1727 4674 1810 4709 ro-

197 4747 389 4800 lucrt's.
423 4745 491 4798 Et
516 4763 663 4800 omne
687 4747 869 4815 reptile
895 4749 1033 4816 quod
1058 4756 1127 4799 est
1163 4748 1350 4812 vivens,
1374 4747 1510 4799 vobis
1533 4749 1626 4799 erit
1662 4748 1714 4799 in
1735 4748 1809 4798 ci-

198 4844 344 4893 bum.
398 4838 557 4905 Quasi
595 4838 735 4893 olera
766 4840 1036 4893 herbarum
1060 4840 1176 4893 dedi
1205 4840 1340 4893 vobis
1365 4841 1552 4892 omnia.
1598 4839 1811 4893 Verum-

197 4942 376 4984 tamen
403 4947 604 4984 carnem
624 4932 677 4983 in
698 4931 944 5000 sanguine
966 4934 1153 4984 anima
1176 4946 1238 4983 ne
1261 4933 1558 4984 concedatis.
1581 4932 1813 4986 Attende

198 5023 451 5078 eumdem
485 5022 746 5092 regulam,
777 5022 936 5078 aliter
964 5022 1281 5076 servandam
1325 5033 1500 5092 tamen
1542 5036 1661 5076 cant
1689 5039 1810 5092 quze

201 5116 386 5188 primo
410 5115 612 5170 homini
647 5115 770 5170 data
796 5114 912 5170 fuit.
930 5115 1079 5170 Sicut
1103 5116 1246 5169 enim
1277 5125 1423 5178 tunc,
1455 5124 1733 5186 postquam
1761 5116 1810 5170 ei

201 5209 465 5263 traditum
495 5217 578 5262 est
606 5207 902 5262 dominium
934 5207 990 5261 in
1020 5207 1221 5270 omnia,
1253 5215 1310 5260 ut
1349 5207 1450 5260 frui
1483 5217 1663 5276 posset
1692 5224 1808 5262 om-

199 5299 366 5354 nibus
408 5315 529 5368 qua:
564 5302 722 5361 erant
764 5300 818 5353 in
869 5299 1136 5368 paradiso,
1182 5299 1452 5352 abstinere
1497 5309 1702 5354 tauttnn
1747 5301 1815 5355 ab

201 5393 371 5447 unico
391 5393 536 5464 ligno
554 5394 735 5463 jussus
759 5403 843 5448 est
864 5412 876 5447 :
898 5394 973 5447 ita
1003 5401 1060 5446 et
1091 5392 1174 5445 hic
1206 5401 1325 5461 post
1355 5391 1809 5458 benedictionem,

200 5495 260 5540 et
297 5495 577 5554 postquam
606 5485 861 5540 terribilis
893 5484 1065 5538 factus
1093 5495 1175 5538 est
1208 5484 1414 5550 bestiis,
1443 5493 1495 5536 et
1525 5484 1626 5537 sub
1652 5500 1812 5538 manu

199 5579 328 5645 eius
369 5577 555 5647 posita:
601 5586 725 5632 sunt
753 5592 880 5632 aves
903 5586 957 5631 et
985 5575 1240 5640 volatilia,
1276 5575 1447 5645 inquit
1476 5593 1488 5628 :
1526 5575 1688 5629 Omne
1729 5593 1813 5630 re-

203 5672 334 5741 ptile
361 5671 528 5724 vivens
553 5671 690 5724 vobis
716 5671 810 5724 erit
831 5671 884 5723 in
908 5671 1112 5722 cibum:
1129 5678 1183 5721 ut
1211 5669 1350 5722 olera
1377 5668 1647 5722 herbarum
1673 5669 1812 5724 vobis

202 5761 327 5816 dedi
355 5761 550 5816 omnia.
591 5761 727 5816 llinc
753 5761 960 5816 initium
989 5761 1206 5814 ductum
1233 5769 1314 5814 est
1339 5759 1666 5814 edendorum
1699 5768 1816 5814 car-

205 5855 358 5915 ttiutn
391 5873 404 5910 :
435 5869 544 5909 non
576 5863 632 5908 ut
659 5853 804 5923 ipsos
828 5854 895 5909 ad
926 5853 1124 5908 ventris
1156 5852 1449 5922 ingluviem
1475 5864 1626 5924 paret
1653 5862 1707 5906 οι
1736 5854 1814 5907 in-

1274 445 1341 501 lN
1380 441 1533 501 CAP.
1574 443 1662 497 ιι.
1704 440 1947 498 GENES.
1991 442 2220 500 HOMIL.
2265 444 2480 501 XXVII.

1957 567 2151 624 struat,
2180 559 2273 614 sed
2297 561 2420 630 quia
2451 575 2515 615 ex
2557 559 2688 631 ipsis
2715 557 2964 615 homines
2996 569 3152 615 erant
3176 560 3554 627 sacriﬁcaturi,

1955 658 2004 705 et
2039 649 2150 704 Deo
2178 652 2378 717 gratias
2403 651 2593 716 acturi,
2627 660 2684 704 ut
2714 666 2782 704 ne
2824 650 3132 704 viderentur
3155 651 3305 720 quasi
3352 666 3380 704 a
3422 668 3555 704 enn-

1952 740 2178 794 secratis
2201 741 2474 796 abstinere
2504 757 2519 795 :
2565 740 2765 795 idcirco
2791 739 2984 795 edendi
3024 741 3325 795 facultatem
3356 756 3550 798 connu-

1951 827 2034 883 dit
2065 839 2125 882 et
2163 829 2386 883 multam
2415 829 2507 883 dat
2535 828 2716 884 utendi
2758 829 3048 883 licentiam.
3081 829 3242 894 Quasi
3269 832 3410 883 olera
3441 834 3558 885 lter-

1951 919 2132 973 barunt
2179 901 2318 974 vobis
2363 919 2482 973 dedi
2534 919 2706 974 omnia
2761 917 2916 991 (lien.
2969 919 3023 972 2.
3077 919 3187 989 l7).
3236 920 3367 974 Dein
3415 921 3556 974 sicut

1951 1011 2123 1064 Adam
2151 1010 2363 1064 caneris
2391 1010 2577 1065 fruens
2600 1010 2779 1080 lignis,
2808 1009 2992 1080 jus-us
3020 1020 3102 1063 est
3139 1011 3207 1064 ah
3253 1026 3360 1064 uno
3388 1014 3554 1064 absti-

1948 1114 2128 1154 nere:
2159 1099 2230 1155 ita
2279 1098 2367 1154 hic
2406 1099 2606 1156 dictum
2649 1110 2752 1165 est,
2783 1114 2906 1154 cum
2958 1100 3032 1154 illi
3062 1101 3239 1153 omnia
3284 1101 3351 1156 ad
3396 1117 3550 1157 esum

1947 1189 2116 1245 libere
2136 1191 2399 1246 sumenda
2431 1192 2689 1262 pennissa
2716 1201 2936 1246 essent:
2963 1191 3016 1245 4.
3062 1191 3411 1247 Verumtamen
3437 1210 3555 1246 car-

1945 1297 2058 1334 nem
2088 1282 2140 1335 in
2169 1284 2416 1352 sanguine
2437 1283 2624 1336 auinnc
2647 1300 2709 1335 ne
2727 1283 3024 1337 cometlntis.
3065 1283 3204 1348 Quid
3231 1293 3316 1339 est
3341 1300 3471 1341 eam
3494 1287 3546 1340 in

1942 1372 2202 1442 Sanguine
2243 1372 2477 1427 animat?
2526 1373 2639 1428 lloc
2674 1385 2783 1440 est,
2812 1377 3153 1428 sulllcatnm.
3207 1375 3353 1430 Bruti
3397 1378 3543 1432 enim

1940 1466 2118 1520 anima
2147 1465 2366 1535 sanguis
2387 1474 2489 1520 est.

2013 1557 2068 1610 5.
2108 1555 2242 1622 Quia
2270 1557 2430 1625 igitur
2449 1554 2708 1610 sacriﬁcia
2753 1556 3040 1625 perh-cturi
3067 1566 3222 1610 erant
3250 1571 3316 1611 (ιι
3354 1557 3544 1617 brutis.

1941 1644 2044 1700 hoc
2073 1643 2186 1699 fere
2213 1644 2376 1700 modo
2407 1646 2564 1699 docet
2593 1645 2732 1710 illos,
2761 1644 2980 1700 dicens:
3012 1646 3146 1710 Quia
3174 1648 3393 1715 sanguis
3415 1647 3542 1700 inihi

1935 1746 2247 1806 segregatus
2284 1747 2390 1803 est,
2420 1737 2575 1792 vobis
2596 1750 2744 1791 caro.
2788 1736 2900 1791 Iloc
2928 1745 3110 1792 autem
3153 1736 3277 1792 ideo
3305 1736 3453 1804 facit,
3483 1747 3543 1793 ut

1937 1828 2125 1897 primis
2153 1826 2261 1882 illis
2303 1827 2635 1896 temporibus
2674 1826 2994 1896 comprimat
3024 1826 3240 1881 illorum
3285 1827 3544 1897 impetum

1933 1928 1986 1972 et
2017 1917 2432 1988 propensionem
2459 1918 2526 1972 ad
2571 1917 2884 1972 homicidia.
2933 1918 2998 1972 Et
3031 1919 3174 1988 quod
3219 1917 3324 1972 hoc
3349 1920 3420 1973 sit
3443 1934 3540 1974 ve-

1935 2025 2078 2076 rum,
2112 2026 2306 2080 nempe
2344 2010 2488 2081 quod
2519 2012 2642 2066 hinc
2673 2024 2769 2066 eos
2807 2012 2978 2081 magis
3018 2010 3138 2080 pios
3177 2010 3404 2066 reddere
3443 2027 3543 2066 vo-

1933 2101 2113 2166 luerit,
2138 2102 2264 2157 audi
2294 2117 2416 2172 qua:
2452 2112 2776 2172 sequuntur.
2816 2101 2872 2156 5.
2924 2100 3126 2154 Etenim
3175 2113 3391 2156 vestrum
3419 2120 3547 2158 san-

1929 2194 2151 2264 guinem,
2203 2193 2404 2263 inquit,
2450 2193 2739 2246 animarum
2777 2192 3080 2256 vestrarum,
3111 2194 3377 2264 exquirant
3420 2212 3537 2248 enm

1929 2285 1993 2337 de
2019 2299 2173 2337 manu
2213 2283 2440 2337 omnium
2467 2283 2757 2337 bestiarum.
2795 2279 2865 2338 Et
2890 2284 2956 2337 de
2981 2300 3138 2337 manu
3181 2285 3402 2339 hominis
3431 2288 3540 2356 [ra-

1929 2375 2022 2426 tris
2061 2373 2322 2444 etquirtuu
2358 2374 2587 2427 animum
2615 2374 2855 2428 nominis.
2901 2373 3042 2441 Quid
3082 2375 3251 2444 ergo?
3291 2376 3541 2432 animane

1930 2464 2166 2520 hominis
2205 2465 2426 2534 sanguis
2456 2467 2577 2518 est?
2616 2464 2735 2518 Non
2776 2464 2881 2531 hoc
2909 2465 3064 2532 dicit,
3090 2465 3265 2520 absit:
3296 2467 3391 2520 sed
3427 2446 3538 2520 ltu-

1928 2568 2087 2608 maua
2123 2554 2512 2608 consuetudine
2544 2569 2674 2608 usus
2694 2565 2800 2621 est,
2830 2569 2895 2609 ac
2919 2555 2965 2608 si
2991 2555 3112 2625 quis
3151 2555 3297 2610 dicat
3337 2557 3534 2613 alicui:

1924 2645 2249 2715 Sanguinem
2297 2653 2448 2699 tuum
2493 2654 2648 2714 porto
2691 2643 2745 2699 itt
2790 2646 3038 2701 manibus
3085 2647 3221 2702 meis
3252 2665 3265 2701 :
3299 2649 3399 2702 hoc
3423 2658 3532 2711 Cal,

1928 2748 2248 2808 potestatem
2278 2738 2452 2795 habeo
2497 2738 2852 2793 interﬁciendi
2887 2747 2960 2793 te.
3003 2738 3137 2793 Nam
3165 2741 3309 2810 quod
3352 2742 3536 2799 anima

1925 2832 2161 2886 hominis
2204 2846 2310 2886 non
2352 2832 2422 2885 sit
2464 2832 2702 2901 sanguis,
2743 2833 2869 2885 audi
2911 2832 3185 2887 Christum
3226 2833 3533 2890 dicentem:

1927 2923 1979 2977 Ν
1983 2941 2010 2978 e
2034 2923 2304 2976 timueritis
2327 2921 2390 2975 ab
2415 2923 2488 2976 eis
2510 2923 2598 2991 qui
2623 2924 2862 2976 occidunt
2889 2940 3096 2991 corpus,
3111 2925 3335 2976 animum
3364 2937 3534 2979 autrtn

1921 3017 2153 3069 occidere
2191 3031 2293 3070 non
2327 3025 2538 3085 possunt
2577 3013 2796 3083 (Matth.
2832 3015 2918 3070 10.
2951 3015 3067 3086 28).
3099 3015 3167 3069 Et
3197 3015 3320 3072 vide
3356 3032 3529 3088 quan.

1923 3115 2030 3161 tam
2077 3105 2480 3162 distinctionem
2529 3104 2740 3160 feCerit.
2791 3107 2849 3160 li.
2897 3105 3000 3173 Qui
3045 3105 3302 3173 effuderit,
3336 3109 3530 3180 inquit,

1919 3196 2221 3267 sanguinem
2248 3195 2486 3258 Itontinis,
2522 3212 2617 3267 pro
2657 3197 2907 3267 sanguine
2947 3198 3060 3266 eius
3107 3201 3318 3272 sanguis
3368 3201 3534 3270 ipsius

1920 3286 2211 3354 (fundatur
2233 3303 2254 3342 :
2278 3288 2402 3358 quia
2424 3289 2476 3340 in
2509 3288 2729 3358 imagine
2752 3287 2848 3342 Dei
2877 3291 2977 3361 feci
3004 3291 3282 3345 hominem.
3315 3291 3532 3362 Cogita,

1919 3378 2168 3444 obsecro,
2200 3388 2462 3448 quantum
2493 3391 2755 3434 terrorem
2787 3379 2888 3434 hoc
2915 3379 3081 3434 verbo
3115 3381 3366 3441 incussit.
3394 3382 3460 3437 Et
3483 3400 3530 3435 st

1919 3471 2062 3540 quod
2083 3471 2326 3542 ejusdem
2346 3481 2554 3526 natura:
2575 3473 2665 3538 sit,
2686 3473 2879 3542 inquit,
2905 3491 3009 3527 non
3039 3483 3091 3528 te
3117 3486 3327 3541 avocat,
3353 3491 3528 3546 neque

1919 3575 1949 3616 a
1975 3570 2083 3616 tam
2110 3575 2368 3631 perverso
2383 3570 2576 3616 conatu
2605 3563 2816 3632 repellit
2841 3573 3046 3619 natura:
3062 3567 3408 3620 communio:
3433 3566 3530 3621 sed

1917 3652 1962 3706 si
1993 3652 2464 3708 commiseratione
2505 3651 2740 3708 fraterna
2765 3653 2988 3723 depulsa
3017 3664 3161 3710 tctus
3183 3655 3235 3710 in
3263 3655 3367 3712 hoc
3394 3655 3526 3712 fat-i-

1919 3759 2020 3800 nus
2051 3745 2379 3815 prorumpis,
2393 3745 2567 3815 cogita
2586 3760 2712 3800 eum
2730 3745 2798 3800 ad
2821 3746 3106 3816 imaginem
3123 3747 3219 3802 Dei
3237 3747 3528 3802 formatum

1918 3849 2060 3900 esse,
2087 3845 2143 3890 et
2171 3835 2384 3906 quantis
2420 3852 2542 3890 cum
2576 3835 2719 3891 Deus
2742 3836 2992 3907 dignatus
3030 3836 3104 3892 sit
3133 3852 3229 3906 pro
3248 3840 3529 3907 regativis,

1917 3927 2141 3996 etquod
2186 3929 2332 3982 omni
2377 3937 2624 3982 creatura
2675 3929 2962 3996 prodet-tos
3003 3930 3095 3994 sit,
3129 3945 3192 3984 nc
3232 3933 3450 3999 quiesce
3498 3947 3529 3986 a

1919 4019 2058 4071 mala
2090 4019 2383 4072 voluntate.
2429 4018 2567 4085 Quid
2596 4033 2725 4088 ergo
2753 4019 2797 4073 si
2857 4018 3174 4074 innumeras
3198 4021 3316 4089 quis
3348 4032 3525 4091 patra-

1920 4110 2054 4164 verit
2081 4111 2280 4174 caules,
2313 4119 2368 4164 et
2411 4119 2619 4164 titulum
2649 4110 2929 4180 sanguinis
2958 4109 3228 4177 cHndorit,
3258 4113 3534 4181 quomodo

1917 4201 2132 4269 dignam
2158 4199 2307 4254 dabit
2335 4215 2547 4269 pmnam
2583 4199 2754 4255 cll'uso
2783 4201 2902 4256 uolo
2928 4216 3028 4255 suo
3070 4202 3370 4271 sanguine?
3412 4202 3532 4259 Non

1918 4291 2020 4347 hoc
2063 4291 2378 4357 considera,
2429 4291 2622 4357 homo,
2673 4285 3054 4363 sed3intellige
3096 4307 3218 4347 eum
3269 4294 3373 4348 tale
3420 4309 3530 4347 non

1919 4383 2089 4436 multo
2128 4393 2250 4453 post
2283 4393 2629 4452 accepturum
2667 4397 2869 4452 corpus
2918 4383 3353 4453 incorruptibile.
3387 4387 3529 4453 quod

1919 4476 2114 4546 poterit
2132 4478 2439 4530 continuam
2464 4486 2517 4530 et
2537 4487 2792 4530 aeternam
2817 4491 3030 4546 pmttam
3057 4477 3220 4531 ferre.
3245 4476 3374 4531 Illud
3401 4478 3527 4531 item

1920 4567 2212 4638 perpende,
2261 4584 2421 4639 quam
2464 4567 2749 4636 diligenter
2796 4579 3124 4638 praeceptum
3155 4571 3246 4624 sil.
3294 4569 3427 4624 Nam
3459 4571 3532 4625 de

1919 4660 2161 4724 homine,
2190 4660 2397 4728 inquit,
2443 4658 2522 4714 Ne
2562 4658 2808 4714 eﬂundas
2850 4661 3208 4729 sanguinem:
3251 4661 3320 4714 de
3362 4662 3532 4716 brutis

1919 4765 2099 4807 autem
2139 4768 2247 4807 non
2276 4751 2434 4818 dixit,
2466 4752 2544 4807 Ne
2575 4751 2842 4817 ell'uudas,
2873 4753 2990 4815 sed,
3035 4750 3388 4807 Verumtamru
3414 4771 3531 4807 car-

1920 4863 2036 4900 nem
2063 4845 2116 4898 in
2144 4845 2391 4914 sanguine
2420 4844 2607 4898 anima:
2654 4859 2716 4895 ne
2761 4843 3059 4900 comedatis.
3109 4842 3224 4898 Illic
3268 4845 3420 4909 dicit,
3451 4844 3530 4904 Ne

1919 4936 2202 5000 ell'undus;
2239 4937 2345 5001 hic,
2383 4935 2460 4990 Ne
2492 4934 2768 4989 comedas.

1991 5029 2097 5084 Cur
2126 5046 2242 5083 esus
2267 5028 2531 5098 sanguinis
2559 5027 2761 5080 vetitus.
2784 5054 2854 5065 ——
2871 5024 3036 5080 Vides
3061 5041 3224 5095 quam
3255 5025 3386 5080 nihil
3409 5041 3527 5081 mo-

1918 5119 2112 5196 lestum
2147 5119 2381 5174 habeant
2408 5117 2526 5186 eius
2559 5117 2748 5188 leges?
2788 5116 3062 5186 quomodo
3106 5117 3238 5172 levia
3269 5127 3324 5171 et
3354 5117 3530 5172 facilia

1920 5205 2208 5266 mandata?
2249 5209 2522 5280 quomodo
2563 5208 2694 5263 nihil
2723 5223 2886 5278 grave
2915 5223 3088 5277 neque
3129 5223 3417 5263 onerosum
3447 5225 3528 5263 τευ

1919 5303 2084 5374 quirit
2104 5317 2134 5356 a
2157 5312 2339 5356 nostra
2371 5300 2601 5355 natura?
2633 5298 2823 5353 Dicunt
2852 5300 2995 5353 enim
3023 5299 3206 5366 aliqui,
3244 5299 3524 5356 brutorutu

1920 5397 2259 5466 sanguinem,
2291 5408 2530 5464 gravem,
2579 5400 2914 5454 terrestrem,
2956 5403 3007 5444 et
3039 5392 3332 5446 multarum
3364 5395 3524 5462 a-gri-

1922 5487 2164 5540 tudinum
2216 5498 2432 5539 causam
2484 5500 2496 5534 :
2550 5492 2607 5537 at
2649 5497 2747 5537 nos
2784 5499 2889 5535 non
2946 5493 3166 5552 propter
3221 5483 3534 5552 pra-dictum

1921 5590 2226 5632 sermonem
2273 5575 2442 5644 magis
2485 5573 2552 5627 ad
2599 5572 2996 5644 philosophiam
3035 5575 3525 5638 acconnnodatum,

1921 5667 2015 5723 sed
2048 5676 2266 5738 propter
2288 5665 2494 5720 Domini
2520 5664 2829 5719 mandatum
2859 5663 2910 5718 id
2932 5664 3224 5718 observare
3241 5664 3525 5720 debemus.

1925 5755 2128 5814 Deinde
2159 5769 2215 5813 ut
2239 5758 2512 5813 discamus
2537 5771 2706 5826 quare
2729 5766 2852 5809 tam.
2869 5753 3154 5824 diligenter
3195 5754 3300 5810 hoc
3329 5771 3535 5825 praece-

1927 5860 2074 5922 ptum
2113 5850 2318 5915 statuit,
2352 5863 2546 5918 nempe
2590 5858 2647 5903 ut
2673 5845 2952 5903 cohiberet
2997 5845 3276 5902 hominum
3308 5847 3524 5918 sangui-
