4054 6312
514 525 718 580 narium
745 521 1002 586 animum,
1024 517 1188 574 dicit:
1215 516 1268 568 7.
1309 512 1408 566 Vos
1433 520 1596 565 autem
1636 509 1857 570 crescite,
1886 516 1931 560 et
1957 504 2088 558 muf-

513 613 835 683 riplicamini,
865 621 911 664 et
954 609 1156 689 implete
1198 614 1400 666 terram,
1435 610 1482 654 et
1513 598 1842 652 dominamini
1873 596 1916 650 ei
1941 610 1957 648 :
1987 607 2094 689 non

516 682 738 766 temere,
766 712 820 757 et
861 701 1060 769 absque
1087 682 1244 751 causa
1283 692 1434 757 dixit,
1470 689 1567 743 Vos
1595 698 1762 741 autem
1781 727 1794 752 ,
1824 686 1916 740 sed
1945 682 2096 754 quasi

516 793 740 856 diceret,
762 790 867 845 Vos
885 790 974 859 qui
999 786 1170 856 pauci,
1194 793 1249 838 et
1273 795 1437 852 parvo
1467 793 1689 833 numero
1713 779 1862 837 estis,
1881 789 2094 829 omnem

521 890 721 937 terram
773 881 1007 948 implete,
1037 886 1091 930 ct
1130 872 1474 930 dominamini
1501 870 1594 924 ei:
1646 872 1747 922 hoc
1788 876 1889 933 est,
1923 864 2097 920 donti-

520 972 665 1025 nium
694 969 903 1033 habete,
931 978 986 1021 et
1031 974 1368 1035 potestatem,
1394 970 1448 1017 et
1477 959 1726 1013 fructum.
1755 957 1908 1017 Vide,
1938 957 2096 1011 obse-

521 1077 636 1125 cro,
663 1060 752 1116 Dei
795 1059 1191 1128 benignitatem,
1223 1053 1490 1124 quomodo
1517 1051 1664 1120 prius
1703 1064 1891 1118 magna
1936 1048 2099 1102 bene-

527 1153 646 1206 ficia
671 1151 853 1217 donat,
877 1159 931 1205 et
957 1159 1083 1204 tunc
1107 1149 1320 1202 unicum
1349 1153 1404 1200 et
1430 1145 1544 1198 leve
1569 1142 1872 1196 mandatum
1898 1139 2009 1194 dat.
2036 1137 2104 1193 Et

520 1242 658 1296 sicut
683 1241 912 1308 Adamo,
937 1248 1213 1310 pesujuam
1240 1235 1510 1291 concessit
1539 1243 1596 1288 ut
1621 1233 1883 1288 habitaret
1913 1231 1965 1285 in
2008 1245 2104 1299 pa-

528 1331 708 1386 radiso
728 1373 743 1399 ,
775 1340 829 1386 et
872 1340 949 1386 tot
977 1346 1038 1385 ac
1082 1329 1244 1384 tantis
1269 1327 1554 1392 frueretur,
1578 1325 1790 1380 tandem
1835 1322 2100 1392 praecepit,

528 1435 584 1476 ut
623 1424 688 1478 ab
729 1422 886 1478 unico
930 1423 1072 1492 ligno
1119 1421 1452 1477 abstineret:
1484 1418 1558 1472 ita
1596 1425 1650 1471 et
1700 1416 1785 1470 hic
1829 1423 2103 1483 postquam

528 1514 770 1583 promisit
796 1527 904 1568 non
929 1513 1066 1569 ultra
1087 1513 1245 1568 talem
1273 1525 1332 1565 se
1355 1510 1621 1563 illaturum
1644 1505 1944 1575 generalem
1973 1512 2106 1557 stra-

528 1623 674 1676 gem,
709 1622 880 1676 neque
910 1607 978 1661 ita
1023 1621 1081 1660 se
1110 1605 1520 1674 indignatumm,
1551 1599 1645 1656 sed
1675 1614 1844 1669 usque
1878 1599 1944 1652 ad
1973 1612 2098 1651 con-

528 1695 938 1748 summationem
995 1693 1179 1747 mundi
1245 1691 1461 1744 immota
1530 1703 1874 1756 permansura
1928 1689 2106 1742 omnia

528 1785 826 1847 elementa,
861 1784 932 1838 ita
962 1794 1021 1838 ut
1063 1797 1288 1852 quaeque
1315 1797 1471 1836 suum
1518 1796 1731 1835 cursum
1775 1789 1830 1836 et
1867 1780 2106 1836 ordinem

529 1875 814 1943 impleant;
843 1883 899 1928 et
923 1881 1203 1943 postquam
1235 1871 1335 1941 ipsi
1365 1871 1788 1926 benedictionem
1829 1881 1953 1926 sunt
1981 1885 2111 1924 con-

530 1965 764 2032 sequuti,
791 1963 1076 2032 donatique
1119 1963 1338 2031 pristina
1369 1977 1530 2030 super
1571 1961 1723 2015 bruta
1753 1961 1929 2015 omnia
1958 1970 2112 2030 pote-

531 2061 690 2118 state,
722 2065 785 2106 ac
821 2051 1058 2106 carnium
1099 2067 1193 2105 esu
1220 2066 1408 2106 secure
1453 2051 1736 2120 permisso,
1766 2059 1890 2104 tunc
1920 2049 2110 2119 inquit,

549 2141 899 2195 Verumtamen
923 2156 1123 2195 carnem
1150 2141 1204 2202 in
1250 2143 1497 2211 sanguine
1522 2145 1708 2194 anima:
1729 2156 1792 2194 ne
1818 2140 2116 2194 comedetis.

508 2267 510 2269 ›
537 2229 724 2284 Vidisti
747 2230 1016 2299 quomodo
1057 2231 1206 2301 prius
1237 2231 1561 2299 benignitate
1585 2246 1648 2285 ac
1692 2229 1942 2286 ineffabili
1974 2231 2111 2286 libe-

535 2321 747 2375 ralitate
798 2322 980 2384 utitur,
1034 2332 1088 2377 et
1140 2330 1265 2376 tunc
1312 2321 1527 2376 demum
1581 2322 1856 2392 praecipit?
1905 2321 2113 2375 tametsi

538 2425 823 2480 numquam
869 2411 1008 2466 istud
1048 2412 1186 2467 inter
1218 2412 1460 2466 homines
1490 2411 1602 2466 ﬁeri
1641 2411 1835 2467 soleat.
1864 2410 2117 2464 Homines

537 2502 678 2555 enim
709 2505 934 2570 primum
959 2503 1142 2558 volunt
1171 2518 1254 2564 ea.
1273 2518 1392 2572 quae
1422 2502 1757 2570 praecipiunt,
1784 2514 1946 2569 opere
1972 2513 2119 2553 com-

541 2593 697 2660 pleri,
729 2608 947 2662 eosque,
969 2595 1057 2663 qui
1089 2593 1335 2648 mandata
1363 2593 1632 2661 excipiunt
1658 2603 1711 2646 et
1733 2601 2116 2661 exsequuntur,

543 2699 788 2754 tnaguam
813 2685 1066 2740 exhibere
1096 2685 1543 2750 benevolentiam,
1571 2699 1635 2739 ac
1661 2693 1784 2738 tunc
1811 2685 1991 2752 utique
2031 2699 2120 2737 co-

539 2774 712 2841 gitant
739 2773 806 2828 de
835 2774 1243 2829 remunerandis
1282 2775 1346 2828 iis
1371 2773 1461 2844 qui
1507 2775 1725 2827 multam
1764 2774 2120 2829 obedientiam

543 2876 652 2928 prae
693 2875 754 2916 se
783 2861 1018 2916 tulerint.
1048 2861 1242 2917 Contra
1274 2876 1401 2916 vero
1427 2863 1722 2917 communis
1748 2863 1983 2916 omnium
2015 2863 2123 2915 Do-

545 2941 722 3005 minus
754 2968 768 3004 :
800 2952 948 3021 prius
975 2953 1116 3006 enim
1165 2951 1443 3017 benefacit,
1474 2961 1528 3006 et
1554 2951 1891 3006 multitudine
1921 2951 2118 3006 benefl-

548 3043 756 3096 ciorum
787 3053 1024 3097 nostram
1066 3054 1309 3097 naturam
1339 3042 1403 3096 ad
1427 3057 1485 3097 se
1522 3043 1707 3106 allicit,
1735 3051 1789 3097 et
1813 3051 1996 3112 postea
2021 3042 2124 3096 im-

545 3143 696 3204 perat
729 3131 899 3187 facilia
928 3143 1085 3202 atque
1115 3134 1270 3196 levia,
1302 3143 1360 3187 ut
1388 3132 1637 3188 facilitate
1675 3133 2046 3188 mandatorum
2075 3142 2130 3188 et

546 3224 817 3278 beneficiis
836 3224 1097 3292 prioribus
1107 3223 1341 3287 excitati,
1359 3223 1425 3277 ad
1440 3238 1502 3278 ea
1519 3223 1781 3292 itnplenda
1796 3223 2125 3278 inducamur.

618 3310 829 3364 Natalis
849 3312 1168 3381 epilogus.——
1183 3311 1258 3366 Ne
1285 3310 1444 3380 igitur
1468 3313 1792 3381 negligentes
1834 3312 2021 3373 simus,
2052 3310 2134 3364 di-

545 3402 688 3468 lecti,
721 3417 891 3470 neque
933 3402 1064 3470 pigri
1112 3401 1178 3456 ad
1219 3401 1465 3455 mandata
1519 3401 1785 3470 implenda
1819 3419 1833 3456 :
1873 3401 2129 3456 beneficia

545 3492 719 3560 priora
735 3493 1045 3560 cogitantes,
1068 3500 1122 3546 et
1141 3489 1509 3544 mandatorum
1535 3490 1861 3554 facilitatem,
1887 3491 2132 3560 praemio-

545 3595 769 3651 rumque
799 3592 918 3649 post
945 3579 1159 3649 impleta
1187 3580 1435 3634 mandata
1463 3582 1777 3650 promissam
1807 3581 2125 3650 magnitudi-

547 3688 670 3727 nem
703 3687 718 3725 :
749 3671 843 3726 sed
882 3670 1177 3742 vigilemus,
1228 3681 1281 3726 et
1329 3669 1643 3726 festinemus
1686 3672 1750 3726 ad
1794 3672 2131 3742 exsequenda

549 3761 797 3816 mandata
824 3775 854 3815 a
886 3761 994 3816 Deo
1021 3760 1175 3816 nobis
1204 3761 1394 3816 tradita
1426 3779 1440 3816 :
1465 3769 1520 3816 et
1547 3777 1614 3816 ne
1641 3761 1969 3818 dimittamus
1997 3764 2130 3828 vias,

553 3866 689 3921 quas
732 3851 800 3905 ad
828 3850 1200 3920 perficiendam
1242 3851 1538 3905 animarum
1565 3861 1866 3906 nostrarum
1907 3853 2132 3908 salutem

553 3940 1012 4013 ναῖκι-ἱρείηςεό
1042 3950 1281 4009 tempore
1315 3942 1437 3996 vitae
1476 3952 1670 3996 nostra:
1695 3943 1834 4012 quod
1875 3944 2138 4012 reliquum

550 4043 667 4099 est,
692 4033 826 4087 bene
864 4040 1094 4096 utamur,
1125 4043 1177 4087 et
1209 4043 1422 4101 peccata
1457 4031 1753 4098 abluamus,
1793 4041 1848 4086 et
1893 4048 2135 4103 magnam

553 4125 708 4178 nubis
735 4123 979 4178 fiduciam
1037 4124 1179 4192 prius
1229 4124 1583 4192 acquiramus,
1615 4124 1952 4194 maximeque
1999 4139 2139 4180 nunc

549 4231 672 4270 cum
701 4214 872 4271 adhuc
895 4215 1103 4270 residua
1133 4223 1213 4270 est
1237 4215 1660 4284 Quadragesimze
1693 4230 1831 4284 pars.

626 4308 681 4362 ti.
715 4307 974 4361 Modicum
1003 4317 1198 4375 tempus
1222 4307 1399 4376 suﬁicit
1437 4308 1503 4359 ad
1552 4308 1912 4375 paenitendum.
1945 4307 2137 4361 Mentio

560 4399 619 4465 [it
657 4398 720 4450 de
749 4396 1076 4466 confessione.
1106 4424 1176 4436 —
1213 4394 1394 4464 Neque
1423 4395 1562 4448 enim
1594 4410 1787 4464 parvus
1825 4405 1907 4450 est
1931 4396 2136 4452 dierum

567 4500 821 4540 numerus
860 4486 948 4556 qui
994 4495 1198 4549 restat,
1240 4486 1282 4538 si
1336 4485 1663 4540 voluerimus
1715 4499 2000 4557 parumper
2049 4501 2135 4541 re-

562 4575 836 4644 sipiscere.
891 4575 1002 4628 Hoc
1033 4583 1210 4628 autem
1255 4573 1360 4627 dixi
1390 4615 1407 4638 ,
1457 4590 1560 4628 non
1613 4575 1754 4646 quod
1776 4575 1947 4630 solum
1989 4585 2137 4631 tanto

559 4674 798 4735 tempore
843 4680 977 4734 Opus
1017 4663 1210 4719 habeat
1249 4673 1583 4733 peccatorum
1615 4673 1916 4719 nostrorum
1958 4681 2137 4720 corre-

556 4757 685 4824 ctio,
717 4757 808 4813 sed
840 4760 960 4826 quia
979 4755 1259 4810 Dominum
1281 4754 1538 4809 habemus
1563 4755 1879 4811 clementem
1904 4764 1960 4810 et
1985 4757 2136 4812 beni-

558 4863 718 4916 gnum
749 4847 838 4916 qui
867 4861 972 4901 non
1015 4847 1211 4915 indiget
1242 4845 1410 4899 multo
1440 4854 1716 4914 tempore;
1745 4847 1788 4903 si
1828 4847 1985 4901 modo
2014 4862 2134 4902 cum

561 4953 754 5008 magno
783 4939 988 4992 fervore
1015 4945 1068 4991 et
1096 4937 1360 5006 vigilantia
1386 4937 1452 4991 ad
1483 4937 1653 5006 ipsum
1681 4939 2013 5004 accedamus,
2045 4954 2133 4994 re-

560 5029 718 5098 jectis
753 5027 1096 5081 saecularibus
1121 5027 1263 5080 curis
1287 5025 1532 5080 omnibus
1557 5068 1572 5090 ,
1602 5037 1656 5081 et
1683 5041 1913 5097 superno
1938 5028 2136 5082 auxilio

564 5117 693 5171 nisi.
723 5115 853 5169 Nam
895 5123 949 5170 et
989 5114 1233 5168 Ninivita:
1259 5123 1401 5168 tanta
1436 5123 1770 5182 peccatorum
1798 5115 2136 5170 multitudine

558 5208 825 5278 sggravati
850 5247 867 5273 ,
915 5206 1035 5275 quia
1061 5219 1304 5274 magnam
1333 5213 1387 5260 et
1410 5219 1589 5260 veram
1622 5206 1986 5274 paenitentiam
2008 5221 2133 5275 cge-

562 5310 687 5353 runt
734 5297 903 5362 (Jan.
935 5295 1119 5364 3.10)
1152 5336 1165 5358 ,
1199 5310 1302 5350 non
1346 5311 1480 5364 opus
1525 5296 1821 5350 habuerunt
1875 5298 2135 5365 ampliore

563 5404 722 5460 quam
743 5389 898 5442 trium
915 5386 1120 5441 dierum
1149 5396 1385 5455 tempore
1410 5387 1474 5441 ad
1507 5387 1893 5456 provocandam
1921 5388 2015 5442 Dei
2042 5389 2137 5442 bo-

561 5479 800 5542 nitatem,
832 5485 887 5532 et
910 5477 1113 5532 irritam
1139 5475 1482 5540 reddendam,
1507 5493 1626 5547 qum
1649 5477 1929 5533 adversum
1953 5491 2012 5532 se
2033 5477 2136 5532 lata

565 5578 680 5625 erat
703 5610 718 5632 ,
749 5568 1089 5623 sententiam.
1121 5566 1187 5621 Et
1213 5565 1338 5636 quid
1369 5565 1490 5620 dico
1522 5609 1537 5632 ,
1573 5566 1820 5622 Ninivita:
1846 5569 1869 5621 τ
1896 5567 2056 5623 Latro
2085 5569 2137 5623 in

568 5675 725 5715 cruce
751 5675 924 5728 neque
953 5675 1060 5714 uno
1081 5658 1168 5713 die
1193 5672 1326 5726 opus
1346 5657 1548 5712 habuit.
1593 5658 1660 5714 Et
1683 5660 1808 5730 quid
1847 5660 1968 5715 dico
2000 5703 2015 5727 ,
2047 5660 2137 5716 die

569 5751 717 5808 uno?
735 5746 919 5818 Neque
933 5747 1079 5806 brevi
1095 5749 1247 5809 hora.
1273 5749 1449 5807 Tanta
1495 5761 1576 5808 est
1605 5752 1693 5808 Dei
1722 5767 1845 5822 erga
1867 5767 1964 5809 nos
1989 5745 2140 5810 beni-

1251 401 1306 458 S.
1348 397 1623 456 JOAN‘NIS
1659 388 2132 452 CIIRYSOSTOMI
2175 385 2489 444 ARCHIEP.
2529 378 3066 441 CONSTANTINOI'.

2194 501 2397 570 gnitas!
2426 498 2556 555 Nam
2575 498 2661 552 ubi
2686 497 2877 552 viderit
2899 492 3185 551 voluntatis
3209 499 3406 547 nostra:
3423 490 3634 545 firmum
3657 504 3775 559 pro-

2200 591 2429 659 positum
2458 630 2475 656 ,
2521 599 2574 643 et
2603 588 2824 642 ferventi
2846 600 2944 640 nos
2967 584 3238 639 desiderio
3263 581 3328 636 ad
3369 595 3429 636 se
3479 579 3737 635 accedere
3761 616 3782 641 .

2202 696 2311 733 non
2348 679 2554 742 tardat,
2599 693 2770 746 neque
2808 677 2986 731 differt
3015 694 3026 728 :
3051 674 3144 729 sed
3189 673 3450 728 accelerat
3482 714 3496 738 ,
3525 682 3788 739 suamque

2201 775 2408 824 solitam
2439 770 2807 825 liberalitatem
2837 767 3120 831 exhibens,
3149 765 3312 818 dicit:
3346 762 3524 817 Adhuc
3553 762 3791 830 loquetue

2203 871 2249 914 te
2269 862 2434 913 dicant
2466 875 2484 912 :
2508 858 2635 912 Ecce
2662 858 2843 911 adsum
2861 855 3012 927 (lani.
3035 855 3123 908 58.
3157 855 3236 923 9).

3669 368 3788 427 ιη

2274 947 2458 1020 Itaque
2482 948 2825 1003 exauditurus
2845 956 2927 1001 est
2950 955 3004 1000 et
3025 959 3144 1010 nos,
3167 944 3211 998 si
3228 943 3555 1001 voluerimus
3576 942 3629 996 in
3658 954 3792 1010 psti-

2201 1041 2281 1098 eis
2301 1041 2491 1097 diebus
2522 1041 2637 1095 istis
2679 1039 2838 1094 studii
2867 1037 3138 1106 specimen
3165 1034 3430 1106 quoddam
3461 1033 3688 1096 aliene,
3736 1041 3797 1085 et.

2200 1131 2387 1202 jejunii
2409 1131 2647 1187 subsidio
2671 1146 2776 1185 non
2796 1130 2963 1193 abuti,
2978 1138 3135 1198 atque
3149 1140 3370 1182 excussa
3392 1124 3637 1180 socordia
3657 1138 3793 1178 cou-

2206 1221 2367 1276 tinuis
2386 1219 2629 1289 precibus
2647 1221 2857 1288 placare
2876 1218 3158 1273 Dominum
3173 1256 3190 1284 ,
3216 1214 3443 1270 fervidus
3465 1213 3792 1283 profundere

2207 1310 2489 1383 lacrymas,
2504 1309 2694 1364 delicta
2718 1317 2897 1364 nostra
2918 1308 3104 1362 scdulo
3129 1306 3388 1371 confiteri,
3408 1304 3558 1374 quasi
3581 1301 3800 1358 medico

2210 1416 2506 1469 proponere
2533 1409 2710 1454 nostra
2741 1399 2980 1461 vulnera,
3003 1405 3058 1452 et
3080 1397 3375 1451 animarmn
3403 1394 3580 1450 ulcera
3606 1392 3796 1448 decla-

2211 1508 2330 1548 rare
2357 1535 2371 1557 ,
2399 1507 2499 1548 nec
2526 1493 2758 1561 abjicere
2788 1506 2946 1562 quam
2965 1489 3051 1544 ille
3077 1489 3171 1544 dat
3196 1488 3533 1550 medicinam,
3561 1500 3662 1540 nec
3689 1499 3796 1539 non

2209 1593 2262 1638 et
2289 1584 2392 1638 alia
2429 1597 2548 1652 qum
2587 1597 2615 1635 a
2656 1582 2807 1637 nobis
2835 1581 3122 1651 exiguntur
3150 1577 3341 1632 afferre
3369 1594 3385 1633 :
3418 1576 3800 1631 contritionetn

2211 1673 2406 1734 eordis.
2429 1673 2892 1741 compunctionem
2919 1686 3121 1736 veram,
3148 1671 3347 1738 largam
3370 1669 3799 1739 eleemosynsm;

2212 1766 2521 1821 affectiones
2548 1781 2664 1836 quae
2696 1773 2928 1819 mentem
2957 1771 3194 1817 nostram
3231 1759 3588 1816 interturbant
3629 1758 3799 1814 refre-

2214 1872 2361 1921 nare,
2388 1865 2440 1911 et
2465 1872 2531 1910 ex
2560 1856 2733 1910 anima
2760 1855 3072 1919 eliminare;
3102 1856 3171 1908 ita
3202 1861 3260 1907 ut
3290 1867 3463 1923 neque
3490 1850 3802 1906 divitiarum

2214 1948 2504 2018 cupiditate
2531 1963 2892 2017 expugnemur
2910 1988 2924 2012 ,
2952 1962 3124 2015 neque
3163 1944 3384 2015 injurias
3421 1944 3597 1999 illatas
3622 1943 3802 1997 vindi-

2215 2053 2339 2093 care
2364 2039 2639 2106 cupiamus
2665 2080 2678 2100 ,
2704 2052 2876 2107 neque
2905 2035 3169 2090 hostiliter
3197 2036 3247 2088 in
3289 2035 3591 2104 proximum
3631 2033 3811 2089 affecti

2218 2131 2405 2184 simus.
2433 2129 2574 2184 Nihil
2599 2129 2764 2193 enim,
2793 2127 2924 2182 nihil
2950 2129 3128 2198 utique
3151 2127 3389 2181 omnium
3419 2125 3558 2181 Deus
3590 2126 3662 2180 ita
3697 2123 3814 2179 odit

2216 2228 2271 2274 et
2290 2229 2583 2286 aversatur,
2608 2227 2668 2273 ut
2693 2219 2960 2272 hominem
2985 2218 3200 2272 ultionis
3219 2216 3453 2281 avidum,
3477 2227 3532 2272 et
3552 2217 3604 2270 iu
3627 2215 3820 2270 animo

2219 2323 2316 2362 suo
2344 2318 2626 2377 perpetuas
2651 2306 2907 2362 adversus
2944 2307 3245 2375 proximum
3285 2316 3587 2362 servantem
3631 2306 3814 2360 inimi-

2217 2398 2390 2452 citias.
2417 2396 2649 2452 Tantum
2675 2397 2819 2452 enim
2843 2397 2958 2466 ejus
2975 2397 3186 2465 peccati
3215 2396 3467 2451 damnum
3497 2405 3600 2462 est,
3629 2405 3689 2450 ut
3715 2396 3818 2448 mi-

2221 2487 2567 2543 scricordiam
2611 2489 2704 2544 Dei
2747 2499 2962 2543 revocet
2987 2529 3002 2552 ,
3048 2503 3148 2544 nec
3191 2490 3366 2545 locum
3411 2488 3608 2544 habere
3647 2490 3812 2542 sinat.

2221 2578 2374 2647 Quod
2402 2587 2462 2633 ut
2487 2580 2688 2644 sciatis,
2713 2579 3072 2649 evangelicam
3102 2579 3256 2634 vobis
3284 2578 3584 2649 parabolam
3613 2579 3815 2646 refero,

2223 2670 2492 2737 quomodo
2522 2669 2613 2724 ille
2642 2669 2826 2724 decem
2866 2669 3088 2723 millium
3121 2669 3440 2724 talentorum
3469 2669 3700 2737 debitor,
3732 2687 3818 2726 re-

2226 2760 2532 2815 missionem
2551 2761 2787 2814 omnium
2803 2777 2832 2814 a
2845 2760 3062 2815 domino
3081 2769 3443 2829 consequutus
3461 2761 3548 2822 sit.
3565 2761 3817 2831 procidit,

2226 2859 2280 2905 et
2309 2850 2503 2906 oravit.
2548 2850 2896 2904 Misericordia
2934 2851 3078 2905 enim
3118 2861 3314 2914 motata,
3350 2850 3553 2920 inquit,
3581 2851 3821 2906 dominas

2229 2941 2336 3010 ejus
2358 2979 2374 3006 ,
2406 2942 2556 2995 etiam
2579 2940 2795 2994 debitam
2823 2940 2870 2994 ei
2896 2941 3086 2996 remisit
3115 2939 3326 3009 (lauit.
3362 2941 3446 2994 18.
3479 2941 3594 3009 27).
3625 2940 3820 2998 Vidisti

2227 3031 2646 3087 misericordiam
2667 3031 2908 3086 domini?
2934 3032 3029 3087 llle
3055 3033 3301 3102 procidit,
3323 3042 3376 3086 et
3405 3034 3609 3103 regsvit
3636 3044 3692 3088 ut
3712 3033 3824 3090 Ion-

2227 3121 2343 3190 gius
2373 3121 2474 3176 sibi
2501 3129 2707 3190 tempus
2733 3123 3104 3191 praefiniretur.
3139 3121 3445 3177 Patientiant
3470 3125 3598 3178 habe
3621 3126 3676 3179 iis
3705 3140 3787 3179 me
3804 3167 3823 3192 ,

2233 3211 2432 3280 inquit,
2463 3221 2509 3264 et
2535 3213 2702 3266 omnia
2727 3213 2818 3266 tibi
2839 3214 3067 3267 reddam.
3099 3213 3204 3269 Sed
3234 3214 3405 3269 bonus
3428 3214 3697 3279 dominus,
3730 3216 3827 3270 mi-

2232 3301 2462 3356 sericors
2484 3343 2499 3366 ,
2528 3303 2804 3372 nostrique
2830 3318 3012 3358 curam
3039 3317 3202 3373 agens
3221 3345 3236 3368 ,
3264 3303 3488 3373 supplici
3521 3304 3784 3374 propitius
3806 3345 3828 3371 ,

2236 3410 2338 3448 non
2382 3395 2551 3449 solum
2590 3405 2844 3465 quantum
2875 3396 3050 3465 petiit,
3083 3395 3177 3452 sed
3205 3407 3460 3467 quantum
3495 3413 3564 3452 ne
3589 3399 3830 3468 cogitare

2235 3485 2450 3553 quidem
2492 3499 2654 3540 ausus
2682 3486 2814 3553 fuit,
2846 3487 3011 3543 dedit.
3042 3487 3092 3541 ls
3121 3488 3266 3543 enim
3307 3487 3425 3557 ejus
3467 3502 3584 3544 mos
3617 3498 3736 3553 est,
3770 3499 3830 3546 ut

2237 3575 2412 3628 vincat
2435 3615 2449 3638 ,
2484 3584 2540 3630 et
2578 3577 2873 3645 praeveniat
2913 3577 3196 3647 petitiones
3235 3588 3465 3633 nostras.
3514 3578 3606 3633 lllo
3647 3580 3831 3650 itaque

2235 3672 2422 3719 orante
2450 3673 2509 3719 ut
2532 3668 2870 3722 severitatem
2901 3667 3146 3722 dominus
3175 3669 3503 3731 remitteret,
3527 3678 3582 3725 et
3606 3671 3833 3740 promit-

2239 3763 2382 3810 tente
2408 3755 2706 3811 soluturum
2735 3772 2794 3812 se
2815 3758 3016 3822 omnia,
3049 3757 3300 3814 dominus
3327 3759 3564 3816 bonitate
3586 3773 3683 3815 sua
3711 3761 3835 3816 vin-

2237 3859 2366 3900 cens
2387 3854 2565 3900 nostra
2591 3847 2803 3913 delicta,
2835 3847 3199 3904 misericordia
3225 3859 3420 3914 motus,
3449 3849 3653 3905 dimisit
3679 3865 3832 3919 eum,

2239 3933 2585 4005 debitumque
2614 3945 2780 3991 totum
2804 3937 2853 3992 ei
2880 3937 3102 3992 remisit.
3134 3938 3322 3995 Vidisti
3350 3939 3473 4008 quid
3503 3955 3692 3996 servus
3710 3958 3836 3996 ora-

2242 4026 2397 4092 verit,
2420 4034 2474 4080 et
2493 4037 2743 4096 quantum
2763 4029 2812 4082 ei
2834 4027 3082 4082 dominus
3099 4027 3396 4086 dimiserit?
3419 4031 3546 4084 Vide
3565 4045 3596 4086 e
3615 4031 3837 4087 diversa

2242 4125 2297 4170 et
2338 4117 2478 4172 servi
2520 4119 2851 4172 insolentiam
2883 4135 2897 4174 :
2926 4134 3048 4174 cum
3091 4119 3313 4176 deberet
3351 4121 3492 4175 cnim
3536 4121 3836 4178 secundum

2243 4216 2445 4264 tantam
2472 4208 2849 4277 benignitatem
2870 4220 2923 4264 et
2951 4211 3267 4266 ineﬁ‘abilem
3297 4213 3700 4268 beneficentiam
3729 4215 3836 4269 sibi

2242 4301 2552 4364 eshibitam,
2584 4311 2636 4355 et
2663 4302 2774 4370 ipse
2799 4317 2923 4372 erga
2951 4305 3247 4373 proximum
3275 4304 3412 4359 bene
3439 4305 3660 4361 affectus
3684 4321 3834 4374 esse,

2241 4394 2512 4448 contrario
2542 4409 2760 4462 prorsus
2784 4395 2944 4450 modo
2969 4411 3027 4450 se
3051 4395 3233 4464 gessit.
3260 4393 3509 4465 Egressus
3531 4399 3673 4451 enim
3699 4440 3714 4464 ,
3745 4399 3800 4453 in
3817 4429 3836 4440 -

2241 4487 2354 4554 quit
2379 4527 2394 4551 ,
2423 4486 2509 4539 ille
2537 4485 2556 4555 (
2577 4483 2658 4538 Ib.
2685 4502 2732 4538 υ.
2759 4487 2829 4540 28
2850 4486 2885 4555 ).
2917 4486 3004 4554 qui
3034 4485 3218 4540 decem
3255 4486 3476 4540 millium
3508 4486 3836 4543 talentorum

2244 4576 2611 4631 remissionem
2641 4587 2957 4644 assequutus
2995 4583 3130 4630 erat.
3159 4574 3382 4641 Audite,
3411 4576 3639 4632 obsecro
3661 4617 3677 4640 ,
3703 4579 3834 4633 dili-

2241 4678 2430 4734 genter
2457 4683 2469 4718 :
2497 4680 2614 4734 quae
2640 4664 2714 4718 illi
2741 4663 3068 4725 acciderunt,
3092 4663 3353 4720 sufficiunt
3377 4665 3441 4718 ad
3463 4667 3837 4736 corripienda

2244 4757 2451 4810 animas
2481 4765 2721 4818 nostras,
2749 4765 2804 4809 et
2832 4753 2898 4807 ad
2934 4753 3357 4822 persuadendum
3387 4764 3445 4810 ut
3469 4757 3686 4812 tollatur
3710 4773 3837 4827 grs-

2243 4848 2322 4899 vis
2358 4846 2444 4900 ille
2488 4845 2707 4898 morbus
2748 4860 2778 4898 c
2816 4853 2995 4900 mente
3033 4853 3235 4900 nostra.
3266 4844 3366 4900 Hic
3392 4845 3588 4916 igitur,
3619 4849 3834 4920 inquit,

2239 4953 2470 5010 egressus
2505 4937 2689 4990 invenit
2727 4953 2884 4989 unum
2912 4952 2938 4989 e
2965 4938 3214 4992 conservis
3259 4939 3363 4992 suis
3385 4979 3401 5003 ,
3433 4939 3520 5008 qui
3554 4939 3761 4994 debebat
3787 4944 3838 4996 si

2242 5037 2439 5081 τεηοναιι
2473 5027 2726 5080 denarios.
2760 5024 2894 5081 Vide
2921 5035 3175 5096 quantum
3206 5027 3446 5082 interest.
3487 5027 3584 5084 Hic
3612 5044 3834 5087 conser-

2245 5133 2339 5172 vos
2372 5115 2602 5171 debebat
2637 5125 2850 5171 centum
2882 5116 3162 5181 denarios,
3195 5115 3302 5172 illic
3326 5118 3576 5172 dominus
3601 5130 3719 5175 erat
3741 5121 3832 5192 qui

2246 5207 2513 5275 repetebat
2542 5206 2724 5261 decem
2753 5207 2917 5260 millia
2945 5207 3262 5261 talentorum
3290 5225 3304 5261 :
3332 5208 3680 5266 nihilominus
3707 5213 3836 5282 quia

2247 5297 2375 5351 vidit
2400 5296 2785 5366 supplicantem
2807 5307 2861 5351 et
2884 5306 3146 5364 orantem,
3173 5298 3391 5354 dimitit.
3418 5302 3485 5354 At
3510 5306 3611 5355 iste
3635 5301 3834 5369 Appre—

2247 5387 2455 5442 Itenssmt
2483 5403 2678 5440 servum
2703 5386 2983 5452 stt/Iombal
3004 5428 3016 5449 ,
3046 5389 3216 5442 dicens
3243 5406 3262 5442 .·
3291 5388 3465 5445 Redde
3492 5393 3614 5444 mihi
3638 5394 3683 5446 si
3710 5396 3836 5463 quid

2245 5478 2410 5533 debes.
2437 5477 2572 5546 Quid
2615 5478 2804 5547 igitur?
2838 5476 3148 5545 Procidens,
3179 5480 3381 5550 inquit,
3421 5499 3684 5536 conservus
3723 5487 3835 5555 ejus

2245 5567 2408 5638 (Ibid.
2437 5585 2484 5622 υ.
2513 5566 2631 5638 29).
2656 5566 2791 5624 Vide
2814 5569 3079 5637 quomodo
3106 5572 3331 5628 subinde
3357 5573 3679 5643 evangelista
3707 5591 3834 5632 vcr-

2247 5662 2392 5729 bunt,
2423 5660 2722 5724 Consertms,
2748 5671 2939 5724 versat,
2969 5678 3074 5718 non
3109 5672 3331 5731 temere,
3360 5665 3452 5721 sed
3482 5674 3537 5720 ut
3561 5667 3836 5725 discamus

2249 5751 2365 5807 illos
2400 5765 2556 5820 pares
2582 5751 2800 5810 omnino
2831 5749 3010 5808 fuisse.
3051 5753 3422 5813 Verumtamen
3460 5771 3756 5817 conservus
3784 5762 3837 5820 ei
