4054 6312
231 347 348 408 949

232 464 574 534 supplicatum
598 455 787 516 eodem
814 455 974 513 modo
993 497 1006 517 .
1039 468 1144 524 quo
1173 454 1262 507 ille
1286 461 1440 505 antea
1466 448 1684 502 domino
1703 487 1720 513 ,
1752 443 1832 499 di-
1899 514 1901 516 η

231 571 378 612 cons
403 595 417 608 .
454 553 760 607 Patientiant
780 547 906 602 habe
924 549 976 598 iu
998 561 1096 607 me,
1118 552 1164 596 et
1183 543 1352 595 omnia
1377 541 1462 592 tibi
1489 538 1718 592 reddam.
1743 535 1845 589 Ille

236 656 438 711 autem,
469 645 657 712 inquit,
681 656 931 712 egressus.
961 635 1173 702 coniecit
1202 634 1348 687 illum
1375 632 1426 683 in
1451 644 1726 692 currerent,
1750 627 1844 679 do-

239 753 342 790 na:
361 752 506 787 omne
529 734 745 786 debitum
769 729 862 783 sibi
886 735 1164 782 nunterarct
1183 722 1391 793 (Matth.
1418 722 1500 776 l8.
1524 721 1639 788 50).
1664 719 1708 772 0
1730 717 1845 770 ani-

241 842 396 879 mum
420 838 631 878 smnme
663 820 958 889 ingratum!
986 817 1160 869 adhuc
1189 812 1390 868 recenti
1417 811 1671 864 memoria
1698 817 1847 861 tene-

241 917 363 980 bat,
397 925 594 984 quanta
623 912 873 966 dominus
899 908 1213 962 liberalitate
1236 919 1418 957 secum
1445 910 1648 971 egerat,
1673 913 1845 966 neque

241 1009 330 1062 sic
357 1008 532 1072 aliqua
563 1002 1029 1058 commiseratione
1071 1007 1248 1050 motus
1276 1004 1359 1048 est
1389 1011 1402 1046 :
1435 992 1529 1046 sed
1563 992 1707 1052 prius
1730 989 1849 1058 qui-

242 1099 375 1154 dem
405 1095 722 1155 sull'ocabat,
749 1107 893 1146 nunc
917 1103 1046 1143 vero
1073 1089 1124 1141 in
1151 1101 1422 1141 carcerem
1449 1082 1701 1150 coniecit.

327 1189 377 1241 7.
411 1187 676 1241 ueterum
719 1183 834 1236 vide
863 1180 986 1250 quid
1027 1187 1278 1247 sequatur
1309 1193 1320 1228 :
1358 1175 1426 1229 Ut
1455 1174 1720 1231 viderunt.
1761 1172 1846 1224 in-

245 1280 390 1348 quit,
419 1277 645 1331 conservi
668 1276 827 1339 illius,
860 1271 1138 1324 contristati
1177 1277 1292 1322 sunt
1318 1284 1337 1322 :
1361 1278 1410 1321 et
1437 1279 1494 1318 ut
1521 1275 1760 1318 venerunt
1783 1263 1850 1316 ad

247 1369 519 1422 dammam
544 1383 709 1429 suum,
743 1381 847 1418 rem
873 1379 1068 1415 omnem
1100 1361 1423 1413 declararunt
1452 1355 1622 1425 (Ibid.
1653 1372 1700 1409 υ.
1732 1354 1846 1421 5|).

247 1461 371 1515 Non
401 1459 490 1512 ille
514 1458 729 1526 quidem
761 1455 847 1522 qui
877 1456 944 1507 ita
975 1453 1112 1505 male
1138 1451 1358 1505 allectus
1382 1456 1531 1514 erat,
1563 1446 1855 1519 (quomodo

249 1551 401 1605 enim
431 1549 710 1618 potuisset.
745 1547 796 1599 in
826 1559 1094 1599 carcerem
1124 1543 1394 1611 conjectns
1412 1541 1460 1608 ?)
1486 1541 1578 1593 sed
1606 1539 1692 1592 alii
1718 1553 1852 1592 cnn-

253 1641 426 1702 servi.
450 1650 506 1695 et
531 1640 620 1708 qui
651 1637 792 1691 nulla
823 1635 1012 1704 injuria
1038 1633 1233 1699 allecti,
1258 1633 1406 1702 quasi
1437 1633 1625 1698 injuria
1654 1629 1852 1693 affecti,

254 1732 331 1784 ita
361 1730 537 1786 maesti
568 1738 719 1782 erant
741 1770 755 1792 ,
785 1727 1166 1794 dominumque
1194 1724 1453 1779 adeuntes
1475 1762 1492 1788 ,
1525 1738 1637 1776 rem
1671 1737 1856 1774 naria-

257 1831 473 1874 verunt.
507 1818 623 1873 iam
656 1817 776 1871 vide
801 1815 1003 1869 domini
1043 1815 1479 1883 indignationem.
1511 1812 1653 1865 Tunc
1681 1829 1856 1864 arcet-

253 1913 357 1964 sito
383 1928 461 1974 eo,
493 1909 686 1977 inquit,
715 1909 833 1961 dicit
857 1923 878 1960 :
903 1906 1058 1961 Serve
1083 1921 1294 1974 nequam
1317 1904 1476 1976 (Ibid.
1500 1919 1546 1956 υ.
1579 1903 1691 1973 52).
1719 1903 1858 1958 Vere

255 2001 348 2055 hic
376 2000 556 2054 videre
597 2000 718 2052 licet
745 2013 904 2066 quant
942 1998 1295 2065 perniciosum
1325 1996 1395 2049 sit
1425 1994 1733 2062 iniuriarum
1767 2009 1856 2046 re-

258 2092 494 2145 minisci.
515 2090 778 2157 Quoniam
804 2103 927 2143 cum
959 2087 1146 2141 decem
1181 2087 1338 2139 millia
1370 2086 1561 2139 talenta
1590 2085 1855 2154 exigebat,

259 2197 371 2234 non
417 2179 626 2234 vocavit
671 2193 794 2234 eum
834 2177 1029 2231 malum
1060 2193 1074 2230 :
1106 2175 1199 2230 sed
1236 2189 1411 2238 nunc,
1445 2189 1567 2228 cum
1597 2188 1862 2228 conservo

256 2269 496 2324 crudelis
536 2269 654 2329 fuit.
692 2269 846 2324 Serve
875 2283 1107 2337 nequam,
1140 2266 1334 2336 inquit,
1362 2281 1507 2318 omne
1533 2265 1750 2319 debitum
1780 2280 1862 2318 re-

260 2363 380 2415 misi
410 2363 534 2426 tibi,
562 2362 682 2432 quia
710 2362 898 2430 rogasti
927 2377 1024 2414 me.
1054 2360 1187 2413 Vide
1214 2361 1486 2428 quomodo
1512 2359 1747 2412 declarat
1777 2358 1860 2410 in-

267 2460 484 2520 gentem
515 2454 631 2518 ejus
669 2452 946 2506 malitiam.
982 2450 1117 2504 Num
1151 2449 1348 2519 aliquid
1386 2450 1613 2519 amplius
1653 2449 1862 2504 fecisd?

262 2541 455 2608 inquit.
485 2540 674 2596 Nonne
700 2542 921 2611 paucula
954 2551 1155 2594 tantum
1187 2541 1346 2594 verba
1369 2540 1570 2602 dixisti.
1599 2550 1654 2595 et
1681 2555 1864 2594 susce-

263 2639 354 2698 pta
393 2632 650 2698 petitione
689 2641 777 2684 tua
815 2640 981 2684 totqu
1025 2631 1152 2685 illud
1198 2631 1402 2700 grande
1441 2639 1496 2685 et
1537 2631 1859 2685 immensum

261 2721 502 2775 debitum
527 2721 740 2776 remisi?
767 2719 954 2774 Nonne
972 2731 1021 2774 et
1043 2732 1088 2774 te
1112 2722 1338 2776 misereri
1357 2721 1614 2791 oportebat
1638 2721 1861 2774 conservi

203 2885 205 2887 ι
262 2811 339 2865 tui
357 2854 372 2877 ,
403 2814 534 2866 sicut
555 2822 603 2866 et
632 2828 724 2881 ego
752 2813 828 2865 tui
866 2812 1100 2866 misertus
1135 2827 1246 2864 sum
1285 2813 1305 2880 (
1325 2809 1461 2864 Ibid.
1493 2827 1540 2864 υ.
1573 2812 1722 2882 53)?
1746 2813 1860 2878 Qua

261 2904 460 2973 dignus
484 2906 592 2958 eris
620 2904 794 2968 venia,
821 2904 866 2958 si
885 2919 988 2974 ego
1010 2904 1256 2959 dominus
1283 2914 1404 2958 tuus
1424 2915 1626 2959 tantum
1653 2905 1863 2976 pondus

267 2994 570 3048 debitorum
606 3004 826 3063 propter
864 2995 950 3049 illa
989 2995 1128 3048 nuda
1157 2995 1316 3049 verba
1342 2994 1518 3049 dimisi
1551 3013 1565 3049 :
1597 3005 1653 3049 tu
1681 3004 1859 3049 autem

262 3083 511 3138 conservi
544 3086 649 3146 tui,
684 3086 774 3152 qui
805 3093 888 3138 est
911 3085 1150 3153 ejusdem
1183 3094 1419 3150 naturas,
1449 3100 1555 3138 non
1582 3100 1642 3138 es
1669 3086 1861 3139 miser-

266 3183 354 3226 tus
372 3214 390 3238 ,
420 3188 592 3242 neque
622 3173 820 3227 inﬂecti
853 3173 1068 3241 potuisti
1093 3215 1109 3239 ,
1139 3189 1310 3242 neque
1339 3176 1648 3228 recordatus
1673 3190 1860 3229 eorum

261 3277 388 3330 qua:
416 3277 448 3315 a
475 3277 561 3315 me
585 3261 678 3315 tibi
703 3277 958 3316 concessa
988 3273 1134 3328 sunt,
1158 3264 1316 3317 ullam
1338 3264 1862 3320 commiserationem

266 3369 381 3421 pra:
413 3363 464 3407 te
492 3353 688 3419 tulisti,
717 3353 811 3410 sed
844 3354 1165 3410 inhumanus
1190 3355 1331 3410 fuisti
1357 3367 1411 3411 et
1434 3357 1666 3412 crudelis
1685 3399 1698 3420 ,
1729 3374 1863 3412 con-

261 3443 520 3512 servique
541 3444 784 3499 misereri
810 3445 1067 3498 noluisti?
1095 3445 1293 3500 Idcirco
1316 3446 1404 3500 hic
1427 3448 1638 3504 tandem
1667 3466 1725 3504 re
1748 3450 1862 3518 ipsa

261 3535 446 3589 disces
465 3544 790 3604 quantornm
821 3537 913 3590 tibi
943 3537 1041 3606 ipsi
1073 3538 1333 3592 malorum
1364 3548 1551 3594 auctor
1580 3540 1764 3595 fueris.
1795 3540 1863 3595 Et

261 3629 428 3679 iratas
455 3627 691 3679 dominus
717 3629 860 3697 ejus,
889 3628 1097 3680 tradidit
1134 3629 1279 3681 illum
1317 3630 1586 3684 tortoribus
1612 3629 1782 3694 (Ibid.
1812 3647 1862 3684 υ.

261 3716 386 3786 54).
439 3716 569 3772 Vide
611 3728 668 3771 et
712 3734 853 3774 nunc
899 3720 1069 3789 ipsum
1119 3721 1273 3775 irasci
1313 3721 1384 3774 ob
1425 3721 1864 3778 inhumanitatem

234 3820 392 3874 \erga
416 3819 629 3860 servum
647 3815 702 3861 et
722 3808 1012 3862 tortoribus
1038 3810 1182 3865 illum
1205 3810 1415 3867 tradere
1439 3829 1453 3865 :
1483 3812 1534 3867 id
1555 3816 1694 3883 quod
1719 3815 1864 3882 prius

261 3910 378 3948 nam
418 3895 571 3959 fecit,
607 3911 731 3950 cum
763 3906 841 3951 tot
873 3897 1173 3953 debitorum
1203 3916 1329 3956 reus
1361 3912 1538 3968 esset,
1569 3918 1710 3957 nunc
1750 3906 1863 3959 fieri

265 3984 438 4050 iubet.
469 3983 702 4040 Tradidit
727 3989 870 4042 enim
899 3989 1045 4042 illum
1072 3993 1374 4056 tortoribus,
1400 3995 1559 4047 donec
1594 4013 1742 4048 omne
1773 3997 1864 4052 deo

262 4076 428 4129 bima
457 4077 690 4130 redderet
713 4094 738 4131 :
759 4078 931 4134 donec
948 4118 964 4141 ,
998 4081 1197 4148 inquit,
1225 4081 1410 4138 decem
1438 4082 1601 4137 millia
1632 4087 1827 4143 talenta
1848 4126 1867 4152 ,

263 4180 392 4231 qua!
414 4163 526 4233 jam
559 4168 781 4222 remissa
809 4179 994 4236 erant,
1020 4169 1403 4227 dinumeraret.
1435 4173 1620 4244 Magna
1650 4185 1706 4229 et
1732 4177 1868 4230 inef-

267 4253 450 4307 fabilis
481 4253 571 4308 Dei
597 4256 882 4312 clementia
915 4275 929 4310 :
959 4274 1080 4313 cum
1122 4261 1234 4329 ipse
1261 4262 1477 4331 quidem
1503 4265 1739 4318 debitum
1783 4281 1868 4319 re-

266 4352 514 4410 peteret,
529 4345 595 4398 ad
623 4346 793 4400 nudas
824 4355 1024 4401 tantum
1055 4365 1240 4418 preces
1267 4360 1434 4405 totum
1459 4355 1680 4407 remittit
1706 4371 1719 4406 :
1743 4371 1863 4409 cum

265 4441 453 4486 autem
481 4433 534 4487 iu
560 4449 875 4489 conservum
916 4437 1059 4492 videt
1095 4439 1364 4494 crudelem
1393 4451 1448 4495 et
1475 4442 1821 4498 inhumanum
1847 4487 1866 4509 ,

267 4533 428 4574 suam
459 4532 679 4577 revocat
708 4525 1111 4593 liberalitatem,
1141 4539 1443 4584 monstrans
1470 4532 1542 4585 illi
1573 4549 1638 4587 ex
1671 4549 1730 4588 re
1752 4536 1865 4604 ipsa

266 4624 383 4676 quo
412 4621 566 4678 pacto
593 4628 698 4667 non
728 4628 833 4669 tam
864 4617 1034 4682 illum,
1061 4633 1217 4688 quam
1245 4636 1304 4673 se
1334 4621 1505 4689 ipsum
1532 4623 1861 4679 oll'endisset.

269 4701 342 4754 Et
371 4700 510 4755 sicut
550 4702 638 4757 ille
665 4718 985 4759 conservum
1020 4708 1073 4760 in
1110 4724 1380 4763 carcerem
1411 4714 1666 4780 conjecit,
1696 4715 1867 4772 donec

268 4789 517 4844 debitum
544 4792 828 4847 redderet:
857 4795 924 4848 ita
950 4804 1004 4848 et
1033 4797 1145 4863 ipse
1173 4801 1463 4854 tortoribus
1493 4804 1736 4869 traditur,
1766 4805 1866 4858 do-

270 4894 380 4934 nec
413 4881 555 4948 quod
589 4881 816 4936 debebat
855 4896 1177 4940 numeraret.
1209 4886 1334 4942 illoc
1359 4898 1535 4944 autem
1565 4908 1673 4946 non
1696 4894 1763 4948 de
1788 4903 1869 4948 ta-

273 4969 444 5025 lentis
462 4978 514 5024 et
533 4970 762 5024 denariis
786 4974 1097 5042 simpliciter
1117 4977 1269 5042 dixit,
1293 4979 1385 5031 sed
1407 4979 1476 5034 de
1502 4985 1732 5050 peccatis
1754 4994 1869 5039 erat

271 5073 462 5113 sermo
485 5068 541 5113 et
567 5058 884 5116 delictorum
924 5066 1284 5129 magnitudine
1303 5107 1319 5131 ,
1347 5077 1405 5121 ut
1431 5069 1698 5126 discamus
1721 5113 1737 5140 ,
1772 5088 1869 5128 nos

273 5150 495 5216 quidem
529 5152 853 5206 infinitarum
898 5166 1235 5219 peccatorum
1280 5172 1464 5224 pennas
1510 5160 1733 5217 Domine
1769 5163 1867 5218 dc-

275 5243 499 5304 ltentes,
530 5253 745 5311 propter
776 5245 1096 5300 ineffabilem
1130 5248 1267 5301 illius
1294 5252 1711 5308 misericordiam
1732 5298 1747 5321 ,
1779 5272 1868 5311 re-

277 5332 595 5386 missionem
638 5334 705 5386 ab
746 5333 861 5400 ipso
898 5337 1161 5404 accipere.
1192 5337 1248 5391 Si
1276 5354 1403 5392 vero
1431 5358 1551 5410 erga
1582 5358 1871 5401 conservos

277 5432 334 5474 et
366 5422 661 5490 proximos,
689 5434 742 5476 et
770 5439 884 5488 eos,
915 5427 1002 5494 qui
1041 5429 1281 5482 eamdem
1311 5445 1470 5498 quam
1504 5448 1599 5486 nos
1629 5444 1868 5489 naturam

276 5513 455 5568 sortiti
481 5522 644 5579 sunt,
671 5515 919 5570 crudeles
946 5527 1000 5570 et
1039 5516 1310 5574 inhumani
1357 5520 1609 5579 fuerimus
1632 5564 1645 5588 ,
1676 5534 1730 5580 et
1751 5542 1870 5594 qua:

279 5607 337 5660 in
370 5621 468 5658 nos
496 5607 783 5662 commissa
813 5619 933 5662 sunt
975 5625 1080 5663 non
1110 5609 1470 5668 dimiserimus
1492 5655 1505 5675 ,
1538 5615 1633 5671 sed
1676 5631 1772 5685 pro
1812 5633 1870 5672 re

281 5699 467 5755 frivola
493 5700 707 5756 molesti
734 5699 986 5763 fuerimus
1012 5702 1286 5772 (quantum
1318 5706 1459 5758 enim
1489 5705 1707 5762 interest
1732 5709 1869 5765 iutc'r

1295 337 1359 394 IN
1397 334 1547 393 ωτι.
1593 330 1684 388 Ix.
1712 330 1956 388 assus.
1999 288 2226 384 non.
2272 322 2485 382 xxvu.

3437 312 3547 368 950

1947 451 2162 496 centum
2189 439 2438 493 denarios
2459 477 2476 501 ,
2507 445 2561 491 et
2587 434 2773 489 decem
2804 430 2968 486 millia
2996 431 3193 484 talenta
3220 470 3233 494 ,
3262 438 3466 483 tantum
3491 437 3548 482 et

1950 536 2090 588 inter
2110 548 2170 588 ea
2198 548 2316 600 quae
2346 546 2443 584 nos
2471 530 2522 582 in
2555 527 2838 582 Dominum
2858 567 2873 590 ,
2901 534 2956 578 et
2981 538 3042 579 ea
3067 537 3185 592 qua:
3213 535 3550 592 congeneres

1951 627 2002 680 in
2032 640 2129 679 nos
2153 621 2534 692 deliquerunt),
2562 630 2684 672 tunc
2710 626 2763 673 et
2792 631 2891 671 nos
2917 616 2969 669 in
3000 614 3415 683 indignationem
3445 611 3552 665 Due

1951 716 2078 768 mini
2111 713 2435 774 incidemus,
2463 719 2517 765 et
2555 724 2618 764 ea
2648 723 2766 778 qua!
2792 707 2902 776 jam
2932 715 3087 760 antea
3118 703 3338 758 dimissa
3365 710 3554 766 erant,

1951 808 2160 860 solvere
2197 806 2390 860 iterum
2431 804 2482 857 in
2525 803 2807 856 tormentis
2844 813 3115 867 cogemur.
3151 797 3321 850 Porro
3347 802 3404 847 ut
3433 793 3555 847 dili-

1951 909 2139 969 genter
2175 897 2443 952 discamus
2489 894 2794 963 parabolam
2839 892 2975 945 hanc
3014 890 3083 944 ob
3120 890 3418 942 animarum
3450 902 3552 940 no.

1954 1002 2185 1044 stt-arum
2211 990 2436 1059 salutem
2466 1002 2495 1038 a
2526 987 2753 1040 Domino
2780 982 3087 1046 adductam,
3120 981 3242 1034 audi
3271 994 3392 1049 qum
3420 977 3552 1032 infe.

1954 1090 2144 1135 runtur
2170 1097 2183 1133 :
2212 1079 2301 1134 Sic
2324 1089 2372 1132 et
2406 1078 2557 1131 Pater
2581 1087 2740 1129 vester
2765 1074 2975 1128 caelestis
3003 1073 3158 1141 faciet
3175 1072 3330 1140 uobis.
3355 1069 3555 1139 inquit,

1953 1174 1998 1225 si
2044 1188 2144 1224 non
2194 1170 2533 1238 unusquisque
2581 1166 2728 1237 fratri
2776 1182 2866 1218 suo
2917 1163 3206 1217 remiseritis
3250 1179 3276 1214 e
3319 1161 3558 1214 cordibus

1956 1265 2129 1316 vestris
2157 1263 2339 1316 delicta
2365 1262 2568 1314 illorum
2593 1258 2611 1329 (
2637 1257 2818 1311 Matth.
2847 1256 2932 1310 18.
2963 1255 3033 1311 55
3052 1253 3096 1327 ).
3125 1253 3370 1323 Magnum
3399 1266 3556 1322 para.

1958 1355 2092 1408 bolze
2121 1354 2348 1414 lucrum,
2383 1351 2540 1403 modo
2570 1348 2845 1402 attendere
2870 1347 3219 1401 voluerimus.
3247 1343 3382 1408 Quid
3408 1342 3558 1397 enim

1961 1454 2163 1497 tantum
2197 1443 2489 1510 poterimus
2510 1439 2800 1502 dimittere,
2823 1448 3075 1506 quantum
3104 1436 3258 1489 nobis
3277 1450 3308 1488 a
3332 1433 3559 1487 Dotuino

1959 1533 2280 1588 dimittitur?
2311 1533 2379 1586 Et
2413 1547 2510 1585 nos
2539 1531 2754 1599 quidem
2802 1530 2845 1582 si
2893 1529 2994 1581 boc
3034 1526 3394 1590 voluerimus,
3423 1540 3559 1580 oon-

1959 1627 2127 1682 servis
2158 1626 2510 1689 remittimus;
2544 1623 2641 1692 ipsi
2684 1638 2811 1676 vero
2848 1637 2876 1673 a
2917 1622 3141 1673 Domino
3185 1620 3559 1674 remissionem

1959 1716 2270 1786 accipimus.
2304 1715 2374 1768 Et
2410 1714 2532 1768 vide
2571 1723 2626 1765 ut
2667 1712 2953 1780 diligenter
2987 1710 3193 1779 singula
3234 1716 3357 1761 sunt
3393 1707 3561 1762 dicta.

1964 1806 2078 1860 Non
2111 1806 2252 1860 enim
2281 1805 2416 1859 dixit
2455 1805 2797 1872 simpliciter,
2825 1802 2881 1858 Si
2913 1818 3018 1856 non
3046 1801 3356 1856 dimiseritis
3383 1801 3561 1854 homi-

1962 1897 2360 1968 nibuspcccata
2395 1912 2407 1945 :
2440 1894 2557 1956 sed,
2590 1893 2652 1947 Si
2681 1909 2781 1947 non
2813 1893 3154 1963 unusquisque
3181 1893 3328 1962 fratri
3354 1907 3450 1945 suo
3480 1908 3560 1945 re-

1962 1991 2197 2044 miseritis
2216 2006 2244 2043 e
2262 1989 2495 2043 cordibus
2518 1989 2692 2042 vestris
2717 1987 2902 2041 delicta
2924 1986 3148 2064 illorum.
3175 1985 3406 2040 Adverte
3427 2000 3560 2055 quo—

1963 2083 2122 2138 modo
2166 2082 2277 2135 vult
2328 2096 2422 2135 cor
2471 2091 2714 2134 nostrum
2762 2080 2813 2133 in
2859 2080 3039 2148 quiete
3079 2088 3135 2134 et
3182 2079 3563 2149 tranquillitate

1963 2189 2101 2231 esse.
2124 2183 2177 2227 ct
2205 2182 2436 2226 mentem
2469 2181 2705 2226 nostram
2734 2184 2764 2222 a
2794 2169 3280 2240 perturbationibus
3308 2170 3563 2235 alienam,

1964 2265 2437 2334 all‘ectionibttsqne
2471 2264 2723 2317 omnibus
2751 2263 2972 2316 liberam
2992 2303 3008 2330 ,
3042 2263 3436 2332 plurimumque
3464 2279 3566 2317 nos

1964 2372 2088 2427 erga
2117 2357 2413 2426 proximum
2441 2355 2745 2412 dilectionis
2771 2356 3004 2411 studium
3035 2355 3334 2414 declarare.
3365 2355 3428 2409 Et
3458 2357 3567 2409 a'io

1963 2463 2178 2516 quoque
2207 2447 2323 2501 loco
2353 2447 2544 2501 iterum
2578 2445 2847 2502 dicentem
2887 2445 3078 2500 audire
3113 2445 3239 2500 licet
3267 2462 3281 2498 :
3317 2445 3377 2500 Si
3407 2445 3564 2498 dimi-

1962 2539 2126 2592 seritis
2151 2538 2434 2591 hominibus
2459 2537 2646 2591 delicta
2671 2538 2900 2601 illorum,
2927 2537 3145 2591 dimittet
3167 2545 3216 2590 et
3242 2537 3378 2601 vobis
3407 2535 3565 2590 Pater

1963 2637 2120 2682 vester
2143 2628 2355 2682 celestis
2382 2627 2597 2698 (Matth.
2626 2627 2680 2681 6.
2712 2628 2820 2696 14).
2850 2626 2930 2681 Ne
2957 2626 3114 2697 igitur
3138 2635 3405 2695 putemus,
3437 2627 3568 2680 dans

1966 2720 2068 2773 boc
2093 2719 2336 2781 facimus,
2364 2733 2464 2772 nos
2487 2717 2642 2772 alteri
2667 2717 2979 2786 gratificari,
3001 2725 3093 2771 aut
3119 2731 3369 2786 magnum
3396 2717 3566 2786 quod-

1964 2810 2084 2865 dam
2112 2810 2424 2866 bent-licium
2451 2810 2588 2877 apud
2613 2809 2762 2862 illum
2789 2809 3079 2877 deponere.
3102 2807 3233 2862 Nam
3258 2809 3356 2877 ipsi
3377 2823 3566 2862 situmst

1964 2902 2054 2971 qui
2099 2901 2358 2957 beneficio
2401 2900 2653 2961 fruimur,
2693 2907 2749 2954 et
2790 2901 3018 2953 multum
3068 2899 3201 2953 lucri
3249 2898 3371 2953 inde
3410 2900 3567 2954 nobis

1964 2989 2312 3044 conciliamus
2345 3005 2358 3041 :
2388 2989 2525 3041 sicut
2551 2988 2711 3041 etiam
2740 2988 2784 3040 si
2813 2985 2916 3040 hoc
2942 3002 3048 3041 non
3089 2985 3376 3042 fecerimus
3396 3028 3414 3053 ,
3444 3003 3565 3042 om-

1966 3077 2094 3131 nino
2123 3075 2251 3130 nihil
2287 3091 2382 3131 eos
2412 3076 2605 3130 Ia‘dere
2645 3076 2941 3145 poterimus
2963 3117 2979 3143 ,
3017 3077 3171 3132 nobis
3217 3077 3348 3146 ipsis
3383 3086 3568 3132 autem

1967 3167 2352 3222 intolerabilem
2380 3166 2638 3235 gehennae
2667 3180 2879 3235 pennam
2905 3163 3177 3238 paramus.
3210 3166 3433 3234 Idcirco,
3468 3170 3566 3224 ob-

1966 3273 2120 3314 secro
2142 3300 2158 3324 ,
2186 3269 2244 3312 ut
2270 3260 2567 3326 cegitantes
2591 3258 2708 3313 haec
2728 3300 2744 3323 ,
2776 3274 3064 3329 numquam
3095 3260 3437 3316 aduri-Hamus
3462 3303 3478 3329 ,
3507 3271 3567 3319 ut

1966 3366 2150 3405 eorum
2186 3351 2274 3420 qui
2307 3365 2405 3404 nos
2432 3350 2818 3406 contristarmt‘t
2840 3391 2856 3414 ,
2895 3349 2982 3405 vel
3019 3350 3151 3405 alias
3191 3352 3566 3419 ollendcrunt,

1967 3443 2173 3511 injuria:
2211 3443 2652 3508 rcminiscamur,
2682 3442 2770 3497 vel
2814 3443 3033 3498 inimico
3061 3444 3240 3498 animo
3276 3460 3399 3514 erga
3444 3445 3571 3501 illos

1966 3533 2260 3588 afficiantur
2287 3550 2300 3585 :
2331 3533 2424 3589 sed
2459 3533 2864 3588 considerantes
2888 3544 3081 3604 quanta
3125 3533 3227 3590 hoc
3256 3535 3410 3590 nobis
3435 3537 3571 3592 affe-

1967 3635 2050 3678 rat
2091 3623 2346 3679 beneficia
2371 3665 2386 3688 ,
2419 3633 2472 3678 et
2499 3633 2749 3694 quautam
2779 3625 2919 3695 apud
2963 3624 3244 3680 Dominum
3276 3624 3569 3693 fiduciam;

1967 3726 2022 3771 et
2057 3727 2180 3770 ante
2216 3717 2393 3770 omnia
2415 3757 2428 3781 ,
2460 3716 2602 3787 quod
2630 3716 2967 3771 reconciliari
2995 3731 3117 3771 cum
3149 3717 3214 3771 iis
3240 3719 3329 3789 qui
3359 3733 3459 3773 nos
3486 3719 3570 3774 in-

1963 3809 2101 3878 juria
2130 3807 2377 3873 aﬂecerc,
2404 3814 2743 3878 peccatorum
2768 3816 3073 3862 nostrorum
3096 3809 3403 3878 absumptio
3419 3826 3568 3880 (μιςιεο

1967 3900 2089 3953 dam
2121 3897 2190 3952 sit
2223 3917 2236 3952 :
2264 3897 2574 3953 festinemus
2610 3906 2664 3954 et
2701 3897 3018 3953 anhelemus
3055 3906 3114 3953 ut
3152 3908 3396 3969 paratum
3443 3901 3572 3958 inde

1967 3989 2171 4043 lucrum
2202 3996 2532 4057 reputantes,
2563 3997 2670 4042 tam
2696 3986 2923 4041 officiosi
2955 3987 3006 4040 in
3035 4003 3130 4042 eos
3159 3989 3325 4042 simus
3349 3988 3440 4057 qui
3469 4005 3569 4043 nos

1969 4079 2326 4143 otl'endcrnnt,
2352 4094 2509 4148 quam
2537 4092 2721 4131 sumus
2747 4078 2800 4132 in
2829 4093 2923 4132 eos
2949 4079 3040 4150 qui
3067 4094 3193 4134 vere
3221 4079 3379 4134 nobis
3405 4080 3572 4136 benc-

1972 4171 2186 4226 facinnt.
2218 4171 2350 4226 Nam
2388 4171 2433 4225 si
2464 4173 2732 4239 sapimus,
2762 4187 2874 4224 non
2897 4171 2967 4225 ita
2998 4170 3152 4224 nobis
3183 4170 3438 4240 prodesse
3470 4189 3568 4242 po-

1971 4274 2145 4319 terunt
2177 4265 2264 4335 qui
2294 4263 2536 4319 benevoli
2568 4262 2620 4316 in
2651 4278 2752 4317 nos
2784 4272 2910 4318 sunt
2936 4272 2991 4317 et
3021 4263 3284 4317 demereri
3314 4265 3528 4332 cupiunt
3548 4305 3568 4329 ,

1973 4369 2026 4410 nt
2057 4358 2279 4412 istorum
2306 4357 2481 4410 cultus
2511 4366 2564 4410 et
2592 4355 2896 4410 observatio
2920 4355 3159 4410 divinum
3190 4355 3426 4410 favorem
3468 4373 3569 4410 no-

1972 4447 2051 4499 bis
2080 4445 2402 4510 conciliabit,
2435 4459 2638 4513 nosque
2665 4444 2876 4497 sarcina
2902 4455 3241 4513 peccatorum
3274 4445 3491 4499 levabit.

2042 4536 2093 4587 8.
2122 4534 2200 4588 De
2227 4535 2631 4587 reconciliatione
2650 4543 2699 4586 et
2716 4549 2888 4586 amore
2905 4533 3244 4587 inimicorum.
3264 4562 3336 4575 -—
3354 4536 3566 4604 Cogita,

1971 4624 2217 4689 obsecro,
2251 4623 2469 4687 dilecte,
2496 4633 2688 4692 quanta
2716 4623 2786 4676 sit
2813 4623 2970 4692 hujus
2999 4623 3207 4677 virtutis
3236 4624 3568 4695 magnitudo.

1972 4723 2026 4768 et
2053 4714 2198 4768 disce
2223 4714 2306 4767 vel
2337 4729 2404 4766 ex
2447 4713 2681 4781 praemiis
2719 4728 2839 4783 quae
2883 4721 3103 4782 propter
3145 4714 3289 4768 illam
3330 4716 3573 4770 uniuersi

1978 4806 2233 4862 Dominus
2262 4806 2524 4874 promisit.
2553 4805 2685 4858 Nam
2711 4820 2832 4859 cum
2859 4805 3081 4860 dixisset
3112 4823 3124 4860 :
3158 4805 3368 4878 Diligite
3393 4809 3568 4861 inimi-

1965 4917 2053 4953 cos
2077 4912 2281 4966 vestros,
2307 4901 2578 4954 benedicite
2597 4903 2668 4955 eis
2691 4901 2784 4971 qui
2804 4912 3168 4968 persequuntur
3188 4917 3292 4964 vos,
3317 4915 3455 4959 orate
3476 4920 3574 4971 pro

1973 4991 2399 5044 calumniantibus
2426 5007 2510 5044 vos
2534 4989 2746 5064 (Matth.
2770 4989 2822 5046 5.
2852 4990 2944 5059 μ)
2975 5009 2987 5041 :
3014 4992 3135 5061 quia
3167 4991 3415 5047 sublimia
3446 5004 3571 5048 sunt

1974 5091 2236 5150 praecepta
2259 5120 2274 5143 ,
2313 5094 2688 5148 summumque
2728 5080 2980 5134 verticem
3015 5081 3281 5149 tangentia
3303 5123 3318 5142 ,
3353 5082 3520 5151 inquit
3553 5099 3570 5136 :

1978 5171 2045 5225 Ut
2076 5171 2358 5240 cﬂiciamini
2381 5170 2568 5224 similes
2599 5169 2746 5222 Patri
2768 5179 2947 5232 vestro,
2969 5170 3056 5241 qui
3084 5171 3135 5223 in
3161 5170 3297 5224 cclis
3316 5182 3389 5225 est
3415 5173 3571 5239 :quia

1974 5260 2129 5314 solem
2157 5277 2306 5312 suum
2327 5260 2451 5311 oriri
2472 5260 2592 5329 facit
2620 5275 2770 5327 super
2798 5259 2954 5313 bonos
2978 5269 3031 5313 et
3050 5261 3236 5324 malos,
3260 5271 3305 5313 et
3332 5261 3459 5329 pluit
3483 5278 3574 5314 suo

1976 5369 2062 5419 pt’r
2097 5354 2260 5418 justas
2295 5359 2339 5402 et
2375 5349 2590 5418 injustas
2624 5347 2800 5417 (Ibid.
2834 5365 2881 5403 υ.
2923 5349 3036 5418 ιδ).
3081 5349 3270 5403 Vidisti
3312 5359 3568 5420 quantum

1977 5442 2192 5494 facultas
2214 5439 2315 5493 fert
2336 5440 2588 5503 humana,
2607 5439 2687 5492 cui
2706 5439 2893 5493 similis
2915 5440 3006 5492 fiat
3025 5440 3111 5508 qui
3136 5456 3240 5493 non
3263 5441 3435 5494 solum
3461 5455 3569 5494 non

1978 5532 2248 5584 ulciscitur
2273 5545 2395 5584 eum
2424 5531 2512 5599 qui
2552 5530 2804 5593 offendit,
2834 5531 2927 5584 sed
2955 5541 3008 5584 et
3037 5545 3132 5598 pro
3163 5545 3228 5583 eo
3256 5543 3412 5582 orare
3451 5538 3572 5581 stu-

1975 5623 2106 5676 det?
2140 5621 2215 5676 Ne
2257 5622 2414 5690 igitur
2443 5620 2760 5689 negligentia
2789 5631 2969 5673 nostra
2999 5620 3195 5673 talibus
3227 5632 3326 5672 nos
3356 5616 3572 5672 fraude-

1981 5727 2097 5766 mus
2142 5711 2293 5765 bonis
2314 5749 2329 5777 ,
2366 5721 2420 5764 et
2450 5709 2680 5779 pra-nnis
2704 5725 2821 5776 qua:
2847 5723 3062 5764 omnem
3089 5722 3394 5764 sermonem
3422 5714 3570 5762 tran-
