4054 6312
516 280 615 334 951

520 391 778 446 scendunt
795 407 805 442 :
822 385 914 440 sed
943 385 1112 440 modis
1138 382 1382 437 omnibus
1407 379 1529 432 boni
1562 375 1715 441 hujus
1740 369 1912 440 operis
1937 365 2085 419 nobis

520 497 647 534 cura
679 480 781 543 sit,
810 487 1135 548 cogaturque
1155 483 1208 529 et
1231 472 1500 527 erudiatur
1525 482 1673 522 mens
1698 475 1752 518 ut
1782 469 1961 533 pareat
2001 457 2092 510 Dei

526 569 828 639 prteceptis.
859 568 989 622 Nam
1021 574 1295 635 pr0pterea
1327 561 1462 615 hanc
1485 555 1894 613 admonitionem
1921 560 1972 603 et
1996 563 2094 617 ego

527 676 670 717 nunc
693 660 792 715 fcci
812 702 827 724 ,
859 671 912 715 et
941 656 1240 727 parabolam
1267 655 1320 708 in
1342 651 1572 706 medium
1600 647 1749 702 attuli
1774 662 1787 706 ;
1821 652 1872 697 et
1900 650 2093 710 quanta

530 754 601 807 sit
647 751 802 819 hujus
847 750 965 803 boni
1009 748 1186 814 operis
1229 742 1574 814 magnitudo,
1601 748 1654 792 et
1686 744 1936 806 quantum
1975 728 2097 784 inde

532 843 735 893 lucrum
767 839 917 893 nobis
951 845 1240 900 accrescat,
1270 833 1499 897 ostendi,
1536 839 1590 883 ut
1618 842 1736 883 cum
1767 823 1938 877 adhuc
1963 830 2100 874 tem-

533 945 632 997 pus
661 941 763 993 est,
789 930 833 983 si
859 929 975 996 quis
1001 942 1067 982 ex
1091 925 1242 980 vobis
1267 934 1347 979 est
1372 923 1458 993 qui
1486 921 1645 974 alium
1675 916 1866 971 habeat
1894 911 1992 966 sibi
2021 913 2099 962 in-

536 1021 762 1082 fensum,
793 1032 1008 1086 operam
1034 1016 1126 1070 det
1166 1025 1219 1068 ut
1243 1015 1478 1068 ofﬁciose
1518 1006 1907 1064 reconcilietur.
1936 1003 2004 1056 At
2033 1015 2099 1054 ne

532 1111 651 1178 quis
687 1108 811 1162 mihi
851 1107 992 1161 dicat
1023 1123 1036 1157 :
1067 1105 1242 1161 Semel
1279 1112 1435 1171 atque
1474 1103 1662 1154 iterum
1691 1095 1877 1159 oravi,
1906 1099 1960 1146 et
1993 1104 2096 1143 non

533 1200 759 1254 asscnsit
789 1215 802 1251 :
831 1198 874 1251 si
901 1197 1001 1251 line
1026 1199 1230 1250 sincere
1261 1194 1530 1253 faciamus,
1564 1203 1667 1242 non
1697 1185 1842 1254 prius
1865 1181 2102 1251 quiesca-

535 1306 653 1345 tnns
675 1332 691 1354 ,
719 1291 887 1344 donec
920 1289 1082 1343 multa
1107 1286 1388 1341 sedulitate
1411 1281 1686 1336 victoriam
1714 1276 1888 1342 adepti
1915 1314 1928 1336 ,
1958 1273 2100 1326 illum

537 1380 689 1434 nobis
714 1377 1055 1434 conciliemus
1078 1419 1091 1433 .
1120 1384 1174 1430 et
1201 1392 1228 1427 a
1259 1374 1367 1427 suis
1395 1373 1445 1426 in
1478 1385 1572 1423 nos
1612 1364 1899 1421 inimicitiis
1934 1361 2100 1415 alidu-

536 1485 739 1522 camus.
766 1468 1028 1537 Numquid
1069 1467 1139 1519 illi
1181 1463 1371 1532 aliquid
1403 1456 1692 1529 largimur?
1723 1455 1776 1508 In
1810 1468 1905 1508 nos
1936 1462 2106 1504 trans-

539 1569 667 1614 ennt
692 1559 944 1612 beneﬁcia
973 1575 986 1609 :
1019 1556 1109 1610 Dei
1141 1555 1370 1606 favorem
1400 1551 1522 1603 hinc
1546 1547 1894 1616 assequimnr,
1926 1555 2109 1608 perm-

542 1658 714 1699 tornm
741 1653 1038 1698 nostrorum
1061 1643 1264 1697 veniam
1290 1637 1681 1706 consequimur,
1708 1646 1950 1701 magnam
1971 1631 2106 1696 apud

498 1738 513 1744 “
547 1735 822 1788 Ilnminum
857 1733 1099 1786 ﬁduciam
1129 1731 1434 1800 accipimus.
1464 1727 1519 1781 Si
1549 1725 1652 1779 hoc
1677 1722 1954 1777 fecerimus
1973 1760 1986 1784 ,
2019 1732 2112 1786 po-

544 1825 763 1878 terimus
803 1839 932 1892 pura
976 1821 1298 1876 conscientia
1341 1819 1407 1873 ad
1447 1825 1681 1871 sanctam
1720 1811 2114 1878 terribilemque

548 1915 684 1968 hanc
710 1929 944 1969 mensam
972 1913 1224 1966 accedere
1242 1951 1257 1976 ,
1283 1920 1336 1965 et
1364 1910 1522 1963 verba
1555 1907 1638 1960 illa
1670 1919 1787 1974 qua:
1826 1901 2113 1972 precationi

549 2006 743 2058 inserta
771 2013 914 2067 sunt,
943 2002 1165 2057 ﬁdeliter
1189 2002 1382 2054 dicere.
1414 1998 1597 2053 Sciunt
1621 1996 1805 2049 initiati
1831 1991 1954 2062 quid
1976 1991 2116 2045 dica-

550 2105 656 2148 tnr.
684 2093 910 2147 Proinde
932 2092 1342 2159 uniuscujusque
1365 2086 1701 2143 conscientiae
1728 2085 1966 2150 relinquo
1987 2095 2119 2150 quoa

551 2185 708 2234 modo
734 2183 979 2234 mandato
1004 2179 1095 2234 illo
1121 2180 1353 2248 impicto,
1384 2193 1478 2246 per
1503 2174 1627 2229 illud
1655 2172 1890 2227 terribile
1913 2179 2118 2238 tempus

551 2270 664 2324 Iure
709 2270 930 2325 fidenter
972 2269 1150 2324 dicere
1192 2268 1476 2337 possimus.
1512 2264 1663 2332 Quod
1707 2264 1750 2317 si
1795 2261 2120 2331 negligentes

554 2361 806 2414 fuerimus
825 2399 842 2425 ,
871 2365 1064 2426 quanta
1092 2358 1215 2412 hinc
1254 2358 1405 2412 nobis
1437 2352 1892 2410 condemnationis
1926 2365 2081 2404 causa
2103 2389 2118 2412 ,

554 2450 642 2515 qui
665 2464 785 2503 cum
807 2463 867 2502 ea
892 2439 1010 2518 qum
1029 2457 1151 2502 sunt
1170 2446 1323 2501 dictis
1347 2446 1542 2501 nostris
1561 2443 1820 2498 contraria
1847 2440 2119 2502 faciamus,

557 2537 816 2592 audemus
841 2547 1038 2592 temere
1067 2538 1224 2592 verba
1254 2550 1466 2606 precum
1495 2534 1851 2604 pronuntiare,
1879 2539 1936 2584 et
1959 2527 2126 2597 majo-

557 2643 670 2684 rem
701 2629 853 2684 nobis
878 2627 1206 2697 ipsis‘ignem
1235 2636 1527 2690 exstruere,
1561 2625 1798 2691 iramque
1827 2620 1918 2675 Dei
1948 2619 1999 2672 in
2028 2632 2126 2671 nos

558 2719 875 2786 provocare?
899 2717 1112 2773 Gaudeo
1137 2726 1191 2771 et
1222 2715 1392 2782 lartor,
1416 2715 1536 2783 quia
1561 2713 1711 2766 video
1741 2726 1838 2765 vos
1863 2719 2004 2764 tanta
2034 2723 2126 2763 vo-

558 2809 757 2875 luptate
777 2822 900 2877 quae
923 2807 1147 2862 dicimus
1179 2806 1363 2859 audire
1381 2845 1397 2869 ,
1427 2814 1481 2858 et
1511 2804 1695 2872 plausu
1723 2801 2004 2856 ostendere
2033 2814 2128 2853 vos

560 2898 772 2952 studere
808 2905 1079 2967 promptos
1102 2910 1250 2957 esse,
1276 2903 1331 2949 et
1357 2895 1424 2949 ad
1447 2893 1696 2948 dominici
1735 2891 1917 2945 moniti
1955 2889 2127 2942 adim-

563 2985 846 3053 pletionem
887 2992 1116 3052 paratos.
1155 2983 1278 3038 lltec
1315 2984 1456 3037 enim
1496 2982 1787 3035 animarum
1832 2984 2128 3031 nostrarum

566 3074 823 3130 medicina
850 3084 931 3127 est
952 3113 966 3133 ,
996 3072 1097 3127 hoc
1121 3075 1396 3126 vulnerum
1427 3079 1728 3125 nostrorum
1757 3067 2132 3137 pliarmacum,

567 3162 681 3216 hanc
703 3164 901 3232 optima
931 3163 1038 3216 Deo
1065 3163 1276 3230 placens
1304 3162 1406 3224 via,
1438 3161 1538 3214 hoc
1563 3159 1916 3214 certissimum
1944 3157 2134 3211 animae

569 3253 660 3304 Dei
684 3251 912 3305 amantis
936 3251 1207 3313 indicium,
1234 3251 1503 3318 suscipere
1522 3249 1695 3303 omnia
1726 3257 1939 3317 propter
1967 3246 2134 3314 legem

567 3341 811 3407 Domini,
844 3349 898 3396 et
936 3356 966 3396 a
1005 3341 1379 3411 cogitationum
1417 3339 1722 3395 inﬁmitate
1756 3353 1860 3392 non
1901 3335 2134 3398 retrahi,

568 3429 662 3484 sed
692 3429 1055 3484 aﬂ'ectionibus
1089 3431 1384 3499 imperare,
1415 3430 1591 3484 animo
1626 3442 1840 3482 versare
1881 3424 2137 3481 beneﬁcia

571 3518 724 3573 nobis
750 3532 779 3571 a
818 3518 926 3572 Deo
948 3518 1180 3587 quotidie
1207 3517 1462 3573 exhibita.
1503 3518 1568 3572 Et
1602 3517 1940 3588 quantumvis
1975 3530 2138 3569 conc-

575 3620 713 3671 niur,
740 3605 825 3660 vix
846 3607 1115 3660 minimam
1137 3616 1335 3676 partem
1358 3621 1625 3676 exponere
1647 3607 1938 3675 poterimus
1957 3619 2139 3658 eorum

575 3695 655 3748 vel
692 3709 810 3762 qua:
847 3693 972 3748 olim
1004 3694 1056 3748 in
1094 3709 1191 3748 nos
1225 3695 1412 3749 collata
1453 3704 1605 3760 sunt,
1640 3696 1722 3750 vel
1757 3710 1876 3764 qua:
1907 3692 2143 3763 quotidie

577 3783 884 3852 accipimus,
914 3785 994 3838 vel
1023 3800 1140 3853 quae
1170 3785 1220 3836 in
1249 3784 1478 3838 futurum
1509 3787 1750 3862 reposita:
1763 3793 1886 3840 sunt
1913 3783 2072 3846 bona,
2099 3783 2144 3836 si

577 3872 896 3926 voluerimus
932 3873 1174 3927 mandata
1217 3875 1422 3927 Domini
1466 3890 1628 3943 opere
1663 3875 1951 3943 complere.
1985 3874 2147 3942 Igitur

579 3959 702 4013 hinc
735 3970 1021 4026 exeuntes,
1053 3963 1185 4015 istud
1217 3965 1266 4015 in
1296 3965 1475 4031 primis
1501 3965 1760 4033 agendum
1791 3964 1984 4033 quique
2023 3978 2144 4031 pro-

577 4060 811 4118 ponant,
841 4060 895 4104 et
923 4053 1070 4120 quasi
1106 4051 1170 4106 ad
1213 4053 1512 4106 thesaurum
1555 4055 1840 4106 maximum
1868 4053 2143 4113 festinent,

578 4152 749 4207 neque
783 4138 866 4192 vel
906 4140 1179 4193 minimum
1213 4139 1721 4198 diﬁ'erantEtiamsi
1750 4141 1930 4195 labore
1959 4144 2037 4195 vel
2070 4143 2147 4195 iii-

581 4224 863 4296 qnisitione
890 4229 968 4282 vel
992 4230 1147 4299 longo
1175 4231 1361 4286 itinere
1388 4248 1520 4300 opus
1546 4233 1630 4296 sit,
1659 4233 1860 4287 etiamsi
1894 4233 2149 4287 molestirc

586 4321 762 4374 tnnltze
786 4321 912 4383 sint,
938 4322 1113 4374 omnia
1143 4323 1254 4376 her
1281 4323 1579 4376 auferamus
1608 4323 1999 4389 impedimenta.
2026 4323 2149 4378 Uni-

582 4424 644 4462 ca
675 4410 825 4464 nobis
849 4426 975 4465 cura
1004 4411 1091 4476 sit,
1118 4413 1382 4482 quomodo
1414 4414 1713 4467 mandatum
1746 4414 1952 4468 Domini
1979 4415 2150 4468 adim-

587 4499 824 4565 plcamus
847 4541 864 4564 ,
895 4509 948 4554 et
973 4501 1283 4558 obedientiae
1311 4504 1462 4558 nobis
1487 4503 1734 4575 afferatur
1763 4521 1988 4561 merces.
2017 4507 2149 4560 Num

588 4587 771 4655 ignoro
790 4602 948 4656 grave
967 4597 1021 4642 et
1040 4591 1315 4646 molestum
1341 4592 1527 4656 videri,
1553 4592 1615 4646 ad
1637 4609 1757 4646 eum
1781 4595 1867 4663 qui
1895 4593 2153 4650 hostiliter

588 4676 642 4729 in
669 4686 719 4730 te
747 4677 966 4734 all’ccms
990 4680 1076 4744 sit,
1106 4680 1271 4746 abire,
1296 4695 1520 4752 cumque
1548 4697 1612 4737 eo
1637 4693 1777 4737 stare
1802 4693 1858 4737 et
1883 4684 2060 4752 loqui?
2089 4690 2154 4739 At

590 4763 634 4816 si
661 4765 891 4820 mandati
917 4767 1226 4837 cogitaveris
1253 4769 1558 4839 dignitatem
1587 4781 1640 4825 et
1668 4773 1927 4827 mercedis
1955 4776 2153 4843 magni-

594 4853 849 4922 tudinem,
877 4865 1059 4925 etquo
1087 4867 1241 4927 pacto
1269 4874 1372 4915 non
1403 4861 1454 4914 in
1484 4859 1650 4926 illum,
1681 4862 1773 4917 sed
1803 4864 1854 4916 in
1891 4872 1940 4919 te
1968 4879 2154 4920 recur—

593 4952 713 4995 rant
739 4943 1024 5020 bent-ﬁcia,
1055 4949 1231 5002 omnia
1259 4950 1351 5004 tibi
1376 4950 1507 5005 levia
1531 4961 1585 5005 et
1620 4952 1788 5008 facilia
1819 4953 2152 5010 videbuntur.

597 5033 717 5086 llaec
756 5034 912 5103 igitur
951 5035 1002 5089 in
1043 5038 1310 5092 mentibus
1354 5039 1549 5094 nostris
1587 5053 1886 5103 versantes.
1930 5059 2157 5100 consue-

594 5121 829 5176 tudinem
871 5134 1103 5180 nnstram
1137 5129 1408 5184 vincamus
1432 5171 1444 5195 ,
1475 5131 1660 5200 piaque
1691 5143 1866 5188 mente
1897 5134 2156 5204 dominica

598 5213 841 5267 mandata
873 5215 1247 5282 adimpleamus
1272 5262 1286 5288 ι
1314 5237 1416 5288 quo
1446 5231 1497 5275 et
1533 5237 1558 5272 a
1589 5223 1799 5278 Christo
1835 5229 2158 5283 remunerari

598 5317 912 5370 mereamur,
943 5309 1104 5374 gratia
1144 5317 1196 5364 et
1226 5312 1578 5366 misericordia
1607 5313 1851 5371 bonitatis
1877 5317 2012 5385 ejus,
2039 5320 2156 5386 qui-

596 5405 714 5445 cum
738 5391 900 5456 Patri,
929 5405 981 5449 et
1001 5407 1181 5450 sancto
1205 5397 1419 5466 Spiritui
1443 5402 1510 5453 sit
1533 5401 1718 5469 gloria,
1743 5404 2038 5474 imperium,
2065 5406 2162 5460 IIO-

602 5493 719 5546 nor,
750 5496 887 5536 nunc
909 5493 961 5538 et
983 5501 1211 5557 semper,
1239 5497 1289 5543 et
1318 5490 1372 5542 in
1399 5491 1587 5546 saecula
1610 5494 1942 5549 saeculorum.
1967 5496 2158 5551 Amen.

1227 269 1282 326 s.
1324 263 1595 323 JOANNIS
1646 248 2116 314 cnnvsosrout
2173 245 2484 302 ARCllli-Zi‘.
2527 240 3059 298 coxsrasrxsor.
3669 236 3782 291 εδει

2718 354 2990 408 II().\III.l.-\
3034 349 3264 406 XXVIII.

2205 493 2271 546 Et
2298 495 2421 546 dia-it
2457 491 2701 544 Dominus
2725 489 2862 541 Deus
2883 492 2949 539 ad
2971 486 3101 548 Noe,
3125 496 3173 540 et
3193 485 3260 538 ad
3284 484 3418 552 ﬁlios
3440 487 3550 556 eius
3564 500 3677 535 eum
3698 500 3781 542 eo.

2275 584 2443 634 dicens
2468 599 2480 634 :
2507 579 2637 633 Ecce
2660 594 2749 645 ego
2777 586 2940 630 statuo
2966 585 3309 628 testamentum
3326 590 3490 627 meum
3509 574 3782 637 robismuz,

2275 683 2319 725 et
2348 690 2461 725 cum
2485 673 2670 726 semine
2694 680 2853 724 vestro
2882 678 2988 737 post
3014 683 3118 728 vos,
3147 677 3192 720 ct
3230 667 3365 720 omni
3392 667 3579 719 animi:
3605 668 3787 722 virenti

2268 761 2531 814 robiscum
2567 770 2668 813 tam
2701 762 2753 813 in
2785 758 3102 818 editioribus,
3138 772 3288 824 quam
3323 757 3377 809 in
3411 758 3708 828 pecudibus,
3739 769 3788 810 et

2276 852 2502 905 omnibus
2527 851 2691 905 bestiis
2717 859 2861 904 terra:
2885 845 3035 916 (Gen.
3067 847 3121 903 9.
3144 847 3178 902 8
3195 876 3238 889 -
3258 846 3368 920 10).

2279 1008 2328 1060 Ι.
2362 1006 2485 1060 Heri
2515 1006 2781 1074 proposita
2805 1004 3195 1069 benedictione,
3227 1022 3385 1076 quam
3423 1017 3799 1077 consequutus

2205 1107 2287 1152 est
2318 1098 2426 1152 Noe
2455 1113 2483 1150 a
2512 1097 2769 1160 Domino;
2809 1098 2895 1164 qui
2927 1104 3047 1165 post
3073 1113 3344 1167 egressum
3376 1114 3438 1152 ex
3471 1113 3593 1151 arca
3622 1102 3792 1151 altari:

2209 1189 2504 1254 a'diﬁcavit,
2545 1197 2600 1241 et
2637 1187 2828 1241 oblatis
2875 1186 2925 1241 in
2965 1190 3253 1257 gratiarum
3299 1190 3562 1243 actionem
3601 1187 3794 1241 hostiis

2207 1292 2413 1348 gratum
2453 1279 2690 1334 exhibuit
2731 1278 2986 1338 animum,
3030 1279 3249 1334 ulterius
3287 1295 3458 1348 neque
3501 1277 3792 1348 progredi,

2213 1385 2380 1438 neque
2405 1366 2686 1423 lectionem
2719 1376 2883 1423 totam
2916 1384 3185 1432 enarrare,
3217 1385 3385 1438 neque
3410 1379 3666 1439 quantam
3695 1369 3794 1423 be-

2213 1462 2401 1529 nignus
2432 1461 2568 1514 Deus
2592 1475 2716 1530 erga
2737 1461 2935 1528 justum
2965 1459 3132 1512 virum
3161 1458 3538 1527 indulgentiam
3568 1466 3624 1513 et
3647 1459 3799 1512 solli-

2211 1549 2500 1603 citudinem
2530 1549 2848 1610 exhibuerit,
2876 1547 3159 1602 ostendere
3186 1548 3475 1615 potuimus.
3515 1545 3652 1601 Nam
3684 1561 3800 1602 ser-

2215 1654 2426 1694 monem
2475 1649 2734 1703 nostrum,
2765 1640 2884 1710 quia
2928 1639 3135 1708 longius
3175 1638 3510 1704 excurreliat,
3549 1639 3802 1694 celeriter

2215 1731 2557 1793 succidimus,
2588 1739 2646 1784 ιιι
2692 1745 2759 1786 ne
2798 1730 3134 1785 multitudine
3172 1730 3282 1798 jam
3323 1730 3585 1785 dictorum
3621 1742 3802 1784 vestra

2218 1822 2472 1878 memoria
2502 1822 2834 1882 obrueretur.
2867 1836 2972 1875 non
2998 1823 3114 1876 sine
3135 1821 3337 1890 jactura
3363 1836 3550 1875 eorum
3571 1836 3696 1890 qua!
3721 1823 3802 1875 ili-

2220 1914 2385 1967 cenda
2412 1921 2578 1967 erant.
2614 1911 2728 1966 Non
2756 1913 2895 1965 enim
2925 1913 3025 1965 hoc
3054 1913 3224 1965 solum
3246 1913 3398 1966 nobis
3424 1928 3568 1966 cura:
3600 1913 3720 1977 fuit,
3749 1920 3808 1965 nt

2223 2004 2385 2054 multa
2413 2001 2708 2054 diceremus
2741 2019 2752 2052 :
2783 2000 2875 2052 sed
2918 2010 2974 2054 ut
3018 2009 3160 2053 tanta
3181 2041 3194 2060 ,
3228 2016 3344 2068 t|lliP
3371 2000 3520 2054 vobis
3559 1999 3715 2053 facile
3739 2001 3809 2054 sit

2221 2100 2400 2145 mente
2419 2105 2607 2159 capere
2632 2132 2648 2155 ,
2677 2106 2782 2160 quo
2807 2106 2926 2145 cum
2961 2091 3109 2145 lucro
3137 2091 3260 2145 hinc
3288 2093 3435 2144 abire
3462 2091 3639 2145 liceat.
3673 2091 3808 2145 Nam

2221 2183 2265 2236 si
2298 2197 2394 2236 nos
2421 2182 2566 2250 plura
2593 2195 2748 2248 quam
2776 2195 2870 2248 par
2893 2181 2965 2235 sit
2986 2181 3304 2247 dixerimus,
3323 2189 3501 2235 et‘vos
3529 2180 3660 2234 nihil
3687 2182 3813 2236 inde

2223 2272 2355 2326 lucri
2397 2271 2716 2338 percipiatis,
2764 2285 2884 2338 quae
2927 2269 3165 2324 utilitas?
3210 2270 3450 2325 Scientes
3498 2271 3679 2340 igitur,
3709 2286 3810 2324 nos

2227 2371 2441 2430 propter
2474 2370 2703 2414 vestram
2740 2361 3021 2414 utilitatem
3066 2361 3205 2414 hunc
3241 2359 3478 2415 laborem
3511 2361 3812 2428 suscipere,

2225 2459 2276 2504 et
2304 2449 2652 2506 sufﬁcientem
2682 2464 2778 2503 nos
2805 2450 3103 2504 mercedem
3127 2449 3395 2517 accepisse
3425 2449 3692 2502 credimus
3712 2488 3731 2512 ,
3767 2449 3813 2502 si

2228 2550 2460 2596 vestrum
2498 2540 2768 2593 videamus
2808 2539 3119 2607 profectum,
3162 2547 3218 2592 et
3247 2553 3342 2591 vos
3381 2538 3664 2606 diligenter
3689 2552 3813 2606 qua:

2229 2631 2474 2685 dicuntur
2504 2638 2686 2685 tenere
2716 2632 2767 2684 in
2793 2630 2995 2684 sinibus
3023 2628 3184 2682 animi
3210 2628 3372 2681 vestri
3405 2628 3662 2695 reposita,
3683 2641 3818 2681 con-

2232 2720 2379 2774 tinuo
2403 2735 2466 2774 ea
2497 2729 2855 2774 memorantes
2894 2729 2948 2773 et
2989 2719 3336 2773 ruminantes.
3390 2717 3642 2771 Memoria
3667 2717 3820 2771 enim

2232 2813 2356 2864 olim
2388 2812 2649 2865 dictorum
2679 2810 2837 2865 faciet
2881 2821 2940 2864 ut
2977 2810 3163 2878 majori
3209 2808 3459 2863 facilitate
3479 2807 3701 2862 dicenda
3730 2821 3823 2858 ca-

2235 2916 2360 2968 pere
2397 2901 2624 2968 possitis,
2658 2910 2815 2968 atque
2856 2900 2926 2953 ita
2970 2913 3253 2968 progressu
3296 2898 3551 2966 temporis
3592 2906 3825 2951 ca-ti-ros

2235 2993 2392 3046 etiam
2423 2992 2654 3046 docere:
2685 2991 2739 3045 In
2783 2991 2882 3044 hoc
2920 2990 3061 3069 enim
3104 2990 3259 3058 plane
3293 2989 3626 3058 invigilamns
3654 2997 3709 3042 et
3737 2989 3823 3040 in-

2235 3083 2556 3144 cnmbimus,
2587 3092 2644 3136 ut
2687 3096 2874 3135 omnes
2902 3096 2993 3136 vos
3032 3080 3252 3151 perfecti
3283 3090 3334 3135 et
3365 3080 3716 3134 consummati
3750 3080 3826 3132 si-

2239 3173 2326 3236 lis,
2349 3182 2402 3226 et
2430 3173 2560 3226 nihil
2585 3187 2769 3227 eorum
2794 3187 2911 3236 qua:
2932 3171 2983 3225 in
3005 3171 3199 3226 divinis
3225 3171 3511 3240 Scripturis
3538 3173 3794 3224 contincn
3815 3201 3828 3212 -

2241 3271 2326 3318 tur
2352 3278 2444 3317 vos
2478 3264 2655 3318 lateat.
2701 3263 2906 3318 Etenim
2947 3278 3130 3318 eorum
3179 3261 3393 3324 notitia,
3435 3261 3480 3315 si
3509 3261 3698 3329 vigiles
3737 3275 3829 3314 so-

2241 3355 2446 3422 briique
2489 3367 2610 3408 esse
2649 3355 2936 3418 volumus,
2976 3363 3030 3408 ct
3067 3353 3132 3408 ad
3177 3353 3412 3407 melioris
3446 3353 3569 3405 vita:
3615 3353 3828 3419 frugem

2243 3445 2530 3512 plurimum
2579 3445 2732 3499 nobis
2773 3444 3031 3508 conferet,
3069 3443 3459 3512 alacrioresque
3503 3442 3570 3494 ad
3616 3441 3830 3494 virtutis

2245 3533 2454 3588 labores
2495 3534 2708 3588 efﬁciet.
2754 3535 2884 3588 Nam
2914 3549 3035 3589 cum
3073 3535 3358 3588 doceamur
3387 3532 3635 3586 omnibus
3669 3531 3833 3600 iustis

2244 3640 2486 3693 magnam
2509 3625 2647 3694 apud
2677 3625 2840 3679 Deum
2868 3639 2985 3680 esse
3014 3624 3278 3689 ﬁduciam,
3307 3624 3394 3693 qui
3421 3621 3600 3675 afﬂicti
3625 3631 3682 3675 et
3706 3632 3828 3674 ten-

2249 3717 2340 3768 tati
2366 3729 2460 3783 per
2491 3725 2652 3769 totam
2677 3717 2839 3768 vitam
2870 3730 3041 3777 suam,
3076 3716 3378 3783 patientiam
3408 3722 3461 3768 ct
3483 3723 3688 3782 gratum
3711 3712 3831 3765 sni-

2250 3819 2392 3856 inum
2433 3804 2786 3867 declararunt,
2819 3814 2873 3858 et
2911 3805 2987 3857 sic
3029 3805 3242 3873 praemia
3285 3812 3408 3857 sunt
3449 3801 3623 3868 adepti
3656 3821 3668 3854 :
3699 3816 3834 3870 quo-

2250 3895 2408 3949 modo
2439 3909 2541 3958 non
2563 3906 2616 3949 et
2645 3896 2796 3949 nobis
2823 3911 2964 3950 curas
2992 3897 3092 3950 erit
3115 3937 3129 3958 ,
3169 3905 3225 3948 ut
3253 3894 3493 3948 eamdem
3522 3891 3833 3946 inccdamus

2251 3986 2406 4049 viam,
2434 4001 2542 4055 quo
2566 3994 2617 4040 et
2645 3987 2830 4041 eadem
2870 3987 3083 4055 praemia
3117 3985 3490 4040 obtineamus?
3519 3983 3643 4037 Ideo
3669 3983 3832 4038 obse-

2251 4091 2364 4142 cro,
2390 4086 2446 4130 ut
2465 4077 2698 4146 quotidie
2723 4077 2917 4146 aiiquid
2939 4078 3157 4131 accedat
3183 4077 3303 4130 boni
3331 4077 3526 4143 operis,
3547 4085 3601 4129 et
3626 4084 3836 4128 crescat

2253 4177 2485 4221 vestrum
2512 4167 2789 4222 aediﬁcium
2815 4167 3110 4235 spirituale,
3133 4180 3197 4220 ac
3217 4167 3350 4219 bona
3375 4178 3533 4232 Opera
3557 4179 3676 4232 qua:
3705 4163 3835 4216 olim

2257 4259 2472 4322 fecistis,
2521 4270 2674 4313 caute
2717 4260 3102 4329 diligenterque
3151 4257 3492 4319 custodiatis,
3542 4264 3598 4310 et
3644 4256 3688 4308 si
3731 4269 3835 4322 qua

2255 4349 2428 4404 adhuc
2460 4349 2826 4403 desiderantur
2846 4350 3108 4417 adjiciatis
3126 4389 3142 4411 ,
3170 4357 3228 4402 ut
3251 4349 3328 4401 sic
3355 4345 3406 4399 in
3430 4361 3701 4399 summum
3731 4346 3836 4398 vir-

2255 4441 2382 4492 tutis
2423 4441 2744 4508 pervcniatis
2792 4439 3076 4506 fastigium,
3127 4440 3178 4491 in
3223 4446 3455 4490 nostram
3496 4437 3742 4506 gloriam,
3785 4438 3837 4490 in

2256 4528 2654 4583 aediﬁcationem
2682 4529 2952 4601 Ecclesize,
2979 4531 3028 4581 in
3055 4529 3307 4581 honorem
3330 4527 3544 4583 Christi.
3572 4528 3717 4583 Sane
3740 4544 3840 4599 ego

2257 4619 2441 4673 videns
2484 4619 2798 4687 inexplebile
2826 4629 3058 4672 vestrum
3101 4633 3222 4687 erga
3267 4619 3594 4684 spiritualem
3641 4618 3840 4672 doctri-

2259 4723 2377 4761 nam
2403 4708 2656 4772 studium,
2680 4708 2886 4761 etiamsi
2907 4709 3151 4763 conscius
3173 4707 3273 4761 sim
3295 4722 3498 4775 magna:
3519 4722 3655 4762 mea:
3675 4708 3836 4762 tenui-

2260 4799 2401 4862 tatis,
2434 4813 2539 4853 non
2582 4799 2874 4852 intermitto
2907 4799 3142 4866 quotidie
3189 4799 3492 4853 convivium
3532 4814 3601 4853 ex
3644 4800 3841 4855 divinis

2258 4885 2544 4954 Scripturis
2563 4901 2840 4956 apparare,
2863 4896 2917 4942 et
2938 4902 3285 4957 quaecumque
3310 4888 3400 4942 Dei
3425 4890 3591 4958 gratia
3623 4892 3841 4959 propter

2259 4991 2410 5031 suam
2434 4977 2806 5046 benignitatem
2831 4987 2882 5032 et
2909 4989 3135 5031 reatram
3164 4978 3442 5032 utilitatem
3467 4979 3841 5047 suppeditave-

2261 5065 2349 5129 rit,
2375 5065 2562 5120 vestris
2587 5067 2802 5119 auribus
2827 5080 3142 5134 proponere.
3172 5068 3284 5136 Age
3310 5068 3469 5136 igitur
3491 5078 3545 5122 et
3573 5068 3732 5124 hodie
3763 5071 3842 5125 in-

2261 5154 2501 5209 dicemus
2527 5156 2733 5209 caritati
2757 5165 2947 5209 vestrae
2967 5156 3289 5212 eminentem
3320 5159 3410 5210 Dei
3438 5157 3839 5228 benignitatem,

2261 5262 2419 5315 quam
2468 5246 2701 5301 humao
2739 5247 2920 5314 generi
2963 5249 3203 5310 contulit,
3232 5257 3283 5300 et
3324 5248 3394 5301 ob
3436 5249 3485 5302 id
3520 5253 3680 5302 verba
3721 5268 3839 5317 qua:

2263 5337 2404 5391 Deus
2429 5337 2492 5390 ad
2523 5336 2634 5389 Noe
2657 5336 2791 5389 dixit
2815 5336 3112 5392 all‘eramns.
3129 5337 3185 5392 8.
3210 5337 3270 5390 Et
3291 5340 3419 5391 dixit
3447 5337 3583 5392 Dens
3610 5341 3680 5391 ad
3703 5341 3836 5407 Nos,

2263 5437 2308 5480 et
2330 5428 2459 5492 ﬁlios
2476 5425 2632 5477 illius.
2663 5425 2943 5493 Postquam
2966 5426 3232 5483 benedixit
3249 5429 3415 5490 illum,
3439 5440 3493 5482 et
3516 5429 3655 5484 ﬁlios
3676 5432 3834 5498 illius,

2265 5524 2315 5568 et
2342 5516 2492 5576 dixit,
2525 5513 2742 5567 Crescite
2766 5525 2811 5580 et
2839 5517 3259 5584 multiplicamini,
3289 5531 3342 5571 et
3374 5519 3587 5572 tradidit
3613 5519 3716 5575 illis
3737 5521 3835 5577 ἀοι

2271 5606 2487 5658 minium
2511 5619 2668 5671 super
2689 5604 2840 5669 bruta
2866 5607 3062 5673 omnia,
3092 5618 3511 5680 potestatemque
3531 5609 3677 5666 dedit
3703 5615 3845 5666 niscc
