4054 6312
219 429 328 490 253

215 545 371 617 quasi
409 541 647 600 oleribus
688 537 968 595 herbarum
996 533 1169 596 vesci,
1203 544 1300 583 nec
1328 541 1430 581 non
1539 511 1810 574 mandavit

219 614 285 692 tit
315 650 501 689 carnes
548 630 602 686 in
651 627 902 698 sanguine
941 640 1046 679 non
1086 621 1390 681 comedant,
1420 614 1593 668 adhuc
1618 621 1810 679 gerens

216 738 404 781 Curam
446 723 574 790 jnsn
623 730 678 774 et
731 714 1089 786 posteritatis,
1138 708 1518 775 beneﬁciisque
1567 710 1807 756 nostrum

218 829 391 882 genus
416 813 641 866 ubertim
667 805 903 862 afttciens
920 846 934 867 ,
965 805 1140 859 denuo
1168 798 1368 866 majora
1395 794 1574 862 adjicit
1605 790 1807 882 beneﬁ-

219 881 328 968 cia,
349 914 405 959 et
428 902 615 973 inquit,
635 899 872 966 Dixitque
890 895 1137 948 Dominus
1167 890 1299 944 Deus
1327 887 1440 942 Noe
1461 895 1505 940 et
1527 885 1647 954 ﬁliis
1671 881 1811 934 illius

217 1011 337 1050 αιιιι
359 995 493 1064 ipso,
537 990 748 1046 dicens:
775 990 828 1045 9.
874 987 1004 1041 Ecce
1045 994 1211 1038 statuo
1256 987 1604 1035 testamentum
1645 988 1808 1026 meum

217 1084 495 1145 vobiscum,
524 1090 569 1134 et
605 1080 783 1135 semini
818 1087 980 1131 ucstra
1006 1083 1115 1144 post
1145 1090 1248 1135 ros,
1281 1071 1365 1126 10.
1389 1079 1436 1122 et
1461 1067 1599 1120 onmi
1626 1064 1811 1118 anima:

216 1174 402 1228 uiuenti
424 1173 699 1237 vobiscum,
725 1187 759 1223 ο
785 1168 1069 1223 volucribus
1103 1175 1151 1218 et
1181 1161 1474 1232 pecoribus,
1505 1167 1552 1210 et
1578 1154 1808 1209 omnibus

215 1265 389 1320 bestiis
415 1274 579 1326 teme,
608 1275 932 1330 quacumque
952 1268 1069 1311 sunt
1087 1256 1354 1316 vobiscum,
1378 1261 1421 1303 et
1453 1247 1682 1303 omnibus
1698 1261 1810 1314 qum

215 1373 420 1429 egressa
438 1365 558 1410 sunt
581 1369 644 1408 cr
667 1369 824 1418 arca;
851 1352 937 1406 11.
956 1358 1002 1404 et
1029 1356 1245 1401 statuam
1274 1351 1620 1397 testamentum
1644 1354 1808 1391 meum

213 1428 472 1498 uobiscum
495 1463 514 1498 :
538 1454 585 1498 ct
624 1460 723 1497 non
765 1443 1006 1495 morietur
1043 1439 1178 1491 ultra
1216 1437 1379 1489 omnis
1408 1449 1526 1487 caro
1565 1447 1627 1485 ea:
1664 1428 1806 1498 aquis

212 1534 430 1600 diluvii;
456 1553 546 1590 nec
571 1537 664 1590 erit
690 1535 825 1588 ultra
851 1533 1091 1586 diluvium
1123 1545 1286 1597 aqua,
1311 1526 1446 1594 quod
1475 1543 1670 1579 onmem
1702 1534 1803 1578 ter-

213 1640 328 1678 ram
376 1631 684 1694 corrumpat.
749 1623 881 1690 Quia
924 1621 1212 1675 verisimile
1255 1627 1369 1673 erat
1406 1617 1605 1685 justum
1657 1616 1802 1669 illum

211 1714 393 1770 adhuc
421 1715 473 1769 in
501 1729 699 1782 angore
728 1728 878 1777 esse,
906 1723 960 1768 et
988 1722 1216 1764 mentem
1249 1710 1388 1763 illius
1415 1707 1696 1761 formidine
1725 1714 1803 1759 te-

213 1805 369 1868 neri;
410 1813 465 1860 et
498 1805 544 1859 si
585 1805 797 1878 quando
839 1805 1104 1874 ingrueret
1148 1817 1339 1871 parvus
1379 1800 1569 1869 aliquis
1611 1798 1802 1864 imber,

213 1894 454 1948 futurum
487 1895 691 1948 tristem
721 1905 772 1948 et
800 1894 1080 1947 attonitum
1099 1935 1113 1957 ,
1144 1890 1292 1960 quasi
1318 1889 1494 1944 denuo
1523 1889 1641 1942 talis
1671 1898 1806 1942 tem-

211 1993 396 2054 pestas
434 1983 689 2039 mundum
723 1983 1022 2038 involutura
1057 1991 1199 2037 esset
1233 1999 1245 2035 :
1279 1981 1399 2036 ideo
1429 1989 1486 2034 ut
1511 1989 1563 2034 et
1592 1980 1707 2049 ipse
1739 1978 1803 2031 ti-

208 2073 343 2127 dere
365 2083 546 2143 posset
576 2075 966 2143 posteritasque
991 2074 1184 2134 omnis,
1212 2072 1445 2140 optimus
1473 2072 1610 2126 Deus
1639 2069 1806 2139 probe

208 2163 388 2218 sciens
429 2166 574 2218 illum
606 2165 689 2220 vel
734 2165 1006 2220 minimam
1045 2179 1155 2219 rem
1197 2164 1409 2218 turbare
1455 2177 1649 2233 posse:
1680 2177 1802 2216 nam

208 2255 600 2324 pneteritorum
628 2255 954 2324 experientia
982 2254 1047 2308 ad
1073 2252 1413 2308 formidinem
1441 2251 1799 2307 incutiendam

211 2341 438 2395 nudtum
481 2342 639 2398 habet
677 2344 967 2398 momenti:
996 2344 1170 2412 itaque
1208 2343 1325 2411 quia
1363 2342 1650 2396 verisimile
1686 2351 1805 2396 erat

208 2431 422 2488 beatum
452 2433 591 2488 hunc
616 2450 830 2503 parvam
873 2435 942 2490 ob
985 2435 1213 2504 pluviam
1260 2433 1686 2497 formidaturum,
1717 2432 1799 2486 id-

207 2521 352 2576 circo
382 2523 640 2594 benignus
680 2525 852 2590 Deus,
891 2524 1040 2592 quasi
1068 2522 1312 2578 ﬁduciam
1341 2522 1414 2577 illi
1439 2521 1798 2588 adhibiturus,

207 2613 496 2668 etabomni
517 2614 800 2670 formidine
826 2615 1082 2680 solutum,
1109 2615 1160 2668 in
1189 2629 1432 2684 magnam
1458 2614 1797 2668 securitatem

207 2712 264 2756 et
278 2704 662 2773 jucunditatem
693 2705 1023 2770 inducturus,
1049 2706 1310 2780 promittit
1335 2705 1432 2775 ipsi
1456 2719 1513 2760 se
1534 2703 1795 2773 ejusmodi

213 2807 422 2863 patiam
452 2797 589 2850 ultra
617 2812 719 2851 non
747 2811 868 2852 esse
896 2797 1180 2851 illaturum.

277 2886 333 2940 2.
378 2887 443 2942 Ει
478 2889 690 2958 quidem
739 2889 943 2959 pridem
989 2898 1043 2944 et
1078 2900 1201 2943 ante
1245 2887 1670 2943 benedictionem
1700 2886 1801 2943 hoc

209 2978 527 3049 promiserat
544 2980 748 3048 dicens,
770 2982 1219 3052 quemadmodum
1242 2982 1538 3044 audivistis,
1569 2979 1688 3034 Non
1708 2979 1801 3033 ad-

208 3071 381 3132 iiciam
405 3072 539 3125 ultra
568 3083 623 3126 ut
653 3074 952 3127 maledicam
981 3084 1127 3126 terra:
1157 3073 1309 3138 (Gen.
1340 3074 1393 3128 8.
1422 3073 1516 3142 21)
1549 3090 1560 3124 :
1590 3074 1798 3128 etiamsi

209 3161 486 3217 hominum
509 3164 705 3218 malitia
735 3165 1018 3228 increscat,
1043 3179 1147 3218 non
1176 3174 1352 3220 tamen
1380 3180 1480 3234 ego
1508 3165 1797 3220 humanum

207 3267 378 3321 genus
405 3254 492 3307 tali
522 3254 796 3322 subjiciam
824 3268 1018 3324 preme.
1065 3253 1196 3309 Nam
1228 3256 1577 3310 monstrando
1609 3256 1797 3311 ineffa-

205 3342 368 3397 bilem
409 3358 559 3398 suam
600 3344 1012 3416 benignitatem,
1040 3346 1268 3417 idipsum
1299 3363 1440 3402 nunc
1469 3348 1642 3403 denuo
1670 3365 1799 3419 pro-

204 3433 390 3498 mltlit,
421 3444 480 3489 ut
521 3433 656 3489 bene
692 3435 923 3491 conﬁdat
964 3438 1160 3508 justus,
1192 3455 1289 3493 nec
1313 3441 1511 3510 cogitet
1535 3443 1673 3511 apud
1703 3457 1761 3497 se
1781 3486 1796 3508 ,

204 3536 271 3577 ac
298 3522 435 3579 dicat
466 3543 478 3578 :
513 3527 642 3580 Cum
679 3525 802 3580 olim
835 3527 1256 3582 benedictionem
1284 3531 1465 3598 generi
1495 3541 1677 3586 nostro
1704 3532 1799 3588 de-

203 3611 378 3668 disset
403 3655 417 3680 ,
449 3625 503 3670 et
546 3624 600 3670 ut
644 3616 796 3670 valde
842 3618 1284 3687 multiplicaretur
1313 3619 1522 3686 eﬂ'ecit;
1558 3639 1800 3678 commu-

204 3719 331 3760 nem
360 3715 536 3763 tamen
564 3708 706 3763 illam
737 3709 974 3764 omnium
1006 3711 1419 3766 internecionem
1462 3713 1680 3769 invexit.
1730 3715 1800 3771 Ut

205 3795 373 3865 igitur
391 3811 605 3853 omnem
631 3815 662 3853 e
691 3799 1102 3871 cogitationibus
1133 3801 1273 3856 illius
1299 3803 1586 3858 tumultum
1612 3804 1796 3875 expel-

205 3885 364 3952 leret,
392 3896 448 3942 et
473 3898 623 3943 certo
649 3899 918 3947 constaret
950 3890 1047 3960 ipsi
1076 3907 1180 3945 non
1211 3891 1323 3946 fore
1346 3893 1484 3947 ultra
1507 3909 1620 3949 rem
1650 3895 1800 3949 simi-

204 3978 317 4033 lem
351 3978 868 4047 :Quemadmodnm,
894 3982 1081 4052 inquit,
1109 3982 1364 4037 diluvium
1395 4000 1458 4038 ex
1492 3983 1798 4040 misericor-

202 4067 294 4122 dia
337 4068 537 4136 induxi,
568 4081 704 4126 utet
747 4072 944 4126 malitia
994 4074 1333 4143 impediatur,
1367 4090 1538 4145 neque
1578 4076 1800 4132 ulterius

205 4158 457 4228 progredi
482 4162 669 4229 possit,
699 4162 769 4216 ita
800 4169 855 4216 ct
881 4177 1022 4216 nunc
1041 4163 1226 4218 eadem
1257 4165 1616 4220 misericordia
1649 4167 1801 4236 polli-

203 4265 338 4304 ceor
358 4266 444 4305 me
466 4251 515 4305 id
543 4267 646 4305 non
678 4253 812 4306 ultra
835 4252 1119 4320 facturum,
1151 4264 1206 4307 ut
1234 4256 1468 4324 seposito
1488 4255 1633 4310 omni
1659 4271 1796 4311 moe-

206 4355 339 4394 rore
387 4351 699 4409 prmseutem
741 4342 900 4397 vitam
944 4343 1266 4416 transigatis.
1310 4345 1432 4399 Ideo
1461 4344 1595 4400 dixit
1629 4363 1642 4398 :
1675 4345 1805 4401 Ecce

204 4440 380 4485 uacua
406 4439 755 4485 testanwntum
782 4449 965 4494 meum,
991 4433 1092 4489 hoc
1114 4443 1219 4496 est,
1246 4445 1454 4503 pactum
1485 4437 1624 4489 ineo.
1655 4437 1804 4492 Sicut

204 4519 262 4574 in
295 4519 546 4575 humanis
570 4521 799 4591 negotiis
832 4527 875 4577 si
905 4524 1023 4593 quis
1053 4525 1311 4593 promittit
1337 4527 1556 4596 aliquid,
1592 4538 1800 4598 pactum

205 4611 372 4674 eicit,
421 4625 666 4680 magnam
716 4612 962 4682 prabens
1009 4613 1484 4670 securitatemzita
1533 4626 1585 4670 et
1633 4618 1804 4672 bonus

207 4701 475 4755 Dominus
505 4702 674 4772 inquit
714 4719 727 4756 :
765 4701 893 4757 Ecce
930 4714 1097 4759 statuo
1135 4714 1479 4760 testamentum
1513 4725 1698 4764 meum.
1741 4710 1802 4764 Et

205 4793 354 4847 bene
374 4791 524 4855 dixit,
551 4793 754 4853 Statua,
780 4809 875 4862 pro
897 4809 982 4859 eo,
1005 4795 1143 4864 quod
1165 4805 1263 4855 est,
1292 4796 1427 4850 Ecce
1449 4813 1548 4866 ego
1571 4799 1805 4854 instanro

205 4898 272 4938 ea
302 4898 422 4951 qua:
446 4899 511 4936 ex
544 4893 880 4952 peccatorum
912 4885 1141 4952 pernicie
1168 4886 1501 4954 acciderant,
1529 4900 1582 4942 et
1622 4891 1805 4944 Statua

209 4982 570 5026 testamentum
597 4988 760 5025 meum
783 4974 1031 5027 vobiscum
1058 4984 1104 5027 et
1138 4992 1249 5027 cum
1284 4977 1470 5029 semine
1506 4989 1665 5032 rastro
1694 4992 1804 5048 post

207 5078 319 5116 nos.
365 5063 494 5117 Vide
538 5063 876 5117 clementiam
918 5064 1161 5131 Domini;
1201 5067 1348 5135 quasi
1391 5067 1589 5122 diceret
1635 5088 1647 5123 :
1689 5070 1802 5124 Non

212 5163 423 5208 tantum
452 5154 722 5207 vobiscum
763 5163 941 5209 statuo
982 5168 1228 5226 pactum,
1269 5158 1360 5211 scd
1402 5169 1455 5212 et
1493 5160 1557 5214 iis
1595 5163 1684 5231 qui
1711 5177 1806 5218 vos

211 5252 528 5311 sequentur,
550 5243 739 5297 stabile
759 5253 812 5298 et
839 5245 1049 5298 firmum
1071 5245 1186 5301 fore
1203 5248 1504 5316 pronuntio.
1538 5250 1724 5306 Postea
1751 5263 1807 5308 nt

213 5348 370 5388 suam
409 5333 644 5388 declaret
677 5334 1068 5400 liberalitatem,
1102 5338 1306 5407 inquit:
1339 5339 1402 5392 Et
1449 5343 1586 5394 omni
1623 5344 1808 5397 animat

213 5425 401 5480 viventi
429 5426 702 5490 vobiscum,
727 5443 759 5480 α
785 5426 1069 5481 volatilibus
1091 5438 1181 5482 eta
1204 5431 1481 5496 pecoribus,
1507 5446 1554 5485 ct
1577 5435 1806 5490 omnibus

217 5516 388 5569 bestiis
411 5525 576 5580 tcrrte,
607 5531 932 5586 qutrcumqua
954 5526 1070 5571 sunt
1098 5519 1346 5572 vobiscum
1367 5537 1428 5574 c1:
1447 5522 1678 5576 omnibus
1695 5539 1808 5592 qua:

217 5621 420 5675 egressa
465 5614 582 5658 sunt
621 5621 686 5658 ex
718 5621 874 5669 arca;
919 5617 965 5659 et
997 5616 1212 5661 statuam
1253 5619 1598 5663 testamentum
1640 5629 1807 5667 meum

218 5694 475 5750 uobiscum
507 5703 596 5749 :et
636 5711 734 5748 non
779 5697 1019 5750 morietur
1056 5699 1217 5752 omnis
1254 5715 1373 5753 caro
1408 5703 1540 5754 ultra
1575 5704 1637 5756 ab
1674 5719 1805 5772 aqua

208 5783 406 5839 dilurii
430 5803 442 5846 ;
473 5795 522 5840 et
548 5792 646 5838 ubn
679 5787 812 5839 ultra
843 5788 933 5840 erit
956 5787 1199 5843 diluriu'u
1228 5806 1373 5857 aqua-
1392 5834 1405 5856 ,
1433 5806 1485 5846 ut
1515 5805 1805 5863 corrumpat

1289 413 1355 470 IN
1393 411 1543 468 CAP.
1585 401 1675 460 IX.
1715 393 1964 456 GENES.
2008 389 2235 447 HOMlL.
2281 383 2520 443 XXVIII.

3405 368 3506 427 25‘

1921 522 2114 561 onmem
2138 515 2342 558 terram.
2371 497 2555 554 Vidisti
2590 504 2861 567 pactorum
2895 487 3344 563 magnitudinem’
3373 485 3507 540 vidi-

1917 607 1986 651 sti
2071 593 2486 664 promissionum
2527 585 2846 642 ineffabilem
2879 579 3285 636 liberalitatem?
3315 575 3507 631 Consi-

1919 685 2045 740 dera
2085 682 2354 754 quomodo
2397 679 2778 748 benignitatem
2825 688 2976 727 suam
3016 675 3192 725 denuo
3236 683 3404 738 usque
3443 666 3509 720 ad

1919 775 2070 834 bruta
2102 782 2156 827 ιιι
2184 771 2322 826 feras
2346 768 2615 836 extendat,
2639 775 2690 820 et
2720 766 2910 819 merito
2930 760 3166 831 quidem.
3193 757 3344 828 Quod
3365 757 3509 813 enim

1917 879 2059 933 saepe
2085 863 2214 927 dixi,
2244 861 2347 916 hoc
2375 870 2427 916 et
2457 874 2599 914 llltttc
2626 856 2766 912 dico.
2799 854 2930 909 Nam
2954 853 3071 921 quia
3097 860 3314 921 propter
3335 847 3510 903 homi-

1918 970 2037 1009 nem
2069 953 2184 1007 ba'c
2205 949 2459 1021 producta
2484 957 2627 1014 sunt,
2661 946 2779 1002 ideo
2805 954 2858 1000 et
2895 944 3104 999 illorum
3130 939 3509 996 beneﬁciorum

1921 1057 2124 1118 partem
2159 1044 2357 1099 habent
2382 1057 2501 1112 qua:
2531 1040 2733 1095 homini
2763 1051 3018 1093 concessa
3041 1044 3184 1089 sunt.
3213 1034 3277 1088 Et
3301 1032 3502 1088 videtur

1915 1141 2128 1211 quidem
2151 1152 2433 1195 commune
2461 1151 2582 1192 esse
2609 1142 2818 1205 pactum
2850 1130 2949 1201 ipsi
2971 1138 3028 1186 et
3056 1129 3247 1193 brutis,
3276 1125 3371 1182 sed
3399 1141 3507 1181 non

1917 1232 1986 1287 ita
2022 1241 2122 1286 est.
2171 1229 2301 1284 Nam
2330 1238 2382 1282 et
2412 1227 2512 1281 hcc
2536 1225 2601 1280 ad
2629 1222 2862 1279 hominis
2887 1220 3135 1276 solatium
3164 1220 3358 1274 factum
3387 1226 3466 1274 est
3490 1257 3506 1283 ,

1917 1334 1973 1378 ut
2002 1324 2139 1378 scire
2171 1322 2334 1390 possit
2364 1321 2418 1374 in
2449 1328 2649 1392 quanto
2678 1317 2746 1370 sit
2774 1315 2998 1378 honore,
3028 1311 3170 1384 quod
3201 1327 3304 1367 non
3333 1312 3507 1368 solum

1916 1414 1968 1468 in
1992 1429 2049 1468 se
2074 1413 2403 1468 collocentur
2423 1407 2704 1470 beneficia,
2725 1406 2818 1461 sed
2843 1413 3062 1476 propter
3085 1417 3144 1458 se
3168 1403 3220 1456 in
3248 1401 3349 1458 alia
3376 1417 3510 1472 quo-

1914 1521 2017 1576 que
2061 1505 2310 1559 animalia
2349 1501 2667 1557 extendatur
2697 1498 2990 1553 liberalitas
3019 1497 3247 1551 Domini.
3298 1497 3364 1550 Et
3407 1513 3508 1550 non

1915 1595 2175 1656 morietur,
2216 1593 2403 1663 inquit,
2439 1595 2601 1646 onmis
2639 1607 2756 1645 cara
2801 1591 2932 1644 ultra
2962 1589 3024 1643 ab
3053 1605 3186 1658 aqua
3229 1589 3426 1655 diluvii,
3461 1597 3509 1645 et

1913 1693 2016 1741 itan
2054 1697 2146 1741 crit
2188 1687 2322 1740 ultra
2359 1685 2624 1748 diluvium,
2663 1694 2714 1736 ut
2748 1690 3038 1750 corrumpat
3074 1696 3272 1734 omnem
3300 1688 3508 1733 terram.

1916 1778 2102 1834 Vidisti
2132 1775 2400 1847 (lllOtllOdt)
2427 1785 2476 1830 et
2509 1773 2673 1828 semel
2710 1781 2763 1826 et
2799 1772 2989 1826 iterum
3024 1781 3078 1825 et
3114 1770 3310 1840 szrpius
3349 1769 3509 1841 polli-

1912 1880 2095 1924 ceatnr
2121 1884 2178 1922 se
2204 1885 2308 1924 non
2343 1869 2476 1922 ultra
2510 1867 2870 1920 immissnrum
2903 1878 3239 1917 communem
3265 1862 3504 1916 onminm

1916 1962 2355 2019 internecionem,
2385 1969 2439 2012 nt
2466 1975 2530 2012 ex
2565 1967 2742 2012 mente
2766 1956 2891 2026 justi
2926 1955 3062 2008 hanc
3091 1953 3503 2008 sollicitudinem

1912 2053 2130 2107 adimat.
2165 2062 2217 2105 et
2257 2052 2324 2106 de
2365 2050 2551 2104 futuris
2595 2051 2787 2103 [inuam
2820 2063 2967 2115 Spem
3000 2047 3086 2101 ille
3119 2044 3340 2099 habeat?
3373 2045 3504 2100 Dein

1913 2162 2016 2199 non
2060 2159 2212 2198 suam
2255 2152 2495 2198 naturam
2525 2152 2803 2212 spectans,
2834 2140 2926 2194 sed
2958 2152 3194 2193 nostram
3223 2137 3505 2192 inﬁrmita-

1911 2243 2041 2298 tem,
2075 2250 2179 2288 non
2206 2242 2488 2288 contentus
2518 2242 2596 2287 est
2626 2231 2976 2301 promissione
3012 2245 3105 2284 sua
3143 2245 3302 2301 quam
3330 2229 3507 2284 verbis

1910 2329 2058 2382 dedit
2091 2347 2104 2383 :
2144 2327 2235 2382 sed
2269 2328 2459 2380 iterum
2490 2325 2725 2379 ostendit
2753 2324 3021 2394 quomodo
3052 2339 3109 2378 se
3139 2333 3337 2377 nostra:
3359 2323 3506 2376 intir-

1910 2420 2076 2473 mitati
2122 2427 2466 2486 attcmpcret,
2513 2428 2567 2472 ct
2602 2419 2807 2487 signum
2853 2415 2944 2470 dat
2983 2432 3089 2485 quo
3121 2424 3377 2484 perpetuo
3401 2415 3504 2470 dn-

1909 2517 2080 2574 rante,
2113 2508 2202 2563 tali
2248 2517 2390 2562 metu
2443 2510 2731 2562 humanum
2772 2523 2940 2577 genus
2986 2507 3198 2561 liberari
3231 2507 3414 2576 possit,
3451 2515 3508 2563 ut

1909 2603 2115 2657 etiamsi
2161 2618 2303 2672 smpe
2345 2602 2533 2671 pluvim
2573 2601 2909 2663 deferantur,
2940 2583 3001 2654 ὀι
3030 2601 3274 2654 violenttc
3303 2610 3508 2670 tempe-

1906 2702 2073 2748 states
2101 2695 2258 2764 ῐίιιιιί,⁵
2289 2694 2388 2749 etsi
2415 2709 2670 2764 aquarum
2697 2709 2885 2761 magna
2909 2693 2978 2747 sit
3003 2693 3300 2757 immdatio,
3329 2709 3504 2764 neque

1907 2784 1987 2838 sic
2014 2785 2360 2838 metuendum
2393 2785 2462 2838 sit
2486 2827 2499 2850 ,
2530 2784 2621 2840 sed
2651 2784 3025 2838 conﬁdendum
3053 2784 3206 2838 nobis
3231 2784 3295 2839 ad
3319 2785 3504 2839 datum

1906 2874 2115 2943 signum
2146 2876 2570 2942 respicientibus.
2607 2876 2689 2928 12.
2743 2875 2806 2928 Et
2835 2875 2962 2928 dixit
2995 2874 3242 2927 Dominus
3274 2875 3407 2929 Deus
3435 2878 3504 2927 ad

1910 2961 2024 3017 Noe
2062 2979 2080 3017 :
2118 2962 2230 3016 Iloc
2254 2975 2326 3018 est
2357 2965 2556 3035 signum
2586 2966 2876 3021 testamenti.
2894 2967 3028 3036 quod
3058 2981 3149 3034 ego
3179 2965 3245 3018 do
3271 2967 3405 3020 inter
3429 2984 3507 3021 mc

1905 3063 1952 3109 ct
1980 3067 2040 3108 te.
2097 3055 2230 3109 Vide
2259 3067 2458 3125 quanto
2486 3053 2691 3109 honore
2715 3057 2915 3124 justum
2944 3057 3209 3127 dignatur.
3253 3057 3328 3111 Ita
3360 3057 3504 3114 enim

1906 3161 2026 3197 cum
2063 3160 2128 3198 eo
2157 3146 2443 3213 paciscitur
2467 3147 2617 3215 quasi
2651 3147 2812 3199 homo
2840 3146 3037 3200 homini
3072 3147 3316 3218 loquens,
3344 3156 3399 3204 et
3426 3149 3506 3202 di-

1905 3237 1977 3289 cit
2011 3255 2025 3290 :
2053 3235 2165 3289 Hoc
2194 3247 2268 3292 cst
2290 3240 2490 3308 signum
2522 3239 2800 3292 testamenti
2829 3240 2966 3310 quod
2991 3256 3080 3311 ego
3107 3241 3172 3293 do
3202 3243 3331 3296 inter
3351 3259 3430 3297 me
3455 3255 3507 3297 et

1906 3336 1971 3392 te,
2009 3336 2053 3380 et
2092 3344 2288 3382 omnem
2327 3329 2550 3382 animam
2591 3329 2854 3395 viventem,
2893 3348 3006 3401 qua:
3040 3333 3292 3388 vobiscum
3329 3344 3422 3399 est,
3453 3339 3506 3390 in

1906 3421 2251 3490 generationes
2268 3431 2502 3476 attentas.
2537 3422 2722 3477 Vidisti
2745 3423 3016 3492 quomodo
3039 3425 3246 3496 signum
3269 3425 3503 3481 dandum

1905 3513 2052 3567 omni
2079 3513 2278 3568 viventi
2310 3514 2623 3570 duraturum
2648 3518 2724 3571 sit
2752 3517 2802 3570 in
2827 3518 3203 3588 generationes
3228 3529 3456 3574 aeternas
3481 3523 3505 3573 ?

1905 3603 2020 3659 Non
2064 3607 2233 3660 solum
2273 3607 2626 3662 communiter
2670 3608 2918 3662 omnilms
2963 3610 3259 3664 viventibus
3297 3611 3388 3666 dat
3425 3613 3506 3665 si.-

1904 3713 2087 3769 guum,
2116 3699 2210 3754 sed
2238 3708 2291 3754 et
2319 3709 2626 3772 perpetuum
2650 3713 2699 3756 et
2722 3711 2978 3756 aeternum
3004 3703 3130 3757 illud
3155 3704 3296 3768 facit,
3317 3722 3506 3777 qnam-

1905 3789 1993 3846 diu
2042 3793 2273 3848 mundus
2318 3793 2590 3849 subsistet.
2645 3793 2922 3861 Quodnam
2968 3812 3094 3866 ergo
3133 3799 3342 3866 signum
3383 3801 3506 3854 est?

1907 3883 1994 3938 15.
2025 3883 2211 3936 Arcum
2240 3900 2405 3938 nteant
2437 3900 2570 3954 pono
2597 3886 2650 3939 in
2675 3886 2820 3953 nube,
2849 3897 2895 3940 et
2921 3888 3013 3941 erit
3043 3889 3094 3942 in
3118 3889 3320 3960 signum
3346 3893 3506 3962 fade-

1905 3974 1978 4028 ris
1996 3974 2127 4027 inter
2153 3990 2232 4028 me
2251 3986 2298 4028 et
2322 3985 2528 4029 terram.
2557 3975 2696 4031 Ecce
2725 3987 2845 4046 post
2868 3978 3307 4048 pollicitationem
3337 3984 3503 4038 verba

1909 4063 2119 4125 factam.
2145 4075 2199 4118 ct
2229 4065 2330 4121 hoc
2358 4068 2565 4136 signum
2590 4069 2678 4132 do,
2709 4069 2895 4122 iridem
2928 4071 3132 4136 dicens,
3155 4087 3316 4140 quam
3338 4074 3500 4145 aliqui

1910 4155 2023 4210 ﬁeri
2058 4155 2245 4211 dicunt
2269 4158 2381 4212 sole
2413 4158 2590 4212 radios
2630 4175 2756 4214 suos
2804 4173 2987 4215 contra
3029 4163 3199 4218 nubes
3234 4165 3500 4222 mittente.

1905 4247 1961 4304 Si
2005 4264 2186 4303 sermo
2225 4264 2407 4316 meus,
2445 4251 2643 4321 inquit,
2677 4268 2781 4306 non
2814 4253 3028 4318 sufﬁcit,
3062 4269 3187 4310 ecce
3213 4266 3266 4312 et
3290 4259 3500 4328 signum

1909 4340 2000 4405 do,
2028 4356 2315 4410 numquam
2342 4342 2566 4396 ulterius
2595 4345 2752 4397 talem
2786 4361 2871 4399 me
2900 4361 3110 4414 prunam
3141 4348 3503 4407 inducturum.

1909 4430 2021 4485 Hoc
2068 4447 2195 4500 ergo
2245 4433 2453 4504 signum
2502 4434 2743 4490 videntes
2785 4451 2816 4489 a
2855 4438 3136 4493 formidine
3180 4441 3502 4497 liberemini.

1911 4524 1995 4575 Η.
2029 4523 2094 4576 Et
2119 4526 2210 4576 erit
2237 4541 2348 4576 cum
2381 4525 2688 4588 uttbilnvem,
2721 4528 2907 4596 inquit,
2938 4531 3092 4584 nubes
3118 4548 3271 4602 super
3294 4543 3500 4600 terram,

1910 4622 1955 4664 et
1979 4613 2238 4681 apparebit
2269 4631 2417 4666 arcus
2445 4631 2582 4669 meus
2603 4616 2654 4668 in
2675 4617 2930 4678 nubc,,t5.
2958 4629 3004 4672 et
3025 4621 3330 4676 recordabar
3353 4633 3504 4678 testa-

1911 4703 2064 4773 menti
2085 4704 2200 4770 mei,
2231 4706 2366 4774 quod
2386 4717 2459 4757 est
2486 4707 2614 4758 inter
2634 4723 2714 4761 me
2733 4718 2902 4769 euros,
2928 4719 2975 4762 et
3004 4710 3134 4764 inter
3162 4730 3361 4767 onmem
3388 4718 3503 4769 ani-

1913 4811 2047 4846 mam
2069 4796 2310 4847 rivcntem
2336 4795 2387 4848 in
2411 4797 2546 4849 omni
2570 4814 2738 4852 carne.
2773 4798 2906 4866 Quid
2936 4800 3087 4866 dicis,
3117 4817 3150 4855 0
3190 4802 3346 4859 beate
3382 4821 3506 4875 pro-

1913 4883 2106 4952 pheta?
2148 4884 2508 4945 Rccordabor.
2545 4887 2744 4957 inquit,
2781 4893 3084 4946 testamenti
3112 4894 3236 4960 mei,
3269 4895 3369 4951 hoc
3398 4907 3501 4964 est,

1917 4976 2051 5042 pacti
2085 4976 2209 5037 mei,
2237 4979 2627 5044 promissionis,
2653 4980 3082 5051 pollicitationis;
3113 5002 3217 5041 non
3241 4990 3362 5057 quia
3389 4991 3503 5060 ipse

1913 5078 2045 5134 opus
2075 5064 2266 5118 habent
2292 5067 2682 5135 recordatione,
2711 5070 2803 5125 sed
2836 5082 2893 5126 ut
2920 5089 3014 5128 nos
3046 5075 3111 5128 ad
3139 5077 3263 5131 illud
3291 5079 3501 5150 signum

1911 5154 2279 5222 respicientes,
2311 5157 2438 5212 nihil
2469 5158 2660 5213 durum
2699 5163 3052 5231 suspicemur,
3078 5167 3171 5221 sed
3202 5171 3378 5225 statim
3419 5189 3505 5227 re-

1914 5246 2198 5300 cordemur
2235 5247 2428 5302 divina:
2475 5251 2864 5319 promissionis,
2894 5263 2948 5310 et
2989 5257 3326 5317 confidamus
3372 5263 3504 5319 nihil

1914 5352 2013 5393 nos
2040 5339 2143 5393 tale
2171 5355 2441 5408 passuros.

1984 5432 2038 5486 5.
2080 5431 2265 5485 Vidisti
2293 5443 2546 5502 quantum
2578 5435 2716 5489 Deus
2744 5451 2802 5492 se
2831 5447 3050 5510 propter
3078 5453 3315 5499 nostram
3352 5444 3505 5501 intir-

1913 5524 2150 5578 mitatem
2190 5524 2453 5588 demittat,
2488 5536 2738 5596 quantam
2777 5544 2959 5584 curam
3001 5543 3152 5602 gerat
3195 5537 3361 5591 nostri
3407 5551 3504 5606 ge-

1913 5616 2076 5681 neris,
2109 5627 2358 5685 quantum
2388 5617 2771 5675 misericordia:
2799 5624 3217 5691 magnitudinem
3241 5627 3501 5698 declaret,

1913 5722 2019 5761 non
2049 5707 2170 5777 quia
2215 5707 2491 5762 hominum
2527 5711 2929 5766 conversionem
2975 5713 3125 5779 vidit,
3171 5717 3263 5771 sed
3313 5730 3366 5773 ut
3410 5737 3505 5791 per

1913 5798 2094 5853 omnia
2121 5812 2216 5851 nos
2242 5799 2430 5853 doceat
2462 5800 2727 5869 ingentem
2761 5817 2910 5857 suam
2939 5804 3268 5863 bonitatcm’
3310 5809 3373 5864 Et
3393 5823 3498 5867 non
3538 5843 3541 5848 -
