4054 6312
1748 245 1782 276 ὁ

526 382 631 438 255

527 509 615 550 erit
642 497 772 549 ultra
799 512 928 568 aqua
961 498 1009 549 in
1055 495 1314 558 diluvium,
1354 495 1422 546 im
1461 502 1512 546 ut
1549 493 1709 547 delum
1756 506 1947 545 Olttllt‘m
1993 505 2103 539 rur-

528 605 636 640 nem
667 603 686 640 :
713 603 817 640 non
839 591 1065 656 amplius
1103 589 1203 639 erit
1237 582 1496 653 ejusmodi
1536 583 1734 652 pluvia.
1778 581 1906 646 Quia
1949 578 2104 632 scivit

532 684 630 730 hoc
661 678 848 731 limere
887 678 1166 730 humanam
1195 685 1457 738 naturam,
1486 674 1603 728 vide
1641 670 1907 740 quomoda
1933 667 2101 722 conti-

527 781 633 818 nuo
661 766 759 820 hoc
790 764 1081 834 pollicetur,
1125 763 1271 833 quasi
1317 765 1502 819 dicens
1544 781 1556 816 :
1604 762 1819 815 Etimnsi
1865 759 2101 812 videritis

524 857 721 910 multos
748 858 943 909 imbres
967 855 1191 919 demitti,
1221 870 1288 909 ne
1312 854 1437 926 quid
1468 852 1586 907 inde
1633 851 1824 904 durum
1862 847 2100 918 suspice-

522 946 648 998 tttiui
688 955 777 997 attt
802 946 1048 998 metuatis
1077 960 1090 996 :
1124 943 1245 997 Non
1278 946 1416 998 enim
1456 943 1545 996 erit
1572 958 1701 1010 aqua
1733 943 1787 994 in
1832 939 2097 1005 diluvium,

521 1035 589 1087 ita
620 1024 860 1087 ut‘xdcfeat
886 1049 1084 1087 onmem
1109 1047 1310 1096 carnem
1338 1045 1358 1084 :
1387 1031 1505 1084 talis
1551 1029 1718 1084 imber
1749 1044 1854 1084 non
1891 1029 1990 1083 erit
2019 1027 2100 1079 ul-

519 1133 618 1188 tra,
654 1133 851 1177 tantam
883 1124 1292 1194 indignationem
1319 1138 1424 1176 non
1461 1122 1597 1193 ultra
1639 1121 1950 1191 experietur
1988 1119 2091 1174 ltu-

519 1231 731 1268 manum
787 1215 1085 1284 genusJG.
1129 1213 1195 1268 Et
1240 1216 1364 1280 erit,
1419 1214 1624 1282 inquit,
1673 1231 1822 1268 arcus
1862 1229 2001 1267 naeus
2047 1220 2098 1267 in

519 1306 644 1358 nube
663 1346 677 1367 ,
731 1316 776 1358 et
825 1305 996 1358 ridebo
1048 1313 1100 1357 ut
1152 1305 1385 1359 recorder
1429 1308 1705 1359 testamenti
1751 1305 1926 1359 interni
1970 1306 2100 1359 inter

519 1395 700 1462 Deum,
731 1405 775 1449 et
805 1397 934 1450 inter
964 1397 1188 1449 animant
1210 1397 1449 1451 viventem
1475 1397 1524 1450 in
1555 1398 1690 1450 omni
1708 1413 1878 1450 carne.
1903 1395 2095 1451 Consi-

516 1488 640 1542 dera
672 1487 940 1557 quomodo
990 1487 1178 1542 volens
1220 1487 1504 1542 humanam
1550 1497 1787 1541 naturam
1828 1486 1894 1541 ad
1937 1486 2096 1542 fidem

514 1589 568 1632 et
617 1571 821 1632 firmam
866 1579 1264 1647 pctsuasionem
1309 1577 1576 1641 inducere,
1629 1586 1772 1632 tanta
1814 1578 2094 1634 verborum

517 1685 644 1724 usus
685 1670 754 1725 sit
790 1669 1245 1737 attctnperatione.
1279 1669 1343 1722 Et
1366 1667 1581 1734 videbo,
1614 1670 1802 1739 inquit,
1831 1676 1889 1724 ut
1917 1683 2096 1725 recor-

513 1761 608 1814 der
631 1764 926 1814 testamenti
957 1760 1078 1814 mei.
1107 1761 1313 1830 Ergone
1333 1759 1478 1816 visus
1505 1759 1674 1828 ipsum
1707 1761 1758 1814 in
1783 1761 2092 1815 memoriam

511 1854 658 1908 ducit
679 1855 700 1907 ?
721 1853 833 1908 Non
866 1862 924 1907 ut
959 1854 1058 1908 hoc
1079 1855 1439 1924 suspicemur;
1463 1854 1633 1919 absit;
1663 1853 1754 1909 sed
1787 1864 1859 1921 ut,
1883 1853 2096 1924 quando

513 1947 760 2001 videmus
788 1948 996 2017 signum
1037 1945 1160 2012 hoc,
1209 1946 1300 2000 Dci
1351 1946 1688 2015 promissioni
1729 1945 2092 2009 confidamus,

511 2041 641 2097 certi
669 2056 773 2094 non
802 2055 919 2095 esse
945 2040 1196 2110 possibile
1233 2039 1325 2093 Dei
1358 2039 1739 2108 promissioncs
1775 2037 2093 2092 intercidere

513 2131 599 2186 f7.
645 2130 711 2184 Et
751 2132 876 2185 dixit
907 2128 1074 2196 Deus,
1107 2131 1311 2200 inquit,
1340 2129 1408 2182 ad
1456 2128 1564 2182 Noe
1593 2145 1612 2182 .'
1645 2128 1756 2181 Iloc
1784 2129 1984 2198 signum
2009 2137 2087 2182 te-

509 2222 740 2275 stamenti
767 2222 863 2275 mei
887 2220 1019 2292 quod
1045 2219 1189 2290 posui
1217 2219 1344 2272 inter
1369 2235 1465 2283 me,
1496 2230 1545 2271 et
1585 2218 1714 2270 inter
1758 2232 1953 2270 onmem
1979 2233 2093 2268 car-

509 2330 625 2367 nem
650 2329 762 2383 quae
785 2323 858 2366 est
886 2329 1038 2383 super
1074 2322 1280 2366 terram.
1312 2310 1598 2380 Aecepisti,
1644 2308 1834 2378 inquit,
1880 2308 2087 2376 signum

508 2405 560 2460 id
587 2405 728 2475 quod
755 2404 877 2461 dedi
910 2406 1048 2460 inter
1076 2419 1160 2460 me
1185 2414 1237 2458 et
1263 2418 1476 2457 omnem
1502 2417 1716 2458 carnem
1754 2417 1872 2471 qua:
1900 2410 1981 2455 est
2003 2414 2092 2453 su-

507 2510 604 2566 per
632 2505 852 2551 terram.
881 2495 958 2550 Ne
982 2495 1116 2550 ultra
1143 2491 1487 2550 confundaris
1515 2502 1712 2556 mente,
1757 2507 1824 2546 ne
1864 2490 2092 2545 turbet-is

506 2585 686 2640 snitno
717 2603 732 2640 :
763 2587 854 2640 sed
883 2584 948 2639 ad
975 2584 1075 2638 hoc
1104 2585 1328 2654 reSpiee,
1355 2593 1409 2637 et
1436 2582 1548 2651 ipse
1593 2581 1782 2635 bonam
1814 2595 1962 2649 spem
1993 2580 2091 2632 ba-

511 2675 655 2741 bcto,
689 2685 744 2730 et
770 2690 957 2730 omnes
997 2674 1087 2744 qui
1128 2681 1246 2743 post
1283 2683 1335 2728 te
1372 2670 1533 2726 futuri
1580 2681 1702 2727 sunt
1739 2671 1862 2725 hinc
1902 2685 2093 2724 conso-

513 2765 765 2822 lstionem
805 2767 1108 2837 accipiant:
1149 2774 1204 2821 et
1248 2771 1494 2835 aspectus
1541 2764 1674 2834 signi
1723 2762 1966 2817 fiduciam
2012 2764 2091 2816 eis

505 2867 748 2928 prmstet,
778 2857 917 2929 quod
947 2872 1232 2928 numquam
1259 2856 1377 2910 talis
1407 2863 1694 2926 tempestas
1721 2866 1914 2910 terram
1947 2855 2092 2908 inva-

505 2963 628 3004 sttra
672 2949 761 3003 sit.
795 2947 929 3004 Nam
961 2947 1204 3018 quamvis
1252 2956 1466 3017 peccata
1507 2945 1780 2999 hominum
1824 2955 2091 3011 crescant,

491 3055 606 3111 ego
637 3051 811 3094 tamen
838 3054 958 3110 quat
989 3037 1205 3108 promisi
1234 3035 1571 3106 adimplebo,
1603 3044 1658 3090 et
1687 3050 1971 3105 numquam
2009 3045 2092 3088 ta.

507 3129 614 3185 lem
655 3130 1065 3199 indignationem
1097 3128 1149 3182 in
1175 3142 1362 3182 omnes
1381 3125 1666 3182 exhibebo.
1697 3124 1914 3180 Vidistis
1934 3141 2092 3196 quam

508 3221 695 3290 ingens
733 3217 803 3272 sit
829 3217 1037 3271 Domini
1078 3215 1326 3270 bonitas?
1368 3214 1574 3269 vidistis
1607 3222 1860 3284 quantum
1885 3215 1952 3269 ad
1999 3231 2093 3269 no-

517 3290 682 3366 stram
710 3309 962 3363 vilitatem
989 3306 1168 3362 verbis
1194 3321 1254 3360 se
1277 3304 1562 3360 demittat?
1589 3304 1794 3359 vidistis
1816 3305 1931 3373 ejus
1966 3318 2090 3374 erga

509 3416 607 3456 nos
642 3399 988 3471 providentiae
1019 3395 1482 3468 magnitudinem?
1512 3396 1715 3452 vidistis
1736 3398 2091 3468 promittentis

509 3489 913 3549 liberalitatem?
939 3489 1053 3544 Non
1081 3488 1227 3544 enim
1259 3487 1576 3544 beneﬁcium
1619 3501 1775 3542 suum
1818 3502 1985 3556 usque
2023 3485 2092 3543 ad

508 3584 662 3650 duas,
701 3583 780 3638 vel
810 3590 939 3644 tres,
971 3580 1053 3635 vel
1080 3579 1264 3635 decem
1292 3579 1661 3650 generationes
1698 3576 1957 3642 extendit,
1997 3577 2091 3633 sed

510 3672 753 3743 promisit
807 3670 1059 3740 quamdiu
1097 3670 1349 3725 subsistet
1387 3667 1612 3724 mundus
1656 3666 2090 3723 extendendum:

511 3773 569 3820 ut
587 3782 652 3830 ex
680 3774 902 3833 utroque
928 3759 1646 3827 emend-tioresreddamur,
1675 3768 1730 3814 et
1752 3773 1818 3814 ex
1857 3773 1921 3815 eo
1950 3758 2091 3830 quod

512 3859 588 3914 illi
617 3867 836 3930 propter
861 3853 1254 3910 multitudinem
1293 3861 1628 3923 peccatoan
1675 3851 1766 3907 tali
1808 3866 1965 3922 poena
1999 3867 2094 3921 pu—

513 3950 606 4004 niti
633 3957 776 4015 sunt,
801 3955 854 4002 et
875 3962 944 4002 ex
967 3959 1036 4002 eo
1057 3944 1200 4016 quod
1221 3944 1309 4000 ille
1331 3959 1424 4014 per
1447 3944 1766 3999 ineffabilem
1793 3944 2095 3998 misericor-

512 4039 653 4094 diam
679 4052 851 4104 suam,
881 4050 980 4092 nos
1004 4042 1146 4090 tanta
1173 4033 1527 4105 promissione
1549 4032 1795 4103 dignatus
1823 4042 1926 4088 est.
1959 4031 2090 4087 Nam

513 4131 760 4187 cordatos
807 4128 1063 4186 beneficia
1113 4126 1281 4193 magis
1323 4141 1483 4197 quam
1537 4137 1706 4196 pinna
1751 4125 1994 4180 alliciunt
2029 4124 2096 4180 ad

514 4221 763 4278 mandata
790 4218 1070 4276 servanda.

591 4312 724 4368 Deus
750 4311 900 4366 etiam
928 4310 1268 4380 peccatoribus
1307 4308 1570 4379 benignus,
1612 4314 1798 4377 quanto
1828 4305 1988 4377 magis
2007 4306 2099 4376 ju-

517 4407 628 4460 stis.
667 4435 736 4446 —
759 4403 919 4475 Igitur
949 4420 1014 4459 ne
1042 4404 1204 4458 simus
1233 4401 1442 4473 ingrati.
1469 4399 1596 4455 Nam
1627 4401 1669 4454 si
1699 4416 1794 4456 nos
1814 4412 2097 4470 antequam

519 4498 682 4553 ullum
733 4497 984 4552 bonitatis
1024 4495 1292 4565 specimen
1335 4493 1752 4558 exhibuerimus,
1802 4492 1907 4546 imo
1937 4492 2096 4547 etiam

517 4603 637 4641 cum
668 4586 838 4656 panis
865 4586 1022 4655 digna
1061 4585 1362 4647 fecerimus,
1391 4593 1532 4636 tanta
1554 4583 1798 4652 dignatus
1822 4592 1905 4638 est
1934 4583 2097 4638 bene-

522 4677 731 4731 ficentia
761 4693 778 4731 :
811 4677 852 4730 si
877 4676 1010 4746 grati
1039 4673 1314 4740 fuerimus,
1341 4683 1396 4728 et
1419 4673 1484 4727 de
1511 4671 1772 4742 prioribus
1796 4674 1990 4742 gratias
2018 4687 2102 4727 re-

522 4770 818 4832 tulerimus,
845 4765 1374 4834 converterimusque
1404 4777 1502 4817 nos
1523 4762 1588 4816 ad
1634 4760 1875 4828 meliora,
1905 4771 2099 4832 quanta

523 4871 632 4916 tum
656 4858 880 4928 denique
907 4872 1003 4912 nos
1032 4856 1335 4927 dignabitur
1361 4855 1674 4910 liberalitate
1703 4863 1756 4908 et
1795 4850 2003 4923 gratia?
2044 4855 2099 4909 Si

521 4953 661 5007 enim
693 4948 918 5020 indignis
944 4949 1013 5002 ita
1045 4946 1326 5013 benefacit,
1355 4956 1406 5001 et
1432 4956 1536 5000 tam
1565 4946 1825 5016 benignus
1853 4956 1936 5002 est
1980 4961 2102 5014 pec-

521 5045 823 5107 catoribus;
846 5042 888 5097 si
919 5056 947 5094 a
975 5041 1205 5110 peccatis
1239 5039 1617 5101 destiteritnus,
1641 5047 1695 5092 et
1739 5039 1986 5092 virtutem
2016 5051 2102 5092 se-

523 5153 748 5204 etemur,
774 5153 891 5206 qua:
917 5151 1018 5190 non
1046 5132 1420 5203 consequuturi
1449 5134 1666 5186 sumus?
1694 5133 1977 5188 Enimvero
2003 5133 2103 5189 bac

523 5231 587 5285 de
611 5244 767 5283 emtsa
798 5227 941 5297 prior
971 5226 1084 5294 ipse
1112 5225 1273 5277 multa
1299 5224 1353 5277 in
1381 5237 1478 5277 nos
1502 5223 1756 5277 beneficia
1785 5223 2010 5288 confert,
2042 5234 2097 5279 et

523 5339 641 5375 t'llttt
683 5319 1098 5391 pcecaverimus,
1133 5318 1322 5371 iterum
1349 5316 1501 5370 nobis
1530 5315 1737 5368 veniam
1767 5316 2019 5384 impartit,
2045 5327 2096 5371 et

523 5412 774 5481 supplicia
801 5423 907 5464 non
938 5423 968 5464 e
999 5407 1220 5478 vestigio
1249 5407 1406 5462 infert
1433 5424 1447 5459 :
1479 5416 1536 5460 ιιι
1567 5420 1663 5474 per
1691 5407 1866 5460 omnia
1894 5422 1991 5460 nos
2017 5407 2098 5459 al-

523 5503 688 5568 liciat,
728 5509 784 5556 et
810 5499 938 5554 dum
959 5497 1242 5564 benefacit,
1272 5506 1326 5550 ct
1345 5497 1471 5552 dum
1516 5496 1725 5550 tolerat.
1760 5495 1912 5567 Smpe
1938 5498 2095 5553 etiam

520 5591 648 5647 dum
677 5590 881 5661 aliquos
906 5589 1078 5660 punit,
1110 5587 1244 5642 alios
1263 5601 1363 5658 per
1387 5587 1488 5642 hoc
1514 5587 1765 5643 inducere
1792 5586 1920 5654 vult,
1947 5598 2004 5641 ut
2031 5587 2097 5641 il-

525 5685 694 5736 lorum
735 5689 878 5735 metu
909 5680 1168 5752 castigati,
1206 5678 1448 5750 supplicii
1490 5677 1786 5749 perieulum
1824 5677 2093 5747 effugiant.

535 5771 725 5828 \idisti
781 5775 1168 5843 sapientissimi
1205 5777 1299 5834 Dei
1333 5776 1755 5849 benignitatem.
1830 5770 2097 5840 τιιιοηιοάο

1233 380 1286 437 S.
1329 379 1603 436 JO.\NNIS
1641 375 2109 432 lillitYSOS'l‘Oill
2139 373 2451 427 AlllllllEP.
2486 374 3014 432 CONSTANTINOP.

3697 380 3804 432 2'33

2210 488 2385 541 munia
2415 505 2534 557 qum
2578 505 2671 558 per
2717 490 2887 558 ipsum
2936 494 3084 556 fiunt,
3137 502 3349 561 propter
3391 508 3550 544 unum
3602 496 3800 555 solum,

2210 595 2398 650 nempe
2425 581 2615 636 salutis
2656 593 2849 634 nostrze
2881 597 3038 636 causa
3073 586 3234 636 fiant?
3282 583 3404 637 llrc
3449 587 3628 652 ilaqt'e
3657 589 3796 653 mgi-

2211 681 2401 736 lautcs,
2434 687 2499 727 ne
2525 675 2691 726 simus
2721 673 2952 737 desides,
2985 691 3052 728 ne
3074 675 3323 728 virtutem
3355 676 3703 745 negligimus,
3737 694 3800 727 m:

2209 775 2582 833 praetereamus
2610 764 2753 834 luges
2775 765 2841 820 ab
2870 766 2958 820 illo
2985 775 3233 820 statutas.
3263 767 3394 820 Nam
3418 769 3460 820 si
3489 767 3681 820 viderit
3703 785 3800 819 nos

2204 856 2465 923 converti,
2497 867 2553 910 et
2581 857 2876 925 quiescere,
2909 866 2959 911 ct
2993 859 3308 927 principium
3332 858 3544 927 aliquod
3573 875 3795 926 puttct‘t'.

2206 947 2318 1016 ipse
2345 964 2556 1017 quoque
2586 966 2678 1004 sua
2705 954 2862 1006 simul
2890 953 3098 1013 afferet,
3141 953 3399 1021 facietque
3430 954 3583 1006 nobis
3619 953 3798 1006 omnia

2204 1034 2340 1090 levia
2366 1050 2419 1091 et
2449 1037 2640 1103 facilia,
2672 1052 2857 1096 etnon
2914 1044 3187 1111 permittet
3232 1053 3288 1096 ut
3333 1044 3545 1095 virtutis
3590 1044 3800 1095 labores

2203 1126 2509 1181 sentiamus.
2540 1129 2669 1183 Nam
2691 1133 2903 1201 quando
2924 1133 3099 1193 anima
3125 1132 3190 1185 ad
3221 1133 3386 1186 Deum
3413 1133 3796 1201 cogitationem

2202 1228 2352 1269 suam
2400 1217 2646 1284 intrandit,
2685 1235 2790 1273 non
2824 1221 2934 1290 jam
2982 1221 3156 1290 decipi
3209 1232 3380 1292 potest
3421 1238 3450 1274 a
3506 1222 3798 1275 visibilium

2199 1316 2418 1376 aspectu
2452 1326 2465 1362 :
2495 1309 2586 1364 sed
2613 1311 2927 1380 prmteriens
2955 1312 3130 1365 omnia
3162 1328 3225 1365 ea
3257 1328 3377 1382 qua:
3409 1328 3514 1366 non
3548 1312 3796 1366 videntur

2199 1399 2568 1467 corporalibus
2609 1400 2799 1466 oculis,
2846 1416 2964 1470 quae
3005 1401 3426 1461 nttllamsciunt
3473 1403 3800 1456 \‘iClaSilﬂdl-

2201 1503 2344 1553 nem,
2373 1488 2467 1543 sed
2499 1499 2752 1559 perpetuo
2778 1501 3013 1557 manent,
3043 1493 3252 1562 fixaque
3279 1501 3402 1546 sunt
3441 1507 3503 1546 ac
3548 1494 3791 1559 immota,

2201 1576 2509 1649 diligentius
2555 1581 2877 1650 speculatur,
2931 1597 3088 1652 quam
3133 1598 3193 1637 ea
3242 1599 3359 1653 qua:
3404 1585 3454 1636 in
3501 1595 3794 1654 conspectu

2199 1674 2325 1723 sunt
2349 1671 2541 1738 posita.
2588 1669 2745 1726 Tales
2771 1672 2912 1725 enim
2943 1673 3139 1726 mentis
3167 1682 3289 1726 sunt
3317 1672 3479 1738 oculi,
3513 1673 3605 1742 qui
3631 1673 3698 1728 ad
3729 1674 3797 1727 il—

2199 1758 2370 1814 lorutn
2410 1761 2775 1830 spectaculum
2807 1762 3060 1816 continuo
3103 1761 3400 1827 intendunt,
3447 1772 3504 1816 et
3543 1762 3795 1832 supernis

2198 1852 2364 1908 radiis
2388 1854 2657 1918 illustrati,
2685 1854 2864 1908 omnia
2904 1868 3024 1926 qua:
3067 1854 3120 1908 in
3166 1852 3264 1907 hac
3291 1854 3398 1906 vita
3449 1864 3598 1921 sunt,
3640 1855 3793 1923 quasi

2197 1943 2438 1999 umbram
2469 1955 2521 1999 et
2541 1945 2826 2009 somnium,
2855 1950 3135 1998 transeunt
3161 1962 3175 1998 :
3210 1959 3314 1998 non
3343 1945 3433 1999 ttlli
3462 1945 3598 1999 ultra
3626 1947 3794 2001 dece-

2199 2034 2363 2102 ptioni
2389 2034 2600 2088 obnoxii
2629 2043 2770 2095 sunt.
2801 2048 2974 2104 neque
2998 2035 3370 2088 circumveniri
3403 2047 3660 2105 possunt;
3692 2037 3785 2092 sed

2198 2127 2403 2178 etiamsi
2426 2141 2557 2194 opes
2585 2125 2834 2188 viderint,
2868 2125 3046 2179 statim
3076 2125 3344 2190 derident,
3383 2132 3615 2181 scientes
3648 2127 3791 2197 quod

2197 2215 2413 2285 fugitivo
2433 2217 2619 2285 quovis
2641 2216 2966 2271 infideliores
2992 2217 3058 2271 ab
3085 2232 3192 2272 uno
3215 2217 3280 2273 ad
3302 2219 3466 2272 alium
3487 2229 3784 2275 transeam.

2195 2316 2251 2362 et
2273 2323 2558 2376 numquam
2581 2307 2718 2377 apud
2740 2307 2984 2363 eumdem
3011 2293 3322 2375 subsistant,
3345 2321 3395 2364 et
3422 2312 3623 2366 infinita
3652 2315 3791 2368 inab

2200 2398 2591 2467 possidentibus
2616 2398 2857 2461 afferant,
2892 2413 3026 2468 quos
3055 2407 3107 2453 et
3146 2399 3198 2453 in
3229 2399 3403 2470 ipsum
3451 2402 3691 2470 malitiae,
3735 2414 3792 2459 ut

2196 2487 2266 2541 ita
2298 2488 2492 2553 dicam,
2523 2489 2868 2555 prmcipitium
2899 2491 3155 2558 impulsos
3179 2491 3484 2547 deturbant.
3511 2493 3579 2548 Et
3599 2497 3641 2548 si
3664 2510 3790 2549 cor-

2198 2579 2340 2648 poris
2382 2578 2764 2632 formositatem
2811 2595 2993 2633 l‘Ill‘aUS
3033 2580 3210 2634 intuiti
3258 2581 3491 2646 fuerint,
3542 2600 3649 2638 non
3699 2587 3790 2640 illa

2194 2668 2590 2733 subvertantur,
2623 2671 2918 2738 cogitantes
2949 2677 3057 2723 tam
3088 2669 3283 2725 fluxam
3306 2683 3357 2726 et
3386 2672 3688 2729 instabilem
3719 2676 3789 2729 il-

2195 2755 2300 2812 lam
2340 2774 2478 2823 esse,
2523 2768 2580 2813 ut
2626 2759 3011 2828 superveniens
3054 2761 3273 2817 morbus
3317 2773 3537 2832 repente
3567 2781 3785 2821 onmem

2194 2846 2337 2901 illam
2366 2847 2588 2902 formam
2614 2849 2882 2915 obscuret,
2913 2860 3044 2905 etut
3073 2867 3472 2924 nonnumquam
3493 2862 3619 2909 ante
3647 2872 3792 2911 mor-

2195 2939 2342 3002 bum,
2374 2944 2420 2995 si
2442 2941 2690 2994 invaserit
2715 2953 2984 3009 soneetus,
3012 2943 3193 3010 facies,
3223 2960 3342 3016 qua:
3371 2955 3525 3001 antea
3553 2945 3791 3002 formosa

2195 3042 2328 3096 erat,
2361 3031 2448 3084 fiat
2478 3030 2730 3086 deformis
2783 3042 2836 3085 et
2867 3033 3150 3100 injucunda
3185 3052 3368 3088 :mors
3394 3047 3572 3091 autem
3599 3053 3792 3108 super

2194 3123 2432 3187 veniens,
2462 3138 2676 3178 onmem
2703 3125 2944 3193 corporis
2972 3123 3420 3194 pulchritudinem
3469 3130 3674 3197 perdat.
3719 3131 3787 3186 Et

2192 3213 2236 3267 si
2269 3226 2425 3282 quem
2455 3213 2682 3266 viderint
2709 3212 2878 3281 gloria
2905 3222 2958 3267 et
2983 3216 3218 3282 potentia
3247 3216 3590 3285 instructum,
3620 3229 3675 3274 et
3697 3222 3794 3290 qui

2195 3304 2245 3359 in
2268 3319 2534 3359 summum
2558 3305 2872 3375 dignitatum
2900 3308 3156 3363 verticem
3187 3313 3511 3377 pervenerit,
3539 3313 3799 3382 omnique

2195 3394 2450 3450 felicitate
2476 3394 2701 3462 fruatur,
2728 3396 2888 3450 etiam
2920 3396 3066 3451 illum
3099 3408 3443 3468 prietereuut,
3475 3401 3628 3471 quasi
3660 3403 3797 3456 nihil

2194 3485 2387 3541 stabile
2409 3493 2466 3539 et
2493 3484 2720 3540 solidum
2749 3485 3060 3554 habentem,
3100 3487 3194 3542 sed
3231 3489 3299 3543 de
3336 3489 3440 3543 illis
3469 3489 3795 3559 gloriantem

2197 3591 2319 3648 quat
2367 3575 2675 3632 fluminibus
2724 3577 2854 3647 ipsis
2907 3594 3073 3649 ocyus
3122 3582 3594 3648 praeterlabunmr.
3650 3582 3796 3650 Quid

2198 3670 2342 3724 enim
2386 3671 2532 3724 onmi
2569 3669 2724 3738 lmjus
2753 3669 2875 3723 vita:
2899 3670 3066 3740 gloria
3101 3671 3276 3737 vilius,
3307 3687 3425 3741 qut
3455 3671 3575 3728 flori
3605 3674 3793 3730 herba:

2195 3760 2507 3816 confertur?
2540 3761 2720 3816 Omnis
2761 3760 2904 3816 enim
2948 3763 3118 3833 gloria
3159 3763 3397 3834 hominis;
3433 3765 3627 3836 inquit,
3660 3768 3798 3822 sicut

2194 3853 2292 3922 ﬂos
2314 3853 2436 3923 {ani
2466 3852 2615 3924 (lsai.
2647 3853 2736 3908 40.
2767 3851 2836 3921 6;
2867 3854 2919 3910 Ι.
2949 3851 3066 3907 Pet.
3100 3854 3150 3907 f.
3179 3853 3296 3925 24).

2268 3943 2322 3998 4.
2370 3943 2604 4010 Vidistis,
2633 3944 2832 4009 dilecti,
2861 3961 3020 4014 quam
3043 3953 3202 4001 acute
3236 3946 3452 4000 videant
3479 3948 3620 4003 oculi
3647 3947 3796 4014 fidet,

2197 4033 2242 4088 si
2268 4031 2477 4103 quando
2505 4033 2556 4086 in
2587 4033 2749 4087 Deum
2777 4049 2926 4088 mens
2953 4035 3152 4089 intenta
3180 4032 3380 4091 fuerit?
3408 4037 3619 4093 vidistis
3642 4053 3784 4108 quo-

2202 4123 2360 4178 modo
2387 4139 2416 4178 a
2443 4124 2586 4177 nulla
2629 4140 2686 4179 re
2723 4124 2917 4179 visibili
2957 4125 3131 4196 decipi
3173 4137 3418 4197 possunt,
3465 4131 3559 4183 sed
3589 4139 3796 4184 rectum

2203 4217 2394 4272 habent
2423 4233 2598 4271 rerum
2617 4217 2896 4286 judicium,
2924 4233 3096 4287 neque
3125 4219 3177 4271 in
3204 4219 3312 4273 ullo
3336 4219 3632 4276 falluntur?
3658 4220 3795 4287 Sed.

2201 4311 2244 4364 si
2273 4320 2480 4378 gratum
2508 4319 2608 4375 est,
2641 4312 2832 4364 iterum
2859 4310 2924 4363 ad
2954 4320 3262 4365 contextum
3303 4319 3569 4368 sermonis
3611 4330 3800 4371 rever-

2205 4410 2396 4465 tamur,
2436 4409 2487 4455 et
2517 4401 2700 4468 paucis
2727 4401 3011 4469 propositis
3041 4400 3202 4455 finem
3231 4401 3479 4471 loquendi
3511 4402 3795 4472 faciamus,

2202 4502 2261 4547 ut
2300 4491 2564 4547 dictorum
2607 4494 2862 4547 memoria
2903 4495 3066 4549 menti
3113 4503 3306 4549 Vestra:
3347 4494 3616 4566 inligatur.
3663 4498 3796 4553 Nam

2205 4593 2481 4652 postquam
2507 4583 2777 4650 Scriptura
2817 4599 3120 4638 sermonem
3162 4585 3230 4639 de
3268 4587 3451 4640 divino
3480 4588 3633 4658 signo
3675 4592 3797 4644 lini-

2205 4674 2299 4737 vit,
2328 4685 2424 4725 nos
2451 4673 2646 4726 iterum
2675 4673 2868 4728 docere
2892 4673 3003 4728 vult
3026 4674 3126 4728 alia
3159 4691 3277 4744 qua:
3300 4677 3368 4731 ad
3399 4677 3606 4746 justum
3645 4680 3795 4734 illum

2204 4772 2258 4818 et
2291 4761 2426 4818 filios
2453 4763 2593 4817 illius
2631 4765 2920 4833 pertinent,
2966 4775 3020 4819 et
3061 4765 3192 4820 dicit
3244 4785 3256 4820 :
3304 4768 3390 4823 18.
3434 4769 3596 4822 Erant
3625 4783 3800 4826 autem

2204 4855 2300 4923 ﬁlii
2333 4853 2464 4919 Noe,
2497 4856 2582 4924 qui
2623 4856 2688 4909 de
2727 4873 2846 4910 arca
2886 4858 3071 4928 egressi
3116 4869 3252 4925 sunt,
3285 4860 3427 4924 Sem,
3470 4861 3654 4928 Citam,
3698 4865 3797 4918 Jac

2207 4947 2378 5016 plteth.
2409 4945 2566 5000 C/tant
2600 4955 2767 5000 autent
2795 4958 2902 5000 erat
2931 4959 3072 5017 pater
3099 4947 3364 5003 Chanaan.
3401 4952 3486 5007 l9.
3519 4951 3648 5006 Tres
3678 4968 3798 5009 sunt

2204 5040 2256 5091 Ιιὶ
2280 5038 2375 5108 ﬁlii
2402 5038 2552 5103 Noe;
2583 5039 2645 5091 ab
2676 5039 2783 5093 istis
2810 5040 3024 5106 dispersi
3050 5052 3165 5094 sunt
3185 5057 3338 5110 super
3361 5059 3560 5096 omnem
3582 5055 3794 5100 terram.

2208 5133 2428 5202 [tignum
2471 5133 2556 5186 ltie
2587 5131 2747 5185 fuerit
2774 5141 2830 5185 ut
2869 5131 3196 5201 inquiramus
3241 5149 3406 5203 quare
3435 5135 3614 5190 divina
3641 5138 3796 5194 Serio

2207 5235 2354 5292 plura
2387 5224 2484 5277 hos
2515 5232 2621 5278 tres
2655 5222 2789 5276 filios
2827 5226 3316 5292 conmtemorando,
3360 5228 3542 5281 subdit
3572 5246 3591 5282 :
3634 5229 3800 5283 (Iliam

2205 5325 2367 5368 autem
2398 5326 2504 5368 erat
2533 5324 2681 5387 pater
2710 5314 2972 5368 Chanaan.
3024 5314 3101 5371 Ne
3150 5319 3366 5386 putt-tis,
3401 5319 3647 5384 obsecro,
3696 5324 3800 5378 hoc

2205 5409 2403 5474 absque
2422 5420 2581 5460 causa
2617 5404 2781 5459 fuisse
2820 5406 3084 5473 adjectum
3127 5406 3304 5460 :nihil
3343 5409 3486 5463 enim
3531 5411 3582 5463 in
3615 5411 3797 5468 divina

2205 5494 2475 5563 Scriptura
2505 5493 2830 5560 continetur,
2856 5496 2994 5563 quod
3025 5512 3128 5550 non
3155 5496 3329 5566 aliqua
3357 5499 3565 5553 ratione
3593 5503 3796 5556 dictum

2204 5588 2292 5652 sit,
2330 5602 2448 5656 qum
2494 5601 2598 5641 non
2649 5595 2703 5640 et
2754 5587 3004 5642 latentem
3052 5589 3103 5642 in
3147 5603 3205 5643 se
3253 5589 3442 5645 habeat
3490 5592 3796 5651 utilitatem.

2203 5677 2378 5747 Quare
2404 5693 2531 5747 ergo
2561 5677 2895 5746 significavit,
2924 5677 3081 5733 Citam
3123 5691 3292 5732 autem
3332 5693 3439 5734 erat
3480 5693 3622 5750 pater
3655 5682 3791 5738 Chn-

2209 5769 2382 5826 naan.’
2411 5769 2585 5824 Voluit
2617 5783 2706 5838 per
2735 5768 2837 5824 hoc
2867 5770 3018 5824 nobis
3047 5769 3188 5828 illius
3217 5771 3684 5842 intcutpcrautiaut
3715 5777 3797 5833 in.
