4054 6312
260 339 366 396 9.51

265 459 483 520 gentem
512 447 879 514 subindicam,
923 461 987 503 ac
1032 461 1202 516 neque
1231 444 1550 502 Calatttitalis
1593 441 1861 512 magnitu-

262 543 448 598 dinem
475 542 624 596 illum
650 557 902 598 coercere
926 540 1184 612 potuisse,
1215 555 1388 611 neque
1419 549 1617 594 tantam
1646 538 1698 593 in
1729 552 1856 592 arca

264 633 568 706 angustiam
598 633 970 688 irrefrenatam
1001 631 1144 686 illius
1183 630 1677 700 concupiscentiam
1715 627 1864 682 setia-

262 729 409 782 visae
436 743 451 779 :
483 724 580 781 sed
604 726 848 796 quamvis
877 723 1042 779 frater
1082 723 1201 792 ejus
1241 723 1412 794 major
1451 720 1686 793 nondum
1728 719 1862 774 filios

262 814 680 886 procreavisset,
720 813 862 868 hunc
901 814 1299 870 incontinentize
1331 812 1592 878 deditum,
1635 811 1688 866 in
1723 820 1860 865 tem-

264 921 399 975 pore
433 916 595 961 tanta:
634 906 1032 978 indignationis,
1077 915 1130 960 et
1156 905 1424 976 generalis
1459 903 1722 966 interitus,
1755 917 1861 970 quo

261 996 413 1051 orbis
441 996 863 1066 comprehensus
891 1005 996 1062 est,
1024 997 1102 1050 rei
1132 1010 1376 1050 venerea:
1400 994 1637 1049 deditmn
1673 993 1857 1058 fuisse,

259 1095 320 1140 et
357 1086 662 1157 cupiditatis
705 1086 1167 1156 intemperantiam
1209 1100 1316 1140 non
1363 1083 1736 1157 refreuavisse,
1765 1081 1860 1138 Sed

256 1175 372 1244 jam
421 1176 597 1230 statim
642 1177 711 1229 ab
756 1176 902 1230 initio
949 1175 1112 1230 animi
1156 1175 1236 1229 sui
1284 1175 1594 1244 pravitatem
1638 1175 1860 1228 demon-

259 1277 482 1321 strasse.
519 1265 697 1334 Itaque
722 1279 842 1318 cum
875 1281 977 1318 non
1002 1265 1169 1319 multo
1197 1274 1314 1334 post
1343 1265 1558 1334 propter
1586 1273 1861 1319 contume-

260 1354 388 1409 liam
439 1354 490 1408 in
535 1363 832 1424 parentem,
869 1353 1297 1416 maledictionem
1341 1363 1687 1424 suscepturus
1716 1362 1859 1406 esset

258 1444 382 1513 ejus
412 1444 550 1499 filius
576 1441 826 1499 Chanaan
873 1463 887 1499 :
932 1445 1052 1499 ideo
1095 1445 1366 1514 Scriptura
1395 1444 1572 1500 divina
1620 1444 1670 1497 id
1713 1443 1859 1513 prius

257 1533 571 1604 assignavit,
607 1536 807 1605 liliique
838 1550 1033 1590 nomen
1071 1534 1382 1602 declaravit,
1413 1550 1478 1590 ac
1503 1535 1659 1590 simul
1692 1534 1858 1604 patris

261 1625 728 1696 intemperantiam
761 1644 776 1678 :
811 1638 867 1680 ut
896 1641 1017 1681 cum
1050 1636 1236 1696 postea
1267 1626 1463 1680 videris
1491 1626 1638 1680 illum
1669 1641 1856 1694 magna

260 1715 459 1788 ingrati
487 1733 610 1787 erga
642 1729 846 1786 patrem
889 1719 1051 1772 animi
1091 1719 1240 1787 signa
1283 1718 1620 1788 darehscire
1661 1718 1856 1786 possis,

261 1810 438 1878 ipsum
463 1808 573 1877 jam
600 1809 726 1863 olim
775 1810 933 1864 talem
977 1811 1156 1872 fuisse,
1208 1817 1390 1876 utpote
1432 1824 1604 1878 neque
1641 1824 1672 1862 a
1714 1819 1857 1863 tanta

259 1899 568 1953 calamitate
614 1898 973 1970 emendatum.
1021 1899 1280 1954 Sttfiicere
1327 1901 1470 1952 enim
1521 1899 1750 1953 debebat
1789 1899 1856 1952 ad

259 1990 706 2061 exstinguendam
763 1991 1034 2045 libidinem
1095 2001 1271 2046 tantus
1329 2006 1563 2054 maeror;
1621 1992 1859 2059 nihilque

260 2083 532 2138 ﬂammam
557 2093 613 2139 et
639 2084 900 2138 insaniam
931 2083 1070 2138 hanc
1100 2085 1168 2137 ita
1195 2083 1550 2153 comprimere
1580 2091 1774 2150 potest,
1801 2093 1855 2138 ut

261 2174 494 2229 tristitia:
526 2176 881 2240 vehementia,
913 2184 966 2227 et
988 2175 1306 2230 calamitatis
1334 2173 1661 2242 magnitudo.
1697 2173 1860 2243 Igitur

263 2267 356 2336 qui
401 2267 453 2321 in
486 2277 629 2320 tanta
672 2269 931 2321 malorum
962 2267 1010 2320 vi
1042 2277 1202 2320 tanta:
1241 2266 1406 2322 rabiei
1444 2275 1500 2320 et
1545 2266 1766 2319 insania:
1806 2267 1857 2321 itt

261 2359 610 2429 procreandis
639 2359 822 2414 liberis
849 2359 963 2423 fuit,
994 2374 1096 2429 qua
1139 2358 1292 2413 venia
1332 2357 1522 2428 dignus
1554 2357 1752 2412 fuerit?

335 2449 439 2502 Car
464 2459 610 2519 patre
649 2450 819 2504 Cham
863 2459 1101 2519 peccante
1132 2449 1270 2518 filius
1298 2449 1549 2504 Chanaan
1597 2449 1861 2504 maledici-

261 2543 538 2597 tun—At
584 2542 671 2596 hic
715 2543 870 2598 nobis
912 2543 1011 2596 alia
1059 2543 1283 2612 quaestio
1330 2543 1588 2606 nascitur.
1634 2543 1861 2596 celebris

267 2633 374 2698 illa,
402 2643 454 2689 et
477 2650 595 2702 quae
639 2634 830 2705 ubique
862 2632 1238 2689 circumfertur
1274 2649 1287 2686 :
1332 2633 1510 2701 Quare
1554 2644 1705 2702 patre
1737 2648 1862 2701 pec-

263 2734 439 2787 cante,
473 2724 612 2778 filius
637 2724 978 2778 maledictum
1007 2723 1236 2795 accipit?
1263 2721 1372 2778 Sed
1401 2737 1469 2777 ne
1495 2722 1712 2792 longum
1738 2736 1859 2778 ser-

267 2834 482 2874 monem
514 2834 654 2872 nunc
681 2818 962 2883 faciamus,
996 2820 1049 2874 in
1077 2816 1225 2874 aliud
1265 2827 1476 2888 tempus
1517 2817 1660 2873 illam
1699 2832 1861 2888 repo-

268 2921 477 2974 nemus,
512 2918 569 2962 ut
595 2922 717 2962 cum
741 2907 809 2962 ad
838 2922 962 2963 eum
987 2907 1163 2963 locum
1192 2907 1615 2978 pervenerimus,
1649 2917 1776 2964 tunc
1806 2917 1860 2963 et

265 2997 584 3053 solutionem
628 2998 935 3064 alleramus,
987 3014 1147 3071 quam
1191 2999 1330 3055 Deus
1367 2999 1671 3054 donaverit.
1717 2999 1856 3055 Nihil

267 3089 409 3158 enim
438 3089 490 3143 in
516 3103 665 3143 sacra
713 3088 1014 3159 Scriptura,
1060 3091 1201 3146 sicut
1247 3090 1379 3157 dixi,
1430 3090 1670 3146 invenire
1719 3089 1855 3155 licet,

265 3177 408 3247 quod
438 3177 641 3246 absque
683 3179 890 3235 ratione
915 3179 1091 3249 aliqua
1133 3177 1202 3234 sit
1228 3180 1506 3249 scriptum.
1547 3179 1660 3235 Hoc
1704 3179 1862 3250 igitur

267 3267 479 3323 interim
510 3269 846 3336 exploratum
871 3277 976 3335 est,
1000 3284 1193 3343 nomen
1223 3269 1314 3324 lilii
1338 3286 1442 3324 non
1469 3271 1670 3340 absque
1696 3286 1857 3325 causa

264 3357 432 3414 fuisse
457 3372 488 3411 a
515 3357 667 3422 Diosc,
685 3369 1185 3424 commemoratum,
1215 3373 1335 3412 cum
1364 3359 1498 3412 dixit
1529 3376 1541 3411 :
1575 3357 1734 3412 Citam
1762 3377 1860 3412 an-

264 3457 366 3502 tetn
390 3457 497 3502 erat
527 3458 668 3515 pater
697 3447 965 3502 Chanaan.
995 3446 1140 3509 Tres,
1165 3448 1354 3518 inquit,
1381 3459 1498 3503 sunt
1524 3449 1577 3502 hi
1603 3450 1700 3518 [iiii
1724 3447 1858 3514 Nee,

263 3550 318 3594 et
342 3540 405 3592 ab
434 3541 494 3594 iis
519 3540 735 3608 dispersi
763 3549 880 3593 sunt
908 3556 1060 3610 super
1092 3556 1288 3593 omnem
1315 3550 1521 3594 terram.
1553 3539 1736 3610 Neque
1762 3542 1861 3597 hoc

262 3630 468 3687 dictum
493 3630 667 3686 obiter
693 3641 1095 3700 praetereamus,
1125 3631 1325 3697 dilecti,
1353 3631 1444 3685 sed
1474 3632 1766 3701 cogitemus
1794 3646 1860 3686 ex

265 3721 364 3776 illo
411 3721 528 3789 ipso
580 3721 795 3775 virtutis
844 3720 936 3774 Dei
983 3722 1423 3790 magnitudinem.
1481 3719 1622 3788 Tres,
1671 3721 1859 3790 inquit,

263 3822 412 3869 erant
440 3813 492 3866 lsi
519 3813 612 3882 ﬁlii
647 3811 781 3877 Noe,
813 3821 860 3865 et
890 3829 954 3868 ea:
979 3813 1080 3867 illis
1107 3813 1320 3882 dispersi
1345 3821 1460 3866 sunt
1485 3829 1637 3882 super
1665 3828 1864 3866 onmem

262 3915 479 3960 terram.
506 3904 785 3973 Quomodo
814 3918 882 3959 ex
925 3903 1094 3958 tribus
1134 3912 1277 3957 tanta
1327 3903 1612 3958 multitudo
1650 3919 1862 3959 succre-

263 3996 380 4052 vit?
407 3994 676 4066 quentodo
704 4003 991 4064 potuerunt
1016 3992 1305 4050 sufﬁcecm
1331 3992 1600 4062 quomodo
1629 4009 1694 4049 ex
1729 4009 1862 4061 pau-

260 4091 350 4147 cis
377 4089 483 4145 illis
523 4097 666 4144 totus
707 4087 936 4144 mundus
968 4088 1328 4144 constitutus?
1365 4087 1636 4158 quomodo
1674 4102 1861 4143 eorum

263 4188 681 4253 permanserunt
706 4179 976 4249 corpora?
1018 4177 1134 4234 Non
1174 4179 1413 4234 medicus
1450 4187 1584 4245 erat,
1626 4179 1714 4249 qui
1745 4193 1862 4234 me-

261 4272 499 4329 dicinam
541 4271 839 4337 adhiberet,
889 4284 1061 4340 neque
1101 4270 1201 4324 alia
1239 4284 1389 4324 cura.
1435 4268 1680 4324 Nondum
1719 4269 1861 4324 enim

262 4372 424 4422 erant
450 4364 693 4432 civitates
728 4361 980 4428 condita,
1022 4361 1117 4416 sed
1161 4369 1282 4430 post
1323 4368 1521 4415 tantam
1568 4360 1860 4428 miseriam,

261 4466 325 4513 et
349 4455 516 4530 vitam
539 4454 682 4509 illam
714 4454 764 4507 in
794 4467 938 4517 arca,
970 4461 1024 4507 et
1049 4467 1154 4522 qua
1178 4453 1428 4507 macerati
1454 4460 1508 4506 et
1535 4451 1764 4507 coniecti
1793 4452 1864 4507 oh

260 4547 722 4616 eompressionem
748 4545 1023 4608 exierunt,
1053 4555 1106 4599 et
1137 4544 1191 4598 in
1222 4551 1364 4598 tanta
1404 4541 1691 4599 solitudine
1716 4544 1862 4608 exsi-

261 4644 493 4702 stentes,
535 4644 592 4690 et
616 4633 869 4690 ineffabili
899 4635 1164 4698 vastitate,
1194 4632 1465 4704 quomodo
1509 4647 1616 4689 non
1655 4633 1862 4688 enecati

262 4727 431 4783 sunt?
452 4723 720 4794 quomodo
749 4740 854 4780 non
884 4724 1191 4792 perierunt?
1211 4723 1484 4781 Timorem
1508 4724 1651 4781 enim
1677 4732 1733 4778 et
1751 4739 1865 4777 me-

266 4827 406 4886 tum,
435 4815 543 4880 die,
569 4829 686 4880 oro,
712 4829 817 4869 non
841 4824 994 4883 putas
1014 4815 1369 4870 commovisse
1395 4828 1579 4869 eorum
1602 4823 1855 4878 mentem,

267 4916 330 4964 et
355 4906 692 4961 concussisse
716 4905 990 4957 animum?
1015 4903 1092 4959 Ne
1117 4902 1421 4967 admireris,
1451 4902 1646 4960 dilecte
1677 4920 1691 4956 :
1723 4903 1864 4960 Deus

267 4999 417 5055 enim
443 5006 555 5054 erat
583 4997 673 5066 qui
703 4996 880 5076 omnia
913 4994 1161 5062 faciebat,
1193 5004 1249 5049 et
1276 4994 1417 5050 Deus
1441 5003 1646 5056 natura:
1683 4994 1861 5066 epilex

267 5099 390 5146 erat
413 5088 500 5160 qui
527 5087 1107 5163 otnnia‘itnpedimenta
1136 5086 1412 5142 auferebat
1451 5087 1705 5142 mandato
1741 5103 1861 5156 suo,

269 5193 384 5250 quo
407 5179 561 5253 dixit,
607 5177 824 5232 Crescite
863 5187 916 5232 et
960 5177 1391 5246 multiplicamini,
1433 5186 1480 5231 et
1525 5178 1728 5245 implete
1765 5187 1866 5232 ter-

271 5288 386 5325 rent
411 5269 563 5344 (Gen.
595 5271 647 5324 l.
673 5269 793 5338 28).
824 5268 935 5325 Hoc
957 5270 1100 5324 enim
1131 5269 1517 5324 incrementum
1543 5268 1706 5324 dedit.
1731 5268 1863 5337 Quia

269 5374 327 5419 et
364 5363 613 5418 Israelita;
637 5376 758 5415 cum
786 5362 837 5414 in
870 5360 1103 5432 ,Ευριο
1143 5361 1194 5415 in
1237 5361 1348 5416 luto
1395 5370 1451 5417 et
1494 5361 1661 5416 latere
1687 5361 1858 5415 conli-

269 5450 469 5508 ciendo
492 5453 700 5508 onerati
728 5463 932 5517 essent,
979 5454 1030 5506 in
1077 5461 1226 5507 tanto
1268 5451 1523 5522 majorem
1568 5452 1866 5506 multitudi-

277 5557 402 5598 nem
431 5541 832 5608 excrescebant,
856 5557 961 5612 quo
1001 5544 1168 5612 magis
1203 5543 1637 5613 opprimebantur
1668 5542 1860 5612 (Exod.

279 5634 332 5687 1.
360 5640 412 5686 et
447 5632 622 5702 seqq.)
651 5649 665 5684 :
691 5641 747 5687 et
773 5646 948 5702 neque
978 5633 1361 5689 immisericors
1396 5643 1450 5687 et
1476 5634 1694 5689 crudele
1724 5649 1864 5703 pra:-

265 5729 482 5790 ceptum
541 5717 869 5786 Phaseonis,
911 5739 1016 5794 quo
1055 5723 1461 5794 praecipiebatur
1505 5726 1763 5781 masculus
1811 5727 1861 5780 itt

1283 334 1347 389 IN
1389 331 1542 389 (ΖΑΙῆ
1585 328 1676 386 IX.
1717 324 1962 387 GENES.
2005 328 2232 385 HUMIL.
2275 330 2513 385 XXVill.

3467 335 3573 394 131

1972 440 2186 494 ﬂumina
2220 440 2441 511 projici;
2476 459 2645 514 neque
2679 446 2890 500 vexatio
2922 445 3032 512 illa,
3078 464 3236 515 quam
3284 463 3312 503 a
3375 455 3570 516 praele-

1963 530 2068 589 etis
2095 549 2376 604 operarum
2405 536 2764 604 patiebantur,
2800 539 2966 593 valuit
2996 541 3313 597 imminuere
3355 542 3573 600 illorum

1968 627 2385 694 multitudinem,
2414 627 2504 682 ~ed
2534 629 2700 700 magis
2729 630 3004 700 magisque
3047 648 3272 688 tmmero
3297 636 3572 704 augebam

1968 727 2073 772 tur.
2127 717 2255 772 Erat
2288 719 2431 772 enim
2475 719 2651 774 divina
2707 720 3057 789 dispensatio,
3110 739 3228 792 qua:
3276 725 3454 779 omnia
3501 739 3573 780 ex
3629 757 3638 760 -

1965 805 2030 860 ad
2040 807 2206 862 versis
2228 809 2564 878 operabatur.

2035 897 2088 952 5.
2153 897 2244 951 Dei
2296 910 2547 967 prmcepto
2566 911 2747 956 cuncta
2796 903 3055 957 obedient.
3123 904 3221 956 Per
3257 905 3576 962 adrersarios

1965 990 2108 1062 edicit
2144 989 2283 1044 Deus
2315 1001 2365 1043 ut
2395 993 2523 1059 ﬁdes
2549 1004 2760 1048 crescat.
2789 1023 2859 1033 —
2883 993 3103 1061 Quando
3131 996 3288 1065 igitur
3317 997 3579 1052 Dominus

1965 1082 2228 1152 prtecipit.
2259 1097 2326 1136 ne
2354 1097 2566 1152 qurerus
2593 1093 2648 1137 ιιι
2677 1083 2911 1138 humano
2933 1101 3084 1140 more
3103 1102 3264 1154 opera
3291 1072 3578 1158 pt-rlician-

1970 1179 2072 1224 tur.
2109 1170 2384 1224 Potentior
2414 1173 2555 1226 enim
2586 1187 2747 1241 quam
2778 1183 2964 1227 natura
2987 1215 3001 1235 ,
3057 1191 3163 1228 non
3208 1185 3329 1244 eget
3367 1185 3574 1230 natura:

1974 1262 2114 1316 serie
2140 1277 2203 1317 ac
2229 1263 2544 1328 tttinistrrio,
2577 1264 2666 1318 sed
2698 1275 2749 1318 et
2777 1281 2873 1335 per
2899 1281 3108 1334 canjuze
3138 1268 3370 1336 alioquin
3405 1270 3573 1336 impe-

1963 1353 2149 1419 dittnt,
2181 1370 2268 1408 res
2291 1356 2539 1426 adauget.
2595 1355 2673 1409 Eo
2722 1357 2880 1420 modo
2911 1368 2963 1410 et
2991 1373 3132 1411 nunc
3163 1374 3257 1426 per
3288 1369 3395 1413 tris
3448 1360 3567 1415 illos

1967 1453 2138 1512 totum
2178 1446 2361 1500 orbem
2397 1447 2638 1516 implevit
2708 1447 2750 1500 Α
2782 1448 2939 1501 tribus
2982 1450 3124 1506 enim
3173 1449 3296 1514 illis,
3354 1451 3562 1517 ittqttit,

1963 1537 2179 1604 dispersi
2206 1546 2323 1590 sunt
2349 1537 2400 1590 in
2431 1545 2714 1591 universam
2744 1548 2948 1592 terram.
3012 1541 3194 1594 Vidisti
3241 1541 3337 1597 Dei
3368 1551 3558 1610 poten-

1968 1627 2092 1681 tiam
2121 1628 2144 1681 ?
2196 1627 2371 1683 vidisti
2415 1629 2684 1698 quomodo
2708 1669 2722 1693 ,
2770 1630 2872 1685 etsi
2921 1633 3028 1686 sint
3057 1633 3220 1686 multa
3250 1633 3526 1688 obstacula
3550 1677 3564 1699 ,

1966 1717 2098 1772 nihil
2131 1730 2304 1773 latnt-tt
2336 1720 2476 1774 illius
2505 1734 2744 1786 moratur
2769 1722 3131 1779 voluntatem?
3175 1725 3404 1793 ldipstnn
3433 1738 3490 1781 et
3515 1728 3566 1780 in

1968 1808 2076 1863 line
2100 1809 2278 1862 licebit
2323 1809 2522 1865 videre.
2553 1810 2687 1864 Cum
2717 1813 2858 1868 enim
2889 1812 3020 1867 tales
3056 1825 3240 1868 essent
3278 1816 3364 1884 qui
3393 1832 3479 1885 op;
3502 1832 3568 1873 tt-

1961 1908 2184 1968 gnarettt
2209 1942 2224 1964 ,
2256 1910 2332 1954 tot
2369 1902 2460 1970 qui
2510 1902 2922 1969 insidiarentur,
2957 1916 3009 1958 et
3041 1921 3213 1973 reges,
3247 1922 3294 1961 e:
3331 1907 3564 1978 tyranni,

1961 1998 2015 2041 et
2040 1990 2216 2058 populi
2259 1991 2612 2060 insurgentes,
2656 2001 2710 2046 et
2750 1993 2928 2062 omnia
2977 1994 3233 2050 facientes
3266 2005 3321 2048 ιιι
3358 2000 3562 2051 exstin-

1965 2087 2191 2146 guerent
2219 2079 2506 2133 scintillam
2538 2081 2681 2146 lidei,
2711 2099 2804 2151 per
2835 2083 3194 2148 insitﬁatores,
3222 2102 3315 2155 per
3361 2102 3452 2141 eis
3478 2089 3568 2158 qni

1968 2177 2149 2224 vetare
2204 2169 2486 2233 volebant,
2542 2182 2684 2226 tanta
2744 2174 2956 2243 pietatis
2994 2177 3205 2229 llamma
3237 2177 3451 2247 erupit.
3509 2190 3566 2233 ut

1965 2270 2134 2314 totum
2191 2263 2378 2330 orbem
2437 2263 2731 2318 habitatum
2763 2248 2825 2319 ἐι
2865 2266 3219 2340 inhabitatum
3293 2270 3566 2325 invaserit.

1966 2352 2186 2407 Etiamsi
2213 2357 2279 2408 ad
2314 2356 2472 2410 indos
2500 2357 2730 2421 abieris,
2777 2368 2826 2412 et
2857 2361 2924 2412 ad
2955 2359 3219 2430 Scythas,
3251 2372 3304 2415 et
3329 2362 3396 2416 ad
3435 2361 3568 2418 lines

1962 2443 2106 2498 orbis
2139 2455 2313 2508 terrm,
2361 2447 2566 2500 etiamsi
2607 2447 2675 2501 ad
2712 2449 2884 2515 ipsum
2926 2451 3216 2516 Oceanum,
3271 2453 3465 2522 ubique
3485 2452 3568 2508 ἰε-

1962 2536 2146 2590 venies
2192 2535 2388 2590 Christi
2432 2537 2729 2592 duetrinant
2774 2538 3127 2596 illustrantent
3177 2547 3414 2598 Ottttllu-tl
3445 2549 3562 2600 ani-

1965 2642 2103 2682 mos.
2145 2627 2296 2696 Quod
2342 2629 2486 2684 enim
2515 2629 2828 2689 admirabile
2853 2643 2908 2686 et
2935 2643 3154 2703 stupore
3179 2636 3392 2706 plenum
3415 2677 3430 2703 ,
3461 2645 3565 2707 ple

1965 2717 2238 2788 religionis
2262 2717 2506 2774 doctrina
2535 2720 2678 2789 ipsas
2706 2721 2962 2776 barbaras
3003 2727 3247 2780 nationes
3279 2729 3563 2794 convertit,

1965 2808 2038 2863 ita
2087 2817 2149 2863 ut
2199 2807 2560 2879 philosophari
2614 2810 2935 2877 didicerint,
2985 2825 3039 2868 et
3085 2816 3292 2886 abjeeta
3347 2820 3568 2888 pristina

1965 2899 2352 2954 consuetudine
2370 2900 2437 2953 ad
2463 2901 2717 2971 pietatem
2748 2907 3020 2957 translata:
3047 2907 3173 2960 sint.
3206 2907 3273 2962 Et
3299 2909 3436 2963 sicut
3471 2923 3571 2980 per

1966 3002 2075 3048 tres
2102 2997 2221 3051 illos
2247 2996 2521 3051 hominum
2541 3008 2708 3063 genus
2733 2994 3103 3065 multiplicavit
3144 3000 3378 3055 universi
3415 2999 3562 3058 Ceu;

1963 3084 2104 3150 diter
2148 3102 2162 3139 :
2212 3086 2283 3140 ita
2311 3099 2521 3157 quoque
2550 3093 2605 3139 et
2648 3085 2698 3138 itt
2732 3084 2834 3141 lide
2860 3101 2954 3154 per
2978 3087 3228 3143 undecim
3261 3089 3555 3159 piscatores

1968 3176 2250 3231 illiteratos
2273 3187 2326 3231 et
2348 3177 2539 3239 idiotas
2563 3218 2578 3244 ,
2619 3177 2708 3246 qui
2743 3191 2915 3248 neque
2950 3193 3014 3233 os
3038 3181 3249 3247 aperire
3276 3184 3567 3253 audebant,

1973 3280 2188 3319 omnem
2217 3266 2316 3321 sibi
2361 3267 2545 3321 orbem
2575 3268 2826 3334 attraxit,
2877 3277 3037 3338 atque
3083 3272 3311 3326 iiut-rati
3343 3275 3462 3340 isti,
3513 3286 3570 3332 et

1966 3354 2182 3423 idiotas,
2236 3366 2292 3411 et
2336 3357 2662 3426 piscatores,
2709 3357 3150 3430 philosophorum
3181 3363 3564 3423 obturaverunt

1964 3462 2080 3515 ora,
2122 3458 2177 3503 et
2211 3457 2641 3505 transcurrerunt
2660 3449 2847 3504 orbem
2873 3452 3027 3522 quasi
3053 3455 3198 3520 alui,
3238 3457 3571 3514 seminantes

1962 3540 2208 3596 veritatis
2234 3555 2566 3606 sermonem,
2595 3549 2648 3595 et
2673 3542 2852 3610 spinas
2880 3555 3212 3611 ειενωηιεε,
3242 3557 3296 3601 et
3320 3551 3570 3617 pristinas

1965 3631 2276 3687 allectiones
2305 3631 2649 3697 revellentes,
2681 3631 2986 3702 Christique
3018 3636 3163 3704 leges
3193 3639 3389 3708 ubique
3418 3641 3570 3710 plano

1971 3733 2143 3779 tantes
2173 3739 2279 3792 :_ac
2309 3738 2481 3793 neque
2505 3724 2645 3794 quod
2677 3727 2828 3792 pauci
2851 3737 3050 3791 essent,
3087 3742 3261 3797 neque
3289 3731 3430 3800 quod
3464 3735 3571 3800 pri-

1973 3815 2078 3868 vati
2132 3824 2189 3870 et
2243 3815 2518 3878 illiterati,
2573 3828 2747 3883 neque
2800 3818 2940 3884 quod
2991 3826 3204 3872 austera
3251 3827 3306 3873 et
3349 3821 3572 3880 insolita

1967 3904 2237 3974 juberent,
2273 3919 2445 3974 neque
2484 3902 2624 3973 quod
2659 3903 2824 3958 veteri
2853 3906 3241 3961 consuetudine
3278 3908 3569 3968 humanum

1966 4011 2132 4065 genus
2156 4008 2488 4064 praeventum
2515 4003 2679 4059 esset,
2701 3994 2976 4049 obstaculo
2993 3995 3070 4050 eis
3087 4011 3209 4052 esse
3233 3999 3405 4068 potuit
3431 4020 3442 4053 :
3467 4019 3528 4060 te
3552 4004 3564 4055 I

1966 4086 2162 4156 prtevia
2191 4084 2357 4155 gratia
2387 4083 2600 4138 sustulit
2627 4083 2743 4138 haec
2766 4084 2966 4151 omnia,
2995 4100 3294 4158 magnaque
3317 4088 3570 4146 facilitate

1968 4177 2173 4246 operati
2201 4185 2326 4230 sunt
2351 4177 2549 4240 omnia,
2584 4189 2677 4244 per
2705 4176 2818 4245 ipsa
2847 4175 3120 4232 obStacula
3143 4178 3404 4249 majorem
3430 4183 3570 4236 acci.

1973 4267 2180 4335 pientes
2233 4266 2587 4320 alacritatem.
2657 4265 2946 4321 Enimvero
3002 4267 3266 4324 interdum
3319 4268 3506 4340 ﬂage‘l:
3531 4275 3568 4328 ti

1969 4357 2305 4413 decedebant
2347 4357 2660 4428 gaudentes,
2705 4375 2809 4412 non
2855 4369 3070 4428 propter
3113 4358 3319 4431 ﬂagella
3359 4364 3562 4434 simpli-

1967 4451 2133 4517 citer,
2162 4450 2254 4505 sed
2288 4449 2422 4515 Quia
2469 4466 2563 4520 pro
2613 4450 2814 4503 nomine
2839 4449 3027 4504 Clu-isti
3074 4451 3214 4522 digni
3247 4454 3403 4507 habiti
3445 4468 3564 4509 sunt

1968 4542 2295 4612 ignominiam
2323 4542 2428 4610 pati
2458 4541 2593 4611 (Act.
2626 4541 2678 4596 5.
2707 4541 2836 4610 ll);
2863 4541 3128 4596 interdum
3154 4553 3336 4598 autem
3363 4546 3415 4599 in
3443 4562 3562 4600 car.

1966 4646 2146 4688 eerem
2170 4631 2420 4700 eonjccti,
2447 4640 2792 4702 posteaquam
2818 4631 2885 4685 ab
2907 4633 3098 4702 angelo
3124 4633 3301 4689 educti
3331 4635 3560 4702 fuerunt,

1969 4723 2160 4777 iterum
2189 4721 2376 4777 eadem
2407 4721 2868 4788 continuaverunt,
2902 4731 2956 4777 et
2983 4723 3035 4777 in
3061 4725 3316 4794 templum
3361 4727 3567 4782 abeun-

1970 4823 2070 4882 tes,
2117 4815 2376 4870 doctrina
2402 4829 2477 4868 set
2493 4828 2704 4868 monent
2753 4815 3148 4870 seminaverunt
3172 4817 3192 4889 (
3217 4816 3354 4871 ibid.
3397 4834 3446 4873 υ.
3476 4821 3564 4877 i9.

1967 4905 2126 4974 δαίμ),
2151 4904 2376 4974 populos
2398 4905 2546 4975 quasi
2570 4904 2824 4974 piscando
2847 4907 2913 4961 ad
2942 4906 3191 4975 pietatem
3225 4911 3569 4978 indecentes;

1969 5007 2023 5052 et
2053 4997 2244 5053 iterum
2271 4997 2496 5064 detenti,
2527 5011 2632 5051 non
2665 4998 2836 5051 solum
2863 5013 2968 5053 non
2996 5002 3272 5069 segniores
3295 5003 3416 5058 inde
3447 5003 3572 5059 facti

1969 5098 2123 5157 sunt,
2151 5089 2246 5144 sed
2276 5099 2329 5144 et
2355 5091 2613 5157 majorem
2644 5090 2942 5144 libertatem
2987 5107 3095 5160 prze
3127 5109 3186 5147 se
3215 5095 3484 5162 tulerunt,
3519 5099 3574 5153 in

1969 5181 2147 5236 medio
2169 5181 2478 5237 insanientis
2503 5181 2682 5250 populi
2722 5191 2777 5235 et
2821 5181 3069 5238 dentibus
3097 5182 3373 5241 frementis
3420 5197 3572 5243 stan-

1972 5281 2072 5336 les,
2091 5285 2154 5325 ac
2177 5271 2435 5336 dicentes,
2468 5271 2683 5324 Obedire
2707 5283 2901 5340 oportet
2924 5272 3032 5326 Deo
3059 5277 3220 5345 magis
3240 5294 3395 5346 quam
3417 5283 3575 5334 Itomt'v

1970 5362 2316 5432 nibtts(lbid.
2343 5379 2392 5416 υ.
2431 5363 2547 5433 29).
2586 5364 2770 5419 Vidisti
2804 5367 3065 5422 libertatis
3109 5370 3574 5438 magnitudinem?

1976 5455 2149 5509 vidisti
2198 5455 2476 5509 illiteratos
2507 5456 2798 5523 piscatores
2827 5466 3171 5513 contemnere
3219 5470 3290 5514 tot
3332 5461 3573 5520 furentes

1976 5545 2204 5613 populos
2223 5584 2236 5609 ,
2265 5555 2317 5599 et
2347 5545 2410 5598 ad
2442 5544 2617 5600 ccech
2643 5558 2705 5599 ac
2731 5547 3080 5602 mactationcs
3105 5550 3359 5617 paratos?
3384 5552 3453 5605 At
3481 5563 3536 5606 tu
3553 5595 3569 5620 ,

1971 5635 2186 5697 dilecte,
2219 5635 2440 5688 audiens
2469 5636 2581 5688 lucc
2606 5637 2868 5691 omniane
2890 5637 3062 5692 tribue
3096 5639 3219 5705 illis,
3250 5641 3343 5694 sed
3371 5637 3570 5694 divitiae

1975 5725 2180 5795 gratim,
2213 5741 2330 5794 qua:
2362 5727 2712 5781 continualth
2745 5737 2795 5781 ct
2824 5721 3118 5783 instfucbat
3148 5731 3358 5787 illorum
3375 5727 3573 5783 uideti-
