4054 6312
578 345 678 401 ἓξῗθ

573 469 751 511 tatem.
810 455 941 523 Quia
994 466 1048 509 et
1098 453 1186 510 ille
1236 454 1419 508 beatus
1468 454 1690 519 Petrus,
1741 472 1861 511 cum
1908 470 1971 512 ex
2000 465 2151 510 utero

574 548 758 600 matris
783 546 1028 600 claudum
1050 555 1251 600 rectum
1277 543 1493 609 faceret,
1518 546 1766 601 omnibus
1787 547 2155 615 obstupescen-

576 636 714 690 tibus
738 647 792 690 et
815 635 1214 697 admirantibus,
1238 644 1445 705 gratum
1468 635 1579 703 ipse
1597 637 1830 691 animum
1854 637 2149 701 declarans,

578 726 745 796 inquit
775 743 788 780 :
836 726 956 791 Viri,
989 724 1111 795 quid
1140 740 1229 779 nos
1257 726 1537 787 intuemini,
1568 729 1713 795 quasi
1737 737 1907 780 nostra
1936 727 2155 795 potentia

573 819 648 871 rei
703 818 885 885 pietate
932 816 1200 887 fecerimus
1247 816 1393 869 illum
1439 816 1868 888 ambulare(Act.
1914 819 1968 872 3.
2018 816 2152 889 ην

570 909 745 974 Quare
765 947 782 973 ,
810 907 997 975 inquit,
1025 907 1102 962 sic
1130 905 1497 975 obstupescitis
1514 948 1530 973 ,
1558 916 1612 962 et
1639 906 1913 977 stupefacti
1940 908 2069 962 estis
2095 908 2148 961 in

572 999 673 1054 hac
722 995 821 1053 rei
866 996 1004 1053 Num
1052 1012 1150 1053 nos
1193 1002 1375 1052 sumus
1417 996 1519 1052 hoc
1554 999 1780 1069 Operati,
1813 1000 1897 1054 vel
1939 999 2148 1068 propria

572 1090 765 1144 virtute
813 1088 1160 1144 incolumitati
1213 1088 1359 1143 illum
1408 1090 1765 1153 restituimus,
1795 1098 1850 1145 ct
1877 1090 2149 1145 ambulare

573 1180 793 1235 fecimus
812 1180 838 1233 ἲ
862 1180 1000 1248 Quid
1022 1194 1115 1235 nos
1138 1180 1399 1234 intuemini
1419 1181 1445 1235 .’
1473 1180 1611 1235 Nihil
1637 1182 1861 1251 amplius
1887 1197 1984 1237 nos
2009 1189 2147 1236 attu-

570 1269 757 1335 limus,
789 1285 944 1340 quam
984 1268 1125 1339 quod
1149 1269 1381 1340 linguam
1408 1278 1644 1326 nostram
1676 1270 2144 1326 commodavimus.

572 1360 674 1426 Qui
702 1367 880 1416 autem
909 1361 1084 1415 omnia
1114 1360 1271 1427 fecit,
1304 1360 1558 1415 Dominus
1587 1372 1668 1416 est
1687 1402 1702 1425 ,
1731 1369 1786 1417 et
1813 1361 1903 1416 ille
1945 1372 2148 1416 natura:

567 1451 827 1528 Conditor
843 1494 858 1518 ,
891 1450 1028 1505 Deus
1054 1450 1307 1504 Abraham
1332 1492 1347 1517 ,
1382 1449 1525 1504 'saac
1552 1494 1563 1515 ,
1590 1460 1636 1506 et
1658 1450 1818 1505 Jacob
1840 1490 1859 1518 ,
1885 1465 2019 1521 quos
2048 1466 2144 1521 pa-

568 1536 828 1599 triarchas
853 1542 1104 1599 censetis.
1133 1541 1223 1596 llle
1250 1542 1407 1608 Quem
1424 1557 1507 1594 vos
1523 1543 1902 1609 tradidistis,et
1920 1542 2152 1614 negastis

570 1644 742 1688 eorum
768 1632 902 1702 {acie
947 1630 1107 1686 Pilati
1136 1630 1419 1701 judieantis
1456 1631 1600 1685 illum
1637 1630 1983 1685 dimittendum
2011 1645 2030 1685 :
2057 1632 2146 1687 ille

567 1731 650 1777 cst
674 1722 763 1793 qui
792 1720 969 1776 omnia
1014 1728 1265 1790 operatus
1293 1726 1411 1786 est,
1458 1734 1617 1789 quem
1683 1717 1782 1773 Vos
1828 1727 2055 1773 sanctum
2098 1730 2144 1774 et

567 1815 763 1885 justum
811 1812 1065 1883 negastis,
1096 1819 1144 1866 et
1194 1810 1405 1881 petiistis
1459 1810 1622 1863 virum
1666 1810 1970 1863 homicidam
2009 1810 2146 1864 nobis

569 1904 704 1957 trudi
747 1918 766 1958 :
820 1902 1111 1975 Principem
1162 1911 1328 1956 autem
1380 1901 1493 1955 vitae
1543 1901 1910 1956 condenmastis
1932 1942 1948 1969 ,
2000 1917 2145 1971 quem

566 1992 704 2048 Dens
732 1994 959 2049 excitavit
984 2009 1017 2046 α
1040 1992 1283 2057 mortuis,
1314 1992 1459 2061 cujus
1487 2007 1578 2045 nos
1603 2001 1747 2045 testes
1770 2008 1962 2045 sumus.
1999 1990 2066 2046 Et
2090 1992 2144 2046 in

569 2086 674 2155 ﬁde
699 2088 915 2141 nominis
932 2086 1090 2150 iilius,
1118 2085 1251 2138 hunc
1267 2098 1414 2152 quem
1439 2083 1616 2137 uidetis
1639 2093 1685 2136 et
1712 2084 1886 2145 nostis,
1909 2083 2144 2137 solidari:

564 2192 741 2235 neuneu
775 2160 912 2231 illius
936 2218 951 2245 ,
980 2184 1027 2229 et
1053 2174 1209 2245 ﬁdes,
1246 2191 1359 2247 qua:
1385 2191 1473 2244 per
1517 2176 1682 2243 ipsum
1726 2184 1829 2235 est.
1862 2175 1996 2229 dedit
2026 2175 2143 2230 huic

562 2267 956 2322 incolumitatem
985 2282 1155 2320 coram
1181 2266 1409 2321 omnibus
1434 2267 1568 2320 vobis
1594 2264 1759 2332 (Ibid.
1786 2282 1832 2319 ν.
1866 2265 2086 2336 15-16).

631 2357 687 2415 6.
719 2357 900 2427 Magna
930 2356 1083 2412 liberi
1112 2356 1270 2426 hujus
1302 2356 1567 2411 sermonis
1590 2354 1934 2417 excellentia;
1958 2356 2141 2425 ingens

560 2461 615 2508 et
655 2448 933 2504 ineffabilia
958 2448 1039 2503 vis
1078 2449 1259 2518 gratia
1296 2462 1525 2517 superne
1568 2447 1672 2502 illis
1698 2447 1944 2513 collatae;
1971 2448 2143 2503 mani-

562 2537 843 2594 festissima
874 2537 1281 2594 resurrectionis
1314 2536 1699 2593 demonstratio
1726 2536 1863 2590 beati
1906 2537 2047 2593 illius
2087 2539 2139 2593 in

564 2629 790 2684 dicendo
825 2628 1040 2684 libertas
1080 2626 1256 2684 fuerit.
1288 2626 1440 2695 Quod
1460 2626 1602 2680 enim
1628 2626 1798 2695 majus
1830 2627 2136 2682 miraculum

566 2718 656 2772 illo
674 2718 793 2786 quis
834 2725 1117 2787 quaereret,
1158 2730 1281 2770 cum
1322 2714 1368 2769 is
1408 2714 1498 2785 qui
1550 2724 1674 2770 ante
1720 2729 1933 2770 crucem
1978 2715 2138 2772 etiam

563 2807 780 2879 abjectte
804 2805 995 2877 puclla:
1036 2805 1207 2859 minas
1228 2802 1366 2859 ferre
1396 2818 1499 2858 non
1520 2804 1711 2875 potuit,
1735 2819 1875 2860 nunc
1913 2806 1977 2859 ad
2015 2821 2134 2863 eum

563 2896 774 2956 modum
802 2898 1058 2954 adversus
1085 2895 1392 2952 Judmorum
1441 2895 1691 2966 populum
1744 2896 1988 2965 insurgit,
2022 2904 2141 2952 tan-

560 3002 717 3061 taque
742 2989 953 3056 fiducia,
979 2988 1123 3042 solus
1143 3000 1262 3041 eum
1291 2995 1452 3050 esset,
1478 2993 1659 3040 contra
1682 2994 1900 3050 tantam,
1926 2996 2139 3057 tamque

561 3082 825 3137 furentem
849 3078 1236 3134 multitudinem
1256 3084 1359 3131 stat
1382 3076 1656 3143 adversus,
1679 3085 1732 3131 et
1761 3076 1993 3145 loquitur
2018 3091 2139 3147 quae

564 3170 823 3225 insaniam
853 3171 1057 3223 illorum
1088 3165 1257 3235 magis
1298 3176 1613 3234 esasperare
1636 3164 1869 3235 queant?
1914 3164 2135 3232 Vidisti,

562 3258 784 3324 dilecte,
817 3259 866 3312 id
896 3258 1035 3328 quod
1085 3256 1139 3311 in
1178 3254 1440 3327 prooemio
1486 3253 1745 3317 dicebam,
1794 3255 1951 3309 etiam
1996 3269 2137 3311 nunc

559 3353 916 3409 declaratum:
944 3348 1095 3419 Quod
1118 3348 1162 3403 si
1182 3348 1302 3419 quis
1324 3362 1503 3401 amore
1524 3346 1575 3399 in
1603 3347 1767 3401 Deum
1793 3345 2131 3413 accendatur,

562 3460 668 3501 non
710 3452 889 3513 postea
941 3440 1075 3496 feret
1099 3455 1159 3493 ea
1184 3454 1301 3509 qua!
1328 3438 1426 3492 sub
1452 3451 1828 3507 corporeornm
1860 3438 2133 3493 oculorum

558 3544 827 3603 aspectum
859 3527 1089 3593 cadunt;
1132 3528 1223 3582 sed
1256 3527 1372 3582 aliis
1416 3526 1704 3581 instructus
1738 3526 1940 3593 oculis,
1967 3527 2135 3583 oculis

561 3624 770 3693 inquam
800 3620 940 3686 fidei,
960 3614 1059 3673 illa
1088 3631 1299 3688 semper
1321 3617 1641 3686 speculatur,
1665 3625 1718 3672 et
1758 3615 1822 3671 ad
1862 3615 1949 3670 illa
1980 3631 2133 3673 meu-

560 3724 664 3769 tem
690 3711 849 3767 habet
876 3709 1155 3773 intentam,
1184 3708 1566 3775 ambulansque
1591 3706 1643 3759 in
1682 3715 1843 3773 terra,
1867 3714 2132 3776 tamquam

560 3802 940 3871 municipatum
971 3800 1171 3856 habens
1199 3798 1251 3852 in
1278 3797 1445 3860 caelis,
1483 3797 1554 3850 ita
1590 3796 1767 3850 omnia
1811 3795 1938 3866 agit,
1970 3796 2134 3853 nullis

566 3893 806 3949 Immanis
832 3891 1144 3961 prmpcditus
1170 3904 1199 3942 a
1241 3889 1450 3942 virtutis
1500 3902 1679 3942 cursu.
1708 3887 1839 3942 Nam
1887 3889 1975 3956 qui
2015 3886 2135 3943 talis

560 3992 662 4049 est,
698 3997 802 4037 non
843 3980 1063 4050 posthac
1112 3979 1329 4047 respicit
1373 3978 1439 4032 ad
1482 3976 1757 4048 splendida
1789 3975 1948 4046 hujus
1974 3976 2131 4044 vitae,

562 4087 735 4142 neque
756 4072 823 4125 ad
850 4070 981 4125 dura
1007 4078 1059 4123 et
1087 4084 1295 4135 aspera,
1324 4066 1417 4123 sed
1440 4068 1616 4121 omnia
1644 4067 1728 4121 illa
1752 4066 2131 4136 praetercurrit,

559 4164 625 4217 ad
660 4164 879 4231 patriam
909 4173 1057 4213 suam
1101 4158 1370 4213 t'eszinans.
1418 4156 1481 4211 Et
1523 4158 1657 4210 sicut
1680 4156 1769 4226 qni
1801 4154 2133 4224 corporalem

563 4253 702 4306 hunc
751 4264 963 4305 cursum
1017 4262 1203 4317 magna
1250 4247 1587 4302 contentione
1636 4245 1866 4314 peragit,
1929 4245 2131 4302 nullum

562 4339 952 4394 accurrentium
978 4340 993 4369 ⁸
1022 4338 1183 4403 videt,
1212 4336 1419 4390 etiamsi
1445 4334 1639 4403 smpius
1659 4335 1713 4389 in
1742 4335 1887 4389 illum
1912 4334 2130 4403 incidat,

562 4432 655 4485 sed
684 4432 862 4483 animo
903 4431 967 4483 ad
996 4443 1205 4483 cursum
1236 4428 1439 4481 intento
1491 4425 1647 4480 facile
1687 4426 1864 4481 omnia
1906 4427 2128 4495 transit,

564 4518 820 4573 festinans
845 4518 909 4570 ad
945 4518 1262 4575 destinatum
1291 4530 1546 4584 scopum:
1578 4514 1766 4569 eodem
1814 4516 1993 4583 modo,
2041 4515 2133 4587 qui

562 4624 776 4663 cursum
803 4608 1009 4661 virtutis
1036 4619 1286 4675 peragere
1314 4604 1545 4670 festinat,
1567 4612 1621 4659 et
1638 4618 1669 4658 a
1699 4612 1840 4660 terra
1867 4604 1921 4659 in
1943 4604 2132 4660 cadum

564 4697 851 4752 ascendere
894 4694 1234 4762 CODCIIplSt'll,
1266 4694 1441 4749 omnia
1470 4708 1588 4763 qua:
1616 4691 1860 4750 videntur
1885 4692 2134 4749 deorsum

566 4788 830 4856 relinquit,
859 4800 910 4839 ct
940 4795 1102 4841 totum
1129 4800 1186 4838 se
1215 4783 1391 4839 cursui
1419 4781 1587 4849 dedit,
1636 4798 1807 4853 neque
1836 4783 1983 4852 prius
2006 4781 2135 4838 sub-

569 4878 723 4939 sistit,
756 4891 925 4945 neque
953 4891 981 4928 a
1010 4873 1196 4928 visibili
1222 4872 1467 4943 quapiam
1496 4889 1554 4928 re
1577 4872 1862 4940 detinetur,
1882 4872 2055 4929 donec
2081 4872 2135 4926 in

568 4968 818 5021 verticem
869 4965 1157 5020 ascendere
1185 4964 1433 5033 petuerit.
1464 4962 1525 5017 Ei
1550 4965 1691 5018 enim
1711 4964 1800 5034 qui
1820 4964 1899 5020 sic
1916 4963 2137 5019 inﬁcetus

564 5068 665 5122 est,
692 5057 850 5111 etiam
897 5071 1014 5126 quae
1054 5054 1299 5109 videntur
1334 5067 1455 5108 esse
1497 5054 1751 5108 terribilia
1788 5054 1843 5108 iu
1887 5053 2136 5123 prrsenti

568 5150 705 5211 vita,
749 5146 1165 5214 contemptibitia
1207 5145 1337 5198 liunt
1364 5161 1376 5197 :
1406 5154 1459 5198 et
1503 5144 1592 5213 qui
1637 5144 1754 5199 talis
1805 5151 1916 5208 est,
1963 5157 2138 5214 neque

566 5236 793 5307 gladium
828 5238 995 5299 tiutc',
1050 5250 1220 5303 neque
1265 5233 1636 5304 praecipitium,
1687 5249 1858 5304 neque
1906 5234 2138 5291 ferarum

566 5329 775 5393 dentes,
806 5342 976 5396 neque
997 5335 1278 5392 tormenta,
1298 5342 1466 5397 neque
1482 5328 1722 5382 lictorum
1740 5342 1945 5393 manus,
1968 5343 2141 5398 neque

568 5418 763 5488 aliquid
794 5420 943 5473 triste
989 5420 1037 5472 in
1067 5418 1165 5472 hac
1194 5418 1297 5470 vita
1333 5435 1347 5471 :
1378 5415 1470 5472 sed
1519 5426 1573 5471 et
1610 5417 1652 5470 si
1683 5418 1937 5472 carbones
1965 5417 2141 5473 videat

571 5510 883 5573 substratus,
913 5510 1059 5578 quasi
1090 5518 1235 5577 prata
1271 5519 1326 5563 et
1366 5508 1637 5577 paradisus
1666 5510 1849 5564 videns
1880 5512 2134 5577 transilit;

570 5608 623 5653 et
649 5601 690 5653 si
722 5599 879 5654 aliam
908 5599 1185 5668 quamdam
1213 5608 1597 5653 tormentorum
1624 5600 1858 5670 speciem
1894 5600 2138 5655 intentari

633 5754 649 5783 ³
686 5758 890 5806 Quatuor
916 5759 998 5801 iis:
1026 5787 1039 5811 ,
1065 5752 1290 5814 onmium,
1310 5765 1414 5814 pro,
1432 5763 1794 5801 occurrentium.

1286 341 1343 398 S.
1384 340 1661 398 JOANNIS
1696 338 2174 398 CllliYSOSTOMl
2215 339 2532 400 ARClllEP.
2570 344 3104 404 CONSTANTINOP.

3731 352 3836 411 επ

2264 455 2456 519 videat,
2487 474 2591 514 non
2649 460 2822 516 deﬁcit
2864 462 2931 517 ad
2976 473 3273 533 aspectum,
3316 476 3491 536 neque
3539 482 3833 527 aversatur.

2262 547 2589 605 Desiderium
2612 554 2753 607 enim
2779 552 3074 610 futurorum
3095 568 3329 613 mentem
3357 558 3522 627 ipsius
3544 563 3833 629 transtulit,

2258 648 2311 692 et
2338 640 2484 707 quasi
2526 640 2716 696 frustra
2742 656 2965 713 corpore
2992 646 3237 713 amictus,
3270 649 3339 702 ita
3374 650 3685 707 adactiones
3709 666 3834 709 suas

2258 731 2581 799 moderatur,
2614 742 2668 789 et
2695 750 2917 804 superna
2957 738 3126 809 gratia
3154 741 3388 795 munitus
3416 744 3654 812 corporis
3684 744 3837 801 dolo-

2256 832 2342 874 res
2371 836 2437 876 ne
2462 822 2619 877 sentit
2644 824 2876 895 quidem.

2326 908 2640 967 Adhortatur
2663 916 2729 967 ad
2758 932 2979 970 antorem
3006 934 3127 988 erga
3153 916 3334 974 Deum.
3353 949 3427 961 —
3449 922 3707 990 Qucum
3735 928 3836 981 ob-

2254 1012 2427 1064 secro,
2461 1010 2513 1056 ut
2538 1018 2645 1073 quo
2670 1005 2821 1061 facile
2847 1006 3056 1063 virtutis
3103 1008 3312 1065 labores
3338 1011 3477 1067 ferre
3514 1014 3781 1082 possimus
3810 1057 3829 1082 ,

2255 1104 2503 1161 maguum
2530 1092 2820 1151 habeamus
2850 1097 2904 1152 in
2940 1097 3104 1154 Deum
3133 1116 3371 1157 amorem
3400 1113 3455 1160 et
3481 1106 3833 1173 desiderium,

2254 1189 2311 1237 et
2334 1183 2459 1238 illuc
2484 1194 2663 1242 mente
2705 1195 2885 1243 nostra
2916 1189 3134 1258 intenta,
3170 1207 3200 1245 a
3246 1194 3392 1249 nulla
3433 1212 3491 1251 re
3528 1198 3687 1266 hujus
3714 1200 3835 1255 vita:

2252 1276 2653 1345 supplantemur
2677 1278 2727 1334 in
2755 1293 2913 1336 cursu
2942 1281 3053 1346 illo,
3099 1282 3193 1338 sed
3229 1283 3523 1341 futurorqu
3571 1289 3833 1361 bonorum

2253 1362 2556 1423 fruitionem
2608 1370 2862 1427 continuo
2908 1374 3223 1443 cogitantes,
3264 1389 3452 1430 omnes
3501 1378 3658 1447 hujus
3714 1381 3836 1435 vita:

2253 1458 2524 1513 molestias
2552 1472 2827 1517 mansuete
2853 1462 3104 1525 feramus,
3130 1474 3185 1519 et
3204 1481 3375 1536 neque
3406 1469 3693 1537 ignominia
3736 1487 3837 1527 nos

2250 1552 2543 1617 Contristet,
2568 1566 2740 1623 neque
2764 1555 2936 1625 inopia
2962 1566 3164 1625 gravet,
3212 1573 3384 1628 neque
3404 1561 3619 1617 morbus
3643 1577 3839 1632 oorpo-

2250 1640 2324 1695 ris
2348 1643 2781 1699 memissensum
2810 1644 3068 1711 emolliat,
3122 1660 3291 1716 neque
3338 1649 3478 1718 quod
3515 1662 3836 1707 contemna-

2249 1745 2368 1786 mur
2391 1731 2848 1805 despiciamurque
2872 1735 2941 1791 ab
2978 1734 3252 1793 hominum
3275 1739 3447 1805 turba,
3477 1740 3527 1796 id
3557 1744 3837 1812 segniores

2249 1838 2347 1878 nos
2376 1823 2531 1879 faciat
2556 1825 2608 1880 in
2634 1827 2845 1883 virtutis
2870 1826 3047 1882 studio
3074 1845 3089 1882 :
3121 1828 3216 1884 sed
3265 1830 3511 1886 omnibus
3551 1831 3649 1898 iis,
3680 1834 3835 1901 quasi

2249 1914 2421 1984 pulvis
2463 1924 2678 1984 essent,
2726 1919 2985 1986 excussis,
3035 1930 3413 1992 assumptoque
3464 1937 3730 1991 generoso
3777 1936 3835 1981 et

2248 2005 2461 2062 sublimi
2487 2008 2695 2077 spiritu,
2722 2024 2970 2080 maguum
2992 2024 3088 2081 per
3110 2013 3287 2067 omnia
3315 2013 3633 2069 fortitudinis
3655 2018 3835 2084 Speci-

2249 2109 2371 2151 men
2408 2095 2774 2166 exhibeamus,
2822 2111 2877 2156 et
2934 2102 3071 2156 sicut
3115 2102 3230 2158 beri
3280 2114 3511 2159 vestram
3554 2109 3835 2163 car‘tatun

2246 2178 2541 2255 obaecravi,
2589 2202 2710 2244 cum
2757 2189 2985 2246 inimicis
3032 2207 3219 2261 magna
3261 2193 3535 2251 alacritate
3572 2198 3835 2254 concilie-

2248 2292 2390 2346 mur,
2415 2286 2471 2334 et
2493 2293 2558 2335 ex
2599 2281 2879 2338 animabus
2908 2284 3105 2339 nostris
3129 2284 3464 2340 aﬂectionum
3489 2287 3834 2344 elimincmus

2244 2368 2528 2440 reliquias;
2554 2372 2666 2427 etsi
2703 2388 2805 2442 qua
2833 2377 3259 2445 concupiscentia
3291 2394 3450 2448 prava
3485 2380 3834 2447 inter-turbet,

2244 2470 2362 2513 eam
2414 2458 2738 2530 cﬂ'ugemus;
2795 2473 2851 2519 et
2894 2464 2942 2519 si
2995 2463 3144 2520 furor
3191 2464 3258 2520 ad
3302 2466 3437 2521 iram
3484 2470 3835 2537 exstimulet.

2242 2549 2657 2618 comprimamus
2687 2552 2828 2608 hunc
2850 2563 3039 2609 aestum
3074 2566 3233 2611 cantu
3257 2559 3610 2627 spiritualium
3636 2563 3832 2617 admoo

2244 2640 2525 2707 nitionum,
2566 2644 2909 2701 ostendentes
2932 2662 3088 2716 quam
3118 2650 3427 2719 perniciosa:
3452 2653 3557 2706 sint
3584 2652 3833 2709 atTectitb

2242 2746 2360 2787 nes.
2394 2730 2484 2787 Vir
2528 2733 2694 2801 enim,
2737 2736 2927 2806 inquit,
2977 2737 3273 2805 iracundus,
3322 2756 3423 2795 non
3468 2742 3704 2797 funestus
3753 2756 3832 2797 est

2243 2820 2438 2890 (Prov.
2475 2826 2560 2880 11.
2588 2825 2737 2894 25);
2762 2834 2818 2882 et
2861 2826 3074 2893 iterum,
3111 2829 3209 2895 Qui
3257 2829 3493 2884 irascitur
3539 2834 3691 2902 fratri
3733 2850 3830 2887 suo

2240 2911 2350 2966 sine
2374 2929 2550 2977 causa,
2581 2930 2696 2969 reus
2735 2918 2830 2971 erit
2878 2917 3119 2988 gehennae
3157 2920 3289 2990 ignis
3332 2922 3354 2988 (
3374 2921 3558 2974 Matth.
3608 2923 3660 2977 5.
3694 2923 3825 2990 9.2).

2242 3001 2309 3057 Et
2337 3003 2381 3058 si
2415 3006 2757 3075 pecuniarum
2796 3007 3060 3078 cupiditas
3084 3011 3331 3076 incessat,
3357 3009 3545 3067 deums
3573 3028 3822 3082 Operam,

2244 3101 2299 3147 ut
2329 3109 2477 3150 mens
2524 3096 2657 3152 vitet
2708 3106 2905 3152 tantam
2953 3101 3263 3168 perniciem,
3306 3112 3361 3155 et
3408 3105 3547 3158 sicut
3584 3104 3821 3160 radicem

2243 3185 2501 3241 malorum
2531 3190 2767 3243 omnium
2796 3192 3187 3247 exseindamus.
3208 3193 3293 3248 Sic
3315 3195 3624 3251 Studeamus
3648 3199 3826 3269 singu-

2242 3276 2320 3331 las
2348 3275 2656 3332 affectiones
2694 3280 2861 3336 malas
2882 3282 3169 3352 corrigere,
3201 3298 3306 3352 quo
3349 3293 3401 3337 et
3429 3285 3753 3341 abstinendo
3792 3304 3822 3342 a

2238 3367 2417 3433 malis,
2444 3376 2498 3422 et
2525 3370 2780 3425 sectaudo
2806 3385 2965 3439 opera
3011 3372 3169 3438 bona,
3225 3373 3490 3442 possimus
3530 3374 3579 3429 in
3608 3377 3697 3431 die
3728 3378 3824 3430 illo

2240 3456 2518 3513 tremendo
2536 3472 2566 3511 a
2590 3457 2699 3514 Deo
2726 3459 3142 3514 misericordiam
3173 3463 3404 3529 assequi,
3429 3464 3595 3532 gratia
3622 3474 3679 3519 et
3715 3465 3824 3519 mi-

2238 3545 2590 3603 serationibus
2627 3548 2879 3618 unigeniti
2919 3549 3033 3617 ejus
3080 3549 3219 3617 Filii,
3261 3551 3344 3605 cui
3386 3567 3505 3606 cum
3540 3553 3716 3617 Patre,
3766 3566 3823 3610 et
3880 3548 3887 3551 “

2240 3635 2437 3705 Spiritu
2460 3649 2644 3694 sancto
2667 3640 2735 3693 sit
2760 3639 2947 3708 gloria,
2971 3638 3270 3709 imperium,
3296 3651 3349 3696 et
3380 3642 3571 3711 honor,
3598 3662 3743 3702 nunc
3767 3658 3825 3704 et

2239 3740 2472 3794 semper,
2504 3740 2559 3784 et
2596 3728 2647 3782 in
2686 3729 2877 3785 smcula
2902 3731 3241 3787 surculorum.
3268 3733 3456 3789 Amen.
3878 3724 3881 3727 ’

2779 3862 3057 3920 HOMILIA
3094 3865 3285 3922 XXIX.

2239 3969 2307 4027 Et
2330 3973 2478 4043 capit
2503 3972 2618 4028 Noe
2638 3976 2785 4029 homo
2808 3976 3034 4046 agricola
3059 3986 3222 4042 terra,
3250 3988 3297 4033 et
3323 3979 3567 4048 plantavit
3592 3984 3819 4053 vinum,

2308 4074 2355 4117 et
2378 4064 2495 4118 bibit
2519 4072 2581 4121 de
2607 4070 2719 4122 trino
2740 4084 2759 4122 :
2785 4080 2833 4122 et
2860 4068 3130 4123 inebriatus
3155 4079 3227 4123 est
3254 4070 3407 4142 (Gen.
3430 4072 3480 4125 υ.
3510 4073 3598 4127 20.
3621 4073 3741 4143 21).

2309 4180 2362 4234 ι.
2404 4177 2525 4232 Non
2551 4179 2717 4234 solum
2738 4180 2867 4233 bona
2894 4196 3045 4249 opera
3063 4222 3078 4247 ,
3106 4182 3195 4236 sed
3222 4192 3269 4236 et
3295 4194 3499 4250 peccata
3522 4197 3820 4241 sanctorum

2237 4278 2680 4338 proponuntur.—-
2695 4270 2774 4325 Ad
2796 4269 2955 4325 finem
2982 4270 3191 4326 tandem
3212 4275 3504 4342 argumenti
3528 4275 3594 4328 ad
3610 4276 3817 4344 justum

2236 4361 2379 4418 hunc
2419 4363 2710 4435 spectantis
2752 4364 3026 4421 venimus:
3068 4365 3188 4421 ideo
3231 4369 3473 4436 obsecro,
3505 4381 3687 4427 mente
3728 4374 3817 4427 in-

2238 4460 2382 4508 tenta
2420 4452 2622 4521 adeste,
2660 4462 2714 4510 et
2740 4453 3019 4524 diligenter
3053 4472 3171 4527 qua:
3211 4458 3460 4513 dicuntur
3497 4463 3814 4519 auscultate.

2235 4544 2367 4601 Nam
2394 4559 2457 4602 ex
2489 4546 2554 4600 iis
2578 4560 2694 4615 quae
2724 4546 2882 4601 hodie
2908 4547 3039 4601 lecta
3067 4557 3190 4602 sunt
3215 4564 3318 4603 non
3347 4564 3568 4619 parvum
3594 4593 3608 4611 .
3642 4568 3821 4623 neque

2236 4635 2504 4707 vulgarem
2527 4637 2799 4707 percipere
2816 4638 2939 4693 licet
2959 4638 3187 4693 fructum
3212 4657 3224 4692 :
3248 4641 3676 4712 quandoquidem
3697 4661 3823 4715 qua

2238 4728 2427 4798 priscis
2454 4739 2761 4794 evenerunt,
2789 4729 2834 4785 si
2858 4744 3044 4799 sapere
3073 4732 3417 4802 voluerimus,
3445 4737 3693 4791 maxima:
3716 4754 3812 4793 no-

2240 4819 2321 4875 bis
2344 4820 2595 4876 doctrinte
2619 4827 2743 4876 sunt
2760 4822 2990 4877 occasio.
3019 4820 3142 4878 Ideo
3165 4823 3307 4878 enim
3333 4839 3437 4879 non
3463 4824 3638 4880 solum
3655 4842 3815 4897 oper-

2239 4920 2542 4967 sanctorum
2571 4912 2708 4966 bona
2735 4911 2930 4983 scripta
2958 4922 3115 4977 sunt,
3153 4912 3249 4969 sed
3287 4917 3446 4969 etiam
3477 4925 3692 4983 peccata
3712 4959 3727 4981 ,
3762 4926 3822 4972 ut

2242 5002 2356 5058 litec
2374 5000 2588 5073 quidem
2617 5001 2895 5071 fugiamus,
2923 5002 3013 5057 illa
3039 5018 3165 5058 vero
3193 5004 3456 5059 imitemur
3481 5021 3495 5057 :
3523 5021 3697 5076 neque
3718 5007 3822 5063 hoc

2241 5091 2437 5160 solum,
2467 5091 2563 5149 sed
2592 5100 2855 5147 monstrat
2899 5093 3115 5163 insuper
3146 5093 3319 5147 divina
3353 5094 3624 5163 Scriptura
3650 5107 3706 5151 et
3729 5098 3819 5167 ju-

2243 5191 2354 5237 stos
2376 5198 2519 5253 saepe
2559 5182 2758 5253 lapsos,
2782 5193 2837 5238 et
2876 5194 3179 5252 peceatores
3215 5198 3459 5253 magnam
3506 5186 3825 5244 exhibentes

2244 5274 2366 5329 vitae
2388 5274 2811 5339 conversionem,
2832 5288 2936 5343 quo
2953 5274 3196 5343 utrinque
3214 5275 3484 5329 sufficiens
3505 5275 3658 5331 nobis
3677 5288 3825 5332 εδει-ι

2244 5367 2468 5433 cautela,
2502 5375 2556 5421 et
2598 5380 2768 5435 neque
2792 5366 2881 5433 qui
2908 5374 3011 5419 stat
3043 5364 3394 5419 confidentior
3421 5366 3489 5418 sit
3513 5406 3528 5430 ,
3556 5366 3743 5421 videns
3769 5378 3825 5421 et

2240 5457 2411 5528 iustos
2449 5457 2723 5523 cecidisse,
2758 5470 2923 5525 neque
2949 5456 3035 5524 qui
3076 5456 3125 5508 in
3166 5455 3394 5523 peccatis
3419 5462 3498 5509 est
3536 5456 3822 5524 desperet,

2246 5552 2441 5606 multos
2467 5549 2797 5616 conspiciens
2835 5548 2919 5616 qui
2964 5548 3317 5614 resipuerunt,
3359 5552 3413 5600 et
3450 5546 3517 5597 ad
3553 5562 3825 5601 summum

2248 5644 2454 5696 virtutis
2480 5641 2683 5708 apicem
2733 5638 3003 5707 pervenire
3049 5644 3354 5705 potuerunt.
3402 5634 3581 5705 Itaque
3608 5638 3785 5691 uultus
3807 5678 3823 5701 .

2252 5748 2450 5803 qumso,
2483 5733 2692 5785 tametsi
2722 5730 3005 5784 multorum
3031 5729 3290 5782 bonorum
3321 5742 3540 5797 operum
3565 5726 3663 5781 sibi
3689 5744 3819 5781 con-
