4054 6312
179 405 281 462 εει

179 534 328 577 scius
349 560 366 583 ,
393 515 748 575 conﬁdentior
781 512 884 579 sit,
926 510 1022 568 sed
1050 507 1242 564 anxius
1270 507 1360 573 sit,
1386 515 1441 561 et
1476 501 1774 558 sollicitus:

179 620 238 667 et
267 608 693 666 attdiat’heatum
726 604 944 662 Paulum
984 600 1364 657 admonentem
1388 604 1445 652 et
1470 595 1736 651 dicentem
1759 632 1777 659 ,

185 701 291 769 Qui
313 711 449 756 stare
470 699 566 754 sibi
586 700 803 763 videtur,
827 697 993 751 videat
1030 709 1093 748 ne
1127 691 1275 746 cadat
1300 690 1375 761 (1.
1402 687 1521 744 Cor.
1553 685 1639 742 l0.
1665 684 1777 755 i2);

181 791 366 846 nullus
392 791 539 855 item,
566 791 656 860 qui
685 791 736 843 in
767 785 1083 858 profundum
1113 783 1285 854 ipsum
1316 778 1531 834 malitia:
1556 775 1784 860 descen-

181 883 325 938 derit
349 925 364 946 ,
389 857 713 938 salutis—siue
741 857 891 945 spem
922 876 1136 946 abjiciat.
1160 915 1175 941 ,
1202 871 1294 928 sed
1326 857 1647 930 ineffabilem
1687 863 1782 920 Dei

183 974 608 1031 miscricordiam
654 972 930 1042 cogitans,
981 967 1161 1022 audiat
1219 966 1410 1019 iterum
1467 961 1633 1016 Deum
1689 973 1784 1027 per

183 1064 502 1137 prophetam
532 1064 840 1118 dicentem:
888 1057 1146 1128 Numqui
1185 1055 1350 1118 cadit,
1383 1070 1484 1107 non
1525 1049 1782 1119 resurgit;

179 1170 230 1214 et
254 1159 343 1230 qui
368 1158 544 1213 avertit
572 1172 646 1220 se,
674 1172 773 1210 non
799 1153 1061 1208 revertitur
1093 1147 1226 1220 (Jer.
1254 1147 1308 1204 8.
1337 1146 1393 1216 4)
1416 1146 1515 1200 ’ἔοι
1544 1144 1736 1199 iterum
1762 1181 1780 1206 ,

184 1248 330 1304 Nolo
369 1255 579 1301 mortem
620 1243 914 1315 peccatoris,
954 1243 1086 1296 sicut
1131 1237 1354 1292 converti
1389 1252 1502 1290 eum
1537 1242 1585 1287 et
1623 1233 1783 1286 vivere

181 1339 402 1407 (Eucti.
451 1338 540 1393 18.
582 1337 693 1406 25).
748 1334 960 1396 Vidisti,
1005 1332 1223 1397 dilecte,
1265 1327 1445 1385 omnia
1489 1327 1542 1381 in
1586 1322 1783 1378 divinis

179 1429 477 1500 Scripturis
500 1428 698 1498 scripta
719 1468 733 1492 ,
759 1441 866 1482 non
897 1425 998 1478 alia
1019 1423 1090 1478 de
1113 1435 1276 1477 causa
1317 1416 1588 1476 memoria:
1620 1413 1784 1468 fuisse

183 1523 401 1586 tradita,
432 1536 591 1592 quam
622 1527 840 1589 propter
868 1527 1106 1571 nostram
1138 1512 1444 1575 utilitatem,
1477 1516 1532 1563 et
1563 1502 1783 1560 humani

179 1615 398 1686 generis
446 1611 714 1669 salutem?
743 1610 867 1665 llaec
908 1622 1088 1664 secum
1133 1603 1360 1675 quisque
1409 1609 1650 1655 nostrum
1689 1611 1782 1651 ex-

181 1706 385 1776 pendat
405 1747 422 1769 ,
450 1704 668 1774 suisque
704 1715 936 1772 congrua
961 1695 1270 1752 vulneribus
1299 1693 1586 1762 pharmaca
1614 1690 1788 1757 impo-

182 1804 297 1851 nat.
323 1792 452 1849 Ideo
475 1792 617 1847 enim
662 1791 778 1845 haec
799 1787 864 1842 ad
909 1787 1112 1842 libitum
1156 1781 1406 1838 omnibus
1443 1787 1569 1835 sunt
1591 1791 1788 1847 pr0po-

180 1889 303 1952 sita,
354 1896 410 1941 et
460 1886 586 1940 licet
633 1882 834 1937 volenti
875 1879 1202 1936 conveniens
1252 1875 1364 1930 suis
1412 1869 1784 1928 aﬂ'ectionibus

181 1976 481 2032 remedium
525 1987 818 2044 apponere,
858 1979 913 2025 et
949 1968 1230 2024 sanitatem
1273 1963 1519 2034 accipere
1565 1959 1787 2016 celerri-

183 2083 326 2122 mam
352 2109 370 2134 ,
399 2074 603 2121 tantum
633 2062 912 2117 medicina:
936 2074 1120 2115 curam
1153 2072 1220 2114 no
1254 2057 1376 2127 quis
1400 2053 1607 2124 rejiciat
1628 2092 1643 2116 ,
1687 2049 1781 2106 sed

183 2168 399 2229 gratum
445 2171 599 2209 suum
640 2152 892 2209 exhibeat
936 2146 1377 2204 animum.Nulla
1414 2144 1556 2200 enim
1600 2151 1685 2197 est
1729 2142 1783 2196 in

183 2251 419 2306 humana
442 2258 632 2303 natura
658 2246 739 2305 vel
764 2243 1005 2314 corporis
1030 2242 1115 2296 Vci
1141 2240 1334 2294 animae
1361 2235 1643 2308 aegritudo,
1665 2247 1785 2304 qua:

185 2341 510 2396 medicinam
562 2339 686 2392 hinc
731 2336 976 2404 accipere
1011 2338 1260 2403 nequeat.
1291 2325 1616 2396 Quomodo?
1659 2324 1784 2391 dic,

185 2431 436 2487 obsecro.
480 2427 779 2498 Ingreditur
803 2425 922 2495 quis
962 2423 1068 2478 huc
1107 2419 1320 2477 tristitia
1351 2429 1406 2474 ct
1448 2415 1785 2488 negotiorum

185 2518 550 2576 sollicitudine
576 2525 826 2572 oneratus
848 2554 864 2581 ,
893 2523 947 2568 et
971 2515 1244 2583 ingressus
1273 2510 1375 2564 huc
1399 2548 1415 2574 ,
1456 2507 1526 2562 ita
1555 2519 1788 2561 maerore

186 2612 454 2675 obrutus,
508 2609 688 2663 statim
744 2614 802 2662 ut
849 2605 1052 2660 audivit
1098 2601 1414 2672 prophetam
1468 2598 1784 2654 dicentem:

195 2702 368 2768 Dure
390 2700 544 2755 tristis
569 2705 622 2753 es
641 2739 655 2762 ,
688 2697 860 2750 anima
898 2711 1007 2748 mea
1026 2735 1042 2761 ,
1074 2704 1120 2749 et
1163 2708 1322 2765 quare
1357 2688 1627 2744 conturbas
1664 2688 1789 2743 me?

190 2792 362 2863 Spera
389 2792 442 2846 in
470 2789 631 2845 Deum
649 2831 666 2856 ,
692 2788 932 2859 quoniam
959 2786 1233 2854 conﬁtebor
1261 2783 1307 2838 ei
1329 2799 1349 2837 :
1375 2781 1596 2836 salutare
1623 2779 1790 2833 vultus

187 2883 306 2946 etei.
327 2893 377 2940 et
411 2882 543 2936 Deus
572 2897 709 2936 meus
737 2878 907 2952 (Psat.
937 2880 1026 2934 ιι.
1053 2879 1110 2935 6.
1125 2877 1201 2946 7);
1231 2872 1520 2930 sufficienti
1545 2871 1791 2927 consola-

190 2977 339 3033 tione
368 2983 615 3044 suscepta
646 2974 779 3037 abit,
805 2980 861 3027 et
885 2985 1099 3026 omnem
1127 2969 1274 3023 illam
1298 2964 1495 3021 mentis
1515 2960 1788 3019 tristitiam

188 3069 414 3126 excutit.
465 3068 614 3121 Alius
657 3067 807 3128 item,
850 3064 939 3136 qui
986 3073 1223 3116 extrema
1268 3058 1528 3129 premitur
1569 3053 1790 3123 inopia,

188 3158 452 3230 gravatim
478 3156 578 3211 fert
611 3165 666 3209 et
691 3162 900 3216 niteret,
933 3150 1119 3205 videns
1146 3148 1281 3204 alios
1305 3146 1508 3208 divitiis
1529 3143 1751 3198 affluere
1771 3178 1788 3204 ,

189 3259 248 3305 et
274 3248 428 3302 valde
457 3245 653 3313 inilari,
681 3256 980 3313 magnoque
1003 3247 1258 3309 apparatu
1285 3245 1339 3292 et
1367 3250 1557 3307 pompa
1581 3232 1788 3304 stipari.

190 3339 360 3395 Audit
386 3353 418 3394 e
473 3338 560 3392 hic
585 3336 834 3397 eumdem
869 3331 1182 3403 prophetam
1213 3329 1480 3384 dicentem
1511 3344 1524 3380 :
1558 3325 1709 3378 Jacta
1738 3325 1792 3377 in

191 3430 474 3486 Dominum
511 3445 689 3483 curam
726 3437 902 3490 tuam,
931 3435 979 3479 et
1024 3425 1130 3494 ipse
1170 3432 1216 3476 te
1243 3421 1454 3474 enutriet
1490 3416 1657 3488 (Psat.
1699 3416 1789 3470 54.

189 3523 323 3592 25);
358 3533 412 3577 et
451 3521 680 3576 iterum:
714 3517 796 3587 (Ve
834 3519 1010 3570 timeas
1047 3530 1161 3567 cum
1199 3499 1388 3565 ditatus
1415 3509 1566 3579 fuerit
1603 3512 1751 3559 homo
1775 3546 1790 3568 ,

188 3613 274 3668 vel
294 3630 412 3669 cum
439 3611 777 3681 multiplicata
805 3609 956 3676 fuerit
982 3606 1146 3678 gloria
1174 3604 1353 3657 domus
1378 3603 1489 3671 ejus
1514 3617 1532 3654 :
1557 3601 1794 3671 quoniam

187 3702 586 3764 eminterierit.
622 3717 722 3754 non
755 3708 916 3754 sumet
936 3695 1105 3758 omnia
1131 3694 1300 3766 (Psal.
1331 3693 1418 3747 48.
1447 3693 1526 3746 17.
1566 3692 1671 3757 18).
1705 3689 1796 3742 Est

189 3804 250 3850 et
283 3795 425 3848 alius
468 3806 679 3864 quoque
718 3789 810 3858 qui
853 3787 1070 3843 insidias
1112 3795 1164 3840 et
1195 3783 1487 3838 calumnias
1526 3781 1796 3834 sustinens

190 3885 366 3947 dolet,
393 3891 449 3938 et
484 3884 758 3937 insuavem
789 3887 935 3948 putat
976 3877 1168 3940 vitam,
1203 3889 1461 3942 nusquam
1504 3870 1794 3923 humanum

195 3973 442 4029 invenire
486 3971 672 4026 valens
708 3969 986 4024 auxilium.
1016 3967 1248 4021 Docetur
1282 3974 1338 4019 et
1367 3963 1453 4017 hic
1492 3962 1559 4015 ab
1605 3959 1797 4013 eodem

194 4067 360 4122 beato
387 4064 647 4136 propheta
677 4063 731 4116 in
763 4061 958 4116 talibus
983 4057 1242 4129 angustiis
1273 4071 1378 4110 non
1413 4054 1479 4107 ad
1507 4055 1796 4107 humanum

195 4156 512 4229 pmidium
547 4151 998 4224 confugiendum:
1048 4149 1198 4207 audit
1233 4146 1376 4203 enim
1409 4146 1579 4214 ipsum
1615 4142 1798 4229 dicen-

197 4228 314 4304 tem
337 4263 353 4301 :
385 4244 498 4316 Ipsi
525 4244 852 4298 detrahebant
876 4240 1000 4294 mihi
1020 4280 1035 4306 ,
1064 4253 1157 4309 ego
1182 4245 1351 4292 autem
1379 4234 1587 4289 orabam
1623 4228 1796 4302 (Psal.

196 4337 327 4396 tos.
359 4335 436 4407 ι).

274 4426 465 4484 Preces
509 4425 683 4482 omnia
737 4423 867 4480 levia
919 4431 966 4477 et
1019 4420 1194 4490 {aciiia
1242 4417 1482 4474 reddunt.
1516 4443 1588 4456 -—
1609 4411 1798 4468 Vidisti

195 4519 350 4592 unde
371 4528 577 4590 qua-rat
610 4516 908 4573 auxilium?
936 4514 1040 4569 Alii
1066 4553 1082 4580 ,
1112 4512 1281 4582 inquit
1305 4552 1319 4576 ,
1347 4509 1501 4564 dolos
1535 4512 1801 4564 consuunt

197 4620 258 4669 et
283 4610 581 4667 calumnias
610 4609 972 4678 insidiasque:
1012 4620 1113 4676 ego
1154 4611 1334 4658 autem
1364 4600 1430 4654 ad
1469 4599 1801 4669 inexpugna-

198 4703 370 4760 bilem
397 4715 609 4756 murum
637 4698 918 4768 confugio,
950 4695 1015 4752 ad
1045 4703 1211 4750 tutam
1239 4692 1550 4757 ancltoram,
1578 4687 1645 4743 ad
1679 4701 1802 4756 por-

199 4803 320 4848 tum
350 4790 606 4846 ﬂuctuum
627 4799 926 4860 expertem,
953 4787 1019 4842 ad
1053 4801 1258 4856 preces,
1290 4785 1525 4853 inquam,
1552 4794 1650 4850 per
1669 4791 1804 4848 quas

200 4881 388 4937 omnia
406 4879 643 4935 difficilia
663 4879 874 4934 leviaet
892 4877 1060 4930 facilia
1083 4875 1211 4930 mihi
1243 4874 1393 4927 fiunt.
1419 4871 1640 4936 insuper
1667 4869 1803 4922 alius

199 4973 357 5030 abiis
366 4973 453 5042 qui
472 4971 618 5042 prius
634 4969 731 5039 ipsi
746 4967 1135 5030 ministrabant,
1152 4956 1807 5033 deSpiciturctcontemni-

204 5073 316 5127 tur,
345 5075 505 5134 atque
526 5061 594 5114 ab
613 5060 795 5115 amicis
819 5057 1157 5128 relinquitur,
1189 5064 1242 5111 et
1263 5055 1364 5109 hoc
1383 5063 1464 5109 est
1493 5051 1635 5124 quod
1659 5068 1806 5108 men-

204 5163 320 5209 tem
347 5152 462 5221 ejus
493 5152 723 5206 maxime
746 5150 1028 5204 conturbat
1050 5158 1106 5204 et
1125 5145 1422 5202 confundit.
1447 5147 1553 5202 Sed
1575 5157 1628 5203 et
1650 5147 1736 5202 hic
1757 5146 1804 5202 si

207 5245 464 5309 voluerit,
487 5244 592 5298 huc
611 5241 874 5298 accedens
888 5240 1068 5297 audiet
1095 5242 1307 5295 beatum
1332 5240 1479 5294 illum
1502 5240 1803 5295 dicentem:

209 5334 377 5389 Amici
406 5336 502 5387 mei
531 5343 577 5387 et
606 5333 821 5401 proximi
844 5332 943 5384 πιρὶ
972 5331 1238 5385 adversati:
1265 5345 1342 5382 me
1366 5330 1805 5400 appmpinqum-

207 5437 334 5484 rstttt
356 5435 402 5481 et
425 5433 682 5480 steterunt.
716 5423 786 5478 Et
823 5424 913 5491 qui
949 5424 1093 5489 iuxta
1127 5439 1203 5475 me
1229 5431 1370 5475 erant
1408 5438 1439 5473 a
1469 5421 1616 5490 longe
1656 5429 1804 5474 stete-

209 5526 354 5583 runt,
386 5526 435 5571 et
458 5517 560 5568 vim
584 5516 832 5585 faciebant
862 5513 946 5579 qui
971 5514 1255 5583 quaerebant
1281 5512 1502 5569 animam
1535 5526 1732 5564 meant:
1761 5519 1809 5563 et

211 5608 301 5678 qui
324 5608 613 5678 querebaut
641 5608 774 5658 mata
803 5603 924 5656 mihi
944 5645 958 5667 ,
986 5603 1178 5673 toquuti
1197 5613 1312 5654 sunt
1337 5600 1576 5653 vanitates
1595 5641 1609 5662 ,
1636 5608 1682 5653 et
1712 5599 1808 5652 do-

215 5699 294 5752 los
333 5707 438 5750 tota
483 5695 567 5748 die
605 5694 977 5747 meditabantur
1032 5690 1203 5758 (Paul.
1232 5692 1320 5748 57.
1356 5691 1439 5744 i2.
1471 5690 1581 5760 15).
1619 5688 1806 5742 Vidisti

219 5802 489 5849 “metues
519 5787 738 5844 insidias
767 5804 930 5858 usque
962 5786 1027 5841 ad
1056 5796 1279 5841 mortem
1314 5787 1514 5855 ipsum,
1546 5795 1594 5839 et
1621 5799 1806 5854 perpe-

1268 390 1331 447 IN
1359 386 1509 446 CAP.
1555 379 1649 439 l1.
1687 373 1932 435 δεμες.
1973 372 2206 434 uouit.
2249 374 2442 434 XXIX.

1895 501 2041 548 tuum
2068 492 2264 549 bolium
2293 491 2589 566 gerentes?
2615 490 2748 548 Nam
2770 490 2874 547 hoc
2901 490 3099 548 indicat
3116 531 3134 559 ,
3173 507 3296 549 cum
3317 492 3440 549 (iit'il
3467 512 3486 553 :

1889 584 2020 641 Tota
2038 583 2121 641 die
2139 586 2527 654 meditabantur,
2548 585 2673 658 quia
2695 601 2793 656 per
2813 594 2977 641 totam
2997 586 3181 644 vitam.
3203 585 3339 653 Quid
3361 604 3490 657 ergo

1890 675 1979 730 ille
2004 675 2238 743 interim,
2263 675 2389 730 dum
2415 675 2795 732 insidiarentur
2820 685 2881 730 et
2894 675 3235 742 molirentur,
3264 675 3490 747 agebat?

1891 765 2004 839 Ego
2032 777 2199 823 autem
2217 808 2233 832 ,
2264 767 2462 838 inquit,
2493 767 2641 840 quasi
2665 766 2853 820 surdus
2878 781 2979 820 non
3008 766 3223 820 audiens
3242 807 3257 831 ,
3283 776 3332 821 et
3356 767 3508 821 sicut-

1891 871 2058 915 mutus
2081 877 2184 914 non
2211 862 2445 933 aperiens
2464 877 2520 914 os
2544 876 2734 926 suum;
2763 869 2809 914 et
2839 863 3005 930 factus
3027 876 3142 914 sum
3165 860 3296 914 sicut
3335 860 3489 915 homo

1890 966 1991 1003 non
2029 949 2276 1016 audiens,
2307 960 2355 1005 et
2390 967 2491 1004 non
2531 950 2721 1005 habens
2763 950 2817 1004 in
2857 966 2942 1004 ore
2968 966 3062 1004 suo
3103 949 3492 1021 redargutiones

1891 1040 2066 1112 (Psal.
2089 1042 2178 1097 37.
2212 1043 2296 1097 ii.
2325 1042 2440 1113 i5).
2469 1042 2658 1111 Vidisti
2685 1043 3038 1098 excellentem
3068 1041 3488 1114 philosophiam,

1889 1133 2159 1204 quomodo
2183 1134 2394 1190 diversa
2433 1134 2517 1189 via
2546 1134 2714 1212 vicit?
2740 1133 2820 1189 illi
2847 1133 3002 1190 dolos
3025 1134 3345 1200 struebant,
3375 1135 3492 1204 ipse

1887 1240 2048 1281 aures
2076 1225 2394 1290 obturabat,
2426 1240 2494 1282 ne
2517 1225 2770 1283 audiret:
2819 1224 2896 1280 illi
2920 1225 3067 1281 omni
3105 1236 3346 1295 tempore
3383 1241 3490 1282 non

1889 1315 2173 1372 cessabant
2215 1316 2449 1388 linguam
2479 1330 2696 1380 acuere.
2726 1324 2784 1372 et
2807 1307 3072 1371 vanitates
3095 1325 3151 1370 et
3181 1313 3493 1372 fraudulen-

1891 1408 1993 1461 tias
2031 1407 2319 1473 meditari;
2363 1408 2450 1464 hic
2475 1417 2656 1477 autem
2705 1407 2922 1463 silentio
2963 1407 3176 1462 illorum
3228 1408 3489 1463 insaniam

1889 1497 2295 1566 comprimebat.
2330 1499 2394 1553 Et
2422 1513 2591 1570 quare
2619 1499 2698 1554 sic
2721 1513 2781 1554 se
2804 1498 2978 1570 gerit,
3011 1507 3066 1554 et
3090 1499 3215 1560 licet
3243 1498 3348 1553 illis
3374 1497 3492 1554 haec

1888 1590 2270 1660 apparantibus
2312 1591 2425 1661 ipse
2450 1590 2530 1647 sic
2564 1591 2675 1662 agit
2708 1592 2861 1662 quasi
2889 1589 3084 1646 surdus
3110 1599 3164 1646 ct
3189 1602 3369 1646 mutus
3391 1632 3404 1653 ,
3437 1601 3494 1646 ct

1889 1682 2040 1752 quasi
2085 1697 2260 1751 neque
2305 1697 2500 1745 aures,
2546 1697 2722 1753 neque
2773 1682 3006 1753 linguam
3065 1681 3302 1736 habeat?
3353 1681 3494 1736 Audi

1891 1772 2062 1841 ipsqu
2092 1781 2252 1826 tanta:
2279 1771 2631 1842 philosophia:
2655 1788 2869 1827 causam
2888 1772 3152 1827 dicentem
3176 1790 3190 1827 :
3216 1773 3348 1839 Quia
3373 1772 3423 1825 in
3447 1782 3494 1826 te

1888 1863 2107 1933 speravi,
2135 1859 2354 1916 Domine
2398 1860 2560 1932 (Ibid.
2592 1877 2640 1916 υ.
2676 1859 2781 1933 16).
2809 1861 2945 1930 Quia
2985 1859 3095 1917 arte
3145 1862 3341 1930 pettdet
3367 1876 3494 1931 spes

1891 1968 2032 2018 mea,
2066 1952 2256 2021 inquit,
2287 1959 2340 2006 et
2365 1951 2417 2005 in
2451 1962 2503 2006 te
2531 1966 2620 2006 me
2645 1951 2866 2021 projeci,
2901 1951 3045 2004 nulla
3075 1951 3204 2004 mihi
3236 1967 3362 2005 cura
3385 1962 3490 2015 cst,

1889 2041 2016 2113 quid
2047 2042 2120 2096 illi
2151 2051 2329 2112 agant.
2368 2041 2540 2096 Tuum
2569 2043 2712 2097 enim
2753 2043 3008 2096 auxilium
3037 2043 3166 2097 satis
3199 2053 3387 2110 potens
3411 2051 3494 2099 est

1889 2131 1958 2186 ad
1982 2132 2288 2203 dissipanda
2332 2132 2447 2187 haec
2470 2133 2651 2187 omnia
2675 2175 2690 2199 ,
2720 2132 3002 2202 irritasquc
3042 2133 3342 2187 reddendas
3371 2134 3493 2187 illo-

1892 2239 2010 2280 rum
2035 2223 2456 2280 machinationes
2480 2232 2535 2280 et
2559 2223 2802 2289 insidias,
2832 2232 2891 2277 ut
2913 2223 3043 2277 nihil
3065 2240 3251 2278 eorum
3275 2223 3512 2295 impleat

1893 2326 1981 2372 tur
2003 2315 2144 2388 quod
2170 2325 2450 2389 apparant.

1961 2406 2018 2460 8.
2061 2405 2333 2477 Scriptura
2373 2421 2521 2461 sacra
2570 2404 2625 2459 in
2669 2402 3046 2459 calamitatibus
3091 2404 3394 2460 antidotum.
3422 2433 3495 2450 —

1892 2495 2116 2552 Vidistis
2169 2494 2440 2567 quomodo
2475 2510 2811 2567 quacumque
2851 2495 3154 2550 calamitate
3203 2495 3494 2554 humanam

1892 2598 2136 2643 naturam
2181 2595 2481 2658 premente,
2523 2600 2825 2655 congruens
2853 2601 2919 2641 ex
2957 2585 3246 2655 Scripturis
3279 2587 3496 2642 antido-

1895 2685 2005 2733 tum
2030 2679 2273 2748 accipere
2312 2677 2490 2743 liceat,
2521 2685 2578 2732 et
2606 2692 2821 2730 omnem
2854 2676 2978 2732 vita:
3018 2676 3176 2748 hujus
3207 2694 3495 2735 uunrorem

1894 2769 2160 2839 repellere
2182 2808 2199 2835 ,
2226 2784 2401 2838 neque
2427 2768 2496 2822 ab
2525 2767 2636 2822 ullo
2662 2766 2805 2839 quod
2831 2767 3045 2833 accidit,
3076 2768 3333 2837 gravari?
3362 2770 3498 2824 l’ro-

1893 2868 2078 2928 pterea
2103 2861 2349 2922 obsecro,
2380 2868 2440 2912 ut
2469 2857 2778 2927 frequenter
2805 2856 2906 2911 huc
2933 2858 3182 2921 veniatis,
3210 2867 3266 2913 et
3296 2859 3496 2915 divina:

1896 2949 2185 3017 Scriptura!
2209 2949 2492 3002 lectionem
2513 2948 2796 3017 diligenter
2815 2947 3159 3002 auscultetis:
3187 2963 3292 3001 non
3321 2949 3497 3005 solum

1893 3055 2014 3095 cum
2044 3039 2148 3095 huc
2178 3039 2388 3102 venitis,
2415 3039 2508 3093 sed
2537 3047 2592 3094 et
2620 3038 2762 3092 domi
2792 3037 3000 3093 divinos
3030 3039 3195 3093 libros
3225 3040 3277 3093 in
3310 3055 3498 3097 manus

1896 3130 2124 3193 sumite,
2149 3139 2205 3184 ct
2243 3128 2524 3182 utilitatem
2561 3128 2612 3181 iu
2666 3128 2770 3183 illis
2805 3130 3028 3197 positam
3083 3145 3278 3200 magno
3317 3130 3499 3188 studio

1896 3217 2168 3287 suscipite.
2203 3217 2330 3272 inde
2360 3218 2501 3272 enim
2537 3218 2758 3272 multum
2788 3218 2918 3272 lucri
2953 3220 3189 3274 nascitur
3221 3239 3234 3274 :
3267 3222 3499 3290 primum

1896 3309 2111 3379 quidem
2161 3308 2387 3364 lectione
2430 3309 2602 3379 lingua
2656 3309 3014 3364 reformatur-
3071 3310 3266 3367 deinde
3321 3313 3500 3372 anima

1897 3401 2162 3454 excitatur
2188 3409 2244 3453 et
2269 3400 2512 3463 sublimis
2533 3400 2782 3464 efficitur,
2806 3400 3103 3471 jubarcque
3130 3403 3259 3458 solis
3275 3405 3502 3472 justitiam

1901 3493 2193 3545 illustratur
2222 3532 2238 3557 ,
2294 3507 2496 3562 perque
2549 3501 2759 3561 tempus
2804 3492 2932 3548 illud
2985 3495 3054 3547 ab
3100 3495 3498 3557 immundartmt

1900 3583 2281 3652 cogitationum
2324 3582 2594 3637 illecebris
2637 3583 2929 3650 liberatur,
2977 3583 3143 3639 multa
3202 3591 3382 3654 quiete
3435 3602 3502 3646 ac

1905 3675 2283 3745 tranquillitate
2311 3674 2512 3730 fruens.
2547 3673 2769 3744 insuper
2793 3674 2935 3744 quod
2965 3674 3031 3729 ad
3055 3677 3328 3746 augendas
3354 3678 3500 3736 vires

1901 3764 2141 3835 corporis
2176 3765 2444 3820 sensibilis
2483 3764 2573 3819 ille
2609 3765 2760 3819 cibus
2788 3763 2944 3828 facit,
2995 3765 3046 3819 id
3093 3767 3289 3821 auimre
3339 3767 3502 3826 lectio

1904 3867 2140 3929 praestat.
2182 3857 2469 3928 Spirituale
2509 3859 2652 3912 enim
2699 3857 3012 3912 alimentum
3059 3867 3171 3918 est.
3224 3859 3277 3913 et
3307 3859 3500 3918 fortem

1903 3950 2079 4006 reddit
2106 3950 2362 4015 animam,
2385 3959 2436 4004 et
2457 3951 2900 4013 constantiorem,
2952 3959 3006 4004 et
3035 3952 3205 4020 magis
3249 3953 3497 4023 philoso-

1905 4041 2139 4113 phicam,
2172 4055 2276 4094 non
2312 4040 2629 4109 permittens
2660 4051 2718 4095 ut
2760 4042 2828 4094 ab
2857 4039 3228 4097 affectionibus
3256 4044 3504 4102 absurdis

1887 4132 2172 4202 capiatur:
2192 4130 2284 4186 sed
2305 4131 2472 4185 levem
2491 4138 2546 4184 et
2566 4131 2760 4184 alatam
2781 4129 3003 4195 faciens,
3038 4132 3090 4186 iu
3114 4133 3305 4188 Caelum
3330 4136 3502 4204 ipsum

1903 4221 2291 4291 propemodum
2321 4221 2590 4275 transfert.
2636 4220 2862 4274 Tantum
2912 4220 3069 4290 igitur
3097 4221 3300 4275 lucrum
3320 4265 3332 4286 ,
3365 4240 3462 4278 oro
3486 4266 3504 4292 ,

1908 4327 1976 4366 ne
2003 4326 2100 4381 per
2131 4309 2511 4381 negligentiam
2540 4311 2870 4372 amittamus,
2903 4310 2996 4363 sed
3029 4310 3189 4363 etiam
3226 4310 3371 4366 domi
3411 4328 3505 4367 va.

1907 4418 2092 4459 cemus
2117 4401 2418 4458 divinarum
2446 4401 2840 4470 Scripturarum
2883 4401 3129 4464 lectioni,
3159 4411 3213 4455 et
3254 4401 3341 4458 hic
3368 4418 3505 4473 pra:-

1908 4502 2089 4549 scntes
2127 4509 2230 4547 non
2260 4493 2311 4546 in
2350 4492 2505 4562 nugis
2545 4499 2600 4544 et
2643 4490 2921 4544 inutilibus
2958 4490 3240 4558 colloquiis
3291 4501 3503 4563 tempus

1909 4585 2243 4638 insumamus
2273 4600 2287 4638 :
2319 4581 2414 4636 sed
2444 4592 2662 4652 propter
2688 4580 2830 4649 quod
2861 4582 3232 4645 convenimus,
3263 4585 3508 4642 attcnda.

1911 4687 2032 4728 mus
2071 4688 2192 4744 qua:
2219 4671 2496 4743 legantur,
2543 4680 2602 4725 ut
2643 4670 2830 4738 majori
2873 4669 3007 4725 inde
3037 4669 3209 4725 fructu
3255 4684 3509 4742 petccpto

1912 4763 2191 4820 discedere
2215 4763 2392 4817 liceat.
2424 4761 2574 4828 Quod
2601 4761 2643 4814 si
2676 4760 2780 4814 huc
2806 4760 3136 4829 iugressi,ad
3170 4761 3508 4832 intempesti.

1913 4870 2011 4909 vas
2037 4863 2091 4909 et
2113 4854 2323 4907 inutiles
2340 4851 2800 4907 confabulationes
2812 4866 2906 4904 vos
2932 4852 3208 4917 c0ufertis,
3227 4862 3280 4907 et
3307 4854 3512 4924 absque

1912 4947 2157 5016 ampliori
2187 4944 2360 5000 fructu
2387 4943 2512 4998 hinc
2536 4943 2715 5004 abitis,
2741 4958 2859 5012 qua:
2881 4943 3120 4996 utilitas?
3143 4944 3336 4997 Annon
3365 4947 3514 5004 enim

1912 5041 2204 5096 absurdum
2230 5047 2331 5103 est,
2355 5052 2449 5093 eos
2465 5037 2554 5107 qui
2585 5036 2650 5088 ad
2679 5035 2961 5094 smenlares
2991 5035 3253 5089 nundinas
3270 5039 3516 5106 veniunt,

1913 5132 2172 5188 sollicitos
2220 5145 2341 5186 esse
2389 5138 2442 5182 ut
2475 5138 2757 5197 antequam
2789 5126 3041 5192 redeant,
3076 5128 3252 5180 omnia
3281 5144 3400 5197 qua:
3445 5146 3512 5188 ex

1915 5224 2171 5280 nundinis
2197 5228 2405 5294 Oportet
2438 5221 2686 5288 capiant,
2719 5219 2843 5272 licet
2872 5218 3110 5287 pecuniae
3138 5217 3514 5288 impendendm

1916 5317 2025 5373 sint
2051 5332 2066 5369 :
2093 5329 2186 5370 eos
2214 5323 2391 5367 autem
2421 5311 2510 5372 qui
2542 5309 2645 5365 huc
2669 5308 2735 5362 ad
2765 5307 3070 5376 spi‘rituales
3115 5309 3210 5362 has
3247 5308 3512 5365 nundinas

1916 5409 2171 5472 veniunt,
2217 5418 2323 5458 non
2362 5417 2527 5458 omne
2571 5400 2810 5458 studium
2844 5400 3171 5471 impendere,
3202 5408 3259 5454 ut
3280 5403 3512 5472 acceptis

1917 5499 2167 5563 utilibus,
2217 5506 2275 5551 et
2325 5498 2378 5550 in
2427 5493 2602 5548 anima
2633 5493 2912 5561 depositis,
2955 5491 3238 5557 recedant;
3281 5493 3512 5548 maxime

1917 5608 2039 5648 cum
2077 5591 2222 5646 nullo
2247 5590 2594 5659 pecuniarum
2613 5595 2829 5656 sumptu
2855 5585 2938 5639 hic
2964 5600 3101 5654 opus
3127 5595 3196 5638 su
3216 5626 3230 5646 ,
3265 5584 3359 5638 sed
3397 5585 3513 5640 ala-

1918 5684 2112 5741 critate
2137 5683 2247 5736 sola
2278 5691 2328 5735 et
2359 5686 2560 5733 attenta
2588 5676 2805 5730 mente?
2844 5675 2914 5731 Ut
2937 5675 3095 5745 igitur
3129 5689 3197 5729 ue
3220 5673 3515 5731 deteriores

1923 5780 2090 5834 simus
2120 5774 2184 5829 iis
2212 5771 2300 5842 qui
2325 5771 2387 5825 ad
2423 5768 2706 5824 saeculares
2732 5774 2998 5822 mercatus
3023 5764 3226 5827 vadunt
3251 5806 3264 5834 ,
3295 5779 3514 5836 operum
