4054 6312
589 342 696 396 2(ῗό

585 545 887 613 migraturis
914 543 1136 606 viatica,
1163 555 1281 611 qua:
1313 553 1416 592 non
1448 539 1618 592 solum
1659 538 1813 592 nobis
1859 539 2158 600 sume-iant,

580 633 672 687 sed
704 641 760 687 et
779 648 896 702 qua:
917 630 1252 698 suppeditare
1274 628 1540 697 possimus
1565 638 1618 683 et
1655 628 1775 682 aliis
1796 667 1814 694 ,
1858 640 1911 682 et
1940 639 2158 683 uxorem

580 722 915 792 Cttrt'igendo,
943 731 997 775 et
1025 720 1278 785 fatuulos,
1301 728 1355 773 et
1377 719 1605 773 vicinum
1633 761 1644 780 ,
1677 727 1732 773 et
1755 720 1982 775 amicum
2003 758 2020 782 ,
2054 718 2161 773 imo

579 812 742 866 etiam
775 809 1225 866 inimicum.Talia
1253 812 1396 866 enim
1427 818 1550 864 sunt
1573 809 1867 877 spiritualia
1890 810 2157 878 dogmata,

581 916 637 960 ut
659 901 955 959 Communia
985 901 1232 955 omnibus
1277 909 1668 972 proponantur,
1713 901 1959 970 nullaque
1997 900 2067 954 sit
2107 899 2157 952 in

580 996 659 1050 eis
687 995 988 1060 diversitas,
1023 994 1121 1047 nisi
1153 993 1362 1062 quando
1390 994 1506 1063 quis
1531 995 1698 1062 magis
1725 994 1976 1046 intentam
2006 991 2160 1045 aﬂ'crt

578 1097 846 1152 mentem,
871 1096 925 1141 et
961 1085 1264 1140 ferventiori
1312 1085 1581 1140 desiderio
1620 1087 1781 1139 alium
1811 1084 2154 1139 transcemlit.

581 1181 760 1248 itaque
785 1179 905 1249 quia
937 1187 1138 1233 tantum
1164 1188 1246 1231 est
1275 1193 1340 1231 ex
1375 1177 1471 1231 lsae
1504 1178 1742 1231 doctrina
1787 1176 2028 1242 lucrum,
2059 1191 2158 1246 age

577 1272 735 1325 hodie
781 1271 913 1326 lecta
942 1271 992 1324 in
1028 1269 1262 1324 medium
1291 1285 1649 1340 proponamus
1669 1309 1684 1336 ,
1715 1279 1769 1324 et
1813 1269 1982 1325 fructu
2027 1285 2162 1340 quo-

577 1364 717 1432 piant
749 1363 870 1418 inde
889 1362 1133 1423 collecto,
1157 1362 1373 1417 domum
1403 1362 1701 1418 redeamus.

649 1458 881 1514 Ebrietas
914 1457 1026 1513 Noe
1048 1457 1299 1528 quomodo
1337 1457 1565 1512 excusari
1608 1455 1799 1508 debeat.
1848 1484 1917 1496 -—
1958 1453 2048 1509 20.
2092 1453 2158 1508 Et

575 1551 740 1620 σαρξί,
769 1549 960 1618 inquit,
996 1547 1110 1602 Noe
1135 1552 1281 1602 hante
1308 1545 1533 1616 agricola
1554 1557 1719 1610 terra,
1743 1555 1789 1599 et
1813 1546 2056 1613 plantavit
2082 1546 2156 1599 vi-

576 1633 851 1710 neamﬂl.
868 1653 912 1694 et
940 1640 1056 1694 bibit
1083 1641 1146 1694 de
1162 1640 1354 1704 vino,et
1378 1639 1649 1692 incbiiattts
1679 1648 1769 1692 est.
1791 1638 1920 1692 Vide
1946 1646 2157 1708 quanta:

578 1734 730 1789 nobis
753 1732 993 1787 utilitatis
1020 1732 1229 1786 occasio
1249 1741 1330 1786 est
1359 1730 1514 1800 hujus
1543 1731 1784 1785 lectionis
1813 1730 2150 1799 prommium.

573 1823 797 1892 Quando
821 1823 960 1876 enim
987 1822 1250 1886 audimus,
1269 1825 1470 1889 justum
1494 1823 1640 1875 illum
1657 1831 1712 1876 et
1729 1820 2039 1888 perfectura,
2065 1823 2154 1888 qui

575 1923 778 1969 tantum
791 1929 1020 1984 superne
1037 1913 1240 1979 accepit
1254 1911 1636 1976 testimonium,
1651 1911 1847 1966 bibisse
1861 1920 1916 1965 et
1931 1910 2159 1965 inebria-

577 2014 689 2060 tum
708 2019 857 2059 esse:
876 2003 1145 2074 quomodo
1173 2017 1270 2056 nos
1298 2003 1542 2072 posthac,
1562 2001 1649 2071 qui
1668 2002 1827 2054 tantis
1854 2010 1910 2054 et
1938 2011 2043 2054 uim
2065 2014 2156 2052 va-

577 2097 674 2152 tiis
697 2101 930 2168 peccatis
959 2095 1193 2152 immersi
1221 2111 1424 2158 sumus,
1457 2111 1566 2150 non
1598 2109 1782 2164 magna
1808 2093 2155 2147 contentione

574 2187 829 2242 damnum
875 2186 1148 2242 ebrietatis
1195 2185 1428 2256 etingere
1469 2183 1852 2238 studebimus?
1903 2182 2154 2250 Quamvis

575 2292 681 2331 non
711 2275 851 2330 idem
892 2277 1064 2343 ipsum
1096 2275 1184 2337 sit.
1214 2274 1413 2342 justum
1450 2274 1597 2328 illum
1645 2273 1747 2328 hoc
1789 2274 1913 2328 vitio
1941 2283 2154 2342 captum

575 2366 757 2435 fuisse,
784 2375 839 2420 et
863 2381 963 2421 nos
994 2368 1045 2420 in
1075 2365 1211 2420 idem
1243 2365 1496 2420 incidere.
1525 2365 1680 2418 Multa
1707 2365 2012 2430 enimsunt,
2036 2379 2157 2434 quae

573 2462 771 2530 justum
803 2459 946 2513 illum
979 2460 1132 2513 venia
1171 2458 1386 2527 dignum
1417 2457 1710 2512 declarant.
1739 2457 1868 2524 Quze
1899 2472 2004 2510 non
2036 2457 2156 2510 dico

574 2554 724 2622 quasi
763 2554 1074 2607 ebrietatem
1119 2567 1403 2616 excusans,
1441 2551 1532 2605 sed
1559 2551 1929 2605 demonstrans
1954 2550 2154 2618 justum

576 2658 682 2698 non
716 2658 781 2698 ex
812 2642 1211 2711 intemperantia
1246 2683 1258 2705 ,
1291 2641 1384 2694 sed
1405 2641 1577 2707 potius
1605 2655 1667 2693 es
1695 2638 1990 2708 ignorantia
2027 2652 2155 2705 sup-

583 2732 872 2800 plantatnm
921 2730 1102 2784 fuisse.
1143 2729 1205 2784 Et
1265 2728 1406 2800 quod
1450 2744 1556 2783 non
1608 2729 1680 2783 ita
1712 2727 2024 2796 simpliciter
2047 2727 2154 2780 vini

576 2815 901 2892 potationem
932 2823 1187 2876 invenerit
1211 2820 1310 2892 (a),
1344 2820 1465 2875 audi
1487 2821 1819 2888 Scriptorum
1841 2821 1956 2888 ejus
1975 2819 2158 2888 apolo-

574 2915 713 2986 giatu
739 2912 1072 2972 aﬂercutem.
1097 2928 1216 2966 cum
1242 2912 1374 2966 dicit
1402 2929 1415 2964 :
1451 2911 1516 2964 Et
1542 2912 1686 2980 cwpit
1709 2909 1826 2964 Noe
1843 2911 1992 2964 homo
2017 2911 2156 2980 agri-

574 3006 685 3058 cola
715 3015 880 3070 terra,
915 3014 958 3056 et
995 3004 1238 3072 plantavit
1279 3005 1493 3062 vincam,
1519 3013 1564 3055 et
1600 3002 1718 3054 bibit
1756 3003 1818 3055 de
1843 3003 1980 3067 vino,
2003 3011 2048 3054 et
2072 3002 2146 3054 in-

575 3094 796 3148 cbriattts
820 3105 910 3148 est.
939 3093 1079 3147 lstnd
1112 3093 1280 3162 ipsum
1310 3093 1450 3162 quod
1483 3093 1669 3162 inquit,
1713 3092 1892 3163 Capit,
1925 3093 2157 3147 ostendit

577 3184 750 3253 ipsum
781 3183 884 3236 vini
912 3181 1122 3236 bibendi
1151 3184 1376 3251 primum
1411 3183 1739 3236 inventorem
1767 3183 1948 3248 fuisse,
1979 3193 2034 3238 et
2063 3197 2159 3251 per

576 3275 945 3346 ignorantiam,
975 3277 1296 3328 nescientem
1324 3277 1518 3341 justam
1563 3290 1774 3330 sumere
1827 3291 2154 3342 mensuram,

577 3369 628 3420 in
659 3368 968 3422 ebrietatem
1018 3366 1284 3419 incidisse.
1342 3366 1524 3435 Neque
1573 3367 1673 3421 ltoc
1711 3367 1882 3421 solum
1912 3367 1963 3420 in
1997 3383 2155 3421 causa

574 3468 676 3522 est,
709 3458 801 3513 sed
832 3457 952 3526 quia
995 3473 1184 3526 magna
1231 3458 1509 3511 tenebatur
1562 3459 1792 3522 tristitia,
1849 3467 1904 3513 et
1954 3459 2157 3528 sibiipsi

576 3550 991 3605 consolationem
1013 3549 1132 3602 inde
1149 3550 1454 3618 excogitare
1471 3550 1700 3614 volebat,
1720 3551 1856 3605 sicut
1875 3560 1929 3604 et
1945 3550 2159 3618 sapiens

576 3643 792 3712 quidam
824 3641 954 3694 dicit
982 3659 993 3694 :
1022 3639 1156 3694 Date
1179 3643 1348 3694 vinum
1375 3641 1436 3694 iis
1461 3642 1549 3710 qui
1573 3642 1623 3693 in
1655 3643 1877 3707 tristitia,
1900 3652 1945 3695 et
1967 3659 2159 3696 merum

578 3734 639 3787 iis
679 3733 767 3802 qui
800 3733 852 3786 in
899 3732 1073 3786 dolore
1119 3729 1300 3801 (Prov.
1339 3733 1427 3786 3|.
1456 3733 1528 3802 6)
1562 3750 1575 3786 :
1608 3743 1910 3787 monstrans
1956 3733 2158 3788 nullum

577 3838 697 3878 esse
748 3831 853 3876 tam
907 3836 1142 3892 prmscns
1181 3822 1408 3875 tristitia:
1454 3823 1787 3886 remedium,
1841 3839 1998 3892 quam
2051 3824 2160 3878 vini

579 3928 731 3976 usum
769 3927 785 3975 ;
831 3921 1035 3964 tantum
1087 3911 1366 3965 utilitatem
1416 3911 1530 3980 ejus
1575 3913 1628 3966 ni
1671 3913 1860 3980 perdat
1904 3915 2162 3982 intempe-

580 4002 770 4056 rantia.
794 4001 945 4066 Quod
981 4010 1155 4054 autem
1188 4003 1237 4054 in
1269 4001 1476 4054 tristitia
1495 4012 1544 4054 et
1562 4018 1793 4058 maerore
1810 4003 2162 4074 iueritjustus

581 4093 694 4159 ille,
736 4093 922 4146 videns
961 4094 1194 4161 seipsnm
1244 4093 1294 4146 in
1337 4102 1482 4148 tanta
1528 4095 1834 4159 solitudine,
1867 4106 1922 4151 et
1949 4099 2159 4153 illorum

580 4184 851 4240 hominum
879 4198 1101 4253 corpora
1146 4195 1271 4239 ante
1305 4186 1489 4242 oculos
1514 4186 1768 4256 projeeta,
1797 4197 1852 4242 et
1878 4203 2162 4244 commune

577 4279 812 4332 omnium
833 4278 1134 4346 sepulcrum
1170 4276 1470 4332 hominibus
1500 4288 1555 4334 et
1603 4280 1769 4334 brutis
1801 4279 2162 4352 factum,-quis

579 4368 896 4439 negaverit?
929 4367 1040 4421 Mos
1087 4368 1229 4421 enim
1271 4369 1646 4438 prophetarum
1675 4382 1729 4426 et
1748 4373 2014 4442 justorum
2045 4390 2161 4428 om-

582 4461 724 4513 nium
751 4468 853 4523 est,
895 4472 999 4511 non
1029 4473 1124 4527 pro
1149 4458 1210 4511 iis
1230 4459 1503 4514 dumtaxat
1528 4462 1713 4519 dolere
1735 4506 1749 4528 ,
1778 4467 1868 4535 qni
1894 4468 1994 4520 sibi
2038 4482 2162 4536 pro-

583 4549 707 4602 ximi
736 4558 857 4603 sunt
885 4590 899 4612 ,
929 4547 1022 4601 sed
1053 4558 1107 4602 et
1135 4564 1232 4617 pro
1277 4551 1495 4618 reliquis
1536 4553 1856 4609 iteminibus.
1883 4558 1947 4611 Et
1976 4559 2020 4611 si
2042 4559 2162 4626 quis

579 4652 859 4694 recensere
877 4639 1022 4705 velit,
1052 4638 1286 4693 inveniet
1309 4655 1496 4697 omnes
1520 4641 1659 4697 hunc
1681 4647 2160 4701 commiserationis

579 4729 827 4783 allectum
855 4745 964 4798 pra:
991 4746 1050 4784 se
1074 4730 1298 4794 ierre,et
1318 4734 1498 4787 audiet
1527 4734 1713 4789 lsaiam
1736 4738 1948 4806 quidem
1979 4740 2159 4794 dicen-

579 4828 684 4873 tcnt
716 4836 730 4871 :
765 4818 939 4873 Nolite
967 4823 1283 4885 contendere,
1315 4834 1366 4876 ut
1407 4842 1484 4876 me
1524 4826 1854 4880 consolemini
1883 4830 1936 4881 in
1965 4832 2158 4883 contri-

577 4911 711 4964 tione
735 4911 857 4975 lilia:
879 4915 1074 4981 generis
1115 4915 1209 4966 mei
1237 4914 1387 4984 (lsai.
1416 4916 1507 4969 22.
1539 4916 1619 4986 4):
1644 4918 1929 4974 .lcretniam
1955 4934 2159 4988 autem,

579 5003 701 5066 Quis
737 5002 874 5054 dabit
898 5005 1052 5071 capiti
1082 5021 1189 5057 meo
1215 5023 1419 5076 aquam,
1448 5020 1495 5061 et
1522 5011 1679 5064 oculis
1706 5014 1827 5066 meis
1858 5019 2044 5083 [autem
2079 5018 2156 5068 la-

576 5111 864 5163 crymarum
907 5095 1036 5165 (Jer.
1068 5096 1245 5168 9.1)?
1292 5099 1623 5156 Ezccliielcm
1667 5120 1813 5168 vero,
1855 5106 1968 5160 Heu
2011 5109 2156 5175 mihi,

641 5313 711 5371 (Nl
742 5312 795 5384 in
815 5316 1322 5389 grfrcolegitunvox,
1343 5333 1560 5389 timeant,
1585 5337 1694 5387 qua!
1717 5327 1936 5389 quidem,
1965 5332 2009 5378 si
2029 5330 2086 5378 ad
2107 5331 2165 5379 li-

578 5380 733 5443 terato
763 5375 1081 5443 intelligatur,
1109 5379 1204 5428 ttitti
1228 5383 1510 5441 putationem
1542 5375 1796 5443 siﬁuilieat.
1834 5375 1936 5438 Sed.
1957 5375 2163 5442 ιὶῖἇίιόη

583 5438 645 5501 Διί.
677 5436 865 5515 Inerant
919 5436 1041 5508 banc
1085 5436 1250 5510 uicem
1291 5436 1616 5515 accipiendam
1651 5464 1763 5498 esse
1798 5436 2163 5515 testatur—quoii

577 5507 736 5570 rentia
767 5506 863 5570 suo
887 5504 1283 5570 conputationem
1310 5504 1575 5556 invenerit:
1598 5504 2166 5570 νυν,οινυιισιαν,υιιτὶἶδωδ

577 5555 833 5639 ξυμ-μω..
857 5562 897 5606 Ia
922 5555 1016 5618 est,
1045 5564 1107 5639 ita
1133 5570 1184 5611 ut
1216 5577 1395 5639 sensus
1423 5570 1512 5638 sit,

577 5624 700 5725 ἴηλεν
735 5631 791 5686 ρει⁸
814 5634 928 5725 ἶνιίιξ
957 5629 1198 5674 auctorem
1225 5624 1510 5688 ebrii-tatis,
1537 5631 1646 5681 licet
1673 5637 1855 5696 primus
1878 5640 1924 5685 in
1952 5624 2163 5689 ebrieta-

602 5696 680 5725 l'lll
704 5693 812 5725 lllL‘I.
833 5697 902 5725 Cll
932 5719 941 5725 .

602 5696 680 5726 t-tn
704 5690 941 5730 tttcthttt.

1332 333 1388 388 8.
1428 332 1705 388 JUANNIS
1741 331 2220 390 ϐιιιιῖδοδτωιι
2259 333 2578 390 ARCIIIEP.
2618 333 3161 395 CONSTANTINOP.

591 452 771 506 demus
792 493 807 516 ,
851 461 904 504 ut
940 464 1191 519 perquam
1218 446 1494 517 vigilantes
1516 447 1684 501 simus
1704 489 1719 513 ,
1749 464 1816 503 ne
1840 447 2015 502 desint
2040 446 2166 500 hinc

3761 351 3863 404 264

2273 444 2506 512 Domine,
2541 447 2725 503 delebis
2772 459 2826 501 tu
2867 449 3106 520 reliquias
3154 450 3320 507 Israel
3346 454 3560 522 (Iz'seclt.
3591 460 3644 513 9.
3683 462 3737 522 8)
3762 465 3783 514 1'
3813 477 3864 515 et

2274 539 2547 598 Danielem
2575 541 2972 609 lamentantem,
2995 553 3050 599 et
3070 545 3369 601 dicentem:
3401 547 3658 605 Paucutos
3681 570 3771 605 nos
3791 559 3866 621 [e-

2276 631 2387 684 cisti
2433 632 2566 684 ultra
2593 648 2762 686 omnes
2787 644 2952 703 gentes
2985 635 3148 705 (Dan.
3179 639 3268 704 7):
3310 650 3365 693 et
3397 643 3579 706 Amas,
3613 641 3868 696 Paeniteut

2264 729 2337 776 et.
2366 721 2598 789 Domine,
2619 739 2769 793 super
2791 725 2883 778 hoc
2908 729 3084 796 (Amos
3112 729 3166 781 7.
3195 731 3280 798 3);
3316 740 3368 784 et
3402 731 3663 795 llabacuc,
3691 734 3866 799 Quare

2273 813 2534 866 ostendisti
2580 815 2702 866 milii
2743 815 2937 870 labores
2962 829 3008 870 et
3051 820 3306 874 molestias
3344 821 3566 883 (Habito.
3605 827 3652 878 Ι.
3687 826 3775 895 3)?
3807 838 3861 880 et

2267 900 2493 968 iterum,
2532 900 2595 956 Et
2645 907 2868 975 [acturus
2917 924 2969 961 es
3015 911 3242 962 homines
3289 915 3435 981 quasi
3488 915 3648 979 pisces
3706 919 3866 970 maris

2268 991 2427 1064 (ιω.
2459 1010 2506 1048 v.
2537 993 2648 1064 ll):
2676 1003 2729 1049 et
2760 996 2970 1052 beatum
2999 997 3158 1052 istum
3197 1001 3397 1057 Most‘m
3431 1018 3640 1072 quoque
3671 1004 3861 1059 dicen-

2273 1095 2378 1139 tem
2409 1087 2587 1140 audiet
2619 1103 2633 1140 :
2662 1087 2724 1144 Si
2753 1089 2954 1155 quidem
2981 1090 3190 1145 dimittis
3215 1094 3285 1146 eis
3311 1107 3586 1161 percarum,
3619 1098 3819 1150 dimitte
3841 1141 3859 1164 ,

2264 1176 2343 1230 sin
2364 1177 2547 1241 minus,
2582 1195 2660 1231 me
2695 1195 2888 1248 quoque
2918 1180 3028 1234 dele
3057 1181 3249 1253 (Exod.
3282 1187 3370 1239 δὲ.
3403 1187 3513 1253 3‘2).
3547 1188 3613 1242 Et
3641 1179 3862 1254 iterum,

2261 1279 2382 1320 cum
2407 1266 2739 1334 promisisset
2767 1268 2842 1322 illi
2869 1269 3006 1324 Deus
3036 1273 3251 1339 majoris
3271 1277 3446 1343 populi
3483 1277 3859 1345 puniet-turam

2262 1372 2322 1411 se
2356 1356 2671 1411 traditurum
2693 1398 2709 1423 ,
2731 1367 2787 1413 et
2828 1359 3086 1427 dixisset,
3116 1361 3326 1416 Dimitte
3355 1382 3459 1429 me,
3487 1378 3534 1419 et
3564 1367 3740 1421 delebo
3769 1369 3867 1422 lto-

2263 1449 2420 1502 mines
2450 1449 2588 1513 istos,
2616 1459 2662 1502 et
2690 1450 2876 1521 faciant
2906 1462 2952 1506 te
2973 1453 3024 1505 in
3051 1463 3248 1522 gentem
3279 1472 3513 1524 magnam
3541 1458 3738 1525 (Exod.
3761 1459 3859 1512 δί.

2265 1538 2351 1605 l0)
2392 1556 2407 1592 :
2459 1554 2629 1608 neque
2681 1540 2783 1594 hoc
2829 1541 3020 1606 voluit,
3068 1544 3161 1596 sed
3205 1559 3436 1612 praeesse
3485 1548 3601 1601 istis
3648 1551 3860 1603 maluit.

2265 1630 2393 1685 Item
2423 1631 2570 1686 orbis
2609 1631 2799 1687 doctor
2835 1633 3019 1688 beatus
3053 1635 3246 1692 Paulus
3279 1655 3291 1690 :
3329 1637 3579 1708 Optabam
3621 1643 3731 1707 ipse
3768 1659 3864 1710 ego

2258 1721 2530 1775 anathema
2573 1738 2680 1777 esse
2719 1739 2750 1775 α
2796 1722 2997 1779 Christo
3045 1743 3138 1793 pro
3187 1732 3428 1798 fratribus
3455 1732 3600 1796 meis,
3629 1735 3864 1801 cognatis

2261 1813 2382 1865 meis
2405 1814 2678 1866 serendum
2704 1830 2906 1870 carnem
2933 1815 3110 1885 (Rom.
3142 1819 3175 1871 9
3223 1819 3301 1889 5).

2334 1905 2384 1959 ὅ.
2423 1903 2640 1959 Vidistis
2658 1905 2926 1975 quomodo
2945 1907 3072 1974 justi
3093 1922 3280 1963 omnes
3303 1925 3544 1980 magnam
3571 1915 3864 1967 commise-

2261 1997 2520 2051 rationem
2550 2012 2673 2067 erga
2699 1998 2979 2068 proximos
3009 2015 3118 2069 pne
3139 2015 3198 2055 se
3225 2002 3484 2057 terebant.
3511 2002 3864 2061 Considerate

2263 2103 2402 2142 nunc
2450 2087 2718 2156 quomodo
2763 2098 2818 2144 et
2852 2090 3028 2160 justus
3059 2091 3146 2145 ille
3177 2107 3236 2146 se
3268 2094 3509 2147 habuerit
3536 2135 3551 2158 ,
3583 2098 3862 2164 quomodo

2260 2178 2548 2234 verisimile
2589 2188 2673 2235 est
2709 2195 2833 2235 eum
2874 2181 3035 2237 fuisse
3085 2182 3371 2247 affectum;
3418 2195 3472 2240 et
3513 2189 3784 2256 quomodo
3830 2204 3864 2242 a

2261 2271 2466 2326 tristitia
2503 2271 2924 2342 deprimeretur,
2961 2290 3082 2330 cum
3127 2279 3332 2332 videret
3374 2287 3478 2331 tam
3536 2281 3864 2335 immensam

2259 2362 2618 2426 solitudinem,
2668 2373 2722 2416 et
2760 2371 2955 2418 terram
2988 2365 3152 2428 illam,
3191 2382 3308 2436 quas
3346 2377 3498 2422 antea
3541 2380 3647 2422 tam
3694 2371 3867 2424 variis

2260 2451 2555 2507 luxuriabat
2577 2452 2860 2522 plantis,et
2876 2454 3096 2508 ﬂoribus
3116 2457 3424 2524 ornabatur,
3455 2469 3676 2529 repente
3701 2461 3866 2528 quasi

2259 2542 2537 2612 spoliatam
2584 2545 2751 2598 comis
2785 2553 2838 2599 et
2875 2545 3067 2598 nudam
3099 2555 3156 2600 et
3198 2547 3509 2603 solitariam.
3553 2549 3692 2604 Cum
3728 2565 3871 2620 ergo

2263 2643 2370 2688 tam
2401 2635 2695 2690 invaluerat
2725 2651 2948 2703 mmor,
2978 2652 3192 2708 parvam
3221 2642 3505 2710 quamdam
3533 2643 3631 2698 sibi
3661 2658 3870 2698 conso-

2261 2723 2512 2780 lationem
2541 2728 2846 2797 eseogitans
2865 2769 2881 2794 ,
2912 2737 3069 2784 tet-rte
3097 2729 3338 2786 colenda:
3375 2746 3494 2786 sese
3521 2731 3730 2789 dedidit
3762 2749 3778 2788 :
3812 2743 3870 2790 et

2259 2813 2458 2869 idcirco
2485 2816 2579 2878 ait,
2611 2815 2677 2870 Et
2705 2819 2853 2888 εωρὲι
2884 2815 2999 2874 Nae
3018 2820 3169 2874 homo
3192 2820 3416 2890 agricola
3441 2833 3606 2889 terra,
3633 2834 3679 2876 et
3713 2825 3868 2893 ptan-

2262 2908 2382 2959 tavit
2409 2908 2622 2961 vineam.

2332 2996 2474 3051 Nam
2507 2998 2748 3052 invenerit
2795 2999 2942 3054 vitem
2975 3000 3108 3054 Noe.
3140 3031 3214 3042 —
3246 3002 3351 3057 Sed
3371 3004 3491 3072 jure
3531 3004 3614 3058 hic
3646 3008 3864 3074 quaeri-

2263 3095 2368 3154 tur,
2395 3101 2463 3140 an
2492 3086 2607 3158 ipse
2635 3102 2776 3143 nunc
2817 3089 3050 3159 plantam
3083 3092 3366 3160 invenerit,
3395 3094 3480 3150 vel
3511 3106 3658 3148 antea
3688 3106 3755 3150 et
3789 3098 3865 3151 ab

2261 3178 2413 3232 initio
2440 3178 2596 3233 luerit
2624 3177 2901 3248 producta.
2924 3180 3226 3240 Verisimile
3255 3194 3337 3240 est
3364 3200 3480 3239 eam
3511 3197 3660 3239 antea
3691 3196 3758 3240 et
3791 3188 3867 3242 ab

2263 3269 2412 3324 initio
2433 3268 2598 3324 fuisse
2623 3270 2675 3323 in
2705 3284 2797 3324 ses
2826 3270 2932 3326 illis
2951 3272 3138 3327 diebus
3164 3286 3417 3340 creatam,
3453 3277 3660 3344 quando
3705 3276 3865 3332 Vidit

2262 3357 2399 3411 Deus
2420 3359 2589 3412 omnia
2616 3375 2730 3431 qua:
2750 3361 2887 3430 fecit,
2907 3373 2953 3414 et
2978 3375 3120 3416 erant
3153 3365 3294 3419 ralde
3318 3366 3450 3420 bona
3476 3367 3621 3439 (Gen.
3656 3372 3708 3421 l.
3736 3371 3865 3442 3|).

2262 3451 2488 3519 (Quievit
2508 3451 2672 3515 enim,
2699 3452 2909 3510 dicente
2953 3455 3246 3526 Scriptura,
3281 3461 3412 3514 Deus
3439 3463 3520 3514 die
3547 3464 3767 3530 septimo
3799 3469 3872 3519 ab

2259 3541 2490 3596 omnibus
2512 3543 2748 3611 operibus
2771 3546 2876 3599 suis
2896 3563 3007 3614 qua:
3031 3550 3148 3617 fecit
3167 3549 3316 3622 [ϐαι.
3344 3552 3400 3606 2.
3418 3552 3530 3624 2]):
3558 3572 3647 3608 nec
3664 3563 3867 3612 tanien

2261 3645 2413 3686 usum
2438 3630 2641 3687 fructus
2664 3648 2732 3688 ex
2764 3635 2849 3689 illa
2877 3638 3215 3694 manifestum
3233 3641 3414 3698 fuisse.
3441 3643 3568 3698 Nam
3589 3647 3631 3699 si
3655 3646 3863 3702 luisset

2263 3719 2330 3773 ab
2370 3721 2520 3776 initio
2567 3731 2741 3787 notus,
2785 3725 3003 3781 omnino
3053 3729 3186 3784 Abel
3233 3731 3371 3786 inter
3409 3733 3612 3788 oblatas
3645 3735 3868 3794 hostias

2263 3809 2422 3863 etiam
2449 3812 2628 3865 vinum
2668 3814 2902 3870 libasset.
2933 3816 3127 3872 Verum
3155 3821 3279 3888 quia
3313 3824 3622 3893 ignorabant
3666 3826 3862 3885 adhuc

2266 3899 2469 3957 fructus
2520 3920 2692 3971 usuin,
2749 3908 2925 3976 planta
2974 3909 3073 3965 hac
3102 3913 3179 3966 nsi
3222 3929 3327 3967 non
3369 3926 3512 3970 sunt.
3551 3918 3642 3972 llic
3665 3930 3864 3976 autem

2265 3991 2599 4060 agriculturae
2629 3997 2915 4064 studiosus,
2957 4011 3012 4055 et
3032 4018 3237 4072 magna:
3266 4004 3554 4076 diligentia:
3584 4010 3676 4072 vir,
3707 4009 3864 4068 forte

2265 4081 2426 4135 etiam
2456 4082 2682 4136 fructum
2712 4086 3033 4155 degustarit,
3083 4103 3137 4145 et
3177 4097 3422 4152 contritis
3475 4099 3641 4154 botris
3667 4099 3862 4158 vinum

2267 4171 2412 4238 fecit,
2444 4189 2615 4243 eoque
2642 4191 2768 4230 usus
2791 4187 2894 4232 est.
2923 4179 2987 4233 Et
3016 4185 3137 4250 quia
3175 4202 3347 4255 neque
3393 4190 3505 4258 ipse
3549 4202 3865 4260 gustaverat

2268 4264 2436 4333 prius,
2493 4283 2667 4335 neque
2706 4268 2866 4322 alium
2888 4273 3090 4327 sciebat
3127 4276 3215 4345 qui
3253 4283 3603 4348 gustavisset,
3637 4283 3864 4353 ignarus

2267 4369 2368 4422 qua
2399 4370 2646 4410 mensura
2675 4366 2730 4413 et
2752 4374 2854 4429 qua
2887 4363 3095 4419 ratione
3121 4365 3197 4419 uti
3214 4365 3464 4435 debebat,
3489 4386 3584 4442 per
3606 4372 3863 4443 ignes-an-

2271 4446 2400 4500 tiam
2424 4447 2472 4500 iu
2498 4448 2811 4506 ebrietatem
2845 4454 3044 4510 incidit.
3080 4456 3366 4527 Pncterea,
3396 4464 3644 4531 quoniam
3676 4469 3863 4524 carnis

2269 4550 2394 4589 esus
2420 4536 2470 4589 in
2497 4541 2657 4592 vitam
2678 4541 3167 4602 banc-introductus
3188 4548 3305 4612 fuit,
3335 4563 3515 4622 postea
3541 4565 3594 4610 et
3621 4556 3728 4611 vini
3760 4574 3864 4627 po-

2271 4633 2354 4677 tus
2380 4629 2622 4682 arcessit.
2672 4630 2800 4686 \‘ide
2826 4643 3025 4698 autem,
3053 4637 3262 4702 dilecte.
3292 4643 3560 4711 quomodo
3591 4649 3856 4715 paulatim

2271 4717 2450 4771 ntundi
2494 4721 2801 4777 constitutio
2839 4725 3184 4795 dispensetur
3213 4730 3364 4800 (Gen.
3395 4736 3472 4805 ι),
3504 4746 3560 4791 et
3601 4740 3856 4810 quilibet,

2269 4809 2556 4862 secundum
2599 4813 2908 4881 sapientiam
2948 4833 2976 4869 a
3020 4819 3126 4873 Deo
3163 4833 3364 4878 natum
3408 4826 3626 4882 inditam
3652 4871 3670 4896 ,
3703 4809 3860 4889 initio

2271 4901 2398 4953 artis
2423 4901 2648 4970 alicujus
2677 4905 2922 4962 inventor
2950 4909 3020 4962 sit
3053 4925 3066 4963 :
3103 4909 3184 4966 sic
3222 4913 3274 4965 in
3304 4912 3445 4968 hanc
3471 4919 3633 4972 vitam
3655 4922 3860 4978 artium

2269 4990 2435 5044 Studia
2468 5002 2591 5046 stitit
2615 4993 2936 5050 introducta.
2971 4998 3181 5056 Primus
3199 5002 3344 5056 enim
3365 5005 3740 5073 agriculturam
3769 5011 3859 5068 in-

2270 5082 2433 5146 venit,
2458 5084 2723 5139 secundus
2743 5097 2911 5141 artem
2941 5091 3278 5156 pastoralem,
3300 5094 3436 5149 alius
3451 5102 3859 5170 armentariatn,

2269 5171 2404 5226 alius
2427 5173 2705 5242 musicam,
2725 5176 2864 5230 alius
2890 5178 3166 5234 fabrilem:
3189 5181 3275 5236 hic
3291 5195 3468 5240 autem
3493 5187 3671 5256 justus
3687 5192 3862 5250 vi:.e.1:

2275 5264 2510 5320 colenda:
2539 5277 2709 5321 artem
2737 5270 2962 5322 naturali
2985 5271 3201 5326 solertia
3226 5279 3570 5346 excogitavit.
3600 5280 3665 5334 Et
3686 5288 3862 5354 erepit,

2276 5355 2463 5423 inquit,
2504 5355 2618 5409 Noe
2654 5357 2802 5410 homo
2825 5360 3048 5429 agricola
3088 5371 3255 5429 terrae,
3285 5376 3330 5417 et
3371 5367 3617 5435 plantavit
3643 5373 3864 5443 vineam,

2273 5457 2320 5500 et
2353 5447 2470 5499 bibit
2514 5463 2540 5500 e
2569 5449 2702 5514 vino,
2739 5460 2786 5502 et
2830 5451 3099 5507 inebriatus
3125 5467 3218 5509 est.
3243 5455 3427 5527 Cogita
3453 5465 3727 5528 quomodo
3764 5467 3862 5525 hoc

2275 5538 2502 5592 tristitire
2526 5540 2993 5610 medicamentum,
3023 5549 3232 5604 sanitati
3281 5552 3530 5618 paranda.-
3563 5567 3773 5626 aptum,
3820 5565 3862 5619 ἀ

2272 5629 2360 5696 qui
2394 5631 2608 5684 modum
2641 5646 2734 5698 per
2769 5633 3120 5701 ignorantiam
3166 5643 3515 5710 transcendit,
3548 5661 3655 5701 non
3685 5650 3862 5707 solum

2282 5721 2410 5774 nihil
2445 5724 2657 5780 proluit.
2686 5724 2778 5779 sed
2799 5734 2852 5780 et
2871 5736 3065 5783 statum
3091 5729 3207 5794 ejus
3233 5730 3474 5788 oﬂ’endit.
