4054 6312
217 369 324 426 208

286 481 392 538 Cur
415 480 529 535 sitis
553 481 606 535 in
648 481 781 534 hanc
801 479 950 534 vitant
973 475 1278 547 introducta.
1320 471 1505 528 Vinum
1530 473 1582 526 in
1612 480 1799 543 myste-

360 599 436 614 --
470 571 588 627 .lam
618 569 759 626 forte
798 576 1002 641 quarat
1033 567 1246 638 aliquis,
1271 565 1451 639 Quare
1485 565 1666 634 planta
1720 571 1800 617 tot
1839 575 1848 583 '

215 665 371 718 malis
397 664 551 735 plena
575 665 625 718 in
653 664 792 718 bane
805 663 966 718 vitam
994 659 1249 731 producta
1273 660 1390 714 est?
1412 657 1490 713 Ne
1511 658 1579 711 ita
1600 664 1802 712 temere

216 753 475 825 loquaris,
507 753 689 820 hoino,
710 753 888 808 omnia
924 767 1044 822 qua:
1074 752 1127 806 in
1157 751 1378 806 buccam
1411 750 1652 805 veniunt.
1680 747 1798 803 Non

213 853 297 898 est
319 844 503 916 planta
532 843 649 899 base
669 843 830 912 mala,
863 859 1037 913 neque
1063 843 1244 898 vinum
1276 841 1499 907 malum,
1529 840 1625 896 sed
1662 839 1802 894 illius

212 933 416 990 abusus
436 975 452 999 ,
479 933 605 1005 quia
633 949 740 989 non
765 949 831 988 ex
860 933 1006 998 vino,
1037 932 1130 987 sed
1153 947 1222 987 ex
1245 944 1500 998 perversa
1529 930 1801 984 voluntate

214 1023 423 1078 nefaria
443 1024 644 1078 scelera
669 1031 950 1090 patrantur
980 1037 995 1073 :
1023 1028 1080 1076 et
1105 1035 1226 1075 cum
1257 1020 1310 1074 in
1341 1035 1408 1076 eo
1427 1020 1733 1084 situtilitas,
1754 1019 1799 1072 si

212 1121 426 1178 noceat,
468 1112 520 1166 in
558 1125 719 1168 causa
745 1118 830 1168 est
877 1109 1306 1180 intemperantia.
1333 1107 1596 1178 Quocirca
1649 1123 1797 1164 nunc

213 1211 334 1271 post
363 1201 619 1257 diluvium
659 1200 896 1257 ostendit
935 1199 1028 1256 tibi
1075 1199 1186 1254 vini
1225 1213 1402 1265 usum,
1442 1206 1502 1253 ut
1550 1198 1799 1253 ostendat

211 1289 377 1346 etiam
402 1282 528 1346 ante
556 1289 663 1344 vini
691 1303 844 1344 usum
869 1289 925 1344 in
953 1288 1292 1344 immodicam
1325 1287 1588 1341 luxuriam
1621 1287 1801 1340 buma-

210 1394 340 1435 num
369 1394 538 1452 genus
573 1377 843 1444 incidisse,
872 1378 1160 1449 multisque
1189 1378 1424 1447 peccatis
1448 1392 1508 1432 se
1535 1378 1800 1436 contami-

209 1471 446 1534 navisse,
471 1486 592 1526 cum
611 1471 784 1527 adhuc
799 1472 1060 1526 vini'usus
1073 1471 1373 1539 nesciretur
1397 1486 1413 1526 :
1433 1478 1560 1526 utet
1583 1467 1797 1540 quando

210 1560 410 1618 videris
459 1575 614 1617 usum
648 1562 781 1623 vini,
813 1576 922 1618 non
944 1563 1070 1617 vino
1092 1570 1259 1618 totum
1291 1562 1516 1628 tribuas,
1545 1561 1640 1616 sed
1670 1576 1795 1615 cor-

209 1659 386 1720 rupta
425 1650 682 1707 voluntati
718 1666 818 1708 sua
864 1661 1056 1722 sponte
1097 1651 1163 1707 ad
1215 1652 1413 1707 malum
1440 1652 1636 1707 ruenti.
1675 1652 1795 1706 Alia

207 1754 424 1812 quoque
449 1741 656 1797 ratione
698 1742 1000 1807 considera,
1032 1742 1121 1798 ubi
1147 1742 1330 1798 viuum
1357 1742 1516 1799 fuerit
1544 1743 1676 1798 utile
1699 1785 1714 1810 ,
1743 1753 1798 1798 et

207 1831 590 1898 contremisce,
621 1831 693 1888 mi
721 1832 903 1888 homo.
936 1831 1068 1889 Nam
1098 1848 1196 1903 per
1225 1833 1327 1889 hoc
1374 1835 1595 1889 materia
1629 1833 1796 1888 bono-

206 1937 329 1977 rum
372 1922 560 1978 salutis
598 1930 796 1977 nostra
843 1923 1136 1994 perficitur.
1182 1923 1368 1978 Sciunt
1402 1923 1490 1993 qui
1526 1925 1795 1995 mysteriis

207 2010 404 2067 initiati
423 2019 568 2079 sunt,
595 2012 721 2084 quid
751 2012 976 2071 dicatur.
1011 2011 1078 2066 Et
1102 2014 1272 2085 carpit,
1296 2012 1486 2083 inquit,
1519 2012 1635 2067 Noe
1654 2015 1792 2082 agri-

206 2103 321 2157 cola
369 2110 536 2171 terra,
584 2115 632 2159 et
671 2105 915 2175 plantavit
943 2106 1135 2160 vineam
1155 2147 1170 2170 ,
1215 2116 1262 2160 et
1302 2106 1422 2160 bibit
1461 2105 1526 2161 de
1570 2107 1712 2171 uino,
1747 2116 1795 2160 et

205 2193 486 2248 inebriatus
508 2205 600 2260 est,
626 2206 672 2248 et
687 2194 910 2250 nudatus
937 2204 1006 2249 est
1031 2195 1083 2250 in
1107 2195 1256 2250 domo
1277 2213 1390 2250 sua.
1409 2195 1792 2252 Gravissimum

205 2282 461 2352 quiddam
487 2292 571 2339 est
599 2283 850 2349 ebrietas,
873 2284 1236 2348 dilectissime,
1262 2285 1401 2355 quod
1428 2285 1793 2356 possitexcae-

203 2387 330 2428 care
344 2387 555 2438 sensus,
571 2382 626 2429 et
641 2373 982 2446 submergere
1002 2385 1246 2431 mentem
1290 2377 1571 2434 Hominem
1597 2377 1794 2449 quippe

203 2462 542 2526 rationalem,
568 2464 658 2535 qui
689 2480 854 2534 super
883 2466 1062 2520 omnia
1087 2465 1382 2521 dominium
1413 2476 1674 2539 suscepit,
1707 2470 1792 2522 in-

201 2553 360 2622 iectls
385 2555 610 2610 vinculis
637 2555 1028 2623 insolubilibus,
1059 2559 1208 2628 quasi
1232 2568 1498 2613 mortuum
1521 2566 1577 2614 et
1599 2574 1790 2629 opera-

203 2643 351 2698 tione
379 2653 650 2699 carentem
683 2646 975 2716 prosternit
1004 2665 1017 2703 :
1050 2647 1159 2703 imo
1187 2648 1430 2703 deterius
1475 2647 1787 2716 habentem,

201 2747 364 2803 quam
413 2744 701 2790 mortuum.
739 2735 871 2791 Nam
916 2748 1160 2792 mortuus
1209 2753 1384 2809 neque
1419 2739 1579 2804 bona,
1614 2753 1790 2811 neque

201 2824 340 2880 Iulia
384 2826 591 2896 operari
645 2835 819 2896 potest
866 2829 1092 2884 :ebrius
1133 2839 1311 2884 autem
1351 2829 1478 2884 nihil
1505 2831 1792 2886 bonivaiet

198 2918 435 2986 operari,
457 2918 523 2973 ad
553 2919 752 2976 malum
779 2930 954 2976 tamen
986 2920 1287 2977 faciendum
1319 2924 1439 2992 plus
1471 2933 1665 2993 potest,
1703 2923 1786 2992 ja-

198 3017 391 3077 eetque
417 3007 670 3064 ridiculus
695 3009 961 3077 omnibus,
992 3020 1046 3066 et
1067 3014 1216 3065 uxori
1243 3020 1298 3066 et
1324 3008 1443 3066 ﬁliis
1469 3023 1518 3068 et
1552 3012 1783 3067 famulis.

196 3099 372 3153 Amici
401 3097 543 3155 enim
579 3114 729 3155 suam
775 3102 1117 3172 ignominiam
1150 3105 1465 3174 cogitantes,
1510 3107 1706 3161 rubore
1733 3116 1789 3162 et

196 3187 404 3257 pudore
431 3187 842 3247 suﬂimduntur:
873 3192 1070 3247 inimici
1108 3206 1286 3248 autem
1329 3195 1683 3260 obiectantur,
1732 3207 1788 3252 et

194 3275 446 3344 irrident,
475 3286 528 3334 et
554 3289 920 3347 exsecrantur,
945 3280 1059 3336 lucc
1073 3284 1458 3353 prepcmodum
1483 3286 1782 3354 loquentes:

195 3365 472 3423 Hunccine
489 3369 956 3438 oportebatvivere
975 3372 998 3427 7
1023 3382 1074 3427 et
1092 3373 1356 3430 hunccine
1375 3378 1654 3446 oportebat
1675 3380 1786 3448 spi-

191 3470 315 3512 rare
346 3473 526 3514 aerem
552 3459 577 3513 τ
603 3475 636 3512 o
661 3475 824 3531 pecus
849 3461 865 3517 l
893 3477 926 3516 o
949 3465 1205 3534 porcum!
1237 3474 1291 3521 et
1329 3465 1503 3522 adhuc
1541 3469 1781 3538 graviora

192 3544 507 3617 loquuntur.
542 3548 814 3604 Deteriore
838 3551 981 3606 enim
1009 3553 1060 3607 in
1091 3560 1234 3608 statu
1263 3564 1571 3625 suntquam
1599 3557 1654 3620 ii,
1691 3559 1781 3628 qui

189 3649 255 3691 ex
285 3638 490 3708 pra-liis
516 3639 742 3696 redeunt
767 3642 915 3698 aede
941 3644 1296 3715 coinquinatis
1323 3647 1586 3712 manibus,
1617 3658 1670 3703 et
1701 3659 1783 3702 tu-

191 3727 463 3782 multuose
491 3738 848 3800 reponantur.
878 3730 1000 3787 illos
1048 3734 1192 3788 enim
1224 3733 1464 3791 fortassis
1492 3737 1644 3792 multi
1669 3738 1782 3794 lau-

187 3817 349 3874 dibus
387 3819 650 3876 extollunt
706 3831 926 3892 propter
971 3832 1192 3896 trepara,
1243 3839 1462 3898 prepter
1504 3830 1777 3899 victorias,

187 3917 414 3979 propter
439 3909 658 3966 vulnera
678 3921 730 3967 et
752 3913 928 3969 czedes
952 3931 966 3968 :
993 3915 1170 3971 ebrios
1198 3927 1376 3972 autem
1399 3920 1623 3974 miseros
1651 3936 1780 3990 pro-

185 3997 442 4064 clamant,
496 4015 832 4059 aerumnosos
865 4017 1076 4074 vocant,
1111 4017 1162 4063 et
1199 4008 1478 4065 innumera
1515 4012 1594 4067 eis
1640 4011 1778 4067 mala

187 4090 576 4160 imprecantur.
600 4094 734 4163 Quid
763 4097 904 4151 enim
934 4113 1000 4153 eo
1027 4100 1270 4155 miserius
1293 4100 1472 4167 fuerit,
1490 4104 1578 4174 qui
1599 4105 1777 4160 ebrie-

187 4181 279 4234 tati
307 4178 528 4237 deditus
550 4193 652 4251 est,
683 4193 738 4239 et
763 4186 1200 4256 quotidie'viuum
1229 4189 1471 4257 eﬂ‘uudit,
1501 4208 1566 4249 ac
1581 4194 1778 4250 mentis

183 4287 296 4329 suae
317 4273 582 4343 judicium
613 4279 906 4349 corrumpit
928 4279 952 4332 ἲ
1001 4280 1297 4351 Eaproptcr
1320 4294 1376 4338 et
1413 4285 1628 4355 sapiens
1651 4287 1774 4357 qui-

182 4361 307 4441 dam
333 4363 659 4421 admonebat
683 4366 869 4424 dicens
905 4387 919 4423 :
947 4369 1264 4442 Principium
1291 4375 1407 4429 vitae
1433 4374 1650 4430 [taurinis
1676 4395 1775 4447 pa-

181 4457 262 4510 nis
285 4465 333 4509 et
348 4472 486 4527 aqua
497 4467 542 4510 et
562 4459 725 4520 uestis.
753 4470 798 4514 et
816 4459 996 4517 donius
1012 4473 1178 4535 tegens
1199 4467 1558 4536 turpitudinem
1577 4468 1769 4539 (Et-cli.

181 4542 270 4599 29.
301 4543 427 4618 28)ε
463 4555 520 4600 ιιι
553 4548 598 4602 si
646 4550 770 4619 quis
818 4549 1077 4608 ebrietate
1117 4555 1366 4622 vincitur,
1407 4573 1474 4612 ne
1502 4558 1554 4612 in
1582 4560 1769 4629 vulgus

183 4634 501 4692 traducatur
522 4678 539 4701 ,
571 4638 665 4693 sed
693 4653 724 4693 a
754 4641 869 4696 suis
893 4651 1204 4712 contegatur
1233 4660 1248 4702 :
1273 4656 1325 4700 et
1355 4662 1462 4703 non
1493 4647 1562 4702 sit
1600 4647 1773 4705 omni-

182 4725 279 4780 bus
309 4727 456 4781 risus
484 4737 539 4781 et
565 4729 904 4798 turpitudinis
946 4746 1337 4802 argumentum.
1377 4735 1446 4791 Et
1493 4740 1664 4808 carpit,
1689 4738 1771 4794 iu-

179 4815 316 4883 qttit,
348 4813 473 4869 Noe
501 4815 652 4872 homo
675 4820 902 4889 agricola
932 4831 1099 4888 terra,
1124 4833 1172 4878 et
1203 4825 1449 4894 plantavit
1478 4829 1690 4895 vineam,
1724 4838 1771 4884 et

179 4904 298 4958 bibit
321 4906 388 4959 de
413 4906 550 4964 sine.
572 4917 618 4960 et
637 4907 906 4965 inebriatus
933 4923 1026 4967 est.

247 4997 302 5050 4.
344 4994 584 5053 Ebrietas
630 5017 722 5068 pro
768 5004 1010 5057 satietate.
1051 5002 1189 5059 Vitia
1231 5023 1330 5062 non
1357 5009 1407 5062 in
1435 5019 1620 5066 natura
1644 5012 1764 5076 sita,

175 5089 265 5140 sed
289 5087 344 5142 in
376 5086 655 5142 uoluntate.
681 5119 755 5131 -—
776 5092 1059 5150 Ebrietatis
1110 5111 1326 5162 nomen,
1366 5103 1666 5168 carissime,
1714 5105 1767 5160 in

179 5191 325 5231 sacra
365 5177 642 5248 Scriptura
691 5197 796 5236 non
849 5183 1042 5254 ubique
1090 5186 1156 5241 de
1201 5190 1510 5245 teumieutia
1563 5194 1765 5250 dictum

176 5275 276 5328 est,
305 5267 402 5322 sed
431 5277 486 5322 et
512 5269 810 5328 satietatem
840 5274 1121 5344 significat.
1156 5278 1264 5334 iloc
1285 5281 1461 5349 itaque
1481 5281 1618 5338 forte
1641 5286 1767 5356 quis

179 5355 412 5427 dejusto
440 5358 542 5415 ltoc
569 5361 730 5428 dicet,
761 5366 901 5435 quod
925 5383 1028 5422 non
1059 5381 1114 5423 ut
1141 5370 1503 5441 intemperans
1534 5355 1764 5432 inebria-

181 5454 263 5502 tus
311 5448 508 5515 fuerit,
543 5452 638 5506 sed
665 5455 734 5509 ob
765 5457 1062 5513 satietatem
1095 5460 1196 5516 ltoc
1222 5461 1269 5516 ei
1295 5466 1593 5536 contigerit.
1628 5470 1764 5525 Audi

176 5537 317 5593 enim
349 5540 517 5596 David
543 5543 805 5600 dicentem
829 5564 843 5601 :
870 5546 1331 5608 Inebriabtmturab
1354 5557 1574 5612 ubertate
1588 5559 1766 5616 domus

488 5633 578 5688 35.
597 5633 675 5694 9):
693 5634 794 5692 boc
821 5647 922 5705 est,
953 5640 1328 5712 implebuntur.
1357 5647 1603 5720 Alioquin
1622 5651 1654 5705 ii
1673 5652 1762 5722 qui

176 5719 424 5778 ebrietati
455 5734 645 5782 vacant
672 5741 958 5800 numquam
989 5733 1268 5803 satiantur,
1298 5738 1392 5794 sed
1423 5751 1620 5796 auanto
1647 5719 1763 5796 ina-

1403 5855 1422 5892 l

1305 358 1370 415 LV
1407 355 1564 412 CAP.
1603 352 1695 408 lx.
1734 348 1978 409 CERES.
2020 353 2244 411 HOMIL.
2288 353 2480 412 XXIX.

3393 360 3497 418 £66

1915 466 1996 536 gis
2021 481 2143 524 sese
2170 470 2292 525 vino
2323 470 2665 542 ingurgitant,
2693 480 2842 528 tanto
2865 474 3034 546 magis
3058 475 3146 531 siti
3175 474 3420 547 ﬂagrant.
3442 487 3498 532 et

1911 556 2257 615 inﬂammatio
2283 561 2528 631 quedam
2557 573 2640 618 est
2666 562 2748 619 eis
2778 563 2884 620 vini
2915 580 3041 620 usus
3072 583 3088 619 :
3115 580 3178 620 se
3198 567 3497 638 voluptates

1909 647 2122 717 quidem
2151 660 2496 716 evanescunt,
2539 652 2658 708 sitis
2702 662 2878 710 autem
2911 654 3248 726 inexplebilis
3273 657 3325 711 in
3353 674 3496 729 pra:-

1907 735 2449 804 cipittumlebrietatis
2475 755 2592 806 eos,
2614 741 2702 811 qui
2741 741 2841 798 sub
2867 741 2954 797 illa
2999 745 3192 814 captivi
3217 756 3362 810 sunt,
3393 747 3493 804 de-

1907 822 2074 880 ducit.
2104 824 2173 880 Et
2195 826 2467 898 plantavit,
2495 829 2680 899 inquit,
2729 831 2948 899 vineam,
2976 841 3024 888 et
3046 833 3171 887 bibit
3195 851 3258 889 es:
3286 837 3422 901 vino,
3443 846 3494 892 et

1906 913 2180 971 inebriatus
2225 926 2320 984 est,
2362 928 2410 972 et
2447 919 2670 975 nudatus
2694 931 2767 976 est
2791 922 2846 976 in
2875 923 3029 978 domo
3053 939 3170 979 sua.
3199 925 3489 984 Considera

1913 1004 2016 1062 hoc
2038 1023 2143 1062 non
2175 1008 2302 1064 foris
2329 1009 2400 1064 illi
2433 1011 2713 1080 accidisse,
2735 1011 2831 1068 sed
2861 1013 2913 1068 in
2947 1014 3110 1071 domo
3139 1032 3256 1072 sua.
3287 1017 3489 1074 Idcirco

1907 1097 2050 1151 enim
2099 1097 2202 1154 hoc
2245 1098 2542 1171 designavit
2570 1100 2752 1157 divina
2779 1103 3074 1173 Scriptura,
3103 1104 3172 1161 In
3199 1107 3350 1163 domo
3373 1125 3488 1174 sua,

1910 1196 1966 1240 ut
1997 1203 2064 1243 ex
2090 1188 2154 1243 iis
2195 1205 2314 1259 qua:
2340 1201 2655 1260 sequuntur,
2688 1192 2905 1249 malitia:
2933 1195 3225 1252 vehemens
3252 1197 3490 1254 studium

1902 1277 2087 1334 videas
2112 1279 2226 1349 ejus
2255 1282 2345 1350 qui
2374 1283 2669 1338 nuditatem
2701 1285 2954 1356 evulgare
2981 1285 3142 1342 fuerit
3167 1304 3350 1343 ausus.
3397 1289 3492 1345 Si.

1904 1367 1971 1422 Et
1996 1370 2140 1433 sidit,
2170 1371 2360 1442 inquit,
2393 1372 2555 1428 Cltam
2591 1383 2734 1444 pater
2747 1373 2997 1430 Chanaan
3021 1376 3302 1433 nuditatem
3329 1381 3495 1450 patris

1901 1459 2003 1526 sui,
2032 1470 2078 1514 et
2105 1476 2333 1530 egressus
2347 1451 2664 1517 annuatiavit
2691 1466 2886 1519 duobus
2916 1468 3158 1536 fratribus
3199 1469 3302 1524 suis
3340 1472 3488 1542 foris.

1903 1549 2166 1606 Fortassis
2191 1554 2236 1607 si
2258 1563 2312 1607 ct
2339 1553 2427 1608 alii
2448 1554 2660 1624 quidam
2688 1555 3020 1623 adfuissent,
3041 1568 3097 1613 et
3118 1559 3222 1616 illis
3249 1563 3491 1618 nuntias-

1901 1651 1983 1695 set
2001 1643 2166 1710 patris
2189 1644 2270 1697 sui
2297 1644 2676 1714 turpitudinem
2706 1663 2720 1700 :
2756 1656 2898 1701 tanta
2920 1658 3034 1703 erat
3060 1652 3206 1720 pueri
3228 1653 3484 1724 nequitia.

1903 1729 2190 1800 Propterea
2216 1733 2382 1800 enim,
2402 1742 2458 1788 ut
2485 1732 2661 1789 discas
2683 1734 2998 1808 jampridem
3029 1747 3083 1793 et
3107 1740 3174 1794 ab
3194 1741 3346 1802 initio
3365 1758 3489 1798 eum

1899 1829 2168 1890 corrupta.-
2203 1823 2399 1878 mentis
2441 1824 2638 1890 fuisse,
2669 1840 2774 1881 non
2831 1828 3145 1898 simpliciter
3186 1832 3314 1888 dicit
3339 1833 3490 1890 Scri-

1901 1918 2077 1980 ptura,
2104 1907 2247 1967 Vidit
2272 1913 2437 1968 Cbam
2464 1915 2755 1971 nuditatem
2774 1918 2936 1988 patris
2960 1923 3039 1974 sui
3069 1938 3082 1974 :
3113 1922 3208 1977 sed
3233 1924 3396 1994 quid?
3418 1924 3490 1982 Et

1898 2003 2019 2056 ridi.
2065 2003 2225 2058 Citam
2265 2017 2409 2074 pater
2447 2005 2716 2063 Chanaan.
2748 2009 2944 2078 Quare,
2991 2013 3079 2068 dic
3123 2014 3273 2080 ntihi,
3303 2025 3357 2070 et
3387 2017 3489 2074 hoc

1902 2091 2020 2148 loco
2049 2093 2141 2149 lilii
2172 2097 2485 2152 vocabulum
2515 2100 2792 2170 assignat?
2820 2101 2885 2156 Ut
2910 2103 3084 2158 discas
3126 2105 3275 2160 illum
3321 2105 3487 2166 fuisse

1902 2185 2342 2255 intemperantem
2391 2197 2447 2243 et
2492 2189 2931 2256 incontinentem,
2977 2203 3031 2248 et
3079 2196 3268 2250 eadem
3308 2207 3488 2257 mente

1899 2291 2001 2346 qua
2058 2279 2110 2332 in
2157 2287 2298 2359 tanta
2350 2281 2653 2337 turbatione
2691 2285 3037 2352 procreanda!
3068 2288 3202 2356 proli
3253 2292 3485 2361 vacavit,

1906 2367 2094 2424 eadem
2123 2357 2283 2424 etiam
2336 2388 2476 2426 nunc
2523 2373 2576 2427 in
2606 2376 2981 2428 contumeliam
3015 2378 3180 2445 patris
3220 2357 3485 2453 prorupit,

1899 2454 1967 2509 Et
1981 2473 2221 2527 egressus,
2240 2458 2428 2530 inquit,
2440 2464 2755 2516 attnusttiarit
2766 2463 2960 2518 duobus
2969 2466 3210 2536 fratribus
3221 2472 3327 2524 suis
3336 2471 3484 2542 foris.

1898 2544 2053 2612 Vide,
2067 2548 2314 2617 obsecro,
2341 2550 2445 2616 hic,
2469 2552 2830 2619 dilectissime,
2856 2570 2958 2608 nou
2979 2556 3030 2609 in
3050 2566 3232 2612 natura
3251 2561 3350 2616 sita
3364 2577 3487 2618 esse

1898 2637 2046 2701 vitia,
2078 2639 2170 2693 sed
2202 2641 2254 2693 iu
2280 2642 2500 2695 arbitrio
2520 2650 2574 2696 et
2604 2644 2892 2699 voluntate.
2921 2645 3058 2702 Ecce
3097 2654 3240 2702 enim
3275 2652 3487 2724 utrique

1895 2727 2086 2785 fratres
2108 2729 2341 2798 fuerunt,
2356 2740 2409 2788 et
2420 2732 2658 2803 ejusdem
2674 2745 2898 2802 unum,
2917 2737 3162 2792 eumdem
3186 2742 3485 2802 habuerunt

1899 2830 2129 2887 patrem,
2157 2822 2346 2877 eodem
2377 2833 2528 2878 utero
2558 2824 2770 2881 fuerunt
2794 2829 2957 2893 editi,
2989 2830 3177 2885 cadent
3211 2833 3485 2905 diligentia

1895 2911 2111 2967 fuerunt
2133 2915 2364 2978 educati,
2397 2917 2490 2971 sed
2514 2932 2618 2972 non
2648 2922 2893 2972 eumdem
2915 2921 3151 2976 animum
3178 2925 3486 2983 declarave-

1895 3013 2054 3056 runt:
2085 3004 2178 3058 sed
2204 3005 2291 3058 ille
2316 3007 2530 3074 quidem
2556 3008 2608 3061 in
2633 3008 2888 3062 malitiam
2921 3010 3124 3078 incidit,
3159 3012 3192 3067 ii
3223 3029 3351 3072 vero
3385 3032 3485 3088 pa-

1893 3094 2032 3147 renti
2059 3093 2296 3148 debitum
2319 3096 2692 3164 impenderunt
2717 3097 2994 3154 honorem.
3016 3100 3283 3160 Fortassis
3302 3117 3486 3166 autem

1892 3193 1948 3237 et
1991 3183 2160 3238 irrisit
2197 3200 2260 3240 ac
2302 3187 2648 3247 subsannavit
2673 3198 2901 3259 patrem,
2935 3191 3314 3262 turpitudinem
3343 3198 3485 3257 illius

1894 3273 2185 3328 nuntiando
2215 3291 2227 3328 :
2257 3284 2312 3329 et
2360 3291 2464 3331 nou
2509 3277 2707 3333 audivit
2742 3281 3034 3348 sapientem
3083 3287 3366 3355 quemdam
3395 3288 3485 3346 di-

1890 3361 2099 3417 cent'cm
2135 3380 2148 3416 :
2184 3362 2512 3436 Neglorieris
2538 3368 2592 3421 in
2612 3368 2890 3439 ignominia
2924 3374 3082 3442 patris
3103 3375 3178 3430 tui
3206 3376 3394 3451 (Eccli.
3426 3381 3482 3438 ὅ.

1892 3451 2002 3522 12).
2040 3453 2234 3509 Verum
2281 3455 2475 3512 fratres
2518 3474 2626 3513 non
2670 3459 2748 3514 sic
2795 3473 3040 3532 egerunt.
3073 3466 3141 3522 Et
3173 3472 3484 3539 quomodo!

1888 3544 2023 3597 Cum
2057 3544 2170 3599 inec
2214 3547 2542 3603 audivissent
2571 3548 2661 3603 9.3.
2695 3550 2818 3605 Sent
2858 3562 2907 3606 et
2950 3553 3199 3626 Japltetlt,
3230 3563 3475 3632 acceptis,

1888 3632 2076 3703 inquit,
2107 3637 2319 3692 vestibus
2342 3654 2494 3708 super
2518 3639 2754 3696 Itzmteros
2791 3658 2930 3710 suos,
2962 3646 3270 3703 incesserunt
3289 3661 3479 3708 retror-

1887 3739 2020 3789 sum,
2039 3735 2086 3777 et
2105 3736 2407 3794 operuerunt
2425 3729 2704 3783 nuditatem
2731 3733 2890 3802 patris
2915 3736 3032 3789 sui:
3054 3748 3102 3790 et
3127 3740 3286 3809 facies
3304 3759 3479 3800 eorum

1885 3827 2177 3883 retrorsum,
2206 3829 2254 3874 et
2282 3821 2559 3875 nuditatem
2591 3824 2748 3890 patris
2774 3825 2853 3878 sui
2883 3842 2982 3880 non
3011 3829 3261 3886 viderunt.
3288 3833 3478 3893 Vidisti

1888 3909 2204 3978 probitatem
2240 3912 2506 3968 filiorum?
2535 3915 2631 3970 ille
2666 3916 2934 3986 evulgavit
2975 3930 3031 3974 et
3077 3924 3346 3994 traduxit,
3389 3930 3477 3986 isti

1887 4015 2061 4070 neque
2091 4002 2274 4057 videre
2308 4005 2676 4060 sustinuerunt
2712 4025 2724 4060 :
2757 4008 2852 4062 sed
2889 4019 3181 4067 retrorsum
3213 4015 3391 4087 ibant,
3419 4029 3480 4078 ut

1885 4101 2032 4145 recta
2070 4091 2282 4146 adirent
2323 4094 2492 4163 putris
2536 4097 2832 4151 contectnri
2878 4099 3194 4157 nuditatem.
3246 4106 3312 4160 Et
3355 4109 3477 4166 vide

1885 4179 2096 4235 illorum
2120 4197 2242 4236 cum
2271 4198 2459 4254 magna
2486 4182 2750 4254 probitate
2781 4191 3268 4248 mansuetudinem.
3293 4195 3477 4268 Neque

1885 4272 2182 4344 increpant,
2213 4290 2388 4346 neque
2415 4277 2705 4331 verberant
2742 4277 2960 4334 fratrem
2996 4299 3009 4334 :
3061 4284 3154 4337 sed
3194 4296 3250 4339 ut
3291 4290 3478 4345 audie-

1885 4374 2027 4429 runt,
2051 4381 2173 4420 mox
2205 4365 2257 4420 id
2283 4383 2444 4421 unum
2473 4378 2751 4437 curarunt,
2778 4381 2834 4424 ιιι
2861 4368 3056 4426 factum
3079 4379 3474 4446 quamprimum

1880 4458 2281 4525 emendaretnr,
2310 4469 2364 4514 et
2394 4460 2596 4514 honoro
2622 4461 2832 4531 genitor
2845 4461 3168 4520 afﬁceretur.
3195 4466 3476 4542 Faciesque

1879 4548 2084 4602 illorum
2110 4564 2300 4604 auersa
2323 4559 2490 4616 erant,
2511 4559 2558 4604 et
2595 4552 2872 4606 nuditatem
2899 4556 3058 4624 putris
3083 4557 3161 4610 sui
3195 4575 3296 4614 non
3334 4563 3473 4615 uide-

1879 4650 2018 4695 runt.
2039 4640 2223 4711 Magna
2251 4641 2477 4696 filiorum
2504 4645 2826 4711 reverentia,
2851 4662 3006 4716 quam
3027 4650 3181 4704 nobis
3199 4652 3476 4723 Scriptura

1879 4739 2174 4798 monstrat,
2202 4731 2344 4809 quod
2375 4747 2481 4786 non
2510 4732 2688 4788 solum
2715 4743 2924 4804 tegant,
2957 4738 3048 4792 sed
3076 4749 3128 4794 et
3159 4744 3338 4798 videre
3367 4762 3472 4803 non

1878 4823 2194 4877 sustineant.
2224 4822 2545 4879 Erudiamur
2571 4824 2718 4892 hinc,
2756 4835 2916 4896 atque
2947 4844 3015 4884 ex
3045 4832 3282 4903 utrisque
3305 4837 3471 4893 lueri-

1878 4917 2133 4974 faciamus
2172 4918 2372 4989 aliquid
2414 4935 2428 4972 :
2469 4928 2524 4973 ct
2566 4918 2664 4974 bos
2713 4921 2928 4989 quidem
2973 4924 3279 4991 imitemur,
3330 4930 3469 4985 illius

1876 5013 2052 5058 autem
2092 5019 2274 5058 mores
2308 5003 2594 5075 fugiamus.
2639 5004 2773 5060 Nam
2811 5006 2856 5060 si
2897 5007 2942 5062 is
2967 5049 2984 5072 ,
3031 5011 3121 5079 qui
3159 5014 3468 5070 SCllSiitiit‘lll

1878 5098 2171 5152 nuditatem
2194 5097 2476 5167 evolgavit,
2510 5096 2796 5153 maledicto
2821 5113 2880 5154 se
2907 5098 3032 5154 fecit
3056 5102 3377 5169 obnoxium,
3412 5118 3470 5164 et

1876 5189 2128 5244 exeidens
2148 5187 2216 5242 ab
2239 5187 2443 5241 honore
2467 5201 2624 5257 quem
2654 5203 2834 5257 parent
2854 5189 3037 5244 habuit
3052 5207 3172 5246 rum
3194 5193 3468 5262 fratribus,

1876 5282 2261 5338 condemnatus
2285 5287 2368 5333 est
2411 5286 2470 5333 nt
2504 5278 2612 5332 illis
2660 5281 2922 5346 serviret;
2968 5281 3095 5338 licet
3135 5296 3311 5341 autem
3361 5304 3468 5346 non

1876 5374 2008 5442 ipse,
2038 5388 2223 5426 omnes
2250 5383 2424 5426 tamen
2454 5370 2542 5441 qui
2569 5385 2637 5427 ex
2664 5372 2801 5441 ipso,
2830 5374 2971 5428 servi
3003 5375 3125 5430 facti
3152 5389 3313 5433 sunt:
3337 5381 3467 5451 quid

1874 5466 2139 5536 patientur
2160 5465 2249 5534 qui
2277 5471 2492 5533 peccata
2519 5462 2741 5518 fratrum
2769 5465 3039 5535 evnigant.
3071 5477 3126 5522 et
3155 5486 3260 5525 non
3289 5474 3466 5530 solum

1875 5571 1982 5611 non
2010 5563 2300 5624 contegunt
2327 5561 2382 5608 et
2418 5562 2695 5619 excusant,
2738 5553 2831 5608 sed
2878 5557 3047 5626 magis
3089 5573 3152 5613 ea
3183 5562 3356 5628 palam
3391 5564 3469 5618 fa-

1873 5648 2042 5715 ciunt,
2076 5647 2347 5716 multaque
2371 5659 2437 5700 ex
2479 5644 2582 5700 hoc
2609 5655 2900 5714 operantur
2944 5650 3198 5716 peccata?
3239 5652 3465 5728 Quapdo

1871 5741 2013 5797 enim
2058 5737 2236 5796 fratris
2286 5746 2561 5794 peccatum
2608 5738 2857 5807 evulgas,
2903 5754 3010 5794 non
3059 5740 3206 5796 illum
3245 5747 3461 5796 tantum
