  <div class='ocr_page' id='page_1' title='image "/cluster/home/n/w/nwhite01/storage/ocr_20150623/53/pst.000005712526/267.png"; bbox 0 0 4054 6312; ppageno 0'>
   <div class='ocr_carea' id='block_1_1' title="bbox 548 436 2124 531">
    <p class='ocr_par' dir='ltr' id='par_1_1' title="bbox 548 436 2124 531">
     <span class='ocr_line' id='line_1_1' title="bbox 548 436 2124 531; baseline -0.015 -15"><span class='ocrx_word' id='word_1_1' title='bbox 548 455 1033 531; x_wconf 78' lang='lat' dir='ltr'><strong>ignotuiniosiorem</strong></span> <span class='ocrx_word' id='word_1_2' title='bbox 1059 451 1210 519; x_wconf 86' lang='lat' dir='ltr'><strong>facis,</strong></span> <span class='ocrx_word' id='word_1_3' title='bbox 1235 459 1290 505; x_wconf 90' lang='lat' dir='ltr'><strong>et</strong></span> <span class='ocrx_word' id='word_1_4' title='bbox 1316 446 1617 516; x_wconf 76' lang='lat' dir='ltr'><strong>segniorem</strong></span> <span class='ocrx_word' id='word_1_5' title='bbox 1653 441 1789 496; x_wconf 87' lang='lat' dir='ltr'><strong>forte</strong></span> <span class='ocrx_word' id='word_1_6' title='bbox 1816 439 1883 495; x_wconf 88' lang='lat' dir='ltr'><strong>ad</strong></span> <span class='ocrx_word' id='word_1_7' title='bbox 1915 436 2124 495; x_wconf 81' lang='lat' dir='ltr'><strong>virtutis</strong></span> 
     </span>
    </p>
   </div>
   <div class='ocr_carea' id='block_1_2' title="bbox 547 532 2125 621">
    <p class='ocr_par' dir='ltr' id='par_1_2' title="bbox 547 532 2125 621">
     <span class='ocr_line' id='line_1_2' title="bbox 547 532 2125 621; baseline -0.015 -16"><span class='ocrx_word' id='word_1_8' title='bbox 547 556 687 609; x_wconf 81' lang='lat' dir='ltr'><strong>viam</strong></span> <span class='ocrx_word' id='word_1_9' title='bbox 716 548 1081 621; x_wconf 80' lang='lat' dir='ltr'><strong>repetendam,</strong></span> <span class='ocrx_word' id='word_1_10' title='bbox 1114 543 1206 600; x_wconf 82' lang='lat' dir='ltr'><strong>sed</strong></span> <span class='ocrx_word' id='word_1_11' title='bbox 1234 549 1291 597; x_wconf 88' lang='lat' dir='ltr'><strong>et</strong></span> <span class='ocrx_word' id='word_1_12' title='bbox 1326 554 1421 595; x_wconf 88' lang='lat' dir='ltr'><strong>eos</strong></span> <span class='ocrx_word' id='word_1_13' title='bbox 1444 538 1531 608; x_wconf 90' lang='lat' dir='ltr'><strong>qui</strong></span> <span class='ocrx_word' id='word_1_14' title='bbox 1558 534 1813 597; x_wconf 87' lang='lat' dir='ltr'><strong>audiunt,</strong></span> <span class='ocrx_word' id='word_1_15' title='bbox 1853 532 2125 621; x_wconf 81' lang='lat' dir='ltr'><strong>negligen-</strong></span> 
     </span>
    </p>
   </div>
   <div class='ocr_carea' id='block_1_3' title="bbox 547 620 2123 706">
    <p class='ocr_par' dir='ltr' id='par_1_3' title="bbox 547 620 2123 706">
     <span class='ocr_line' id='line_1_3' title="bbox 547 620 2123 706; baseline -0.017 -4"><span class='ocrx_word' id='word_1_16' title='bbox 547 647 711 701; x_wconf 90' lang='lat' dir='ltr'><strong>tiores</strong></span> <span class='ocrx_word' id='word_1_17' title='bbox 756 620 973 706; x_wconf 71' lang='lat' dir='ltr'><strong>reddis,</strong></span> <span class='ocrx_word' id='word_1_18' title='bbox 1019 648 1073 693; x_wconf 89' lang='lat' dir='ltr'><strong>et</strong></span> <span class='ocrx_word' id='word_1_19' title='bbox 1110 636 1174 691; x_wconf 89' lang='lat' dir='ltr'><strong>ad</strong></span> <span class='ocrx_word' id='word_1_20' title='bbox 1206 632 1505 690; x_wconf 75' lang='lat' dir='ltr'><strong>socordiam</strong></span> <span class='ocrx_word' id='word_1_21' title='bbox 1535 627 1776 683; x_wconf 89' lang='lat' dir='ltr'><strong>inducis:</strong></span> <span class='ocrx_word' id='word_1_22' title='bbox 1808 639 1982 693; x_wconf 90' lang='lat' dir='ltr'><strong>neque</strong></span> <span class='ocrx_word' id='word_1_23' title='bbox 2022 620 2123 677; x_wconf 87' lang='lat' dir='ltr'><strong>boc</strong></span> 
     </span>
    </p>
   </div>
   <div class='ocr_carea' id='block_1_4' title="bbox 546 713 2120 798">
    <p class='ocr_par' dir='ltr' id='par_1_4' title="bbox 546 713 2120 798">
     <span class='ocr_line' id='line_1_4' title="bbox 546 713 2120 798; baseline -0.017 -7"><span class='ocrx_word' id='word_1_24' title='bbox 546 735 745 798; x_wconf 88' lang='lat' dir='ltr'><strong>solum,</strong></span> <span class='ocrx_word' id='word_1_25' title='bbox 789 731 884 790; x_wconf 77' lang='lat' dir='ltr'><strong>sed</strong></span> <span class='ocrx_word' id='word_1_26' title='bbox 924 730 1082 785; x_wconf 86' lang='lat' dir='ltr'><strong>etiam</strong></span> <span class='ocrx_word' id='word_1_27' title='bbox 1128 725 1180 780; x_wconf 89' lang='lat' dir='ltr'><strong>id</strong></span> <span class='ocrx_word' id='word_1_28' title='bbox 1224 721 1396 779; x_wconf 78' lang='lat' dir='ltr'><strong>efficis</strong></span> <span class='ocrx_word' id='word_1_29' title='bbox 1440 728 1495 773; x_wconf 90' lang='lat' dir='ltr'><strong>ut</strong></span> <span class='ocrx_word' id='word_1_30' title='bbox 1543 720 1679 771; x_wconf 77' lang='lat' dir='ltr'><strong>lieus</strong></span> <span class='ocrx_word' id='word_1_31' title='bbox 1708 713 2120 784; x_wconf 80' lang='lat' dir='ltr'><strong>blaspliemetur.</strong></span> 
     </span>
    </p>
   </div>
   <div class='ocr_carea' id='block_1_5' title="bbox 552 803 2122 888">
    <p class='ocr_par' dir='ltr' id='par_1_5' title="bbox 552 803 2122 888">
     <span class='ocr_line' id='line_1_5' title="bbox 552 803 2122 888; baseline -0.016 -9"><span class='ocrx_word' id='word_1_32' title='bbox 552 822 695 878; x_wconf 87' lang='lat' dir='ltr'><strong>istud</strong></span> <span class='ocrx_word' id='word_1_33' title='bbox 716 830 893 878; x_wconf 88' lang='lat' dir='ltr'><strong>autem</strong></span> <span class='ocrx_word' id='word_1_34' title='bbox 912 826 1167 888; x_wconf 89' lang='lat' dir='ltr'><strong>quantum</strong></span> <span class='ocrx_word' id='word_1_35' title='bbox 1192 813 1345 867; x_wconf 89' lang='lat' dir='ltr'><strong>affert</strong></span> <span class='ocrx_word' id='word_1_36' title='bbox 1368 807 1685 878; x_wconf 78' lang='lat' dir='ltr'><strong>supplicium</strong></span> <span class='ocrx_word' id='word_1_37' title='bbox 1710 804 1775 857; x_wconf 86' lang='lat' dir='ltr'><strong>iis</strong></span> <span class='ocrx_word' id='word_1_38' title='bbox 1793 803 1882 873; x_wconf 87' lang='lat' dir='ltr'><strong>qui</strong></span> <span class='ocrx_word' id='word_1_39' title='bbox 1910 814 2122 856; x_wconf 67' lang='lat' dir='ltr'><strong>musam</strong></span> 
     </span>
    </p>
   </div>
   <div class='ocr_carea' id='block_1_6' title="bbox 548 888 2128 985">
    <p class='ocr_par' dir='ltr' id='par_1_6' title="bbox 548 888 2128 985">
     <span class='ocr_line' id='line_1_6' title="bbox 548 888 2128 985; baseline -0.02 -12"><span class='ocrx_word' id='word_1_40' title='bbox 548 915 823 985; x_wconf 72' lang='lat' dir='ltr'><strong>prmbent,</strong></span> <span class='ocrx_word' id='word_1_41' title='bbox 853 924 1010 965; x_wconf 89' lang='lat' dir='ltr'><strong>nemo</strong></span> <span class='ocrx_word' id='word_1_42' title='bbox 1034 912 1120 962; x_wconf 84' lang='lat' dir='ltr'><strong>est</strong></span> <span class='ocrx_word' id='word_1_43' title='bbox 1139 903 1228 975; x_wconf 86' lang='lat' dir='ltr'><strong>qui</strong></span> <span class='ocrx_word' id='word_1_44' title='bbox 1257 904 1484 972; x_wconf 86' lang='lat' dir='ltr'><strong>ignoret.</strong></span> <span class='ocrx_word' id='word_1_45' title='bbox 1514 896 1798 985; x_wconf 82' lang='lat' dir='ltr'><strong>Fugiamus</strong></span> <span class='ocrx_word' id='word_1_46' title='bbox 1823 888 2128 985; x_wconf 39' lang='lat' dir='ltr'><strong>igitur,nob-</strong></span> 
     </span>
    </p>
   </div>
   <div class='ocr_carea' id='block_1_7' title="bbox 550 980 2127 1066">
    <p class='ocr_par' dir='ltr' id='par_1_7' title="bbox 550 980 2127 1066">
     <span class='ocr_line' id='line_1_7' title="bbox 550 980 2127 1066; baseline -0.018 -3"><span class='ocrx_word' id='word_1_47' title='bbox 550 980 727 1066; x_wconf 72' lang='lat' dir='ltr'><strong>seat),</strong></span> <span class='ocrx_word' id='word_1_48' title='bbox 756 1013 937 1056; x_wconf 88' lang='lat' dir='ltr'><strong>mores</strong></span> <span class='ocrx_word' id='word_1_49' title='bbox 960 996 1152 1062; x_wconf 87' lang='lat' dir='ltr'><strong>Cham,</strong></span> <span class='ocrx_word' id='word_1_50' title='bbox 1179 994 1448 1049; x_wconf 76' lang='lat' dir='ltr'><strong>imitemur</strong></span> <span class='ocrx_word' id='word_1_51' title='bbox 1476 996 1651 1041; x_wconf 85' lang='lat' dir='ltr'><strong>autem</strong></span> <span class='ocrx_word' id='word_1_52' title='bbox 1678 984 1964 1056; x_wconf 86' lang='lat' dir='ltr'><strong>proborum</strong></span> <span class='ocrx_word' id='word_1_53' title='bbox 2005 980 2127 1035; x_wconf 85' lang='lat' dir='ltr'><strong>illo-</strong></span> 
     </span>
    </p>
   </div>
   <div class='ocr_carea' id='block_1_8' title="bbox 544 1069 2126 1159">
    <p class='ocr_par' dir='ltr' id='par_1_8' title="bbox 544 1069 2126 1159">
     <span class='ocr_line' id='line_1_8' title="bbox 544 1069 2126 1159; baseline -0.017 -8"><span class='ocrx_word' id='word_1_54' title='bbox 544 1109 666 1150; x_wconf 89' lang='lat' dir='ltr'><strong>rum</strong></span> <span class='ocrx_word' id='word_1_55' title='bbox 693 1092 922 1148; x_wconf 78' lang='lat' dir='ltr'><strong>filiowm</strong></span> <span class='ocrx_word' id='word_1_56' title='bbox 948 1087 1225 1159; x_wconf 84' lang='lat' dir='ltr'><strong>pudorem,</strong></span> <span class='ocrx_word' id='word_1_57' title='bbox 1255 1095 1412 1154; x_wconf 86' lang='lat' dir='ltr'><strong>quem</strong></span> <span class='ocrx_word' id='word_1_58' title='bbox 1438 1079 1492 1135; x_wconf 92' lang='lat' dir='ltr'><strong>in</strong></span> <span class='ocrx_word' id='word_1_59' title='bbox 1520 1074 1850 1147; x_wconf 86' lang='lat' dir='ltr'><strong>contegenda</strong></span> <span class='ocrx_word' id='word_1_60' title='bbox 1894 1069 2126 1143; x_wconf 85' lang='lat' dir='ltr'><strong>parentis</strong></span> 
     </span>
    </p>
   </div>
   <div class='ocr_carea' id='block_1_9' title="bbox 546 1167 2125 1243">
    <p class='ocr_par' dir='ltr' id='par_1_9' title="bbox 546 1167 2125 1243">
     <span class='ocr_line' id='line_1_9' title="bbox 546 1167 2125 1243; baseline -0.017 0"><span class='ocrx_word' id='word_1_61' title='bbox 546 1184 784 1243; x_wconf 82' lang='lat' dir='ltr'><strong>nuditate</strong></span> <span class='ocrx_word' id='word_1_62' title='bbox 807 1182 1146 1239; x_wconf 86' lang='lat' dir='ltr'><strong>declararunt</strong></span> <span class='ocrx_word' id='word_1_63' title='bbox 1181 1194 1199 1232; x_wconf 88' lang='lat'><strong>:</strong></span> <span class='ocrx_word' id='word_1_64' title='bbox 1227 1186 1281 1231; x_wconf 92' lang='lat' dir='ltr'><strong>et</strong></span> <span class='ocrx_word' id='word_1_65' title='bbox 1307 1176 1377 1229; x_wconf 88' lang='lat' dir='ltr'><strong>ita</strong></span> <span class='ocrx_word' id='word_1_66' title='bbox 1404 1170 1717 1241; x_wconf 75' lang='lat' dir='ltr'><strong>obtegamus</strong></span> <span class='ocrx_word' id='word_1_67' title='bbox 1754 1167 1973 1222; x_wconf 75' lang='lat' dir='ltr'><strong>fratrum</strong></span> <span class='ocrx_word' id='word_1_68' title='bbox 2001 1176 2125 1233; x_wconf 85' lang='lat' dir='ltr'><strong>pee-</strong></span> 
     </span>
    </p>
   </div>
   <div class='ocr_carea' id='block_1_10' title="bbox 542 1252 2123 1341">
    <p class='ocr_par' dir='ltr' id='par_1_10' title="bbox 542 1252 2123 1341">
     <span class='ocr_line' id='line_1_10' title="bbox 542 1252 2123 1341; baseline -0.019 -7"><span class='ocrx_word' id='word_1_69' title='bbox 542 1286 685 1341; x_wconf 83' lang='lat' dir='ltr'><strong>cata,</strong></span> <span class='ocrx_word' id='word_1_70' title='bbox 712 1289 818 1330; x_wconf 87' lang='lat' dir='ltr'><strong>non</strong></span> <span class='ocrx_word' id='word_1_71' title='bbox 864 1282 922 1328; x_wconf 92' lang='lat' dir='ltr'><strong>ut</strong></span> <span class='ocrx_word' id='word_1_72' title='bbox 963 1273 1108 1341; x_wconf 82' lang='lat' dir='ltr'><strong>ipsos</strong></span> <span class='ocrx_word' id='word_1_73' title='bbox 1135 1262 1550 1336; x_wconf 78' lang='lat' dir='ltr'><strong>negligentiores</strong></span> <span class='ocrx_word' id='word_1_74' title='bbox 1573 1274 1669 1329; x_wconf 86' lang='lat' dir='ltr'><strong>per</strong></span> <span class='ocrx_word' id='word_1_75' title='bbox 1694 1257 1796 1312; x_wconf 89' lang='lat' dir='ltr'><strong>boc</strong></span> <span class='ocrx_word' id='word_1_76' title='bbox 1817 1252 2123 1316; x_wconf 82' lang='lat' dir='ltr'><strong>reddantus,</strong></span> 
     </span>
    </p>
   </div>
   <div class='ocr_carea' id='block_1_11' title="bbox 545 1342 2123 1426">
    <p class='ocr_par' dir='ltr' id='par_1_11' title="bbox 545 1342 2123 1426">
     <span class='ocr_line' id='line_1_11' title="bbox 545 1342 2123 1426; baseline -0.017 -3"><span class='ocrx_word' id='word_1_77' title='bbox 545 1366 641 1423; x_wconf 89' lang='lat' dir='ltr'><strong>sed</strong></span> <span class='ocrx_word' id='word_1_78' title='bbox 666 1374 726 1422; x_wconf 91' lang='lat' dir='ltr'><strong>ut</strong></span> <span class='ocrx_word' id='word_1_79' title='bbox 752 1365 850 1419; x_wconf 88' lang='lat' dir='ltr'><strong>bac</strong></span> <span class='ocrx_word' id='word_1_80' title='bbox 880 1362 1084 1416; x_wconf 86' lang='lat' dir='ltr'><strong>ratione</strong></span> <span class='ocrx_word' id='word_1_81' title='bbox 1112 1357 1371 1426; x_wconf 82' lang='lat' dir='ltr'><strong>majorem</strong></span> <span class='ocrx_word' id='word_1_82' title='bbox 1401 1352 1505 1407; x_wconf 91' lang='lat' dir='ltr'><strong>illis</strong></span> <span class='ocrx_word' id='word_1_83' title='bbox 1529 1347 1864 1405; x_wconf 75' lang='lat' dir='ltr'><strong>occasionem</strong></span> <span class='ocrx_word' id='word_1_84' title='bbox 1887 1342 2123 1415; x_wconf 67' lang='lat' dir='ltr'><strong>prmbea-</strong></span> 
     </span>
    </p>
   </div>
   <div class='ocr_carea' id='block_1_12' title="bbox 546 1431 2128 1523">
    <p class='ocr_par' dir='ltr' id='par_1_12' title="bbox 546 1431 2128 1523">
     <span class='ocr_line' id='line_1_12' title="bbox 546 1431 2128 1523; baseline -0.017 -10"><span class='ocrx_word' id='word_1_85' title='bbox 546 1472 687 1523; x_wconf 84' lang='lat' dir='ltr'><strong>mus,</strong></span> <span class='ocrx_word' id='word_1_86' title='bbox 717 1463 775 1510; x_wconf 89' lang='lat' dir='ltr'><strong>ut</strong></span> <span class='ocrx_word' id='word_1_87' title='bbox 801 1454 909 1510; x_wconf 91' lang='lat' dir='ltr'><strong>cito</strong></span> <span class='ocrx_word' id='word_1_88' title='bbox 938 1452 1006 1506; x_wconf 88' lang='lat' dir='ltr'><strong>ab</strong></span> <span class='ocrx_word' id='word_1_89' title='bbox 1037 1451 1137 1504; x_wconf 83' lang='lat' dir='ltr'><strong>hac</strong></span> <span class='ocrx_word' id='word_1_90' title='bbox 1164 1443 1396 1517; x_wconf 82' lang='lat' dir='ltr'><strong>pernicie</strong></span> <span class='ocrx_word' id='word_1_91' title='bbox 1423 1442 1734 1502; x_wconf 89' lang='lat' dir='ltr'><strong>liberentur,</strong></span> <span class='ocrx_word' id='word_1_92' title='bbox 1766 1436 1889 1492; x_wconf 90' lang='lat' dir='ltr'><strong>etin</strong></span> <span class='ocrx_word' id='word_1_93' title='bbox 1918 1431 2128 1523; x_wconf 56' lang='grc' dir='ltr'>ιιι-ιιιιί.</span> 
     </span>
    </p>
   </div>
   <div class='ocr_carea' id='block_1_13' title="bbox 544 1521 2127 1603">
    <p class='ocr_par' dir='ltr' id='par_1_13' title="bbox 544 1521 2127 1603">
     <span class='ocr_line' id='line_1_13' title="bbox 544 1521 2127 1603; baseline -0.017 0"><span class='ocrx_word' id='word_1_94' title='bbox 544 1521 687 1603; x_wconf 85' lang='lat' dir='ltr'><strong>viam</strong></span> <span class='ocrx_word' id='word_1_95' title='bbox 716 1543 953 1601; x_wconf 82' lang='lat' dir='ltr'><strong>redeant.</strong></span> <span class='ocrx_word' id='word_1_96' title='bbox 997 1540 1128 1596; x_wconf 86' lang='lat' dir='ltr'><strong>Nam</strong></span> <span class='ocrx_word' id='word_1_97' title='bbox 1151 1539 1291 1591; x_wconf 90' lang='lat' dir='ltr'><strong>sicut</strong></span> <span class='ocrx_word' id='word_1_98' title='bbox 1326 1547 1429 1588; x_wconf 84' lang='lat' dir='ltr'><strong>non</strong></span> <span class='ocrx_word' id='word_1_99' title='bbox 1458 1528 1653 1584; x_wconf 85' lang='lat' dir='ltr'><strong>multos</strong></span> <span class='ocrx_word' id='word_1_100' title='bbox 1684 1525 1881 1581; x_wconf 86' lang='lat' dir='ltr'><strong>habere</strong></span> <span class='ocrx_word' id='word_1_101' title='bbox 1900 1521 2127 1579; x_wconf 85' lang='lat' dir='ltr'><strong>delicto-</strong></span> 
     </span>
    </p>
   </div>
   <div class='ocr_carea' id='block_1_14' title="bbox 544 1610 2124 1701">
    <p class='ocr_par' dir='ltr' id='par_1_14' title="bbox 544 1610 2124 1701">
     <span class='ocr_line' id='line_1_14' title="bbox 544 1610 2124 1701; baseline -0.018 -7"><span class='ocrx_word' id='word_1_102' title='bbox 544 1652 665 1693; x_wconf 89' lang='lat' dir='ltr'><strong>rum</strong></span> <span class='ocrx_word' id='word_1_103' title='bbox 707 1643 874 1691; x_wconf 86' lang='lat' dir='ltr'><strong>testes</strong></span> <span class='ocrx_word' id='word_1_104' title='bbox 907 1626 1237 1701; x_wconf 87' lang='lat' dir='ltr'><strong>resipiscenti</strong></span> <span class='ocrx_word' id='word_1_105' title='bbox 1280 1622 1573 1678; x_wconf 77' lang='lat' dir='ltr'><strong>faciliorem</strong></span> <span class='ocrx_word' id='word_1_106' title='bbox 1610 1616 1843 1674; x_wconf 80' lang='lat' dir='ltr'><strong>reditum</strong></span> <span class='ocrx_word' id='word_1_107' title='bbox 1873 1610 2124 1701; x_wconf 67' lang='lat' dir='ltr'><strong>prebet:</strong></span> 
     </span>
    </p>
   </div>
   <div class='ocr_carea' id='block_1_15' title="bbox 542 1700 2127 1790">
    <p class='ocr_par' dir='ltr' id='par_1_15' title="bbox 542 1700 2127 1790">
     <span class='ocr_line' id='line_1_15' title="bbox 542 1700 2127 1790; baseline -0.018 -7"><span class='ocrx_word' id='word_1_108' title='bbox 542 1727 620 1782; x_wconf 89' lang='lat' dir='ltr'><strong>sic</strong></span> <span class='ocrx_word' id='word_1_109' title='bbox 638 1766 655 1790; x_wconf 92' lang='lat'><strong>,</strong></span> <span class='ocrx_word' id='word_1_110' title='bbox 681 1725 728 1781; x_wconf 91' lang='lat' dir='ltr'><strong>si</strong></span> <span class='ocrx_word' id='word_1_111' title='bbox 754 1722 982 1779; x_wconf 78' lang='lat' dir='ltr'><strong>frontem</strong></span> <span class='ocrx_word' id='word_1_112' title='bbox 1013 1700 1348 1788; x_wconf 86' lang='lat' dir='ltr'><strong>perfricuerit</strong></span> <span class='ocrx_word' id='word_1_113' title='bbox 1372 1711 1607 1773; x_wconf 87' lang='lat' dir='ltr'><strong>animus,</strong></span> <span class='ocrx_word' id='word_1_114' title='bbox 1635 1715 1694 1763; x_wconf 92' lang='lat' dir='ltr'><strong>et</strong></span> <span class='ocrx_word' id='word_1_115' title='bbox 1729 1703 1921 1761; x_wconf 85' lang='lat' dir='ltr'><strong>viderit</strong></span> <span class='ocrx_word' id='word_1_116' title='bbox 1951 1700 2127 1758; x_wconf 84' lang='lat' dir='ltr'><strong>neuti-</strong></span> 
     </span>
    </p>
   </div>
   <div class='ocr_carea' id='block_1_16' title="bbox 542 1793 2130 1885">
    <p class='ocr_par' dir='ltr' id='par_1_16' title="bbox 542 1793 2130 1885">
     <span class='ocr_line' id='line_1_16' title="bbox 542 1793 2130 1885; baseline -0.015 -13"><span class='ocrx_word' id='word_1_117' title='bbox 542 1830 665 1872; x_wconf 88' lang='lat' dir='ltr'><strong>nem</strong></span> <span class='ocrx_word' id='word_1_118' title='bbox 682 1815 924 1885; x_wconf 84' lang='lat' dir='ltr'><strong>ignorare</strong></span> <span class='ocrx_word' id='word_1_119' title='bbox 943 1806 1219 1880; x_wconf 52' lang='lat' dir='ltr'><strong>quamala</strong></span> <span class='ocrx_word' id='word_1_120' title='bbox 1242 1800 1537 1865; x_wconf 86' lang='lat' dir='ltr'><strong>admiserit,</strong></span> <span class='ocrx_word' id='word_1_121' title='bbox 1553 1813 1661 1854; x_wconf 85' lang='lat' dir='ltr'><strong>non</strong></span> <span class='ocrx_word' id='word_1_122' title='bbox 1690 1795 1845 1852; x_wconf 88' lang='lat' dir='ltr'><strong>facile</strong></span> <span class='ocrx_word' id='word_1_123' title='bbox 1862 1793 2130 1850; x_wconf 82' lang='lat' dir='ltr'><strong>desistere</strong></span> 
     </span>
    </p>
   </div>
   <div class='ocr_carea' id='block_1_17' title="bbox 543 1887 2131 1975">
    <p class='ocr_par' dir='ltr' id='par_1_17' title="bbox 543 1887 2131 1975">
     <span class='ocr_line' id='line_1_17' title="bbox 543 1887 2131 1975; baseline -0.016 -13"><span class='ocrx_word' id='word_1_124' title='bbox 543 1907 684 1964; x_wconf 86' lang='lat' dir='ltr'><strong>volet</strong></span> <span class='ocrx_word' id='word_1_125' title='bbox 710 1924 733 1960; x_wconf 56' lang='grc' dir='ltr'><strong>εν</strong></span> <span class='ocrx_word' id='word_1_126' title='bbox 761 1904 856 1961; x_wconf 86' lang='lat' dir='ltr'><strong>sed</strong></span> <span class='ocrx_word' id='word_1_127' title='bbox 880 1901 1032 1975; x_wconf 83' lang='lat' dir='ltr'><strong>quasi</strong></span> <span class='ocrx_word' id='word_1_128' title='bbox 1060 1900 1116 1955; x_wconf 90' lang='lat' dir='ltr'><strong>in</strong></span> <span class='ocrx_word' id='word_1_129' title='bbox 1153 1894 1474 1970; x_wconf 86' lang='lat' dir='ltr'><strong>profundum</strong></span> <span class='ocrx_word' id='word_1_130' title='bbox 1500 1893 1673 1947; x_wconf 88' lang='lat' dir='ltr'><strong>lutum</strong></span> <span class='ocrx_word' id='word_1_131' title='bbox 1716 1887 2029 1950; x_wconf 88' lang='lat' dir='ltr'><strong>incidisset,</strong></span> <span class='ocrx_word' id='word_1_132' title='bbox 2074 1890 2131 1937; x_wconf 90' lang='lat' dir='ltr'><strong>et</strong></span> 
     </span>
    </p>
   </div>
   <div class='ocr_carea' id='block_1_18' title="bbox 544 1976 2130 2058">
    <p class='ocr_par' dir='ltr' id='par_1_18' title="bbox 544 1976 2130 2058">
     <span class='ocr_line' id='line_1_18' title="bbox 544 1976 2130 2058; baseline -0.014 -3"><span class='ocrx_word' id='word_1_133' title='bbox 544 1997 795 2055; x_wconf 84' lang='lat' dir='ltr'><strong>deorsum</strong></span> <span class='ocrx_word' id='word_1_134' title='bbox 824 1994 894 2050; x_wconf 88' lang='lat' dir='ltr'><strong>ab</strong></span> <span class='ocrx_word' id='word_1_135' title='bbox 922 1989 1216 2048; x_wconf 88' lang='lat' dir='ltr'><strong>innumeris</strong></span> <span class='ocrx_word' id='word_1_136' title='bbox 1259 1993 1541 2058; x_wconf 79' lang='lat' dir='ltr'><strong>raperetur</strong></span> <span class='ocrx_word' id='word_1_137' title='bbox 1584 1980 1871 2047; x_wconf 87' lang='lat' dir='ltr'><strong>fluctibus,</strong></span> <span class='ocrx_word' id='word_1_138' title='bbox 1914 1976 2130 2033; x_wconf 77' lang='lat' dir='ltr'><strong>difficile</strong></span> 
     </span>
    </p>
   </div>
   <div class='ocr_carea' id='block_1_19' title="bbox 546 2067 2130 2158">
    <p class='ocr_par' dir='ltr' id='par_1_19' title="bbox 546 2067 2130 2158">
     <span class='ocr_line' id='line_1_19' title="bbox 546 2067 2130 2158; baseline -0.016 -11"><span class='ocrx_word' id='word_1_139' title='bbox 546 2104 826 2158; x_wconf 72' lang='lat' dir='ltr'><strong>emergere</strong></span> <span class='ocrx_word' id='word_1_140' title='bbox 853 2085 1089 2158; x_wconf 87' lang='lat' dir='ltr'><strong>poterit:</strong></span> <span class='ocrx_word' id='word_1_141' title='bbox 1132 2083 1185 2137; x_wconf 88' lang='lat' dir='ltr'><strong>in</strong></span> <span class='ocrx_word' id='word_1_142' title='bbox 1215 2076 1644 2149; x_wconf 84' lang='lat' dir='ltr'><strong>desperationem</strong></span> <span class='ocrx_word' id='word_1_143' title='bbox 1684 2070 1831 2129; x_wconf 85' lang='lat' dir='ltr'><strong>enim</strong></span> <span class='ocrx_word' id='word_1_144' title='bbox 1868 2067 2043 2135; x_wconf 84' lang='lat' dir='ltr'><strong>cadit,</strong></span> <span class='ocrx_word' id='word_1_145' title='bbox 2073 2076 2130 2123; x_wconf 90' lang='lat' dir='ltr'><strong>et</strong></span> 
     </span>
    </p>
   </div>
   <div class='ocr_carea' id='block_1_20' title="bbox 547 2169 1446 2241">
    <p class='ocr_par' dir='ltr' id='par_1_20' title="bbox 547 2169 1446 2241">
     <span class='ocr_line' id='line_1_20' title="bbox 547 2169 1446 2241; baseline -0.017 -4"><span class='ocrx_word' id='word_1_146' title='bbox 547 2182 754 2237; x_wconf 86' lang='lat' dir='ltr'><strong>nullum</strong></span> <span class='ocrx_word' id='word_1_147' title='bbox 782 2178 883 2234; x_wconf 83' lang='lat' dir='ltr'><strong>sibi</strong></span> <span class='ocrx_word' id='word_1_148' title='bbox 910 2176 1137 2231; x_wconf 84' lang='lat' dir='ltr'><strong>reditum</strong></span> <span class='ocrx_word' id='word_1_149' title='bbox 1170 2169 1446 2241; x_wconf 85' lang='lat' dir='ltr'><strong>promittit.</strong></span> 
     </span>
    </p>
   </div>
   <div class='ocr_carea' id='block_1_21' title="bbox 614 2252 2125 2338">
    <p class='ocr_par' dir='ltr' id='par_1_21' title="bbox 614 2252 2125 2338">
     <span class='ocr_line' id='line_1_21' title="bbox 614 2252 2125 2338; baseline -0.018 -8"><span class='ocrx_word' id='word_1_150' title='bbox 614 2275 670 2331; x_wconf 75' lang='grc' dir='ltr'><strong>δ.</strong></span> <span class='ocrx_word' id='word_1_151' title='bbox 710 2271 950 2334; x_wconf 83' lang='lat' dir='ltr'><strong>Idcirco,</strong></span> <span class='ocrx_word' id='word_1_152' title='bbox 1000 2279 1228 2338; x_wconf 90' lang='lat' dir='ltr'><strong>precor,</strong></span> <span class='ocrx_word' id='word_1_153' title='bbox 1277 2276 1349 2317; x_wconf 92' lang='lat' dir='ltr'><strong>ne</strong></span> <span class='ocrx_word' id='word_1_154' title='bbox 1394 2258 1704 2329; x_wconf 81' lang='lat' dir='ltr'><strong>detegamus</strong></span> <span class='ocrx_word' id='word_1_155' title='bbox 1762 2252 2125 2325; x_wconf 74' lang='lat' dir='ltr'><strong>proximorum</strong></span> 
     </span>
    </p>
   </div>
   <div class='ocr_carea' id='block_1_22' title="bbox 544 2350 2129 2436">
    <p class='ocr_par' dir='ltr' id='par_1_22' title="bbox 544 2350 2129 2436">
     <span class='ocr_line' id='line_1_22' title="bbox 544 2350 2129 2436; baseline -0.015 -15"><span class='ocrx_word' id='word_1_156' title='bbox 544 2368 745 2436; x_wconf 79' lang='lat' dir='ltr'><strong>lapsus,</strong></span> <span class='ocrx_word' id='word_1_157' title='bbox 768 2370 822 2416; x_wconf 89' lang='lat' dir='ltr'><strong>et</strong></span> <span class='ocrx_word' id='word_1_158' title='bbox 849 2361 893 2415; x_wconf 78' lang='lat' dir='ltr'><strong>si</strong></span> <span class='ocrx_word' id='word_1_159' title='bbox 920 2358 988 2414; x_wconf 88' lang='lat' dir='ltr'><strong>ab</strong></span> <span class='ocrx_word' id='word_1_160' title='bbox 1000 2357 1120 2413; x_wconf 88' lang='lat' dir='ltr'><strong>aliis</strong></span> <span class='ocrx_word' id='word_1_161' title='bbox 1144 2369 1239 2412; x_wconf 86' lang='lat' dir='ltr'><strong>eos</strong></span> <span class='ocrx_word' id='word_1_162' title='bbox 1265 2350 1630 2415; x_wconf 82' lang='lat' dir='ltr'><strong>didicerimus,</strong></span> <span class='ocrx_word' id='word_1_163' title='bbox 1661 2362 1730 2403; x_wconf 88' lang='lat' dir='ltr'><strong>ne</strong></span> <span class='ocrx_word' id='word_1_164' title='bbox 1744 2356 2045 2436; x_wconf 82' lang='lat' dir='ltr'><strong>satagamus</strong></span> <span class='ocrx_word' id='word_1_165' title='bbox 2072 2352 2129 2398; x_wconf 92' lang='lat' dir='ltr'><strong>ut</strong></span> 
     </span>
    </p>
   </div>
   <div class='ocr_carea' id='block_1_23' title="bbox 545 2435 2124 2514">
    <p class='ocr_par' dir='ltr' id='par_1_23' title="bbox 545 2435 2124 2514">
     <span class='ocr_line' id='line_1_23' title="bbox 545 2435 2124 2514; baseline -0.018 -1"><span class='ocrx_word' id='word_1_166' title='bbox 545 2435 759 2514; x_wconf 57' lang='lat' dir='ltr'><strong>nam</strong></span> <span class='ocrx_word' id='word_1_167' title='bbox 784 2452 1023 2505; x_wconf 80' lang='lat' dir='ltr'><strong>videatur</strong></span> <span class='ocrx_word' id='word_1_168' title='bbox 1054 2465 1067 2500; x_wconf 76' lang='grc' dir='ltr'>ε</span> <span class='ocrx_word' id='word_1_169' title='bbox 1100 2444 1194 2501; x_wconf 89' lang='lat' dir='ltr'><strong>sed</strong></span> <span class='ocrx_word' id='word_1_170' title='bbox 1219 2444 1356 2499; x_wconf 89' lang='lat' dir='ltr'><strong>sicut</strong></span> <span class='ocrx_word' id='word_1_171' title='bbox 1380 2439 1535 2512; x_wconf 87' lang='lat' dir='ltr'><strong>probi</strong></span> <span class='ocrx_word' id='word_1_172' title='bbox 1564 2438 1642 2493; x_wconf 82' lang='lat' dir='ltr'><strong>an</strong></span> <span class='ocrx_word' id='word_1_173' title='bbox 1666 2436 1759 2491; x_wconf 81' lang='lat' dir='ltr'><strong>tibi</strong></span> <span class='ocrx_word' id='word_1_174' title='bbox 1787 2435 2124 2505; x_wconf 81' lang='lat' dir='ltr'><strong>obtegamus,</strong></span> 
     </span>
    </p>
   </div>
   <div class='ocr_carea' id='block_1_24' title="bbox 544 2524 2129 2607">
    <p class='ocr_par' dir='ltr' id='par_1_24' title="bbox 544 2524 2129 2607">
     <span class='ocr_line' id='line_1_24' title="bbox 544 2524 2129 2607; baseline -0.019 -2"><span class='ocrx_word' id='word_1_175' title='bbox 544 2545 944 2607; x_wconf 83' lang='lat' dir='ltr'><strong>adumbremus,</strong></span> <span class='ocrx_word' id='word_1_176' title='bbox 960 2537 1323 2595; x_wconf 87' lang='lat' dir='ltr'><strong>admonitione</strong></span> <span class='ocrx_word' id='word_1_177' title='bbox 1346 2541 1401 2590; x_wconf 89' lang='lat' dir='ltr'><strong>et</strong></span> <span class='ocrx_word' id='word_1_178' title='bbox 1419 2528 1655 2587; x_wconf 87' lang='lat' dir='ltr'><strong>consiliis</strong></span> <span class='ocrx_word' id='word_1_179' title='bbox 1670 2528 1873 2599; x_wconf 85' lang='lat' dir='ltr'><strong>lapsam</strong></span> <span class='ocrx_word' id='word_1_180' title='bbox 1896 2524 2129 2578; x_wconf 86' lang='lat' dir='ltr'><strong>animam</strong></span> 
     </span>
    </p>
   </div>
   <div class='ocr_carea' id='block_1_25' title="bbox 546 2613 2129 2710">
    <p class='ocr_par' dir='ltr' id='par_1_25' title="bbox 546 2613 2129 2710">
     <span class='ocr_line' id='line_1_25' title="bbox 546 2613 2129 2710; baseline -0.018 -16"><span class='ocrx_word' id='word_1_181' title='bbox 546 2637 753 2710; x_wconf 84' lang='lat' dir='ltr'><strong>erigere</strong></span> <span class='ocrx_word' id='word_1_182' title='bbox 795 2632 1120 2695; x_wconf 86' lang='lat' dir='ltr'><strong>studeamus,</strong></span> <span class='ocrx_word' id='word_1_183' title='bbox 1168 2622 1553 2710; x_wconf 15' lang='lat' dir='ltr'><strong>misericordia,</strong></span> <span class='ocrx_word' id='word_1_184' title='bbox 1577 2619 1689 2710; x_wconf 25' lang='lat' dir='ltr'><strong>Dei-</strong></span> <span class='ocrx_word' id='word_1_185' title='bbox 1714 2613 2129 2710; x_wconf 72' lang='lat' dir='ltr'><strong>magnitudinem</strong></span> 
     </span>
    </p>
   </div>
   <div class='ocr_carea' id='block_1_26' title="bbox 546 2702 2131 2791">
    <p class='ocr_par' dir='ltr' id='par_1_26' title="bbox 546 2702 2131 2791">
     <span class='ocr_line' id='line_1_26' title="bbox 546 2702 2131 2791; baseline -0.017 -7"><span class='ocrx_word' id='word_1_186' title='bbox 546 2702 821 2791; x_wconf 71' lang='lat' dir='ltr'><strong>docentes,</strong></span> <span class='ocrx_word' id='word_1_187' title='bbox 862 2730 918 2778; x_wconf 88' lang='lat' dir='ltr'><strong>et</strong></span> <span class='ocrx_word' id='word_1_188' title='bbox 958 2718 1210 2776; x_wconf 77' lang='lat' dir='ltr'><strong>bonitatis</strong></span> <span class='ocrx_word' id='word_1_189' title='bbox 1253 2716 1372 2785; x_wconf 85' lang='lat' dir='ltr'><strong>ejus</strong></span> <span class='ocrx_word' id='word_1_190' title='bbox 1409 2706 1780 2768; x_wconf 76' lang='lat' dir='ltr'><strong>excellentiam</strong></span> <span class='ocrx_word' id='word_1_191' title='bbox 1822 2713 1879 2761; x_wconf 91' lang='lat' dir='ltr'><strong>et</strong></span> <span class='ocrx_word' id='word_1_192' title='bbox 1918 2702 2131 2760; x_wconf 89' lang='lat' dir='ltr'><strong>miseri-</strong></span> 
     </span>
    </p>
   </div>
   <div class='ocr_carea' id='block_1_27' title="bbox 547 2796 2131 2878">
    <p class='ocr_par' dir='ltr' id='par_1_27' title="bbox 547 2796 2131 2878">
     <span class='ocr_line' id='line_1_27' title="bbox 547 2796 2131 2878; baseline -0.016 -1"><span class='ocrx_word' id='word_1_193' title='bbox 547 2820 742 2878; x_wconf 76' lang='lat' dir='ltr'><strong>cordia:</strong></span> <span class='ocrx_word' id='word_1_194' title='bbox 786 2813 1217 2874; x_wconf 88' lang='lat' dir='ltr'><strong>immensitatem,</strong></span> <span class='ocrx_word' id='word_1_195' title='bbox 1266 2816 1325 2863; x_wconf 89' lang='lat' dir='ltr'><strong>ut</strong></span> <span class='ocrx_word' id='word_1_196' title='bbox 1351 2806 1608 2875; x_wconf 82' lang='lat' dir='ltr'><strong>majorem</strong></span> <span class='ocrx_word' id='word_1_197' title='bbox 1654 2814 1815 2871; x_wconf 89' lang='lat' dir='ltr'><strong>quam</strong></span> <span class='ocrx_word' id='word_1_198' title='bbox 1864 2797 1939 2853; x_wconf 90' lang='lat' dir='ltr'><strong>illi</strong></span> <span class='ocrx_word' id='word_1_199' title='bbox 1968 2796 2131 2853; x_wconf 87' lang='lat' dir='ltr'><strong>bene-</strong></span> 
     </span>
    </p>
   </div>
   <div class='ocr_carea' id='block_1_28' title="bbox 546 2889 2132 2970">
    <p class='ocr_par' dir='ltr' id='par_1_28' title="bbox 546 2889 2132 2970">
     <span class='ocr_line' id='line_1_28' title="bbox 546 2889 2132 2970; baseline -0.018 1"><span class='ocrx_word' id='word_1_200' title='bbox 546 2913 832 2970; x_wconf 83' lang='lat' dir='ltr'><strong>dictionem</strong></span> <span class='ocrx_word' id='word_1_201' title='bbox 857 2909 926 2964; x_wconf 90' lang='lat' dir='ltr'><strong>ab</strong></span> <span class='ocrx_word' id='word_1_202' title='bbox 951 2904 1187 2961; x_wconf 87' lang='lat' dir='ltr'><strong>omnium</strong></span> <span class='ocrx_word' id='word_1_203' title='bbox 1218 2900 1443 2957; x_wconf 88' lang='lat' dir='ltr'><strong>Domino</strong></span> <span class='ocrx_word' id='word_1_204' title='bbox 1460 2906 1873 2965; x_wconf 73' lang='lat' dir='ltr'><strong>consequamur,</strong></span> <span class='ocrx_word' id='word_1_205' title='bbox 1896 2889 1998 2958; x_wconf 79' lang='lat' dir='ltr'><strong>Qui</strong></span> <span class='ocrx_word' id='word_1_206' title='bbox 2027 2890 2132 2943; x_wconf 75' lang='lat' dir='ltr'><strong>vult</strong></span> 
     </span>
    </p>
   </div>
   <div class='ocr_carea' id='block_1_29' title="bbox 548 2979 2130 3061">
    <p class='ocr_par' dir='ltr' id='par_1_29' title="bbox 548 2979 2130 3061">
     <span class='ocr_line' id='line_1_29' title="bbox 548 2979 2130 3061; baseline -0.015 -4"><span class='ocrx_word' id='word_1_207' title='bbox 548 3019 720 3059; x_wconf 85' lang='lat' dir='ltr'><strong>omnes</strong></span> <span class='ocrx_word' id='word_1_208' title='bbox 766 3000 992 3055; x_wconf 74' lang='lat' dir='ltr'><strong>homines</strong></span> <span class='ocrx_word' id='word_1_209' title='bbox 1034 2995 1201 3050; x_wconf 78' lang='lat' dir='ltr'><strong>salvos</strong></span> <span class='ocrx_word' id='word_1_210' title='bbox 1229 2992 1363 3061; x_wconf 73' lang='lat' dir='ltr'><strong>ﬁeri,</strong></span> <span class='ocrx_word' id='word_1_211' title='bbox 1406 2998 1453 3043; x_wconf 88' lang='lat' dir='ltr'><strong>et</strong></span> <span class='ocrx_word' id='word_1_212' title='bbox 1486 2988 1553 3040; x_wconf 80' lang='lat' dir='ltr'><strong>ad</strong></span> <span class='ocrx_word' id='word_1_213' title='bbox 1580 2984 1886 3055; x_wconf 76' lang='lat' dir='ltr'><strong>agnitionem</strong></span> <span class='ocrx_word' id='word_1_214' title='bbox 1910 2979 2130 3036; x_wconf 76' lang='lat' dir='ltr'><strong>veritatis</strong></span> 
     </span>
    </p>
   </div>
   <div class='ocr_carea' id='block_1_30' title="bbox 550 3071 2129 3162">
    <p class='ocr_par' dir='ltr' id='par_1_30' title="bbox 550 3071 2129 3162">
     <span class='ocr_line' id='line_1_30' title="bbox 550 3071 2129 3162; baseline -0.015 -14"><span class='ocrx_word' id='word_1_215' title='bbox 550 3094 717 3148; x_wconf 78' lang='lat' dir='ltr'><strong>venire</strong></span> <span class='ocrx_word' id='word_1_216' title='bbox 750 3091 828 3162; x_wconf 77' lang='grc'><strong>(1.</strong></span> <span class='ocrx_word' id='word_1_217' title='bbox 851 3089 986 3145; x_wconf 81' lang='lat' dir='ltr'><strong>Tim.</strong></span> <span class='ocrx_word' id='word_1_218' title='bbox 1006 3088 1062 3141; x_wconf 75' lang='lat'><strong>2.</strong></span> <span class='ocrx_word' id='word_1_219' title='bbox 1093 3085 1182 3154; x_wconf 72' lang='lat'><strong>4):</strong></span> <span class='ocrx_word' id='word_1_220' title='bbox 1206 3082 1293 3152; x_wconf 90' lang='lat' dir='ltr'><strong>qui</strong></span> <span class='ocrx_word' id='word_1_221' title='bbox 1321 3095 1427 3135; x_wconf 91' lang='lat' dir='ltr'><strong>non</strong></span> <span class='ocrx_word' id='word_1_222' title='bbox 1456 3077 1568 3132; x_wconf 87' lang='lat' dir='ltr'><strong>vult</strong></span> <span class='ocrx_word' id='word_1_223' title='bbox 1591 3074 1806 3129; x_wconf 68' lang='lat' dir='ltr'><strong>Mortem</strong></span> <span class='ocrx_word' id='word_1_224' title='bbox 1837 3071 2129 3144; x_wconf 79' lang='lat' dir='ltr'><strong>peccatoris,</strong></span> 
     </span>
    </p>
   </div>
   <div class='ocr_carea' id='block_1_31' title="bbox 552 3163 2131 3243">
    <p class='ocr_par' dir='ltr' id='par_1_31' title="bbox 552 3163 2131 3243">
     <span class='ocr_line' id='line_1_31' title="bbox 552 3163 2131 3243; baseline -0.016 -3"><span class='ocrx_word' id='word_1_225' title='bbox 552 3186 641 3240; x_wconf 82' lang='lat' dir='ltr'><strong>sed</strong></span> <span class='ocrx_word' id='word_1_226' title='bbox 671 3193 726 3239; x_wconf 75' lang='lat' dir='ltr'><strong>ut</strong></span> <span class='ocrx_word' id='word_1_227' title='bbox 751 3188 1067 3237; x_wconf 74' lang='lat' dir='ltr'><strong>convertatur</strong></span> <span class='ocrx_word' id='word_1_228' title='bbox 1084 3187 1132 3232; x_wconf 86' lang='lat' dir='ltr'><strong>et</strong></span> <span class='ocrx_word' id='word_1_229' title='bbox 1170 3176 1299 3230; x_wconf 72' lang='lat' dir='ltr'><strong>vivat</strong></span> <span class='ocrx_word' id='word_1_230' title='bbox 1328 3171 1542 3243; x_wconf 80' lang='lat' dir='ltr'><strong>(Eseclt.</strong></span> <span class='ocrx_word' id='word_1_231' title='bbox 1575 3168 1661 3225; x_wconf 68' lang='lat'><strong>18.</strong></span> <span class='ocrx_word' id='word_1_232' title='bbox 1686 3164 1805 3239; x_wconf 72' lang='lat'><strong>23).</strong></span> <span class='ocrx_word' id='word_1_233' title='bbox 1827 3163 1897 3219; x_wconf 81' lang='lat' dir='ltr'><strong>Et</strong></span> <span class='ocrx_word' id='word_1_234' title='bbox 1924 3164 2131 3218; x_wconf 75' lang='lat' dir='ltr'><strong>nudita-</strong></span> 
     </span>
    </p>
   </div>
   <div class='ocr_carea' id='block_1_32' title="bbox 552 3253 2135 3345">
    <p class='ocr_par' dir='ltr' id='par_1_32' title="bbox 552 3253 2135 3345">
     <span class='ocr_line' id='line_1_32' title="bbox 552 3253 2135 3345; baseline -0.015 -15"><span class='ocrx_word' id='word_1_235' title='bbox 552 3287 670 3342; x_wconf 82' lang='lat' dir='ltr'><strong>tem,</strong></span> <span class='ocrx_word' id='word_1_236' title='bbox 719 3272 906 3345; x_wconf 87' lang='lat' dir='ltr'><strong>inquit,</strong></span> <span class='ocrx_word' id='word_1_237' title='bbox 945 3269 1103 3339; x_wconf 78' lang='lat' dir='ltr'><strong>patris</strong></span> <span class='ocrx_word' id='word_1_238' title='bbox 1141 3265 1224 3321; x_wconf 73' lang='lat' dir='ltr'><strong>sui</strong></span> <span class='ocrx_word' id='word_1_239' title='bbox 1267 3279 1369 3317; x_wconf 74' lang='lat' dir='ltr'><strong>non</strong></span> <span class='ocrx_word' id='word_1_240' title='bbox 1412 3261 1659 3314; x_wconf 69' lang='lat' dir='ltr'><strong>uiderunt.</strong></span> <span class='ocrx_word' id='word_1_241' title='bbox 1696 3256 1826 3313; x_wconf 72' lang='lat' dir='ltr'><strong>Vide</strong></span> <span class='ocrx_word' id='word_1_242' title='bbox 1866 3253 2135 3326; x_wconf 87' lang='lat' dir='ltr'><strong>quomodo</strong></span> 
     </span>
    </p>
   </div>
   <div class='ocr_carea' id='block_1_33' title="bbox 553 3346 2133 3436">
    <p class='ocr_par' dir='ltr' id='par_1_33' title="bbox 553 3346 2133 3436">
     <span class='ocr_line' id='line_1_33' title="bbox 553 3346 2133 3436; baseline -0.015 -14"><span class='ocrx_word' id='word_1_243' title='bbox 553 3383 649 3436; x_wconf 89' lang='lat' dir='ltr'><strong>per</strong></span> <span class='ocrx_word' id='word_1_244' title='bbox 675 3364 845 3433; x_wconf 82' lang='lat' dir='ltr'><strong>legem</strong></span> <span class='ocrx_word' id='word_1_245' title='bbox 874 3368 1073 3416; x_wconf 78' lang='lat' dir='ltr'><strong>natura:</strong></span> <span class='ocrx_word' id='word_1_246' title='bbox 1102 3355 1319 3411; x_wconf 88' lang='lat' dir='ltr'><strong>inditam</strong></span> <span class='ocrx_word' id='word_1_247' title='bbox 1348 3354 1495 3423; x_wconf 88' lang='lat' dir='ltr'><strong>prius</strong></span> <span class='ocrx_word' id='word_1_248' title='bbox 1514 3359 1579 3406; x_wconf 19' lang='lat' dir='ltr'><strong>et;</strong></span> <span class='ocrx_word' id='word_1_249' title='bbox 1606 3348 1674 3405; x_wconf 88' lang='lat' dir='ltr'><strong>ab</strong></span> <span class='ocrx_word' id='word_1_250' title='bbox 1702 3346 1853 3404; x_wconf 90' lang='lat' dir='ltr'><strong>initio</strong></span> <span class='ocrx_word' id='word_1_251' title='bbox 1876 3346 2133 3417; x_wconf 81' lang='lat' dir='ltr'><strong>impleve-</strong></span> 
     </span>
    </p>
   </div>
   <div class='ocr_carea' id='block_1_34' title="bbox 551 3437 2131 3524">
    <p class='ocr_par' dir='ltr' id='par_1_34' title="bbox 551 3437 2131 3524">
     <span class='ocr_line' id='line_1_34' title="bbox 551 3437 2131 3524; baseline -0.015 -10"><span class='ocrx_word' id='word_1_252' title='bbox 551 3465 677 3514; x_wconf 87' lang='lat' dir='ltr'><strong>runt</strong></span> <span class='ocrx_word' id='word_1_253' title='bbox 703 3471 766 3511; x_wconf 86' lang='lat' dir='ltr'><strong>ea</strong></span> <span class='ocrx_word' id='word_1_254' title='bbox 793 3471 909 3524; x_wconf 80' lang='lat' dir='ltr'><strong>qua:</strong></span> <span class='ocrx_word' id='word_1_255' title='bbox 939 3462 1057 3523; x_wconf 80' lang='lat' dir='ltr'><strong>post</strong></span> <span class='ocrx_word' id='word_1_256' title='bbox 1084 3448 1147 3504; x_wconf 88' lang='lat' dir='ltr'><strong>ad</strong></span> <span class='ocrx_word' id='word_1_257' title='bbox 1190 3446 1536 3504; x_wconf 89' lang='lat' dir='ltr'><strong>erudiendum</strong></span> <span class='ocrx_word' id='word_1_258' title='bbox 1568 3443 1854 3497; x_wconf 85' lang='lat' dir='ltr'><strong>ltumanutn</strong></span> <span class='ocrx_word' id='word_1_259' title='bbox 1883 3453 2053 3510; x_wconf 90' lang='lat' dir='ltr'><strong>genus</strong></span> <span class='ocrx_word' id='word_1_260' title='bbox 2078 3437 2131 3491; x_wconf 90' lang='lat' dir='ltr'><strong>in</strong></span> 
     </span>
    </p>
   </div>
   <div class='ocr_carea' id='block_1_35' title="bbox 551 3531 2131 3621">
    <p class='ocr_par' dir='ltr' id='par_1_35' title="bbox 551 3531 2131 3621">
     <span class='ocr_line' id='line_1_35' title="bbox 551 3531 2131 3621; baseline -0.015 -15"><span class='ocrx_word' id='word_1_261' title='bbox 551 3551 668 3621; x_wconf 83' lang='lat' dir='ltr'><strong>lege</strong></span> <span class='ocrx_word' id='word_1_262' title='bbox 690 3549 884 3617; x_wconf 85' lang='lat' dir='ltr'><strong>scripta</strong></span> <span class='ocrx_word' id='word_1_263' title='bbox 917 3544 1130 3599; x_wconf 86' lang='lat' dir='ltr'><strong>fuerunt</strong></span> <span class='ocrx_word' id='word_1_264' title='bbox 1160 3558 1173 3593; x_wconf 91' lang='lat'>:</span> <span class='ocrx_word' id='word_1_265' title='bbox 1202 3549 1256 3595; x_wconf 85' lang='lat' dir='ltr'><strong>et</strong></span> <span class='ocrx_word' id='word_1_266' title='bbox 1281 3537 1332 3593; x_wconf 87' lang='lat' dir='ltr'><strong>id</strong></span> <span class='ocrx_word' id='word_1_267' title='bbox 1362 3537 1501 3609; x_wconf 89' lang='lat' dir='ltr'><strong>quod</strong></span> <span class='ocrx_word' id='word_1_268' title='bbox 1532 3537 1617 3591; x_wconf 82' lang='lat' dir='ltr'><strong>lex</strong></span> <span class='ocrx_word' id='word_1_269' title='bbox 1644 3534 1890 3589; x_wconf 86' lang='lat' dir='ltr'><strong>dicebat:</strong></span> <span class='ocrx_word' id='word_1_270' title='bbox 1924 3531 2131 3621; x_wconf 67' lang='lat' dir='ltr'><strong>Honora</strong></span> 
     </span>
    </p>
   </div>
   <div class='ocr_carea' id='block_1_36' title="bbox 553 3618 2130 3711">
    <p class='ocr_par' dir='ltr' id='par_1_36' title="bbox 553 3618 2130 3711">
     <span class='ocr_line' id='line_1_36' title="bbox 553 3618 2130 3711; baseline -0.016 -13"><span class='ocrx_word' id='word_1_271' title='bbox 553 3618 746 3711; x_wconf 65' lang='lat' dir='ltr'><strong>patrem</strong></span> <span class='ocrx_word' id='word_1_272' title='bbox 774 3647 914 3691; x_wconf 81' lang='lat' dir='ltr'><strong>tuum</strong></span> <span class='ocrx_word' id='word_1_273' title='bbox 955 3642 1002 3687; x_wconf 86' lang='lat' dir='ltr'><strong>et</strong></span> <span class='ocrx_word' id='word_1_274' title='bbox 1045 3638 1256 3685; x_wconf 85' lang='lat' dir='ltr'><strong>matrem</strong></span> <span class='ocrx_word' id='word_1_275' title='bbox 1301 3638 1462 3691; x_wconf 86' lang='lat' dir='ltr'><strong>tuam,</strong></span> <span class='ocrx_word' id='word_1_276' title='bbox 1494 3635 1548 3678; x_wconf 81' lang='lat' dir='ltr'><strong>ut</strong></span> <span class='ocrx_word' id='word_1_277' title='bbox 1578 3626 1698 3679; x_wconf 82' lang='lat' dir='ltr'><strong>bene</strong></span> <span class='ocrx_word' id='word_1_278' title='bbox 1720 3624 1785 3677; x_wconf 85' lang='lat' dir='ltr'><strong>sit</strong></span> <span class='ocrx_word' id='word_1_279' title='bbox 1820 3621 1907 3676; x_wconf 89' lang='lat' dir='ltr'><strong>tibi</strong></span> <span class='ocrx_word' id='word_1_280' title='bbox 1932 3618 2130 3691; x_wconf 73' lang='lat' dir='ltr'><strong>(Exod.</strong></span> 
     </span>
    </p>
   </div>
   <div class='ocr_carea' id='block_1_37' title="bbox 551 3714 2133 3798">
    <p class='ocr_par' dir='ltr' id='par_1_37' title="bbox 551 3714 2133 3798">
     <span class='ocr_line' id='line_1_37' title="bbox 551 3714 2133 3798; baseline -0.014 -13"><span class='ocrx_word' id='word_1_281' title='bbox 551 3730 643 3785; x_wconf 70' lang='lat'><strong>20.</strong></span> <span class='ocrx_word' id='word_1_282' title='bbox 680 3728 801 3798; x_wconf 74' lang='lat'><strong>1‘2):</strong></span> <span class='ocrx_word' id='word_1_283' title='bbox 828 3733 903 3791; x_wconf 85' lang='lat' dir='ltr'><strong>et,</strong></span> <span class='ocrx_word' id='word_1_284' title='bbox 935 3722 1033 3789; x_wconf 77' lang='lat' dir='ltr'><strong>Qui</strong></span> <span class='ocrx_word' id='word_1_285' title='bbox 1071 3719 1321 3775; x_wconf 76' lang='lat' dir='ltr'><strong>maledicit</strong></span> <span class='ocrx_word' id='word_1_286' title='bbox 1353 3717 1485 3789; x_wconf 82' lang='lat' dir='ltr'><strong>patri</strong></span> <span class='ocrx_word' id='word_1_287' title='bbox 1520 3716 1594 3770; x_wconf 78' lang='lat' dir='ltr'><strong>vel</strong></span> <span class='ocrx_word' id='word_1_288' title='bbox 1640 3714 1808 3780; x_wconf 83' lang='lat' dir='ltr'><strong>matri,</strong></span> <span class='ocrx_word' id='word_1_289' title='bbox 1841 3721 1999 3767; x_wconf 86' lang='lat' dir='ltr'><strong>morte</strong></span> <span class='ocrx_word' id='word_1_290' title='bbox 2021 3726 2133 3764; x_wconf 82' lang='lat' dir='ltr'><strong>mo-</strong></span> 
     </span>
    </p>
   </div>
   <div class='ocr_carea' id='block_1_38' title="bbox 552 3804 2131 3887">
    <p class='ocr_par' dir='ltr' id='par_1_38' title="bbox 552 3804 2131 3887">
     <span class='ocr_line' id='line_1_38' title="bbox 552 3804 2131 3887; baseline -0.01 -14"><span class='ocrx_word' id='word_1_291' title='bbox 552 3815 845 3887; x_wconf 80' lang='lat' dir='ltr'><strong>riaturUb.</strong></span> <span class='ocrx_word' id='word_1_292' title='bbox 876 3811 968 3868; x_wconf 66' lang='grc' dir='ltr'><strong>ει.</strong></span> <span class='ocrx_word' id='word_1_293' title='bbox 995 3812 1115 3879; x_wconf 82' lang='lat' dir='ltr'><strong>I7):</strong></span> <span class='ocrx_word' id='word_1_294' title='bbox 1166 3810 1267 3863; x_wconf 84' lang='lat' dir='ltr'><strong>hoc</strong></span> <span class='ocrx_word' id='word_1_295' title='bbox 1306 3808 1414 3876; x_wconf 88' lang='lat' dir='ltr'><strong>jam</strong></span> <span class='ocrx_word' id='word_1_296' title='bbox 1461 3806 1711 3878; x_wconf 73' lang='lat' dir='ltr'><strong>operibus</strong></span> <span class='ocrx_word' id='word_1_297' title='bbox 1758 3804 2131 3872; x_wconf 86' lang='lat' dir='ltr'><strong>impleverunt.</strong></span> 
     </span>
    </p>
   </div>
   <div class='ocr_carea' id='block_1_39' title="bbox 555 3892 2131 3975">
    <p class='ocr_par' dir='ltr' id='par_1_39' title="bbox 555 3892 2131 3975">
     <span class='ocr_line' id='line_1_39' title="bbox 555 3892 2131 3975; baseline -0.011 -11"><span class='ocrx_word' id='word_1_298' title='bbox 555 3907 744 3964; x_wconf 77' lang='lat' dir='ltr'><strong>Vidisti</strong></span> <span class='ocrx_word' id='word_1_299' title='bbox 774 3901 1043 3975; x_wconf 88' lang='lat' dir='ltr'><strong>quomodo</strong></span> <span class='ocrx_word' id='word_1_300' title='bbox 1070 3909 1256 3955; x_wconf 87' lang='lat' dir='ltr'><strong>natura</strong></span> <span class='ocrx_word' id='word_1_301' title='bbox 1278 3898 1424 3968; x_wconf 88' lang='lat' dir='ltr'><strong>prius</strong></span> <span class='ocrx_word' id='word_1_302' title='bbox 1445 3894 1796 3949; x_wconf 78' lang='lat' dir='ltr'><strong>sufficientem</strong></span> <span class='ocrx_word' id='word_1_303' title='bbox 1827 3892 2010 3948; x_wconf 86' lang='lat' dir='ltr'><strong>habuit</strong></span> <span class='ocrx_word' id='word_1_304' title='bbox 2035 3892 2131 3947; x_wconf 72' lang='lat' dir='ltr'><strong>do-</strong></span> 
     </span>
    </p>
   </div>
   <div class='ocr_carea' id='block_1_40' title="bbox 552 4002 817 4063">
    <p class='ocr_par' dir='ltr' id='par_1_40' title="bbox 552 4002 817 4063">
     <span class='ocr_line' id='line_1_40' title="bbox 552 4002 817 4063; baseline -0.03 0"><span class='ocrx_word' id='word_1_305' title='bbox 552 4005 776 4063; x_wconf 82' lang='lat' dir='ltr'><strong>ctrinam</strong></span> <span class='ocrx_word' id='word_1_306' title='bbox 793 4002 817 4055; x_wconf 69' lang='grc' dir='ltr'>Υ</span> 
     </span>
    </p>
   </div>
   <div class='ocr_carea' id='block_1_41' title="bbox 626 4076 2134 4148">
    <p class='ocr_par' dir='ltr' id='par_1_41' title="bbox 626 4076 2134 4148">
     <span class='ocr_line' id='line_1_41' title="bbox 626 4076 2134 4148; baseline -0.014 0"><span class='ocrx_word' id='word_1_307' title='bbox 626 4094 857 4148; x_wconf 76' lang='lat' dir='ltr'><strong>Ebrietas</strong></span> <span class='ocrx_word' id='word_1_308' title='bbox 894 4090 1090 4143; x_wconf 70' lang='lat' dir='ltr'><strong>dictitari</strong></span> <span class='ocrx_word' id='word_1_309' title='bbox 1120 4084 1448 4140; x_wconf 76' lang='lat' dir='ltr'><strong>voluntarius.</strong></span> <span class='ocrx_word' id='word_1_310' title='bbox 1466 4078 1633 4135; x_wconf 60' lang='lat'><strong>—-25.</strong></span> <span class='ocrx_word' id='word_1_311' title='bbox 1663 4076 1928 4147; x_wconf 74' lang='lat' dir='ltr'><strong>Evigilavit</strong></span> <span class='ocrx_word' id='word_1_312' title='bbox 1947 4085 2134 4141; x_wconf 77' lang='lat' dir='ltr'><strong>autem,</strong></span> 
     </span>
    </p>
   </div>
   <div class='ocr_carea' id='block_1_42' title="bbox 480 4166 2139 4256">
    <p class='ocr_par' dir='ltr' id='par_1_42' title="bbox 480 4166 2139 4256">
     <span class='ocr_line' id='line_1_42' title="bbox 480 4166 2139 4256; baseline -0.012 -14"><span class='ocrx_word' id='word_1_313' title='bbox 480 4210 490 4219; x_wconf 87' lang='lat'><strong>-</strong></span> <span class='ocrx_word' id='word_1_314' title='bbox 556 4185 748 4256; x_wconf 86' lang='lat' dir='ltr'><strong>inquit,</strong></span> <span class='ocrx_word' id='word_1_315' title='bbox 800 4181 915 4236; x_wconf 82' lang='lat' dir='ltr'><strong>Noe</strong></span> <span class='ocrx_word' id='word_1_316' title='bbox 942 4197 974 4233; x_wconf 78' lang='grc' dir='ltr'><em>α</em></span> <span class='ocrx_word' id='word_1_317' title='bbox 1004 4178 1139 4243; x_wconf 75' lang='lat' dir='ltr'><strong>uino,</strong></span> <span class='ocrx_word' id='word_1_318' title='bbox 1189 4184 1236 4229; x_wconf 78' lang='lat' dir='ltr'><strong>ct</strong></span> <span class='ocrx_word' id='word_1_319' title='bbox 1263 4174 1491 4245; x_wconf 79' lang='lat' dir='ltr'><strong>cognovit</strong></span> <span class='ocrx_word' id='word_1_320' title='bbox 1534 4186 1647 4237; x_wconf 73' lang='lat' dir='ltr'><strong>qua:</strong></span> <span class='ocrx_word' id='word_1_321' title='bbox 1673 4171 1861 4238; x_wconf 73' lang='lat' dir='ltr'><strong>fecerat</strong></span> <span class='ocrx_word' id='word_1_322' title='bbox 1885 4168 1975 4221; x_wconf 84' lang='lat' dir='ltr'><strong>sibi</strong></span> <span class='ocrx_word' id='word_1_323' title='bbox 2002 4166 2139 4235; x_wconf 78' lang='lat' dir='ltr'><strong>ﬁlius</strong></span> 
     </span>
    </p>
   </div>
   <div class='ocr_carea' id='block_1_43' title="bbox 547 4259 2138 4348">
    <p class='ocr_par' dir='ltr' id='par_1_43' title="bbox 547 4259 2138 4348">
     <span class='ocr_line' id='line_1_43' title="bbox 547 4259 2138 4348; baseline -0.011 -17"><span class='ocrx_word' id='word_1_324' title='bbox 547 4278 747 4348; x_wconf 81' lang='lat' dir='ltr'><strong>junior.</strong></span> <span class='ocrx_word' id='word_1_325' title='bbox 795 4270 1065 4342; x_wconf 71' lang='lat' dir='ltr'><strong>Evigilavit</strong></span> <span class='ocrx_word' id='word_1_326' title='bbox 1109 4278 1273 4322; x_wconf 79' lang='lat' dir='ltr'><strong>autem</strong></span> <span class='ocrx_word' id='word_1_327' title='bbox 1304 4306 1320 4331; x_wconf 92' lang='lat'><strong>,</strong></span> <span class='ocrx_word' id='word_1_328' title='bbox 1370 4264 1559 4334; x_wconf 90' lang='lat' dir='ltr'><strong>inquit.</strong></span> <span class='ocrx_word' id='word_1_329' title='bbox 1607 4261 1838 4315; x_wconf 84' lang='lat' dir='ltr'><strong>Audiant</strong></span> <span class='ocrx_word' id='word_1_330' title='bbox 1878 4259 1967 4328; x_wconf 88' lang='lat' dir='ltr'><strong>qui</strong></span> <span class='ocrx_word' id='word_1_331' title='bbox 2012 4259 2138 4313; x_wconf 88' lang='lat' dir='ltr'><strong>totis</strong></span> 
     </span>
    </p>
   </div>
   <div class='ocr_carea' id='block_1_44' title="bbox 559 4348 2137 4424">
    <p class='ocr_par' dir='ltr' id='par_1_44' title="bbox 559 4348 2137 4424">
     <span class='ocr_line' id='line_1_44' title="bbox 559 4348 2137 4424; baseline -0.013 -1"><span class='ocrx_word' id='word_1_332' title='bbox 559 4367 743 4423; x_wconf 77' lang='lat' dir='ltr'><strong>diebus</strong></span> <span class='ocrx_word' id='word_1_333' title='bbox 784 4366 835 4417; x_wconf 92' lang='lat' dir='ltr'><strong>in</strong></span> <span class='ocrx_word' id='word_1_334' title='bbox 865 4359 1121 4417; x_wconf 86' lang='lat' dir='ltr'><strong>conviviis</strong></span> <span class='ocrx_word' id='word_1_335' title='bbox 1165 4367 1443 4412; x_wconf 83' lang='lat' dir='ltr'><strong>versantur</strong></span> <span class='ocrx_word' id='word_1_336' title='bbox 1481 4356 1658 4424; x_wconf 83' lang='lat' dir='ltr'><strong>lapsus</strong></span> <span class='ocrx_word' id='word_1_337' title='bbox 1686 4356 2021 4421; x_wconf 60' lang='lat' dir='ltr'><strong>grauitatem,</strong></span> <span class='ocrx_word' id='word_1_338' title='bbox 2052 4348 2137 4403; x_wconf 91' lang='lat' dir='ltr'><strong>fu-</strong></span> 
     </span>
    </p>
   </div>
   <div class='ocr_carea' id='block_1_45' title="bbox 556 4439 2137 4527">
    <p class='ocr_par' dir='ltr' id='par_1_45' title="bbox 556 4439 2137 4527">
     <span class='ocr_line' id='line_1_45' title="bbox 556 4439 2137 4527; baseline -0.011 -17"><span class='ocrx_word' id='word_1_339' title='bbox 556 4459 807 4527; x_wconf 79' lang='lat' dir='ltr'><strong>giantque</strong></span> <span class='ocrx_word' id='word_1_340' title='bbox 848 4451 987 4522; x_wconf 90' lang='lat' dir='ltr'><strong>quod</strong></span> <span class='ocrx_word' id='word_1_341' title='bbox 1038 4465 1100 4503; x_wconf 77' lang='lat' dir='ltr'><strong>ex</strong></span> <span class='ocrx_word' id='word_1_342' title='bbox 1146 4445 1402 4502; x_wconf 77' lang='lat' dir='ltr'><strong>ebrietate</strong></span> <span class='ocrx_word' id='word_1_343' title='bbox 1426 4455 1506 4499; x_wconf 88' lang='lat' dir='ltr'><strong>est</strong></span> <span class='ocrx_word' id='word_1_344' title='bbox 1528 4443 1801 4497; x_wconf 87' lang='lat' dir='ltr'><strong>damnum.</strong></span> <span class='ocrx_word' id='word_1_345' title='bbox 1851 4439 1946 4494; x_wconf 85' lang='lat' dir='ltr'><strong>Sui</strong></span> <span class='ocrx_word' id='word_1_346' title='bbox 1970 4447 2137 4492; x_wconf 71' lang='lat' dir='ltr'><strong>autem</strong></span> 
     </span>
    </p>
   </div>
   <div class='ocr_carea' id='block_1_46' title="bbox 554 4529 2139 4620">
    <p class='ocr_par' dir='ltr' id='par_1_46' title="bbox 554 4529 2139 4620">
     <span class='ocr_line' id='line_1_46' title="bbox 554 4529 2139 4620; baseline -0.011 -20"><span class='ocrx_word' id='word_1_347' title='bbox 554 4550 721 4620; x_wconf 73' lang='lat' dir='ltr'><strong>{actus</strong></span> <span class='ocrx_word' id='word_1_348' title='bbox 766 4558 989 4612; x_wconf 82' lang='lat' dir='ltr'><strong>compos,</strong></span> <span class='ocrx_word' id='word_1_349' title='bbox 1033 4538 1219 4609; x_wconf 89' lang='lat' dir='ltr'><strong>inquit.</strong></span> <span class='ocrx_word' id='word_1_350' title='bbox 1249 4535 1383 4603; x_wconf 77' lang='lat' dir='ltr'><strong>Quid</strong></span> <span class='ocrx_word' id='word_1_351' title='bbox 1412 4541 1515 4597; x_wconf 85' lang='lat' dir='ltr'><strong>est,</strong></span> <span class='ocrx_word' id='word_1_352' title='bbox 1560 4532 1657 4588; x_wconf 86' lang='lat' dir='ltr'><strong>Sui</strong></span> <span class='ocrx_word' id='word_1_353' title='bbox 1686 4534 1849 4601; x_wconf 79' lang='lat' dir='ltr'><strong>factus</strong></span> <span class='ocrx_word' id='word_1_354' title='bbox 1892 4529 2139 4620; x_wconf 72' lang='lat' dir='ltr'><strong>compos?</strong></span> 
     </span>
    </p>
   </div>
   <div class='ocr_carea' id='block_1_47' title="bbox 561 4619 2139 4706">
    <p class='ocr_par' dir='ltr' id='par_1_47' title="bbox 561 4619 2139 4706">
     <span class='ocr_line' id='line_1_47' title="bbox 561 4619 2139 4706; baseline -0.012 -13"><span class='ocrx_word' id='word_1_355' title='bbox 561 4637 616 4693; x_wconf 90' lang='lat' dir='ltr'><strong>ld</strong></span> <span class='ocrx_word' id='word_1_356' title='bbox 631 4636 768 4706; x_wconf 88' lang='lat' dir='ltr'><strong>quod</strong></span> <span class='ocrx_word' id='word_1_357' title='bbox 789 4648 883 4687; x_wconf 90' lang='lat' dir='ltr'><strong>nos</strong></span> <span class='ocrx_word' id='word_1_358' title='bbox 899 4632 1107 4686; x_wconf 87' lang='lat' dir='ltr'><strong>discere</strong></span> <span class='ocrx_word' id='word_1_359' title='bbox 1132 4628 1367 4683; x_wconf 85' lang='lat' dir='ltr'><strong>solemus</strong></span> <span class='ocrx_word' id='word_1_360' title='bbox 1381 4625 1448 4678; x_wconf 89' lang='lat' dir='ltr'><strong>de</strong></span> <span class='ocrx_word' id='word_1_361' title='bbox 1464 4623 1694 4688; x_wconf 83' lang='lat' dir='ltr'><strong>furiosis,</strong></span> <span class='ocrx_word' id='word_1_362' title='bbox 1714 4622 1757 4675; x_wconf 88' lang='lat' dir='ltr'><strong>si</strong></span> <span class='ocrx_word' id='word_1_363' title='bbox 1775 4619 1983 4689; x_wconf 84' lang='lat' dir='ltr'><strong>quando</strong></span> <span class='ocrx_word' id='word_1_364' title='bbox 1997 4619 2062 4671; x_wconf 89' lang='lat' dir='ltr'><strong>ad</strong></span> <span class='ocrx_word' id='word_1_365' title='bbox 2079 4634 2139 4674; x_wconf 79' lang='lat' dir='ltr'><strong>se</strong></span> 
     </span>
    </p>
   </div>
   <div class='ocr_carea' id='block_1_48' title="bbox 559 4709 2136 4783">
    <p class='ocr_par' dir='ltr' id='par_1_48' title="bbox 559 4709 2136 4783">
     <span class='ocr_line' id='line_1_48' title="bbox 559 4709 2136 4783; baseline -0.013 -1"><span class='ocrx_word' id='word_1_366' title='bbox 559 4728 777 4782; x_wconf 87' lang='lat' dir='ltr'><strong>redeant</strong></span> <span class='ocrx_word' id='word_1_367' title='bbox 806 4742 819 4775; x_wconf 91' lang='lat'>:</span> <span class='ocrx_word' id='word_1_368' title='bbox 855 4722 949 4777; x_wconf 88' lang='lat' dir='ltr'><strong>Hic</strong></span> <span class='ocrx_word' id='word_1_369' title='bbox 977 4736 1007 4774; x_wconf 88' lang='lat' dir='ltr'><strong>a</strong></span> <span class='ocrx_word' id='word_1_370' title='bbox 1032 4721 1275 4773; x_wconf 71' lang='lat' dir='ltr'><strong>daemone</strong></span> <span class='ocrx_word' id='word_1_371' title='bbox 1303 4722 1581 4783; x_wconf 88' lang='lat' dir='ltr'><strong>correptus</strong></span> <span class='ocrx_word' id='word_1_372' title='bbox 1602 4713 1682 4767; x_wconf 90' lang='lat' dir='ltr'><strong>sui</strong></span> <span class='ocrx_word' id='word_1_373' title='bbox 1706 4726 1925 4780; x_wconf 87' lang='lat' dir='ltr'><strong>compos</strong></span> <span class='ocrx_word' id='word_1_374' title='bbox 1948 4709 2136 4773; x_wconf 86' lang='lat' dir='ltr'><strong>factus,</strong></span> 
     </span>
    </p>
   </div>
   <div class='ocr_carea' id='block_1_49' title="bbox 560 4801 2142 4881">
    <p class='ocr_par' dir='ltr' id='par_1_49' title="bbox 560 4801 2142 4881">
     <span class='ocr_line' id='line_1_49' title="bbox 560 4801 2142 4881; baseline -0.01 -9"><span class='ocrx_word' id='word_1_375' title='bbox 560 4830 613 4873; x_wconf 88' lang='lat' dir='ltr'><strong>et</strong></span> <span class='ocrx_word' id='word_1_376' title='bbox 640 4818 707 4869; x_wconf 84' lang='lat' dir='ltr'><strong>ab</strong></span> <span class='ocrx_word' id='word_1_377' title='bbox 750 4814 887 4868; x_wconf 89' lang='lat' dir='ltr'><strong>illius</strong></span> <span class='ocrx_word' id='word_1_378' title='bbox 918 4809 1196 4881; x_wconf 83' lang='lat' dir='ltr'><strong>tyrannide</strong></span> <span class='ocrx_word' id='word_1_379' title='bbox 1225 4806 1477 4862; x_wconf 82' lang='lat' dir='ltr'><strong>liberatus</strong></span> <span class='ocrx_word' id='word_1_380' title='bbox 1518 4815 1603 4859; x_wconf 86' lang='lat' dir='ltr'><strong>cst</strong></span> <span class='ocrx_word' id='word_1_381' title='bbox 1634 4821 1647 4856; x_wconf 91' lang='lat'>:</span> <span class='ocrx_word' id='word_1_382' title='bbox 1680 4802 1730 4856; x_wconf 89' lang='lat' dir='ltr'><strong>id</strong></span> <span class='ocrx_word' id='word_1_383' title='bbox 1771 4803 1870 4855; x_wconf 86' lang='lat' dir='ltr'><strong>sibi</strong></span> <span class='ocrx_word' id='word_1_384' title='bbox 1902 4802 2014 4854; x_wconf 83' lang='lat' dir='ltr'><strong>vult</strong></span> <span class='ocrx_word' id='word_1_385' title='bbox 2040 4801 2142 4856; x_wconf 85' lang='lat' dir='ltr'><strong>hoc</strong></span> 
     </span>
    </p>
   </div>
   <div class='ocr_carea' id='block_1_50' title="bbox 560 4895 2141 4973">
    <p class='ocr_par' dir='ltr' id='par_1_50' title="bbox 560 4895 2141 4973">
     <span class='ocr_line' id='line_1_50' title="bbox 560 4895 2141 4973; baseline -0.01 -8"><span class='ocrx_word' id='word_1_386' title='bbox 560 4906 680 4965; x_wconf 83' lang='lat' dir='ltr'><strong>loco</strong></span> <span class='ocrx_word' id='word_1_387' title='bbox 721 4906 1014 4973; x_wconf 83' lang='lat' dir='ltr'><strong>Scriptura.</strong></span> <span class='ocrx_word' id='word_1_388' title='bbox 1065 4901 1201 4957; x_wconf 78' lang='lat' dir='ltr'><strong>Vere</strong></span> <span class='ocrx_word' id='word_1_389' title='bbox 1245 4898 1387 4954; x_wconf 89' lang='lat' dir='ltr'><strong>enim</strong></span> <span class='ocrx_word' id='word_1_390' title='bbox 1433 4897 1663 4952; x_wconf 84' lang='lat' dir='ltr'><strong>ebrietas</strong></span> <span class='ocrx_word' id='word_1_391' title='bbox 1706 4895 2034 4950; x_wconf 81' lang='lat' dir='ltr'><strong>voluntarius</strong></span> <span class='ocrx_word' id='word_1_392' title='bbox 2057 4902 2141 4949; x_wconf 88' lang='lat' dir='ltr'><strong>est</strong></span> 
     </span>
    </p>
   </div>
   <div class='ocr_carea' id='block_1_51' title="bbox 564 4987 2135 5065">
    <p class='ocr_par' dir='ltr' id='par_1_51' title="bbox 564 4987 2135 5065">
     <span class='ocr_line' id='line_1_51' title="bbox 564 4987 2135 5065; baseline -0.008 -12"><span class='ocrx_word' id='word_1_393' title='bbox 564 5001 871 5062; x_wconf 78' lang='lat' dir='ltr'><strong>dzemon,et</strong></span> <span class='ocrx_word' id='word_1_394' title='bbox 895 4995 1106 5065; x_wconf 81' lang='lat' dir='ltr'><strong>gravius</strong></span> <span class='ocrx_word' id='word_1_395' title='bbox 1131 5008 1286 5062; x_wconf 90' lang='lat' dir='ltr'><strong>quam</strong></span> <span class='ocrx_word' id='word_1_396' title='bbox 1313 4992 1520 5046; x_wconf 80' lang='lat' dir='ltr'><strong>da-mon</strong></span> <span class='ocrx_word' id='word_1_397' title='bbox 1548 4998 1779 5044; x_wconf 88' lang='lat' dir='ltr'><strong>mentem</strong></span> <span class='ocrx_word' id='word_1_398' title='bbox 1800 4987 2135 5052; x_wconf 87' lang='lat' dir='ltr'><strong>obtenebrat,</strong></span> 
     </span>
    </p>
   </div>
   <div class='ocr_carea' id='block_1_52' title="bbox 561 5080 2138 5159">
    <p class='ocr_par' dir='ltr' id='par_1_52' title="bbox 561 5080 2138 5159">
     <span class='ocr_line' id='line_1_52' title="bbox 561 5080 2138 5159; baseline -0.008 -12"><span class='ocrx_word' id='word_1_399' title='bbox 561 5102 613 5147; x_wconf 90' lang='lat' dir='ltr'><strong>et</strong></span> <span class='ocrx_word' id='word_1_400' title='bbox 642 5100 855 5159; x_wconf 84' lang='lat' dir='ltr'><strong>captum</strong></span> <span class='ocrx_word' id='word_1_401' title='bbox 902 5086 1045 5139; x_wconf 80' lang='grc' dir='ltr'>(ιιιιηί</span> <span class='ocrx_word' id='word_1_402' title='bbox 1092 5084 1458 5141; x_wconf 78' lang='lat' dir='ltr'><strong>benevolentia</strong></span> <span class='ocrx_word' id='word_1_403' title='bbox 1505 5080 1764 5136; x_wconf 86' lang='lat' dir='ltr'><strong>destituit.</strong></span> <span class='ocrx_word' id='word_1_404' title='bbox 1815 5080 1967 5149; x_wconf 66' lang='lat' dir='ltr'><strong>Sat-pe</strong></span> <span class='ocrx_word' id='word_1_405' title='bbox 1996 5080 2138 5134; x_wconf 91' lang='lat' dir='ltr'><strong>enim</strong></span> 
     </span>
    </p>
   </div>
   <div class='ocr_carea' id='block_1_53' title="bbox 564 5175 2141 5238">
    <p class='ocr_par' dir='ltr' id='par_1_53' title="bbox 564 5175 2141 5238">
     <span class='ocr_line' id='line_1_53' title="bbox 564 5175 2141 5238; baseline -0.006 -1"><span class='ocrx_word' id='word_1_406' title='bbox 564 5182 947 5238; x_wconf 73' lang='lat' dir='ltr'><strong>daemoniacmn</strong></span> <span class='ocrx_word' id='word_1_407' title='bbox 970 5180 1207 5233; x_wconf 83' lang='lat' dir='ltr'><strong>videntes</strong></span> <span class='ocrx_word' id='word_1_408' title='bbox 1233 5175 1592 5232; x_wconf 82' lang='lat' dir='ltr'><strong>misericordia</strong></span> <span class='ocrx_word' id='word_1_409' title='bbox 1621 5188 1912 5237; x_wconf 84' lang='lat' dir='ltr'><strong>movemur,</strong></span> <span class='ocrx_word' id='word_1_410' title='bbox 1936 5183 1989 5227; x_wconf 89' lang='lat' dir='ltr'><strong>et</strong></span> <span class='ocrx_word' id='word_1_411' title='bbox 2014 5188 2141 5227; x_wconf 85' lang='lat' dir='ltr'><strong>con-</strong></span> 
     </span>
    </p>
   </div>
   <div class='ocr_carea' id='block_1_54' title="bbox 562 5266 2138 5341">
    <p class='ocr_par' dir='ltr' id='par_1_54' title="bbox 562 5266 2138 5341">
     <span class='ocr_line' id='line_1_54' title="bbox 562 5266 2138 5341; baseline -0.006 -11"><span class='ocrx_word' id='word_1_412' title='bbox 562 5277 827 5339; x_wconf 84' lang='lat' dir='ltr'><strong>dolemus,</strong></span> <span class='ocrx_word' id='word_1_413' title='bbox 875 5286 1222 5341; x_wconf 83' lang='lat' dir='ltr'><strong>magnamque</strong></span> <span class='ocrx_word' id='word_1_414' title='bbox 1268 5284 1391 5339; x_wconf 86' lang='lat' dir='ltr'><strong>erga</strong></span> <span class='ocrx_word' id='word_1_415' title='bbox 1439 5267 1583 5321; x_wconf 89' lang='lat' dir='ltr'><strong>illum</strong></span> <span class='ocrx_word' id='word_1_416' title='bbox 1618 5266 2138 5321; x_wconf 77' lang='lat' dir='ltr'><strong>commiscrationem</strong></span> 
     </span>
    </p>
   </div>
   <div class='ocr_carea' id='block_1_55' title="bbox 569 5357 2141 5430">
    <p class='ocr_par' dir='ltr' id='par_1_55' title="bbox 569 5357 2141 5430">
     <span class='ocr_line' id='line_1_55' title="bbox 569 5357 2141 5430; baseline -0.007 -9"><span class='ocrx_word' id='word_1_417' title='bbox 569 5365 931 5430; x_wconf 73' lang='lat' dir='ltr'><strong>declaramus;</strong></span> <span class='ocrx_word' id='word_1_418' title='bbox 981 5373 1164 5417; x_wconf 86' lang='lat' dir='ltr'><strong>contra</strong></span> <span class='ocrx_word' id='word_1_419' title='bbox 1203 5372 1378 5415; x_wconf 88' lang='lat' dir='ltr'><strong>autem</strong></span> <span class='ocrx_word' id='word_1_420' title='bbox 1406 5358 1625 5413; x_wconf 88' lang='lat' dir='ltr'><strong>facimus</strong></span> <span class='ocrx_word' id='word_1_421' title='bbox 1656 5358 1794 5413; x_wconf 86' lang='lat' dir='ltr'><strong>circa</strong></span> <span class='ocrx_word' id='word_1_422' title='bbox 1820 5357 2033 5413; x_wconf 90' lang='lat' dir='ltr'><strong>ebrios:</strong></span> <span class='ocrx_word' id='word_1_423' title='bbox 2062 5358 2141 5410; x_wconf 79' lang='lat' dir='ltr'><strong>iu—</strong></span> 
     </span>
    </p>
   </div>
   <div class='ocr_carea' id='block_1_56' title="bbox 563 5450 2116 5526">
    <p class='ocr_par' dir='ltr' id='par_1_56' title="bbox 563 5450 2116 5526">
     <span class='ocr_line' id='line_1_56' title="bbox 563 5450 2116 5526; baseline -0.005 -17"><span class='ocrx_word' id='word_1_424' title='bbox 563 5455 843 5526; x_wconf 84' lang='lat' dir='ltr'><strong>dignamur</strong></span> <span class='ocrx_word' id='word_1_425' title='bbox 862 5455 1023 5514; x_wconf 80' lang='lat' dir='ltr'><strong>enim,</strong></span> <span class='ocrx_word' id='word_1_426' title='bbox 1052 5467 1188 5521; x_wconf 65' lang='grc' dir='ltr'><strong>τρεῖς</strong></span> <span class='ocrx_word' id='word_1_427' title='bbox 1206 5450 1442 5513; x_wconf 70' lang='lat' dir='ltr'><strong>ferimus,</strong></span> <span class='ocrx_word' id='word_1_428' title='bbox 1467 5451 1742 5505; x_wconf 59' lang='lat' dir='ltr'><strong>innumera</strong></span> <span class='ocrx_word' id='word_1_429' title='bbox 1767 5450 2116 5518; x_wconf 81' lang='lat' dir='ltr'><strong>imprecantur</strong></span> 
     </span>
    </p>
   </div>
   <div class='ocr_carea' id='block_1_57' title="bbox 565 5540 2140 5615">
    <p class='ocr_par' dir='ltr' id='par_1_57' title="bbox 565 5540 2140 5615">
     <span class='ocr_line' id='line_1_57' title="bbox 565 5540 2140 5615; baseline -0.001 -18"><span class='ocrx_word' id='word_1_430' title='bbox 565 5543 740 5611; x_wconf 81' lang='lat' dir='ltr'><strong>Quare</strong></span> <span class='ocrx_word' id='word_1_431' title='bbox 768 5555 820 5600; x_wconf 80' lang='lat' dir='ltr'><strong>et</strong></span> <span class='ocrx_word' id='word_1_432' title='bbox 844 5561 944 5615; x_wconf 88' lang='lat' dir='ltr'><strong>qua</strong></span> <span class='ocrx_word' id='word_1_433' title='bbox 974 5544 1041 5599; x_wconf 89' lang='lat' dir='ltr'><strong>de</strong></span> <span class='ocrx_word' id='word_1_434' title='bbox 1066 5544 1262 5598; x_wconf 81' lang='lat' dir='ltr'><strong>causa?</strong></span> <span class='ocrx_word' id='word_1_435' title='bbox 1288 5543 1417 5609; x_wconf 87' lang='lat' dir='ltr'><strong>Quia</strong></span> <span class='ocrx_word' id='word_1_436' title='bbox 1449 5543 1533 5596; x_wconf 89' lang='lat' dir='ltr'><strong>ille</strong></span> <span class='ocrx_word' id='word_1_437' title='bbox 1555 5542 1640 5612; x_wconf 90' lang='lat' dir='ltr'><strong>qui</strong></span> <span class='ocrx_word' id='word_1_438' title='bbox 1668 5555 1697 5595; x_wconf 88' lang='lat' dir='ltr'><strong>a</strong></span> <span class='ocrx_word' id='word_1_439' title='bbox 1737 5542 1874 5595; x_wconf 84' lang='lat' dir='ltr'><strong>ntalo</strong></span> <span class='ocrx_word' id='word_1_440' title='bbox 1898 5540 2140 5596; x_wconf 75' lang='lat' dir='ltr'><strong>dmmoae</strong></span> 
     </span>
    </p>
   </div>
   <div class='ocr_carea' id='block_1_58' title="bbox 566 5636 2139 5706">
    <p class='ocr_par' dir='ltr' id='par_1_58' title="bbox 566 5636 2139 5706">
     <span class='ocr_line' id='line_1_58' title="bbox 566 5636 2139 5706; baseline -0.003 -15"><span class='ocrx_word' id='word_1_441' title='bbox 566 5637 814 5706; x_wconf 73' lang='lat' dir='ltr'><strong>agitatur,</strong></span> <span class='ocrx_word' id='word_1_442' title='bbox 846 5636 1227 5690; x_wconf 83' lang='lat' dir='ltr'><strong>involuntarius</strong></span> <span class='ocrx_word' id='word_1_443' title='bbox 1273 5645 1525 5704; x_wconf 84' lang='lat' dir='ltr'><strong>operatur</strong></span> <span class='ocrx_word' id='word_1_444' title='bbox 1548 5648 1609 5687; x_wconf 77' lang='lat' dir='ltr'><strong>ea</strong></span> <span class='ocrx_word' id='word_1_445' title='bbox 1638 5648 1756 5703; x_wconf 77' lang='lat' dir='ltr'><strong>qua:</strong></span> <span class='ocrx_word' id='word_1_446' title='bbox 1782 5641 2049 5702; x_wconf 87' lang='lat' dir='ltr'><strong>operatur,</strong></span> <span class='ocrx_word' id='word_1_447' title='bbox 2077 5648 2139 5687; x_wconf 89' lang='lat' dir='ltr'><strong>ac</strong></span> 
     </span>
    </p>
   </div>
   <div class='ocr_carea' id='block_1_59' title="bbox 574 5723 2136 5798">
    <p class='ocr_par' dir='ltr' id='par_1_59' title="bbox 574 5723 2136 5798">
     <span class='ocr_line' id='line_1_59' title="bbox 574 5723 2136 5798; baseline -0.002 -15"><span class='ocrx_word' id='word_1_448' title='bbox 574 5728 697 5787; x_wconf 68' lang='lat' dir='ltr'><strong>licet</strong></span> <span class='ocrx_word' id='word_1_449' title='bbox 738 5728 1054 5797; x_wconf 85' lang='lat' dir='ltr'><strong>recalcitret,</strong></span> <span class='ocrx_word' id='word_1_450' title='bbox 1100 5728 1220 5783; x_wconf 87' lang='lat' dir='ltr'><strong>licet</strong></span> <span class='ocrx_word' id='word_1_451' title='bbox 1266 5735 1472 5798; x_wconf 83' lang='lat' dir='ltr'><strong>rumpat</strong></span> <span class='ocrx_word' id='word_1_452' title='bbox 1516 5735 1738 5791; x_wconf 70' lang='lat' dir='ltr'><strong>vestem,</strong></span> <span class='ocrx_word' id='word_1_453' title='bbox 1786 5733 1840 5780; x_wconf 89' lang='lat' dir='ltr'><strong>ct</strong></span> <span class='ocrx_word' id='word_1_454' title='bbox 1889 5723 2136 5781; x_wconf 75' lang='lat' dir='ltr'><strong>obscmna</strong></span> 
     </span>
    </p>
   </div>
   <div class='ocr_carea' id='block_1_60' title="bbox 1306 319 3113 392">
    <p class='ocr_par' dir='ltr' id='par_1_60' title="bbox 1306 319 3113 392">
     <span class='ocr_line' id='line_1_60' title="bbox 1306 319 3113 392; baseline -0.009 0"><span class='ocrx_word' id='word_1_455' title='bbox 1306 334 1366 392; x_wconf 88' lang='lat' dir='ltr'><strong>S.</strong></span> <span class='ocrx_word' id='word_1_456' title='bbox 1404 327 1680 390; x_wconf 73' lang='lat' dir='ltr'><strong>JOANNIS</strong></span> <span class='ocrx_word' id='word_1_457' title='bbox 1716 322 2185 384; x_wconf 74' lang='lat' dir='ltr'><strong>CHRYSOSTOMI</strong></span> <span class='ocrx_word' id='word_1_458' title='bbox 2222 321 2540 379; x_wconf 74' lang='lat' dir='ltr'><strong>ARCIIIEP.</strong></span> <span class='ocrx_word' id='word_1_459' title='bbox 2580 319 3113 379; x_wconf 73' lang='lat' dir='ltr'><strong>CONSTANTINOP.</strong></span> 
     </span>
    </p>
   </div>
   <div class='ocr_carea' id='block_1_61' title="bbox 3718 320 3827 377">
    <p class='ocr_par' dir='ltr' id='par_1_61' title="bbox 3718 320 3827 377">
     <span class='ocr_line' id='line_1_61' title="bbox 3718 320 3827 377; baseline 0 -3"><span class='ocrx_word' id='word_1_460' title='bbox 3718 320 3827 377; x_wconf 65' lang='lat'><strong>268</strong></span> 
     </span>
    </p>
   </div>
   <div class='ocr_carea' id='block_1_62' title="bbox 2231 432 3827 507">
    <p class='ocr_par' dir='ltr' id='par_1_62' title="bbox 2231 432 3827 507">
     <span class='ocr_line' id='line_1_62' title="bbox 2231 432 3827 507; baseline -0.001 -18"><span class='ocrx_word' id='word_1_461' title='bbox 2231 436 2494 507; x_wconf 72' lang='lat' dir='ltr'><strong>qumpiam</strong></span> <span class='ocrx_word' id='word_1_462' title='bbox 2544 434 2809 503; x_wconf 83' lang='lat' dir='ltr'><strong>loquatur,</strong></span> <span class='ocrx_word' id='word_1_463' title='bbox 2860 433 3015 488; x_wconf 88' lang='lat' dir='ltr'><strong>venia</strong></span> <span class='ocrx_word' id='word_1_464' title='bbox 3057 432 3249 504; x_wconf 82' lang='lat' dir='ltr'><strong>dignus</strong></span> <span class='ocrx_word' id='word_1_465' title='bbox 3288 440 3582 488; x_wconf 84' lang='lat' dir='ltr'><strong>censetur:</strong></span> <span class='ocrx_word' id='word_1_466' title='bbox 3633 442 3688 487; x_wconf 84' lang='lat' dir='ltr'><strong>at</strong></span> <span class='ocrx_word' id='word_1_467' title='bbox 3734 433 3827 502; x_wconf 90' lang='lat' dir='ltr'><strong>qui</strong></span> 
     </span>
    </p>
   </div>
   <div class='ocr_carea' id='block_1_63' title="bbox 2228 520 3824 594">
    <p class='ocr_par' dir='ltr' id='par_1_63' title="bbox 2228 520 3824 594">
     <span class='ocr_line' id='line_1_63' title="bbox 2228 520 3824 594; baseline -0.001 -13"><span class='ocrx_word' id='word_1_468' title='bbox 2228 526 2408 581; x_wconf 88' lang='lat' dir='ltr'><strong>ebrius</strong></span> <span class='ocrx_word' id='word_1_469' title='bbox 2450 532 2554 591; x_wconf 88' lang='lat' dir='ltr'><strong>est,</strong></span> <span class='ocrx_word' id='word_1_470' title='bbox 2597 523 2852 594; x_wconf 87' lang='lat' dir='ltr'><strong>quidquid</strong></span> <span class='ocrx_word' id='word_1_471' title='bbox 2897 524 3105 589; x_wconf 88' lang='lat' dir='ltr'><strong>fecerit,</strong></span> <span class='ocrx_word' id='word_1_472' title='bbox 3152 537 3257 577; x_wconf 90' lang='lat' dir='ltr'><strong>non</strong></span> <span class='ocrx_word' id='word_1_473' title='bbox 3287 531 3369 577; x_wconf 88' lang='lat' dir='ltr'><strong>est</strong></span> <span class='ocrx_word' id='word_1_474' title='bbox 3393 521 3547 577; x_wconf 80' lang='lat' dir='ltr'><strong>venia</strong></span> <span class='ocrx_word' id='word_1_475' title='bbox 3584 520 3824 592; x_wconf 78' lang='lat' dir='ltr'><strong>dignus:</strong></span> 
     </span>
    </p>
   </div>
   <div class='ocr_carea' id='block_1_64' title="bbox 2228 612 3826 678">
    <p class='ocr_par' dir='ltr' id='par_1_64' title="bbox 2228 612 3826 678">
     <span class='ocr_line' id='line_1_64' title="bbox 2228 612 3826 678; baseline -0.003 -7"><span class='ocrx_word' id='word_1_476' title='bbox 2228 616 2323 671; x_wconf 88' lang='lat' dir='ltr'><strong>sed</strong></span> <span class='ocrx_word' id='word_1_477' title='bbox 2366 625 2421 671; x_wconf 93' lang='lat' dir='ltr'><strong>ct</strong></span> <span class='ocrx_word' id='word_1_478' title='bbox 2466 615 2618 670; x_wconf 87' lang='lat' dir='ltr'><strong>valde</strong></span> <span class='ocrx_word' id='word_1_479' title='bbox 2662 614 2907 669; x_wconf 85' lang='lat' dir='ltr'><strong>incusant</strong></span> <span class='ocrx_word' id='word_1_480' title='bbox 2947 613 3095 669; x_wconf 88' lang='lat' dir='ltr'><strong>illum</strong></span> <span class='ocrx_word' id='word_1_481' title='bbox 3122 612 3429 678; x_wconf 83' lang='lat' dir='ltr'><strong>familiares,</strong></span> <span class='ocrx_word' id='word_1_482' title='bbox 3456 613 3636 677; x_wconf 88' lang='lat' dir='ltr'><strong>amici,</strong></span> <span class='ocrx_word' id='word_1_483' title='bbox 3664 624 3720 667; x_wconf 86' lang='lat' dir='ltr'><strong>et</strong></span> <span class='ocrx_word' id='word_1_484' title='bbox 3745 616 3826 666; x_wconf 78' lang='lat' dir='ltr'><strong>vi-</strong></span> 
     </span>
    </p>
   </div>
   <div class='ocr_carea' id='block_1_65' title="bbox 2228 704 3829 777">
    <p class='ocr_par' dir='ltr' id='par_1_65' title="bbox 2228 704 3829 777">
     <span class='ocr_line' id='line_1_65' title="bbox 2228 704 3829 777; baseline -0.002 -14"><span class='ocrx_word' id='word_1_485' title='bbox 2228 707 2358 773; x_wconf 91' lang='lat' dir='ltr'><strong>eini,</strong></span> <span class='ocrx_word' id='word_1_486' title='bbox 2386 717 2439 764; x_wconf 89' lang='lat' dir='ltr'><strong>et</strong></span> <span class='ocrx_word' id='word_1_487' title='bbox 2469 708 2521 763; x_wconf 93' lang='lat' dir='ltr'><strong>in</strong></span> <span class='ocrx_word' id='word_1_488' title='bbox 2548 721 2756 764; x_wconf 88' lang='lat' dir='ltr'><strong>summa</strong></span> <span class='ocrx_word' id='word_1_489' title='bbox 2784 721 3005 770; x_wconf 87' lang='lat' dir='ltr'><strong>omnes;</strong></span> <span class='ocrx_word' id='word_1_490' title='bbox 3050 708 3172 777; x_wconf 87' lang='lat' dir='ltr'><strong>quia</strong></span> <span class='ocrx_word' id='word_1_491' title='bbox 3202 715 3395 775; x_wconf 83' lang='lat' dir='ltr'><strong>sponte</strong></span> <span class='ocrx_word' id='word_1_492' title='bbox 3437 715 3491 760; x_wconf 90' lang='lat' dir='ltr'><strong>et</strong></span> <span class='ocrx_word' id='word_1_493' title='bbox 3520 704 3829 759; x_wconf 72' lang='lat' dir='ltr'><strong>Voluntarle</strong></span> 
     </span>
    </p>
   </div>
   <div class='ocr_carea' id='block_1_66' title="bbox 2231 794 3829 868">
    <p class='ocr_par' dir='ltr' id='par_1_66' title="bbox 2231 794 3829 868">
     <span class='ocr_line' id='line_1_66' title="bbox 2231 794 3829 868; baseline -0.001 -17"><span class='ocrx_word' id='word_1_494' title='bbox 2231 797 2284 851; x_wconf 91' lang='lat' dir='ltr'><strong>in</strong></span> <span class='ocrx_word' id='word_1_495' title='bbox 2327 798 2466 854; x_wconf 86' lang='lat' dir='ltr'><strong>banc</strong></span> <span class='ocrx_word' id='word_1_496' title='bbox 2517 797 2808 868; x_wconf 86' lang='lat' dir='ltr'><strong>nequitiam</strong></span> <span class='ocrx_word' id='word_1_497' title='bbox 2856 795 3086 861; x_wconf 86' lang='lat' dir='ltr'><strong>transiit,</strong></span> <span class='ocrx_word' id='word_1_498' title='bbox 3131 804 3187 850; x_wconf 84' lang='lat' dir='ltr'><strong>et</strong></span> <span class='ocrx_word' id='word_1_499' title='bbox 3230 796 3505 851; x_wconf 84' lang='lat' dir='ltr'><strong>ebrietatis</strong></span> <span class='ocrx_word' id='word_1_500' title='bbox 3554 794 3829 867; x_wconf 77' lang='lat' dir='ltr'><strong>tyrannidi</strong></span> 
     </span>
    </p>
   </div>
   <div class='ocr_carea' id='block_1_67' title="bbox 2228 884 3828 958">
    <p class='ocr_par' dir='ltr' id='par_1_67' title="bbox 2228 884 3828 958">
     <span class='ocr_line' id='line_1_67' title="bbox 2228 884 3828 958; baseline -0.003 -16"><span class='ocrx_word' id='word_1_501' title='bbox 2228 887 2464 958; x_wconf 83' lang='lat' dir='ltr'><strong>seipsnm</strong></span> <span class='ocrx_word' id='word_1_502' title='bbox 2493 887 2716 944; x_wconf 85' lang='lat' dir='ltr'><strong>dedidit.</strong></span> <span class='ocrx_word' id='word_1_503' title='bbox 2744 887 2809 943; x_wconf 80' lang='lat' dir='ltr'><strong>Et</strong></span> <span class='ocrx_word' id='word_1_504' title='bbox 2829 885 2944 942; x_wconf 71' lang='lat' dir='ltr'><strong>lucc</strong></span> <span class='ocrx_word' id='word_1_505' title='bbox 2966 884 3087 941; x_wconf 85' lang='lat' dir='ltr'><strong>dico</strong></span> <span class='ocrx_word' id='word_1_506' title='bbox 3110 900 3215 941; x_wconf 88' lang='lat' dir='ltr'><strong>n0n</strong></span> <span class='ocrx_word' id='word_1_507' title='bbox 3243 896 3299 940; x_wconf 90' lang='lat' dir='ltr'><strong>ut</strong></span> <span class='ocrx_word' id='word_1_508' title='bbox 3340 886 3541 955; x_wconf 83' lang='lat' dir='ltr'><strong>justum</strong></span> <span class='ocrx_word' id='word_1_509' title='bbox 3564 886 3828 940; x_wconf 79' lang='lat' dir='ltr'><strong>incusem:</strong></span> 
     </span>
    </p>
   </div>
   <div class='ocr_carea' id='block_1_68' title="bbox 2229 978 3829 1050">
    <p class='ocr_par' dir='ltr' id='par_1_68' title="bbox 2229 978 3829 1050">
     <span class='ocr_line' id='line_1_68' title="bbox 2229 978 3829 1050; baseline -0.002 -17"><span class='ocrx_word' id='word_1_510' title='bbox 2229 980 2395 1034; x_wconf 86' lang='lat' dir='ltr'><strong>multa</strong></span> <span class='ocrx_word' id='word_1_511' title='bbox 2440 982 2585 1036; x_wconf 81' lang='lat' dir='ltr'><strong>enim</strong></span> <span class='ocrx_word' id='word_1_512' title='bbox 2632 990 2785 1037; x_wconf 87' lang='lat' dir='ltr'><strong>erant</strong></span> <span class='ocrx_word' id='word_1_513' title='bbox 2829 988 3047 1050; x_wconf 80' lang='lat' dir='ltr'><strong>propter</strong></span> <span class='ocrx_word' id='word_1_514' title='bbox 3074 994 3197 1049; x_wconf 70' lang='lat' dir='ltr'><strong>quas</strong></span> <span class='ocrx_word' id='word_1_515' title='bbox 3221 978 3293 1033; x_wconf 87' lang='lat' dir='ltr'><strong>illi</strong></span> <span class='ocrx_word' id='word_1_516' title='bbox 3326 980 3478 1032; x_wconf 81' lang='lat' dir='ltr'><strong>venia</strong></span> <span class='ocrx_word' id='word_1_517' title='bbox 3505 978 3829 1042; x_wconf 84' lang='lat' dir='ltr'><strong>debebatur,</strong></span> 
     </span>
    </p>
   </div>
   <div class='ocr_carea' id='block_1_69' title="bbox 2229 1068 3831 1141">
    <p class='ocr_par' dir='ltr' id='par_1_69' title="bbox 2229 1068 3831 1141">
     <span class='ocr_line' id='line_1_69' title="bbox 2229 1068 3831 1141; baseline -0.002 -17"><span class='ocrx_word' id='word_1_518' title='bbox 2229 1079 2285 1124; x_wconf 88' lang='lat' dir='ltr'><strong>et</strong></span> <span class='ocrx_word' id='word_1_519' title='bbox 2326 1085 2449 1124; x_wconf 89' lang='lat' dir='ltr'><strong>cum</strong></span> <span class='ocrx_word' id='word_1_520' title='bbox 2498 1071 2701 1140; x_wconf 89' lang='lat' dir='ltr'><strong>primis,</strong></span> <span class='ocrx_word' id='word_1_521' title='bbox 2732 1071 2875 1141; x_wconf 88' lang='lat' dir='ltr'><strong>quod</strong></span> <span class='ocrx_word' id='word_1_522' title='bbox 2924 1085 3029 1123; x_wconf 90' lang='lat' dir='ltr'><strong>non</strong></span> <span class='ocrx_word' id='word_1_523' title='bbox 3063 1069 3115 1123; x_wconf 90' lang='lat' dir='ltr'><strong>in</strong></span> <span class='ocrx_word' id='word_1_524' title='bbox 3146 1068 3196 1122; x_wconf 92' lang='lat' dir='ltr'><strong>id</strong></span> <span class='ocrx_word' id='word_1_525' title='bbox 3228 1068 3340 1123; x_wconf 85' lang='lat' dir='ltr'><strong>vitii</strong></span> <span class='ocrx_word' id='word_1_526' title='bbox 3370 1076 3552 1137; x_wconf 83' lang='lat' dir='ltr'><strong>postea</strong></span> <span class='ocrx_word' id='word_1_527' title='bbox 3580 1069 3831 1136; x_wconf 84' lang='lat' dir='ltr'><strong>relapsus</strong></span> 
     </span>
    </p>
   </div>
   <div class='ocr_carea' id='block_1_70' title="bbox 2230 1156 3835 1229">
    <p class='ocr_par' dir='ltr' id='par_1_70' title="bbox 2230 1156 3835 1229">
     <span class='ocr_line' id='line_1_70' title="bbox 2230 1156 3835 1229; baseline -0.002 -15"><span class='ocrx_word' id='word_1_528' title='bbox 2230 1168 2333 1223; x_wconf 86' lang='lat' dir='ltr'><strong>est,</strong></span> <span class='ocrx_word' id='word_1_529' title='bbox 2377 1159 2426 1213; x_wconf 90' lang='lat' dir='ltr'><strong>id</strong></span> <span class='ocrx_word' id='word_1_530' title='bbox 2453 1159 2595 1229; x_wconf 83' lang='lat' dir='ltr'><strong>quod</strong></span> <span class='ocrx_word' id='word_1_531' title='bbox 2637 1161 2925 1214; x_wconf 78' lang='lat' dir='ltr'><strong>niaximum</strong></span> <span class='ocrx_word' id='word_1_532' title='bbox 2952 1159 3111 1214; x_wconf 89' lang='lat' dir='ltr'><strong>fuerit</strong></span> <span class='ocrx_word' id='word_1_533' title='bbox 3139 1158 3397 1214; x_wconf 89' lang='lat' dir='ltr'><strong>indicium</strong></span> <span class='ocrx_word' id='word_1_534' title='bbox 3416 1173 3542 1213; x_wconf 77' lang='lat' dir='ltr'><strong>eum</strong></span> <span class='ocrx_word' id='word_1_535' title='bbox 3570 1173 3635 1212; x_wconf 81' lang='lat' dir='ltr'><strong>ex</strong></span> <span class='ocrx_word' id='word_1_536' title='bbox 3671 1156 3835 1225; x_wconf 84' lang='lat' dir='ltr'><strong>igno-</strong></span> 
     </span>
    </p>
   </div>
   <div class='ocr_carea' id='block_1_71' title="bbox 2230 1247 3834 1320">
    <p class='ocr_par' dir='ltr' id='par_1_71' title="bbox 2230 1247 3834 1320">
     <span class='ocr_line' id='line_1_71' title="bbox 2230 1247 3834 1320; baseline -0.002 -17"><span class='ocrx_word' id='word_1_537' title='bbox 2230 1251 2423 1313; x_wconf 87' lang='lat' dir='ltr'><strong>rantia,</strong></span> <span class='ocrx_word' id='word_1_538' title='bbox 2470 1266 2574 1304; x_wconf 91' lang='lat' dir='ltr'><strong>non</strong></span> <span class='ocrx_word' id='word_1_539' title='bbox 2623 1265 2690 1306; x_wconf 79' lang='lat' dir='ltr'><strong>ex</strong></span> <span class='ocrx_word' id='word_1_540' title='bbox 2736 1250 3052 1320; x_wconf 76' lang='lat' dir='ltr'><strong>negligentia</strong></span> <span class='ocrx_word' id='word_1_541' title='bbox 3097 1249 3242 1320; x_wconf 82' lang='lat' dir='ltr'><strong>prius</strong></span> <span class='ocrx_word' id='word_1_542' title='bbox 3272 1249 3586 1319; x_wconf 81' lang='lat' dir='ltr'><strong>deliquisse.</strong></span> <span class='ocrx_word' id='word_1_543' title='bbox 3617 1247 3752 1302; x_wconf 70' lang='lat' dir='ltr'><strong>Nam</strong></span> <span class='ocrx_word' id='word_1_544' title='bbox 3783 1247 3834 1301; x_wconf 85' lang='lat' dir='ltr'><strong>si</strong></span> 
     </span>
    </p>
   </div>
   <div class='ocr_carea' id='block_1_72' title="bbox 2231 1336 3833 1410">
    <p class='ocr_par' dir='ltr' id='par_1_72' title="bbox 2231 1336 3833 1410">
     <span class='ocr_line' id='line_1_72' title="bbox 2231 1336 3833 1410; baseline -0.002 -16"><span class='ocrx_word' id='word_1_545' title='bbox 2231 1338 2334 1394; x_wconf 83' lang='lat' dir='ltr'><strong>hoc</strong></span> <span class='ocrx_word' id='word_1_546' title='bbox 2355 1339 2539 1395; x_wconf 88' lang='lat' dir='ltr'><strong>fuisset</strong></span> <span class='ocrx_word' id='word_1_547' title='bbox 2571 1340 2927 1410; x_wconf 61' lang='lat' dir='ltr'><strong>negligentiae,</strong></span> <span class='ocrx_word' id='word_1_548' title='bbox 2954 1340 3234 1410; x_wconf 78' lang='lat' dir='ltr'><strong>oportebat</strong></span> <span class='ocrx_word' id='word_1_549' title='bbox 3260 1355 3382 1393; x_wconf 90' lang='lat' dir='ltr'><strong>eum</strong></span> <span class='ocrx_word' id='word_1_550' title='bbox 3410 1340 3604 1394; x_wconf 84' lang='lat' dir='ltr'><strong>iterum</strong></span> <span class='ocrx_word' id='word_1_551' title='bbox 3634 1336 3833 1392; x_wconf 75' lang='lat' dir='ltr'><strong>eodem</strong></span> 
     </span>
    </p>
   </div>
   <div class='ocr_carea' id='block_1_73' title="bbox 2234 1427 3835 1500">
    <p class='ocr_par' dir='ltr' id='par_1_73' title="bbox 2234 1427 3835 1500">
     <span class='ocr_line' id='line_1_73' title="bbox 2234 1427 3835 1500; baseline -0.001 -16"><span class='ocrx_word' id='word_1_552' title='bbox 2234 1429 2422 1485; x_wconf 89' lang='lat' dir='ltr'><strong>morbo</strong></span> <span class='ocrx_word' id='word_1_553' title='bbox 2454 1430 2614 1500; x_wconf 85' lang='lat' dir='ltr'><strong>capi:</strong></span> <span class='ocrx_word' id='word_1_554' title='bbox 2643 1430 2696 1484; x_wconf 91' lang='lat' dir='ltr'><strong>id</strong></span> <span class='ocrx_word' id='word_1_555' title='bbox 2738 1430 2881 1500; x_wconf 89' lang='lat' dir='ltr'><strong>quod</strong></span> <span class='ocrx_word' id='word_1_556' title='bbox 2928 1445 3034 1486; x_wconf 89' lang='lat' dir='ltr'><strong>non</strong></span> <span class='ocrx_word' id='word_1_557' title='bbox 3075 1430 3279 1487; x_wconf 79' lang='lat' dir='ltr'><strong>evenit.</strong></span> <span class='ocrx_word' id='word_1_558' title='bbox 3320 1429 3451 1484; x_wconf 78' lang='lat' dir='ltr'><strong>Nam</strong></span> <span class='ocrx_word' id='word_1_559' title='bbox 3495 1430 3541 1484; x_wconf 87' lang='lat' dir='ltr'><strong>si</strong></span> <span class='ocrx_word' id='word_1_560' title='bbox 3568 1429 3750 1483; x_wconf 83' lang='lat' dir='ltr'><strong>denuo</strong></span> <span class='ocrx_word' id='word_1_561' title='bbox 3781 1427 3835 1482; x_wconf 90' lang='lat' dir='ltr'><strong>id</strong></span> 
     </span>
    </p>
   </div>
   <div class='ocr_carea' id='block_1_74' title="bbox 2231 1520 3837 1593">
    <p class='ocr_par' dir='ltr' id='par_1_74' title="bbox 2231 1520 3837 1593">
     <span class='ocr_line' id='line_1_74' title="bbox 2231 1520 3837 1593; baseline -0.002 -17"><span class='ocrx_word' id='word_1_562' title='bbox 2231 1521 2536 1589; x_wconf 88' lang='lat' dir='ltr'><strong>accidisset,</strong></span> <span class='ocrx_word' id='word_1_563' title='bbox 2587 1521 2860 1593; x_wconf 88' lang='lat' dir='ltr'><strong>Scriptura</strong></span> <span class='ocrx_word' id='word_1_564' title='bbox 2905 1522 3088 1593; x_wconf 88' lang='lat' dir='ltr'><strong>utique</strong></span> <span class='ocrx_word' id='word_1_565' title='bbox 3132 1538 3238 1578; x_wconf 90' lang='lat' dir='ltr'><strong>non</strong></span> <span class='ocrx_word' id='word_1_566' title='bbox 3267 1521 3599 1585; x_wconf 84' lang='lat' dir='ltr'><strong>obticuisset,</strong></span> <span class='ocrx_word' id='word_1_567' title='bbox 3632 1520 3729 1575; x_wconf 90' lang='lat' dir='ltr'><strong>scd</strong></span> <span class='ocrx_word' id='word_1_568' title='bbox 3756 1521 3837 1573; x_wconf 85' lang='lat' dir='ltr'><strong>si-</strong></span> 
     </span>
    </p>
   </div>
   <div class='ocr_carea' id='block_1_75' title="bbox 2230 1608 3837 1683">
    <p class='ocr_par' dir='ltr' id='par_1_75' title="bbox 2230 1608 3837 1683">
     <span class='ocr_line' id='line_1_75' title="bbox 2230 1608 3837 1683; baseline -0.001 -17"><span class='ocrx_word' id='word_1_569' title='bbox 2230 1609 2537 1683; x_wconf 84' lang='lat' dir='ltr'><strong>gnificasset</strong></span> <span class='ocrx_word' id='word_1_570' title='bbox 2565 1612 2738 1667; x_wconf 87' lang='lat' dir='ltr'><strong>nobis.</strong></span> <span class='ocrx_word' id='word_1_571' title='bbox 2768 1611 2916 1668; x_wconf 86' lang='lat' dir='ltr'><strong>Unus</strong></span> <span class='ocrx_word' id='word_1_572' title='bbox 2939 1613 3082 1667; x_wconf 88' lang='lat' dir='ltr'><strong>enim</strong></span> <span class='ocrx_word' id='word_1_573' title='bbox 3105 1626 3297 1682; x_wconf 83' lang='lat' dir='ltr'><strong>scapus</strong></span> <span class='ocrx_word' id='word_1_574' title='bbox 3317 1619 3371 1664; x_wconf 90' lang='lat' dir='ltr'><strong>et</strong></span> <span class='ocrx_word' id='word_1_575' title='bbox 3401 1611 3665 1666; x_wconf 83' lang='lat' dir='ltr'><strong>terminus</strong></span> <span class='ocrx_word' id='word_1_576' title='bbox 3684 1608 3837 1666; x_wconf 85' lang='lat' dir='ltr'><strong>Scri-</strong></span> 
     </span>
    </p>
   </div>
   <div class='ocr_carea' id='block_1_76' title="bbox 2233 1700 3837 1774">
    <p class='ocr_par' dir='ltr' id='par_1_76' title="bbox 2233 1700 3837 1774">
     <span class='ocr_line' id='line_1_76' title="bbox 2233 1700 3837 1774; baseline -0.001 -17"><span class='ocrx_word' id='word_1_577' title='bbox 2233 1710 2401 1774; x_wconf 78' lang='lat' dir='ltr'><strong>ptura:</strong></span> <span class='ocrx_word' id='word_1_578' title='bbox 2446 1702 2642 1757; x_wconf 63' lang='lat' dir='ltr'><strong>divinat</strong></span> <span class='ocrx_word' id='word_1_579' title='bbox 2679 1711 2783 1767; x_wconf 86' lang='lat' dir='ltr'><strong>est,</strong></span> <span class='ocrx_word' id='word_1_580' title='bbox 2813 1718 2881 1758; x_wconf 91' lang='lat' dir='ltr'><strong>ne</strong></span> <span class='ocrx_word' id='word_1_581' title='bbox 2908 1702 3035 1773; x_wconf 90' lang='lat' dir='ltr'><strong>quid</strong></span> <span class='ocrx_word' id='word_1_582' title='bbox 3078 1702 3338 1756; x_wconf 88' lang='lat' dir='ltr'><strong>factorum</strong></span> <span class='ocrx_word' id='word_1_583' title='bbox 3368 1702 3708 1766; x_wconf 85' lang='lat' dir='ltr'><strong>intermittat,</strong></span> <span class='ocrx_word' id='word_1_584' title='bbox 3737 1700 3837 1755; x_wconf 87' lang='lat' dir='ltr'><strong>sed</strong></span> 
     </span>
    </p>
   </div>
   <div class='ocr_carea' id='block_1_77' title="bbox 2233 1792 3837 1864">
    <p class='ocr_par' dir='ltr' id='par_1_77' title="bbox 2233 1792 3837 1864">
     <span class='ocr_line' id='line_1_77' title="bbox 2233 1792 3837 1864; baseline -0.002 -15"><span class='ocrx_word' id='word_1_585' title='bbox 2233 1795 2513 1850; x_wconf 86' lang='lat' dir='ltr'><strong>veritatem</strong></span> <span class='ocrx_word' id='word_1_586' title='bbox 2559 1809 2659 1850; x_wconf 87' lang='lat' dir='ltr'><strong>nos</strong></span> <span class='ocrx_word' id='word_1_587' title='bbox 2696 1794 2907 1851; x_wconf 86' lang='lat' dir='ltr'><strong>doceat.</strong></span> <span class='ocrx_word' id='word_1_588' title='bbox 2938 1794 3121 1864; x_wconf 80' lang='lat' dir='ltr'><strong>Neque</strong></span> <span class='ocrx_word' id='word_1_589' title='bbox 3146 1794 3291 1850; x_wconf 88' lang='lat' dir='ltr'><strong>enim</strong></span> <span class='ocrx_word' id='word_1_590' title='bbox 3336 1804 3559 1863; x_wconf 86' lang='lat' dir='ltr'><strong>propter</strong></span> <span class='ocrx_word' id='word_1_591' title='bbox 3576 1792 3837 1847; x_wconf 78' lang='lat' dir='ltr'><strong>invidiam</strong></span> 
     </span>
    </p>
   </div>
   <div class='ocr_carea' id='block_1_78' title="bbox 2226 1882 3839 1958">
    <p class='ocr_par' dir='ltr' id='par_1_78' title="bbox 2226 1882 3839 1958">
     <span class='ocr_line' id='line_1_78' title="bbox 2226 1882 3839 1958; baseline -0.004 -17"><span class='ocrx_word' id='word_1_592' title='bbox 2226 1886 2497 1958; x_wconf 76' lang='lat' dir='ltr'><strong>iustorum</strong></span> <span class='ocrx_word' id='word_1_593' title='bbox 2553 1886 2777 1940; x_wconf 84' lang='lat' dir='ltr'><strong>virtutes</strong></span> <span class='ocrx_word' id='word_1_594' title='bbox 2833 1884 3091 1957; x_wconf 70' lang='lat' dir='ltr'><strong>prmterit,</strong></span> <span class='ocrx_word' id='word_1_595' title='bbox 3121 1899 3293 1955; x_wconf 87' lang='lat' dir='ltr'><strong>neque</strong></span> <span class='ocrx_word' id='word_1_596' title='bbox 3334 1890 3554 1954; x_wconf 87' lang='lat' dir='ltr'><strong>propter</strong></span> <span class='ocrx_word' id='word_1_597' title='bbox 3602 1882 3839 1954; x_wconf 79' lang='lat' dir='ltr'><strong>gratiam</strong></span> 
     </span>
    </p>
   </div>
   <div class='ocr_carea' id='block_1_79' title="bbox 2235 1972 3842 2049">
    <p class='ocr_par' dir='ltr' id='par_1_79' title="bbox 2235 1972 3842 2049">
     <span class='ocr_line' id='line_1_79' title="bbox 2235 1972 3842 2049; baseline -0.002 -17"><span class='ocrx_word' id='word_1_598' title='bbox 2235 1986 2451 2049; x_wconf 86' lang='lat' dir='ltr'><strong>peccata</strong></span> <span class='ocrx_word' id='word_1_599' title='bbox 2477 1976 2761 2032; x_wconf 85' lang='lat' dir='ltr'><strong>adumbrat</strong></span> <span class='ocrx_word' id='word_1_600' title='bbox 2787 1994 2803 2032; x_wconf 88' lang='lat'><strong>:</strong></span> <span class='ocrx_word' id='word_1_601' title='bbox 2828 1975 2925 2033; x_wconf 86' lang='lat' dir='ltr'><strong>sed</strong></span> <span class='ocrx_word' id='word_1_602' title='bbox 2964 1977 3142 2032; x_wconf 85' lang='lat' dir='ltr'><strong>omnia</strong></span> <span class='ocrx_word' id='word_1_603' title='bbox 3177 1976 3233 2031; x_wconf 90' lang='lat' dir='ltr'><strong>in</strong></span> <span class='ocrx_word' id='word_1_604' title='bbox 3260 1974 3495 2030; x_wconf 85' lang='lat' dir='ltr'><strong>medium</strong></span> <span class='ocrx_word' id='word_1_605' title='bbox 3527 1972 3686 2029; x_wconf 86' lang='lat' dir='ltr'><strong>nobis</strong></span> <span class='ocrx_word' id='word_1_606' title='bbox 3711 1987 3842 2043; x_wconf 81' lang='lat' dir='ltr'><strong>pro-</strong></span> 
     </span>
    </p>
   </div>
   <div class='ocr_carea' id='block_1_80' title="bbox 2232 2065 3835 2139">
    <p class='ocr_par' dir='ltr' id='par_1_80' title="bbox 2232 2065 3835 2139">
     <span class='ocr_line' id='line_1_80' title="bbox 2232 2065 3835 2139; baseline -0.002 -15"><span class='ocrx_word' id='word_1_607' title='bbox 2232 2068 2399 2139; x_wconf 85' lang='lat' dir='ltr'><strong>ponit,</strong></span> <span class='ocrx_word' id='word_1_608' title='bbox 2430 2078 2487 2123; x_wconf 92' lang='lat' dir='ltr'><strong>ut</strong></span> <span class='ocrx_word' id='word_1_609' title='bbox 2507 2069 2744 2139; x_wconf 83' lang='lat' dir='ltr'><strong>regulam</strong></span> <span class='ocrx_word' id='word_1_610' title='bbox 2769 2078 2825 2123; x_wconf 89' lang='lat' dir='ltr'><strong>et</strong></span> <span class='ocrx_word' id='word_1_611' title='bbox 2860 2067 3157 2123; x_wconf 86' lang='lat' dir='ltr'><strong>doctrinam</strong></span> <span class='ocrx_word' id='word_1_612' title='bbox 3186 2066 3472 2139; x_wconf 86' lang='lat' dir='ltr'><strong>quamdam</strong></span> <span class='ocrx_word' id='word_1_613' title='bbox 3512 2065 3835 2133; x_wconf 79' lang='lat' dir='ltr'><strong>habeamus,</strong></span> 
     </span>
    </p>
   </div>
   <div class='ocr_carea' id='block_1_81' title="bbox 2230 2157 3841 2230">
    <p class='ocr_par' dir='ltr' id='par_1_81' title="bbox 2230 2157 3841 2230">
     <span class='ocr_line' id='line_1_81' title="bbox 2230 2157 3841 2230; baseline -0.002 -15"><span class='ocrx_word' id='word_1_614' title='bbox 2230 2168 2284 2215; x_wconf 89' lang='lat' dir='ltr'><strong>et</strong></span> <span class='ocrx_word' id='word_1_615' title='bbox 2326 2166 2385 2214; x_wconf 90' lang='lat' dir='ltr'><strong>ut</strong></span> <span class='ocrx_word' id='word_1_616' title='bbox 2435 2158 2481 2213; x_wconf 89' lang='lat' dir='ltr'><strong>si</strong></span> <span class='ocrx_word' id='word_1_617' title='bbox 2510 2158 2724 2230; x_wconf 88' lang='lat' dir='ltr'><strong>quando</strong></span> <span class='ocrx_word' id='word_1_618' title='bbox 2750 2159 2913 2214; x_wconf 88' lang='lat' dir='ltr'><strong>etiam</strong></span> <span class='ocrx_word' id='word_1_619' title='bbox 2944 2173 3043 2215; x_wconf 88' lang='lat' dir='ltr'><strong>nos</strong></span> <span class='ocrx_word' id='word_1_620' title='bbox 3070 2174 3168 2229; x_wconf 89' lang='lat' dir='ltr'><strong>per</strong></span> <span class='ocrx_word' id='word_1_621' title='bbox 3190 2158 3495 2215; x_wconf 85' lang='lat' dir='ltr'><strong>socordiam</strong></span> <span class='ocrx_word' id='word_1_622' title='bbox 3522 2158 3577 2214; x_wconf 87' lang='lat' dir='ltr'><strong>in</strong></span> <span class='ocrx_word' id='word_1_623' title='bbox 3602 2157 3734 2229; x_wconf 84' lang='lat' dir='ltr'><strong>quid</strong></span> <span class='ocrx_word' id='word_1_624' title='bbox 3756 2158 3841 2212; x_wconf 75' lang='lat' dir='ltr'><strong>vi—</strong></span> 
     </span>
    </p>
   </div>
   <div class='ocr_carea' id='block_1_82' title="bbox 2230 2248 3842 2319">
    <p class='ocr_par' dir='ltr' id='par_1_82' title="bbox 2230 2248 3842 2319">
     <span class='ocr_line' id='line_1_82' title="bbox 2230 2248 3842 2319; baseline -0.001 -15"><span class='ocrx_word' id='word_1_625' title='bbox 2230 2250 2290 2305; x_wconf 87' lang='lat' dir='ltr'><strong>tii</strong></span> <span class='ocrx_word' id='word_1_626' title='bbox 2342 2248 2713 2317; x_wconf 80' lang='lat' dir='ltr'><strong>incideriuius,</strong></span> <span class='ocrx_word' id='word_1_627' title='bbox 2763 2250 3033 2305; x_wconf 85' lang='lat' dir='ltr'><strong>cautiores</strong></span> <span class='ocrx_word' id='word_1_628' title='bbox 3080 2250 3251 2305; x_wconf 87' lang='lat' dir='ltr'><strong>simus</strong></span> <span class='ocrx_word' id='word_1_629' title='bbox 3296 2258 3503 2319; x_wconf 88' lang='lat' dir='ltr'><strong>postea.</strong></span> <span class='ocrx_word' id='word_1_630' title='bbox 3546 2263 3619 2305; x_wconf 77' lang='lat' dir='ltr'><strong>ne</strong></span> <span class='ocrx_word' id='word_1_631' title='bbox 3650 2248 3842 2303; x_wconf 82' lang='lat' dir='ltr'><strong>denuo</strong></span> 
     </span>
    </p>
   </div>
   <div class='ocr_carea' id='block_1_83' title="bbox 2231 2340 3833 2413">
    <p class='ocr_par' dir='ltr' id='par_1_83' title="bbox 2231 2340 3833 2413">
     <span class='ocr_line' id='line_1_83' title="bbox 2231 2340 3833 2413; baseline 0.001 -17"><span class='ocrx_word' id='word_1_632' title='bbox 2231 2340 2548 2397; x_wconf 88' lang='lat' dir='ltr'><strong>incidamus.</strong></span> <span class='ocrx_word' id='word_1_633' title='bbox 2579 2341 2761 2413; x_wconf 82' lang='lat' dir='ltr'><strong>Neque</strong></span> <span class='ocrx_word' id='word_1_634' title='bbox 2786 2344 2929 2397; x_wconf 88' lang='lat' dir='ltr'><strong>enim</strong></span> <span class='ocrx_word' id='word_1_635' title='bbox 2954 2351 3064 2397; x_wconf 90' lang='lat' dir='ltr'><strong>tam</strong></span> <span class='ocrx_word' id='word_1_636' title='bbox 3083 2356 3252 2413; x_wconf 76' lang='lat' dir='ltr'><strong>grave</strong></span> <span class='ocrx_word' id='word_1_637' title='bbox 3272 2351 3356 2398; x_wconf 86' lang='lat' dir='ltr'><strong>est</strong></span> <span class='ocrx_word' id='word_1_638' title='bbox 3382 2355 3629 2413; x_wconf 82' lang='lat' dir='ltr'><strong>peccare,</strong></span> <span class='ocrx_word' id='word_1_639' title='bbox 3664 2355 3833 2411; x_wconf 68' lang='lat' dir='ltr'><strong>quin</strong></span> 
     </span>
    </p>
   </div>
   <div class='ocr_carea' id='block_1_84' title="bbox 2232 2426 3831 2499">
    <p class='ocr_par' dir='ltr' id='par_1_84' title="bbox 2232 2426 3831 2499">
     <span class='ocr_line' id='line_1_84' title="bbox 2232 2426 3831 2499; baseline -0.001 -17"><span class='ocrx_word' id='word_1_640' title='bbox 2232 2426 2286 2482; x_wconf 88' lang='lat' dir='ltr'><strong>in</strong></span> <span class='ocrx_word' id='word_1_641' title='bbox 2331 2427 2565 2499; x_wconf 86' lang='lat' dir='ltr'><strong>peccatis</strong></span> <span class='ocrx_word' id='word_1_642' title='bbox 2612 2441 2979 2496; x_wconf 80' lang='lat' dir='ltr'><strong>perseverare.</strong></span> <span class='ocrx_word' id='word_1_643' title='bbox 3028 2426 3213 2498; x_wconf 87' lang='lat' dir='ltr'><strong>Itaque</strong></span> <span class='ocrx_word' id='word_1_644' title='bbox 3252 2441 3358 2481; x_wconf 88' lang='lat' dir='ltr'><strong>non</strong></span> <span class='ocrx_word' id='word_1_645' title='bbox 3384 2426 3604 2481; x_wconf 89' lang='lat' dir='ltr'><strong>attende</strong></span> <span class='ocrx_word' id='word_1_646' title='bbox 3645 2426 3831 2481; x_wconf 62' lang='lat' dir='ltr'><strong>suum</strong></span> 
     </span>
    </p>
   </div>
   <div class='ocr_carea' id='block_1_85' title="bbox 2230 2515 3842 2589">
    <p class='ocr_par' dir='ltr' id='par_1_85' title="bbox 2230 2515 3842 2589">
     <span class='ocr_line' id='line_1_85' title="bbox 2230 2515 3842 2589; baseline 0 -16"><span class='ocrx_word' id='word_1_647' title='bbox 2230 2517 2375 2589; x_wconf 85' lang='lat' dir='ltr'><strong>quod</strong></span> <span class='ocrx_word' id='word_1_648' title='bbox 2405 2517 2696 2573; x_wconf 86' lang='lat' dir='ltr'><strong>inebriatus</strong></span> <span class='ocrx_word' id='word_1_649' title='bbox 2738 2520 2807 2574; x_wconf 89' lang='lat' dir='ltr'><strong>sit</strong></span> <span class='ocrx_word' id='word_1_650' title='bbox 2846 2518 3056 2589; x_wconf 82' lang='lat' dir='ltr'><strong>justus,</strong></span> <span class='ocrx_word' id='word_1_651' title='bbox 3094 2516 3192 2573; x_wconf 87' lang='lat' dir='ltr'><strong>sed</strong></span> <span class='ocrx_word' id='word_1_652' title='bbox 3219 2516 3361 2589; x_wconf 88' lang='lat' dir='ltr'><strong>quod</strong></span> <span class='ocrx_word' id='word_1_653' title='bbox 3390 2527 3576 2588; x_wconf 82' lang='lat' dir='ltr'><strong>postea</strong></span> <span class='ocrx_word' id='word_1_654' title='bbox 3603 2532 3715 2571; x_wconf 80' lang='lat' dir='ltr'><strong>non</strong></span> <span class='ocrx_word' id='word_1_655' title='bbox 3736 2515 3842 2573; x_wconf 82' lang='lat' dir='ltr'><strong>ite-</strong></span> 
     </span>
    </p>
   </div>
   <div class='ocr_carea' id='block_1_86' title="bbox 2231 2605 3842 2676">
    <p class='ocr_par' dir='ltr' id='par_1_86' title="bbox 2231 2605 3842 2676">
     <span class='ocr_line' id='line_1_86' title="bbox 2231 2605 3842 2676; baseline 0.001 -14"><span class='ocrx_word' id='word_1_656' title='bbox 2231 2622 2350 2662; x_wconf 88' lang='lat' dir='ltr'><strong>rum</strong></span> <span class='ocrx_word' id='word_1_657' title='bbox 2380 2605 2484 2663; x_wconf 82' lang='lat' dir='ltr'><strong>hoc</strong></span> <span class='ocrx_word' id='word_1_658' title='bbox 2511 2606 2561 2663; x_wconf 89' lang='lat' dir='ltr'><strong>ei</strong></span> <span class='ocrx_word' id='word_1_659' title='bbox 2602 2607 2878 2664; x_wconf 81' lang='lat' dir='ltr'><strong>acciderit.</strong></span> <span class='ocrx_word' id='word_1_660' title='bbox 2928 2608 3064 2662; x_wconf 88' lang='lat' dir='ltr'><strong>Illud</strong></span> <span class='ocrx_word' id='word_1_661' title='bbox 3106 2621 3236 2663; x_wconf 82' lang='lat' dir='ltr'><strong>vero</strong></span> <span class='ocrx_word' id='word_1_662' title='bbox 3263 2606 3544 2663; x_wconf 89' lang='lat' dir='ltr'><strong>considera</strong></span> <span class='ocrx_word' id='word_1_663' title='bbox 3569 2648 3586 2674; x_wconf 93' lang='lat'><strong>,</strong></span> <span class='ocrx_word' id='word_1_664' title='bbox 3617 2620 3715 2662; x_wconf 86' lang='lat' dir='ltr'><strong>eos</strong></span> <span class='ocrx_word' id='word_1_665' title='bbox 3743 2606 3842 2676; x_wconf 87' lang='lat' dir='ltr'><strong>qui</strong></span> 
     </span>
    </p>
   </div>
   <div class='ocr_carea' id='block_1_87' title="bbox 2236 2699 3843 2769">
    <p class='ocr_par' dir='ltr' id='par_1_87' title="bbox 2236 2699 3843 2769">
     <span class='ocr_line' id='line_1_87' title="bbox 2236 2699 3843 2769; baseline 0 -16"><span class='ocrx_word' id='word_1_666' title='bbox 2236 2699 2289 2754; x_wconf 92' lang='lat' dir='ltr'><strong>in</strong></span> <span class='ocrx_word' id='word_1_667' title='bbox 2334 2699 2570 2755; x_wconf 89' lang='lat' dir='ltr'><strong>tabernis</strong></span> <span class='ocrx_word' id='word_1_668' title='bbox 2601 2700 2818 2754; x_wconf 79' lang='lat' dir='ltr'><strong>vinariis</strong></span> <span class='ocrx_word' id='word_1_669' title='bbox 2855 2700 3092 2769; x_wconf 89' lang='lat' dir='ltr'><strong>quotidie</strong></span> <span class='ocrx_word' id='word_1_670' title='bbox 3116 2711 3507 2754; x_wconf 79' lang='lat' dir='ltr'><strong>consumuntur</strong></span> <span class='ocrx_word' id='word_1_671' title='bbox 3527 2740 3545 2764; x_wconf 91' lang='lat'><strong>,</strong></span> <span class='ocrx_word' id='word_1_672' title='bbox 3575 2706 3633 2754; x_wconf 85' lang='lat' dir='ltr'><strong>et</strong></span> <span class='ocrx_word' id='word_1_673' title='bbox 3662 2699 3843 2753; x_wconf 81' lang='lat' dir='ltr'><strong>ferme</strong></span> 
     </span>
    </p>
   </div>
   <div class='ocr_carea' id='block_1_88' title="bbox 2233 2786 3844 2861">
    <p class='ocr_par' dir='ltr' id='par_1_88' title="bbox 2233 2786 3844 2861">
     <span class='ocr_line' id='line_1_88' title="bbox 2233 2786 3844 2861; baseline 0.002 -18"><span class='ocrx_word' id='word_1_674' title='bbox 2233 2786 2480 2855; x_wconf 77' lang='lat' dir='ltr'><strong>dixerim,</strong></span> <span class='ocrx_word' id='word_1_675' title='bbox 2494 2789 2729 2859; x_wconf 89' lang='lat' dir='ltr'><strong>quotidie</strong></span> <span class='ocrx_word' id='word_1_676' title='bbox 2747 2791 3045 2844; x_wconf 85' lang='lat' dir='ltr'><strong>moriuntur</strong></span> <span class='ocrx_word' id='word_1_677' title='bbox 3069 2807 3083 2843; x_wconf 90' lang='lat'><strong>:</strong></span> <span class='ocrx_word' id='word_1_678' title='bbox 3102 2788 3310 2843; x_wconf 85' lang='lat' dir='ltr'><strong>etiamsi</strong></span> <span class='ocrx_word' id='word_1_679' title='bbox 3337 2787 3552 2859; x_wconf 82' lang='lat' dir='ltr'><strong>quando</strong></span> <span class='ocrx_word' id='word_1_680' title='bbox 3573 2788 3659 2861; x_wconf 90' lang='lat' dir='ltr'><strong>sul</strong></span> <span class='ocrx_word' id='word_1_681' title='bbox 3682 2801 3844 2847; x_wconf 79' lang='lat' dir='ltr'><strong>corn-</strong></span> 
     </span>
    </p>
   </div>
   <div class='ocr_carea' id='block_1_89' title="bbox 2235 2876 3838 2949">
    <p class='ocr_par' dir='ltr' id='par_1_89' title="bbox 2235 2876 3838 2949">
     <span class='ocr_line' id='line_1_89' title="bbox 2235 2876 3838 2949; baseline 0.002 -19"><span class='ocrx_word' id='word_1_682' title='bbox 2235 2887 2386 2946; x_wconf 90' lang='lat' dir='ltr'><strong>potes</strong></span> <span class='ocrx_word' id='word_1_683' title='bbox 2429 2876 2625 2933; x_wconf 90' lang='lat' dir='ltr'><strong>fuerint</strong></span> <span class='ocrx_word' id='word_1_684' title='bbox 2670 2878 2831 2943; x_wconf 84' lang='lat' dir='ltr'><strong>facti,</strong></span> <span class='ocrx_word' id='word_1_685' title='bbox 2864 2894 3037 2949; x_wconf 88' lang='lat' dir='ltr'><strong>neque</strong></span> <span class='ocrx_word' id='word_1_686' title='bbox 3058 2881 3135 2933; x_wconf 85' lang='lat' dir='ltr'><strong>sic</strong></span> <span class='ocrx_word' id='word_1_687' title='bbox 3179 2879 3280 2933; x_wconf 88' lang='lat' dir='ltr'><strong>sibi</strong></span> <span class='ocrx_word' id='word_1_688' title='bbox 3320 2887 3509 2934; x_wconf 84' lang='lat' dir='ltr'><strong>cavent</strong></span> <span class='ocrx_word' id='word_1_689' title='bbox 3540 2878 3612 2933; x_wconf 84' lang='lat' dir='ltr'><strong>ab</strong></span> <span class='ocrx_word' id='word_1_690' title='bbox 3636 2878 3838 2934; x_wconf 76' lang='lat' dir='ltr'><strong>eodem</strong></span> 
     </span>
    </p>
   </div>
   <div class='ocr_carea' id='block_1_90' title="bbox 2234 2966 3844 3040">
    <p class='ocr_par' dir='ltr' id='par_1_90' title="bbox 2234 2966 3844 3040">
     <span class='ocr_line' id='line_1_90' title="bbox 2234 2966 3844 3040; baseline 0.002 -20"><span class='ocrx_word' id='word_1_691' title='bbox 2234 2966 2509 3035; x_wconf 88' lang='lat' dir='ltr'><strong>periculo,</strong></span> <span class='ocrx_word' id='word_1_692' title='bbox 2537 2967 2629 3023; x_wconf 88' lang='lat' dir='ltr'><strong>sed</strong></span> <span class='ocrx_word' id='word_1_693' title='bbox 2660 2970 2810 3038; x_wconf 87' lang='lat' dir='ltr'><strong>quasi</strong></span> <span class='ocrx_word' id='word_1_694' title='bbox 2846 2969 2913 3023; x_wconf 84' lang='lat' dir='ltr'><strong>ad</strong></span> <span class='ocrx_word' id='word_1_695' title='bbox 2944 2985 3080 3039; x_wconf 87' lang='lat' dir='ltr'><strong>opus</strong></span> <span class='ocrx_word' id='word_1_696' title='bbox 3109 2969 3379 3040; x_wconf 86' lang='lat' dir='ltr'><strong>quoddam</strong></span> <span class='ocrx_word' id='word_1_697' title='bbox 3407 2976 3685 3024; x_wconf 80' lang='lat' dir='ltr'><strong>strenuum</strong></span> <span class='ocrx_word' id='word_1_698' title='bbox 3718 2968 3844 3024; x_wconf 80' lang='lat' dir='ltr'><strong>red-</strong></span> 
     </span>
    </p>
   </div>
   <div class='ocr_carea' id='block_1_91' title="bbox 2232 3057 3834 3131">
    <p class='ocr_par' dir='ltr' id='par_1_91' title="bbox 2232 3057 3834 3131">
     <span class='ocr_line' id='line_1_91' title="bbox 2232 3057 3834 3131; baseline 0.003 -20"><span class='ocrx_word' id='word_1_699' title='bbox 2232 3065 2380 3112; x_wconf 91' lang='lat' dir='ltr'><strong>eunt.</strong></span> <span class='ocrx_word' id='word_1_700' title='bbox 2426 3057 2645 3130; x_wconf 87' lang='lat' dir='ltr'><strong>insuper</strong></span> <span class='ocrx_word' id='word_1_701' title='bbox 2701 3069 2758 3115; x_wconf 86' lang='lat' dir='ltr'><strong>et</strong></span> <span class='ocrx_word' id='word_1_702' title='bbox 2803 3058 2905 3115; x_wconf 80' lang='lat' dir='ltr'><strong>ll0¢</strong></span> <span class='ocrx_word' id='word_1_703' title='bbox 2958 3061 3078 3131; x_wconf 86' lang='lat' dir='ltr'><strong>quis</strong></span> <span class='ocrx_word' id='word_1_704' title='bbox 3114 3060 3238 3129; x_wconf 88' lang='lat' dir='ltr'><strong>jure</strong></span> <span class='ocrx_word' id='word_1_705' title='bbox 3277 3059 3564 3131; x_wconf 81' lang='lat' dir='ltr'><strong>cogitabit,</strong></span> <span class='ocrx_word' id='word_1_706' title='bbox 3624 3059 3834 3130; x_wconf 81' lang='lat' dir='ltr'><strong>justum</strong></span> 
     </span>
    </p>
   </div>
   <div class='ocr_carea' id='block_1_92' title="bbox 2236 3147 3841 3222">
    <p class='ocr_par' dir='ltr' id='par_1_92' title="bbox 2236 3147 3841 3222">
     <span class='ocr_line' id='line_1_92' title="bbox 2236 3147 3841 3222; baseline 0.004 -21"><span class='ocrx_word' id='word_1_707' title='bbox 2236 3147 2405 3212; x_wconf 90' lang='lat' dir='ltr'><strong>illum,</strong></span> <span class='ocrx_word' id='word_1_708' title='bbox 2452 3150 2553 3204; x_wconf 87' lang='lat' dir='ltr'><strong>etsi</strong></span> <span class='ocrx_word' id='word_1_709' title='bbox 2593 3150 2735 3219; x_wconf 78' lang='lat' dir='ltr'><strong>quo]</strong></span> <span class='ocrx_word' id='word_1_710' title='bbox 2767 3164 2871 3203; x_wconf 89' lang='lat' dir='ltr'><strong>non</strong></span> <span class='ocrx_word' id='word_1_711' title='bbox 2912 3160 3164 3220; x_wconf 77' lang='lat' dir='ltr'><strong>expertus</strong></span> <span class='ocrx_word' id='word_1_712' title='bbox 3205 3158 3369 3216; x_wconf 86' lang='lat' dir='ltr'><strong>esset,</strong></span> <span class='ocrx_word' id='word_1_713' title='bbox 3401 3166 3501 3205; x_wconf 90' lang='lat' dir='ltr'><strong>uec</strong></span> <span class='ocrx_word' id='word_1_714' title='bbox 3539 3152 3704 3207; x_wconf 57' lang='lat' dir='ltr'><strong>sciret</strong></span> <span class='ocrx_word' id='word_1_715' title='bbox 3729 3166 3841 3222; x_wconf 78' lang='lat' dir='ltr'><strong>qua</strong></span> 
     </span>
    </p>
   </div>
   <div class='ocr_carea' id='block_1_93' title="bbox 2237 3238 3843 3305">
    <p class='ocr_par' dir='ltr' id='par_1_93' title="bbox 2237 3238 3843 3305">
     <span class='ocr_line' id='line_1_93' title="bbox 2237 3238 3843 3305; baseline 0.006 -16"><span class='ocrx_word' id='word_1_716' title='bbox 2237 3250 2489 3291; x_wconf 84' lang='lat' dir='ltr'><strong>mensura</strong></span> <span class='ocrx_word' id='word_1_717' title='bbox 2525 3248 2672 3292; x_wconf 84' lang='lat' dir='ltr'><strong>esset</strong></span> <span class='ocrx_word' id='word_1_718' title='bbox 2693 3238 2944 3293; x_wconf 90' lang='lat' dir='ltr'><strong>utendum</strong></span> <span class='ocrx_word' id='word_1_719' title='bbox 2964 3281 2980 3305; x_wconf 93' lang='lat'><strong>,</strong></span> <span class='ocrx_word' id='word_1_720' title='bbox 3012 3239 3301 3295; x_wconf 87' lang='lat' dir='ltr'><strong>inebriatus</strong></span> <span class='ocrx_word' id='word_1_721' title='bbox 3319 3239 3422 3305; x_wconf 89' lang='lat' dir='ltr'><strong>sit;</strong></span> <span class='ocrx_word' id='word_1_722' title='bbox 3454 3248 3687 3302; x_wconf 85' lang='lat' dir='ltr'><strong>attamen</strong></span> <span class='ocrx_word' id='word_1_723' title='bbox 3713 3256 3843 3304; x_wconf 69' lang='lat' dir='ltr'><strong>cuiu</strong></span> 
     </span>
    </p>
   </div>
   <div class='ocr_carea' id='block_1_94' title="bbox 2234 3325 3841 3402">
    <p class='ocr_par' dir='ltr' id='par_1_94' title="bbox 2234 3325 3841 3402">
     <span class='ocr_line' id='line_1_94' title="bbox 2234 3325 3841 3402; baseline 0.006 -23"><span class='ocrx_word' id='word_1_724' title='bbox 2234 3325 2413 3395; x_wconf 82' lang='lat' dir='ltr'><strong>justus</strong></span> <span class='ocrx_word' id='word_1_725' title='bbox 2442 3340 2603 3392; x_wconf 85' lang='lat' dir='ltr'><strong>esset,</strong></span> <span class='ocrx_word' id='word_1_726' title='bbox 2654 3338 2707 3382; x_wconf 85' lang='lat' dir='ltr'><strong>et</strong></span> <span class='ocrx_word' id='word_1_727' title='bbox 2747 3330 2926 3383; x_wconf 86' lang='lat' dir='ltr'><strong>multis</strong></span> <span class='ocrx_word' id='word_1_728' title='bbox 2953 3328 3107 3386; x_wconf 84' lang='lat' dir='ltr'><strong>bouis</strong></span> <span class='ocrx_word' id='word_1_729' title='bbox 3148 3329 3371 3400; x_wconf 74' lang='lat' dir='ltr'><strong>polleret</strong></span> <span class='ocrx_word' id='word_1_730' title='bbox 3408 3332 3678 3401; x_wconf 81' lang='lat' dir='ltr'><strong>operibus,</strong></span> <span class='ocrx_word' id='word_1_731' title='bbox 3714 3347 3841 3402; x_wconf 82' lang='lat' dir='ltr'><strong>pee-</strong></span> 
     </span>
    </p>
   </div>
   <div class='ocr_carea' id='block_1_95' title="bbox 2204 3421 3842 3493">
    <p class='ocr_par' dir='ltr' id='par_1_95' title="bbox 2204 3421 3842 3493">
     <span class='ocr_line' id='line_1_95' title="bbox 2204 3421 3842 3493; baseline 0.006 -22"><span class='ocrx_word' id='word_1_732' title='bbox 2204 3428 2435 3483; x_wconf 85' lang='lat' dir='ltr'><strong>catum,</strong></span> <span class='ocrx_word' id='word_1_733' title='bbox 2490 3421 2630 3490; x_wconf 88' lang='lat' dir='ltr'><strong>quod</strong></span> <span class='ocrx_word' id='word_1_734' title='bbox 2680 3436 2806 3475; x_wconf 89' lang='lat' dir='ltr'><strong>casu</strong></span> <span class='ocrx_word' id='word_1_735' title='bbox 2843 3424 3042 3489; x_wconf 84' lang='lat' dir='ltr'><strong>evenit,</strong></span> <span class='ocrx_word' id='word_1_736' title='bbox 3099 3422 3352 3493; x_wconf 85' lang='lat' dir='ltr'><strong>obtegere</strong></span> <span class='ocrx_word' id='word_1_737' title='bbox 3405 3424 3685 3492; x_wconf 88' lang='lat' dir='ltr'><strong>potuisse:</strong></span> <span class='ocrx_word' id='word_1_738' title='bbox 3738 3440 3842 3481; x_wconf 82' lang='lat' dir='ltr'><strong>nos</strong></span> 
     </span>
    </p>
   </div>
   <div class='ocr_carea' id='block_1_96' title="bbox 2235 3510 3838 3571">
    <p class='ocr_par' dir='ltr' id='par_1_96' title="bbox 2235 3510 3838 3571">
     <span class='ocr_line' id='line_1_96' title="bbox 2235 3510 3838 3571; baseline 0.006 -10"><span class='ocrx_word' id='word_1_739' title='bbox 2235 3517 2412 3562; x_wconf 87' lang='lat' dir='ltr'><strong>autem</strong></span> <span class='ocrx_word' id='word_1_740' title='bbox 2454 3524 2574 3564; x_wconf 75' lang='lat' dir='ltr'><strong>eum</strong></span> <span class='ocrx_word' id='word_1_741' title='bbox 2609 3510 2987 3567; x_wconf 86' lang='lat' dir='ltr'><strong>abinnnmeris</strong></span> <span class='ocrx_word' id='word_1_742' title='bbox 3034 3513 3151 3568; x_wconf 90' lang='lat' dir='ltr'><strong>aliis</strong></span> <span class='ocrx_word' id='word_1_743' title='bbox 3205 3513 3574 3569; x_wconf 84' lang='lat' dir='ltr'><strong>affectionibus</strong></span> <span class='ocrx_word' id='word_1_744' title='bbox 3613 3514 3720 3569; x_wconf 89' lang='lat' dir='ltr'><strong>infe</strong></span> <span class='ocrx_word' id='word_1_745' title='bbox 3754 3526 3838 3571; x_wconf 81' lang='lat' dir='ltr'><strong>te-</strong></span> 
     </span>
    </p>
   </div>
   <div class='ocr_carea' id='block_1_97' title="bbox 2237 3606 3836 3681">
    <p class='ocr_par' dir='ltr' id='par_1_97' title="bbox 2237 3606 3836 3681">
     <span class='ocr_line' id='line_1_97' title="bbox 2237 3606 3836 3681; baseline 0.002 -20"><span class='ocrx_word' id='word_1_746' title='bbox 2237 3622 2376 3674; x_wconf 89' lang='lat' dir='ltr'><strong>mur,</strong></span> <span class='ocrx_word' id='word_1_747' title='bbox 2418 3617 2472 3662; x_wconf 90' lang='lat' dir='ltr'><strong>et</strong></span> <span class='ocrx_word' id='word_1_748' title='bbox 2514 3606 2614 3662; x_wconf 88' lang='lat' dir='ltr'><strong>boc</strong></span> <span class='ocrx_word' id='word_1_749' title='bbox 2653 3607 2933 3674; x_wconf 81' lang='lat' dir='ltr'><strong>addamus,</strong></span> <span class='ocrx_word' id='word_1_750' title='bbox 2966 3618 3022 3664; x_wconf 91' lang='lat' dir='ltr'><strong>ut</strong></span> <span class='ocrx_word' id='word_1_751' title='bbox 3050 3619 3102 3664; x_wconf 89' lang='lat' dir='ltr'><strong>et</strong></span> <span class='ocrx_word' id='word_1_752' title='bbox 3132 3608 3200 3662; x_wconf 85' lang='lat' dir='ltr'><strong>ab</strong></span> <span class='ocrx_word' id='word_1_753' title='bbox 3231 3609 3490 3665; x_wconf 84' lang='lat' dir='ltr'><strong>ebrietate</strong></span> <span class='ocrx_word' id='word_1_754' title='bbox 3518 3610 3836 3681; x_wconf 80' lang='lat' dir='ltr'><strong>submerga-</strong></span> 
     </span>
    </p>
   </div>
   <div class='ocr_carea' id='block_1_98' title="bbox 2238 3699 3842 3770">
    <p class='ocr_par' dir='ltr' id='par_1_98' title="bbox 2238 3699 3842 3770">
     <span class='ocr_line' id='line_1_98' title="bbox 2238 3699 3842 3770; baseline 0.001 -17"><span class='ocrx_word' id='word_1_755' title='bbox 2238 3713 2376 3762; x_wconf 88' lang='lat' dir='ltr'><strong>mur,</strong></span> <span class='ocrx_word' id='word_1_756' title='bbox 2429 3699 2553 3769; x_wconf 91' lang='lat' dir='ltr'><strong>quid</strong></span> <span class='ocrx_word' id='word_1_757' title='bbox 2598 3699 2910 3754; x_wconf 79' lang='lat' dir='ltr'><strong>excusabit?</strong></span> <span class='ocrx_word' id='word_1_758' title='bbox 2943 3699 3023 3755; x_wconf 82' lang='lat' dir='ltr'><strong>vel</strong></span> <span class='ocrx_word' id='word_1_759' title='bbox 3061 3699 3202 3769; x_wconf 89' lang='lat' dir='ltr'><strong>quis,</strong></span> <span class='ocrx_word' id='word_1_760' title='bbox 3234 3700 3339 3762; x_wconf 86' lang='lat' dir='ltr'><strong>dic,</strong></span> <span class='ocrx_word' id='word_1_761' title='bbox 3369 3715 3487 3765; x_wconf 89' lang='lat' dir='ltr'><strong>oro,</strong></span> <span class='ocrx_word' id='word_1_762' title='bbox 3521 3716 3618 3754; x_wconf 87' lang='lat' dir='ltr'><strong>nos</strong></span> <span class='ocrx_word' id='word_1_763' title='bbox 3643 3699 3842 3770; x_wconf 74' lang='lat' dir='ltr'><strong>digna-</strong></span> 
     </span>
    </p>
   </div>
   <div class='ocr_carea' id='block_1_99' title="bbox 2237 3789 3846 3862">
    <p class='ocr_par' dir='ltr' id='par_1_99' title="bbox 2237 3789 3846 3862">
     <span class='ocr_line' id='line_1_99' title="bbox 2237 3789 3846 3862; baseline 0.001 -17"><span class='ocrx_word' id='word_1_764' title='bbox 2237 3789 2378 3845; x_wconf 84' lang='lat' dir='ltr'><strong>bitur</strong></span> <span class='ocrx_word' id='word_1_765' title='bbox 2401 3792 2575 3857; x_wconf 83' lang='lat' dir='ltr'><strong>venia,</strong></span> <span class='ocrx_word' id='word_1_766' title='bbox 2599 3805 2733 3861; x_wconf 76' lang='lat' dir='ltr'><strong>quius</strong></span> <span class='ocrx_word' id='word_1_767' title='bbox 2762 3792 2901 3847; x_wconf 84' lang='lat' dir='ltr'><strong>nulla</strong></span> <span class='ocrx_word' id='word_1_768' title='bbox 2931 3792 3261 3862; x_wconf 71' lang='lat' dir='ltr'><strong>experientia</strong></span> <span class='ocrx_word' id='word_1_769' title='bbox 3289 3791 3411 3846; x_wconf 77' lang='lat' dir='ltr'><strong>facit</strong></span> <span class='ocrx_word' id='word_1_770' title='bbox 3431 3793 3846 3862; x_wconf 76' lang='lat' dir='ltr'><strong>castigatiores’</strong></span> 
     </span>
    </p>
   </div>
   <div class='ocr_carea' id='block_1_100' title="bbox 2239 3878 3843 3953">
    <p class='ocr_par' dir='ltr' id='par_1_100' title="bbox 2239 3878 3843 3953">
     <span class='ocr_line' id='line_1_100' title="bbox 2239 3878 3843 3953; baseline 0.002 -20"><span class='ocrx_word' id='word_1_771' title='bbox 2239 3878 2511 3951; x_wconf 73' lang='lat' dir='ltr'><strong>Evigilavit</strong></span> <span class='ocrx_word' id='word_1_772' title='bbox 2552 3894 2718 3934; x_wconf 58' lang='lat' dir='ltr'><strong>autem</strong></span> <span class='ocrx_word' id='word_1_773' title='bbox 2766 3880 2898 3947; x_wconf 79' lang='lat' dir='ltr'><strong>Noe,</strong></span> <span class='ocrx_word' id='word_1_774' title='bbox 2946 3882 3135 3951; x_wconf 87' lang='lat' dir='ltr'><strong>inquit,</strong></span> <span class='ocrx_word' id='word_1_775' title='bbox 3163 3900 3195 3933; x_wconf 93' lang='lat' dir='ltr'><strong>a</strong></span> <span class='ocrx_word' id='word_1_776' title='bbox 3223 3883 3358 3945; x_wconf 77' lang='lat' dir='ltr'><strong>uiuo,</strong></span> <span class='ocrx_word' id='word_1_777' title='bbox 3390 3892 3438 3934; x_wconf 90' lang='lat' dir='ltr'><strong>et</strong></span> <span class='ocrx_word' id='word_1_778' title='bbox 3462 3886 3691 3953; x_wconf 73' lang='lat' dir='ltr'><strong>cognouit</strong></span> <span class='ocrx_word' id='word_1_779' title='bbox 3717 3899 3843 3951; x_wconf 74' lang='lat' dir='ltr'><strong>qua:</strong></span> 
     </span>
    </p>
   </div>
   <div class='ocr_carea' id='block_1_101' title="bbox 2239 3972 3845 4044">
    <p class='ocr_par' dir='ltr' id='par_1_101' title="bbox 2239 3972 3845 4044">
     <span class='ocr_line' id='line_1_101' title="bbox 2239 3972 3845 4044; baseline 0.003 -18"><span class='ocrx_word' id='word_1_780' title='bbox 2239 3973 2353 4043; x_wconf 79' lang='lat' dir='ltr'><strong>fecit</strong></span> <span class='ocrx_word' id='word_1_781' title='bbox 2372 3972 2469 4027; x_wconf 82' lang='lat' dir='ltr'><strong>sibi</strong></span> <span class='ocrx_word' id='word_1_782' title='bbox 2487 3973 2629 4041; x_wconf 76' lang='lat' dir='ltr'><strong>filius</strong></span> <span class='ocrx_word' id='word_1_783' title='bbox 2648 3989 2768 4027; x_wconf 82' lang='lat' dir='ltr'><strong>suus</strong></span> <span class='ocrx_word' id='word_1_784' title='bbox 2784 3974 2984 4043; x_wconf 81' lang='lat' dir='ltr'><strong>junior.</strong></span> <span class='ocrx_word' id='word_1_785' title='bbox 3001 3973 3152 4029; x_wconf 88' lang='lat' dir='ltr'><strong>Unde</strong></span> <span class='ocrx_word' id='word_1_786' title='bbox 3171 3975 3451 4044; x_wconf 70' lang='lat' dir='ltr'><strong>cogam-it?</strong></span> <span class='ocrx_word' id='word_1_787' title='bbox 3466 3974 3625 4030; x_wconf 86' lang='lat' dir='ltr'><strong>Forte</strong></span> <span class='ocrx_word' id='word_1_788' title='bbox 3646 3976 3845 4031; x_wconf 82' lang='lat' dir='ltr'><strong>fratres</strong></span> 
     </span>
    </p>
   </div>
   <div class='ocr_carea' id='block_1_102' title="bbox 2238 4064 3841 4135">
    <p class='ocr_par' dir='ltr' id='par_1_102' title="bbox 2238 4064 3841 4135">
     <span class='ocr_line' id='line_1_102' title="bbox 2238 4064 3841 4135; baseline 0.002 -16"><span class='ocrx_word' id='word_1_789' title='bbox 2238 4065 2691 4135; x_wconf 69' lang='lat' dir='ltr'><strong>significaret-unt,</strong></span> <span class='ocrx_word' id='word_1_790' title='bbox 2739 4080 2843 4119; x_wconf 90' lang='lat' dir='ltr'><strong>non</strong></span> <span class='ocrx_word' id='word_1_791' title='bbox 2875 4077 2931 4120; x_wconf 89' lang='lat' dir='ltr'><strong>ut</strong></span> <span class='ocrx_word' id='word_1_792' title='bbox 2974 4064 3191 4120; x_wconf 87' lang='lat' dir='ltr'><strong>fratrem</strong></span> <span class='ocrx_word' id='word_1_793' title='bbox 3220 4076 3556 4133; x_wconf 80' lang='lat' dir='ltr'><strong>accusarent,</strong></span> <span class='ocrx_word' id='word_1_794' title='bbox 3587 4068 3682 4121; x_wconf 85' lang='lat' dir='ltr'><strong>sed</strong></span> <span class='ocrx_word' id='word_1_795' title='bbox 3721 4086 3841 4123; x_wconf 85' lang='lat' dir='ltr'><strong>rcttt</strong></span> 
     </span>
    </p>
   </div>
   <div class='ocr_carea' id='block_1_103' title="bbox 2242 4157 3843 4223">
    <p class='ocr_par' dir='ltr' id='par_1_103' title="bbox 2242 4157 3843 4223">
     <span class='ocr_line' id='line_1_103' title="bbox 2242 4157 3843 4223; baseline 0.004 -14"><span class='ocrx_word' id='word_1_796' title='bbox 2242 4165 2300 4209; x_wconf 88' lang='lat' dir='ltr'><strong>ut</strong></span> <span class='ocrx_word' id='word_1_797' title='bbox 2328 4158 2462 4211; x_wconf 86' lang='lat' dir='ltr'><strong>facta</strong></span> <span class='ocrx_word' id='word_1_798' title='bbox 2487 4166 2601 4211; x_wconf 89' lang='lat' dir='ltr'><strong>erat</strong></span> <span class='ocrx_word' id='word_1_799' title='bbox 2629 4157 2903 4223; x_wconf 86' lang='lat' dir='ltr'><strong>docentes,</strong></span> <span class='ocrx_word' id='word_1_800' title='bbox 2952 4167 3008 4211; x_wconf 89' lang='lat' dir='ltr'><strong>ut</strong></span> <span class='ocrx_word' id='word_1_801' title='bbox 3035 4158 3358 4213; x_wconf 81' lang='lat' dir='ltr'><strong>conveniens</strong></span> <span class='ocrx_word' id='word_1_802' title='bbox 3386 4159 3473 4213; x_wconf 86' lang='lat' dir='ltr'><strong>ille</strong></span> <span class='ocrx_word' id='word_1_803' title='bbox 3500 4175 3600 4214; x_wconf 91' lang='lat' dir='ltr'><strong>suo</strong></span> <span class='ocrx_word' id='word_1_804' title='bbox 3630 4161 3843 4216; x_wconf 83' lang='lat' dir='ltr'><strong>vulneri</strong></span> 
     </span>
    </p>
   </div>
   <div class='ocr_carea' id='block_1_104' title="bbox 2243 4246 3843 4319">
    <p class='ocr_par' dir='ltr' id='par_1_104' title="bbox 2243 4246 3843 4319">
     <span class='ocr_line' id='line_1_104' title="bbox 2243 4246 3843 4319; baseline 0.003 -18"><span class='ocrx_word' id='word_1_805' title='bbox 2243 4248 2538 4301; x_wconf 88' lang='lat' dir='ltr'><strong>remedium</strong></span> <span class='ocrx_word' id='word_1_806' title='bbox 2587 4249 2871 4318; x_wconf 82' lang='lat' dir='ltr'><strong>acciperet.</strong></span> <span class='ocrx_word' id='word_1_807' title='bbox 2918 4246 2987 4300; x_wconf 86' lang='lat' dir='ltr'><strong>Et</strong></span> <span class='ocrx_word' id='word_1_808' title='bbox 3032 4250 3284 4319; x_wconf 76' lang='lat' dir='ltr'><strong>cognovit,</strong></span> <span class='ocrx_word' id='word_1_809' title='bbox 3330 4249 3518 4318; x_wconf 89' lang='lat' dir='ltr'><strong>inquit,</strong></span> <span class='ocrx_word' id='word_1_810' title='bbox 3566 4251 3843 4319; x_wconf 65' lang='lat' dir='ltr'><strong>Nosque:-</strong></span> 
     </span>
    </p>
   </div>
   <div class='ocr_carea' id='block_1_105' title="bbox 2242 4337 3844 4409">
    <p class='ocr_par' dir='ltr' id='par_1_105' title="bbox 2242 4337 3844 4409">
     <span class='ocr_line' id='line_1_105' title="bbox 2242 4337 3844 4409; baseline 0.002 -20"><span class='ocrx_word' id='word_1_811' title='bbox 2242 4352 2455 4407; x_wconf 80' lang='lat' dir='ltr'><strong>cumque</strong></span> <span class='ocrx_word' id='word_1_812' title='bbox 2494 4338 2680 4406; x_wconf 76' lang='lat' dir='ltr'><strong>fecerat</strong></span> <span class='ocrx_word' id='word_1_813' title='bbox 2725 4338 2821 4391; x_wconf 84' lang='lat' dir='ltr'><strong>sibi</strong></span> <span class='ocrx_word' id='word_1_814' title='bbox 2849 4339 2988 4405; x_wconf 80' lang='lat' dir='ltr'><strong>ﬁlius</strong></span> <span class='ocrx_word' id='word_1_815' title='bbox 3013 4354 3135 4392; x_wconf 80' lang='lat' dir='ltr'><strong>suus</strong></span> <span class='ocrx_word' id='word_1_816' title='bbox 3150 4338 3350 4409; x_wconf 83' lang='lat' dir='ltr'><strong>junior.</strong></span> <span class='ocrx_word' id='word_1_817' title='bbox 3382 4337 3518 4405; x_wconf 84' lang='lat' dir='ltr'><strong>Quid</strong></span> <span class='ocrx_word' id='word_1_818' title='bbox 3544 4350 3648 4407; x_wconf 86' lang='lat' dir='ltr'><strong>est,</strong></span> <span class='ocrx_word' id='word_1_819' title='bbox 3678 4341 3844 4407; x_wconf 68' lang='lat' dir='ltr'><strong>Quee-</strong></span> 
     </span>
    </p>
   </div>
   <div class='ocr_carea' id='block_1_106' title="bbox 2240 4430 3847 4501">
    <p class='ocr_par' dir='ltr' id='par_1_106' title="bbox 2240 4430 3847 4501">
     <span class='ocr_line' id='line_1_106' title="bbox 2240 4430 3847 4501; baseline 0.004 -17"><span class='ocrx_word' id='word_1_820' title='bbox 2240 4447 2449 4501; x_wconf 80' lang='lat' dir='ltr'><strong>cumque</strong></span> <span class='ocrx_word' id='word_1_821' title='bbox 2474 4430 2703 4500; x_wconf 72' lang='lat' dir='ltr'><strong>fecerat!</strong></span> <span class='ocrx_word' id='word_1_822' title='bbox 2734 4431 2974 4499; x_wconf 80' lang='lat' dir='ltr'><strong>Magnam</strong></span> <span class='ocrx_word' id='word_1_823' title='bbox 3005 4438 3058 4485; x_wconf 88' lang='lat' dir='ltr'><strong>et</strong></span> <span class='ocrx_word' id='word_1_824' title='bbox 3097 4430 3484 4485; x_wconf 84' lang='lat' dir='ltr'><strong>intolerabilem</strong></span> <span class='ocrx_word' id='word_1_825' title='bbox 3514 4446 3625 4485; x_wconf 86' lang='lat' dir='ltr'><strong>rem</strong></span> <span class='ocrx_word' id='word_1_826' title='bbox 3652 4432 3847 4490; x_wconf 80' lang='lat' dir='ltr'><strong>dicere</strong></span> 
     </span>
    </p>
   </div>
   <div class='ocr_carea' id='block_1_107' title="bbox 2245 4520 3876 4589">
    <p class='ocr_par' dir='ltr' id='par_1_107' title="bbox 2245 4520 3876 4589">
     <span class='ocr_line' id='line_1_107' title="bbox 2245 4520 3876 4589; baseline 0.002 -14"><span class='ocrx_word' id='word_1_827' title='bbox 2245 4524 2377 4575; x_wconf 89' lang='lat' dir='ltr'><strong>vult.</strong></span> <span class='ocrx_word' id='word_1_828' title='bbox 2408 4522 2784 4576; x_wconf 84' lang='lat' dir='ltr'><strong>Animadverte</strong></span> <span class='ocrx_word' id='word_1_829' title='bbox 2812 4521 2951 4575; x_wconf 88' lang='lat' dir='ltr'><strong>enim</strong></span> <span class='ocrx_word' id='word_1_830' title='bbox 2982 4520 3250 4589; x_wconf 89' lang='lat' dir='ltr'><strong>quomodo</strong></span> <span class='ocrx_word' id='word_1_831' title='bbox 3274 4521 3416 4575; x_wconf 86' lang='lat' dir='ltr'><strong>intus</strong></span> <span class='ocrx_word' id='word_1_832' title='bbox 3445 4520 3499 4575; x_wconf 88' lang='lat' dir='ltr'><strong>in</strong></span> <span class='ocrx_word' id='word_1_833' title='bbox 3532 4521 3694 4576; x_wconf 82' lang='lat' dir='ltr'><strong>domo</strong></span> <span class='ocrx_word' id='word_1_834' title='bbox 3721 4522 3842 4578; x_wconf 77' lang='lat' dir='ltr'><strong>visa</strong></span> <span class='ocrx_word' id='word_1_835' title='bbox 3867 4523 3876 4531; x_wconf 90' lang='grc'><em>’</em></span> 
     </span>
    </p>
   </div>
   <div class='ocr_carea' id='block_1_108' title="bbox 2242 4611 3844 4682">
    <p class='ocr_par' dir='ltr' id='par_1_108' title="bbox 2242 4611 3844 4682">
     <span class='ocr_line' id='line_1_108' title="bbox 2242 4611 3844 4682; baseline 0.002 -17"><span class='ocrx_word' id='word_1_836' title='bbox 2242 4613 2410 4682; x_wconf 86' lang='lat' dir='ltr'><strong>patris</strong></span> <span class='ocrx_word' id='word_1_837' title='bbox 2440 4612 2786 4681; x_wconf 88' lang='lat' dir='ltr'><strong>turpitudine,</strong></span> <span class='ocrx_word' id='word_1_838' title='bbox 2815 4626 2936 4665; x_wconf 90' lang='lat' dir='ltr'><strong>cum</strong></span> <span class='ocrx_word' id='word_1_839' title='bbox 2977 4611 3251 4665; x_wconf 87' lang='lat' dir='ltr'><strong>debuisset</strong></span> <span class='ocrx_word' id='word_1_840' title='bbox 3286 4612 3560 4680; x_wconf 85' lang='lat' dir='ltr'><strong>obtegere,</strong></span> <span class='ocrx_word' id='word_1_841' title='bbox 3587 4627 3844 4682; x_wconf 82' lang='lat' dir='ltr'><strong>egressus</strong></span> 
     </span>
    </p>
   </div>
   <div class='ocr_carea' id='block_1_109' title="bbox 2244 4702 3844 4773">
    <p class='ocr_par' dir='ltr' id='par_1_109' title="bbox 2244 4702 3844 4773">
     <span class='ocr_line' id='line_1_109' title="bbox 2244 4702 3844 4773; baseline 0 -16"><span class='ocrx_word' id='word_1_842' title='bbox 2244 4704 2525 4771; x_wconf 80' lang='lat' dir='ltr'><strong>evolgavit,</strong></span> <span class='ocrx_word' id='word_1_843' title='bbox 2554 4712 2607 4757; x_wconf 86' lang='lat' dir='ltr'><strong>et</strong></span> <span class='ocrx_word' id='word_1_844' title='bbox 2634 4702 2764 4756; x_wconf 87' lang='lat' dir='ltr'><strong>risui</strong></span> <span class='ocrx_word' id='word_1_845' title='bbox 2793 4711 2950 4772; x_wconf 85' lang='lat' dir='ltr'><strong>atque</strong></span> <span class='ocrx_word' id='word_1_846' title='bbox 2974 4702 3371 4756; x_wconf 85' lang='lat' dir='ltr'><strong>subsannatioui</strong></span> <span class='ocrx_word' id='word_1_847' title='bbox 3403 4710 3630 4772; x_wconf 85' lang='lat' dir='ltr'><strong>patrem,</strong></span> <span class='ocrx_word' id='word_1_848' title='bbox 3667 4718 3844 4773; x_wconf 85' lang='lat' dir='ltr'><strong>quan-</strong></span> 
     </span>
    </p>
   </div>
   <div class='ocr_carea' id='block_1_110' title="bbox 2246 4790 3844 4862">
    <p class='ocr_par' dir='ltr' id='par_1_110' title="bbox 2246 4790 3844 4862">
     <span class='ocr_line' id='line_1_110' title="bbox 2246 4790 3844 4862; baseline 0.001 -15"><span class='ocrx_word' id='word_1_849' title='bbox 2246 4803 2354 4847; x_wconf 87' lang='lat' dir='ltr'><strong>tum</strong></span> <span class='ocrx_word' id='word_1_850' title='bbox 2387 4794 2438 4847; x_wconf 91' lang='lat' dir='ltr'><strong>in</strong></span> <span class='ocrx_word' id='word_1_851' title='bbox 2465 4793 2581 4862; x_wconf 90' lang='lat' dir='ltr'><strong>ipso</strong></span> <span class='ocrx_word' id='word_1_852' title='bbox 2607 4804 2740 4858; x_wconf 85' lang='lat' dir='ltr'><strong>erat,</strong></span> <span class='ocrx_word' id='word_1_853' title='bbox 2773 4792 3043 4861; x_wconf 74' lang='lat' dir='ltr'><strong>exposuit,</strong></span> <span class='ocrx_word' id='word_1_854' title='bbox 3074 4790 3369 4862; x_wconf 87' lang='lat' dir='ltr'><strong>fratresque</strong></span> <span class='ocrx_word' id='word_1_855' title='bbox 3398 4806 3576 4861; x_wconf 80' lang='lat' dir='ltr'><strong>prava:</strong></span> <span class='ocrx_word' id='word_1_856' title='bbox 3600 4808 3715 4847; x_wconf 68' lang='lat' dir='ltr'><strong>suae</strong></span> <span class='ocrx_word' id='word_1_857' title='bbox 3738 4810 3844 4849; x_wconf 81' lang='lat' dir='ltr'><strong>ro-</strong></span> 
     </span>
    </p>
   </div>
   <div class='ocr_carea' id='block_1_111' title="bbox 2243 4882 3843 4952">
    <p class='ocr_par' dir='ltr' id='par_1_111' title="bbox 2243 4882 3843 4952">
     <span class='ocr_line' id='line_1_111' title="bbox 2243 4882 3843 4952; baseline 0 -14"><span class='ocrx_word' id='word_1_858' title='bbox 2243 4883 2458 4939; x_wconf 88' lang='lat' dir='ltr'><strong>luntatis</strong></span> <span class='ocrx_word' id='word_1_859' title='bbox 2484 4885 2655 4939; x_wconf 81' lang='lat' dir='ltr'><strong>socios</strong></span> <span class='ocrx_word' id='word_1_860' title='bbox 2685 4898 2803 4939; x_wconf 87' lang='lat' dir='ltr'><strong>esse</strong></span> <span class='ocrx_word' id='word_1_861' title='bbox 2827 4882 3023 4937; x_wconf 87' lang='lat' dir='ltr'><strong>voluit:</strong></span> <span class='ocrx_word' id='word_1_862' title='bbox 3044 4898 3165 4937; x_wconf 85' lang='lat' dir='ltr'><strong>eum</strong></span> <span class='ocrx_word' id='word_1_863' title='bbox 3187 4884 3529 4952; x_wconf 81' lang='lat' dir='ltr'><strong>oportuisset,</strong></span> <span class='ocrx_word' id='word_1_864' title='bbox 3548 4884 3592 4938; x_wconf 91' lang='lat' dir='ltr'><strong>si</strong></span> <span class='ocrx_word' id='word_1_865' title='bbox 3614 4884 3843 4940; x_wconf 76' lang='lat' dir='ltr'><strong>omnino</strong></span> 
     </span>
    </p>
   </div>
   <div class='ocr_carea' id='block_1_112' title="bbox 2245 4974 3840 5042">
    <p class='ocr_par' dir='ltr' id='par_1_112' title="bbox 2245 4974 3840 5042">
     <span class='ocr_line' id='line_1_112' title="bbox 2245 4974 3840 5042; baseline 0.001 -12"><span class='ocrx_word' id='word_1_866' title='bbox 2245 4976 2580 5030; x_wconf 76' lang='lat' dir='ltr'><strong>nuntiaturus</strong></span> <span class='ocrx_word' id='word_1_867' title='bbox 2624 4986 2758 5042; x_wconf 87' lang='lat' dir='ltr'><strong>erat,</strong></span> <span class='ocrx_word' id='word_1_868' title='bbox 2801 4976 2920 5029; x_wconf 88' lang='lat' dir='ltr'><strong>illos</strong></span> <span class='ocrx_word' id='word_1_869' title='bbox 2954 4976 3088 5029; x_wconf 91' lang='lat' dir='ltr'><strong>intra</strong></span> <span class='ocrx_word' id='word_1_870' title='bbox 3139 4974 3359 5029; x_wconf 88' lang='lat' dir='ltr'><strong>domum</strong></span> <span class='ocrx_word' id='word_1_871' title='bbox 3405 4990 3622 5040; x_wconf 79' lang='lat' dir='ltr'><strong>vocare,</strong></span> <span class='ocrx_word' id='word_1_872' title='bbox 3674 4987 3730 5031; x_wconf 87' lang='lat' dir='ltr'><strong>et</strong></span> <span class='ocrx_word' id='word_1_873' title='bbox 3757 4980 3840 5032; x_wconf 84' lang='lat' dir='ltr'><strong>sic</strong></span> 
     </span>
    </p>
   </div>
   <div class='ocr_carea' id='block_1_113' title="bbox 2247 5064 3833 5133">
    <p class='ocr_par' dir='ltr' id='par_1_113' title="bbox 2247 5064 3833 5133">
     <span class='ocr_line' id='line_1_113' title="bbox 2247 5064 3833 5133; baseline 0.004 -16"><span class='ocrx_word' id='word_1_874' title='bbox 2247 5065 2537 5119; x_wconf 85' lang='lat' dir='ltr'><strong>nuditatem</strong></span> <span class='ocrx_word' id='word_1_875' title='bbox 2566 5065 2715 5119; x_wconf 82' lang='lat' dir='ltr'><strong>effari</strong></span> <span class='ocrx_word' id='word_1_876' title='bbox 2749 5084 2761 5115; x_wconf 93' lang='lat'>:</span> <span class='ocrx_word' id='word_1_877' title='bbox 2790 5065 2885 5120; x_wconf 87' lang='lat' dir='ltr'><strong>sed</strong></span> <span class='ocrx_word' id='word_1_878' title='bbox 2916 5068 3029 5133; x_wconf 87' lang='lat' dir='ltr'><strong>ipse</strong></span> <span class='ocrx_word' id='word_1_879' title='bbox 3060 5064 3201 5119; x_wconf 89' lang='lat' dir='ltr'><strong>foras</strong></span> <span class='ocrx_word' id='word_1_880' title='bbox 3226 5064 3383 5131; x_wconf 78' lang='lat' dir='ltr'><strong>exiit,</strong></span> <span class='ocrx_word' id='word_1_881' title='bbox 3413 5064 3713 5120; x_wconf 86' lang='lat' dir='ltr'><strong>nuditatem</strong></span> <span class='ocrx_word' id='word_1_882' title='bbox 3741 5068 3833 5123; x_wconf 86' lang='lat' dir='ltr'><strong>de-</strong></span> 
     </span>
    </p>
   </div>
   <div class='ocr_carea' id='block_1_114' title="bbox 2243 5154 3837 5226">
    <p class='ocr_par' dir='ltr' id='par_1_114' title="bbox 2243 5154 3837 5226">
     <span class='ocr_line' id='line_1_114' title="bbox 2243 5154 3837 5226; baseline 0.002 -18"><span class='ocrx_word' id='word_1_883' title='bbox 2243 5154 2485 5218; x_wconf 85' lang='lat' dir='ltr'><strong>claravit,</strong></span> <span class='ocrx_word' id='word_1_884' title='bbox 2531 5156 2681 5225; x_wconf 87' lang='lat' dir='ltr'><strong>quasi</strong></span> <span class='ocrx_word' id='word_1_885' title='bbox 2719 5157 2877 5210; x_wconf 88' lang='lat' dir='ltr'><strong>etiam</strong></span> <span class='ocrx_word' id='word_1_886' title='bbox 2926 5156 3026 5208; x_wconf 88' lang='lat' dir='ltr'><strong>alia</strong></span> <span class='ocrx_word' id='word_1_887' title='bbox 3065 5154 3278 5209; x_wconf 87' lang='lat' dir='ltr'><strong>adesset</strong></span> <span class='ocrx_word' id='word_1_888' title='bbox 3327 5155 3478 5209; x_wconf 86' lang='lat' dir='ltr'><strong>turba</strong></span> <span class='ocrx_word' id='word_1_889' title='bbox 3532 5157 3837 5226; x_wconf 83' lang='lat' dir='ltr'><strong>hominum,</strong></span> 
     </span>
    </p>
   </div>
   <div class='ocr_carea' id='block_1_115' title="bbox 2243 5246 3837 5316">
    <p class='ocr_par' dir='ltr' id='par_1_115' title="bbox 2243 5246 3837 5316">
     <span class='ocr_line' id='line_1_115' title="bbox 2243 5246 3837 5316; baseline 0.001 -15"><span class='ocrx_word' id='word_1_890' title='bbox 2243 5262 2375 5316; x_wconf 69' lang='lat' dir='ltr'><strong>quiis</strong></span> <span class='ocrx_word' id='word_1_891' title='bbox 2399 5248 2559 5302; x_wconf 89' lang='lat' dir='ltr'><strong>etiam</strong></span> <span class='ocrx_word' id='word_1_892' title='bbox 2587 5246 2822 5300; x_wconf 86' lang='lat' dir='ltr'><strong>facturus</strong></span> <span class='ocrx_word' id='word_1_893' title='bbox 2842 5253 2984 5300; x_wconf 86' lang='lat' dir='ltr'><strong>esset</strong></span> <span class='ocrx_word' id='word_1_894' title='bbox 3014 5257 3244 5314; x_wconf 80' lang='lat' dir='ltr'><strong>paterna:</strong></span> <span class='ocrx_word' id='word_1_895' title='bbox 3268 5246 3608 5315; x_wconf 87' lang='lat' dir='ltr'><strong>turpitudinis</strong></span> <span class='ocrx_word' id='word_1_896' title='bbox 3631 5256 3796 5303; x_wconf 55' lang='lat' dir='ltr'><strong>testes</strong></span> <span class='ocrx_word' id='word_1_897' title='bbox 3821 5265 3837 5303; x_wconf 85' lang='lat'><strong>:</strong></span> 
     </span>
    </p>
   </div>
   <div class='ocr_carea' id='block_1_116' title="bbox 2246 5338 3838 5410">
    <p class='ocr_par' dir='ltr' id='par_1_116' title="bbox 2246 5338 3838 5410">
     <span class='ocr_line' id='line_1_116' title="bbox 2246 5338 3838 5410; baseline -0.003 -17"><span class='ocrx_word' id='word_1_898' title='bbox 2246 5350 2461 5410; x_wconf 81' lang='lat' dir='ltr'><strong>pwpter</strong></span> <span class='ocrx_word' id='word_1_899' title='bbox 2506 5341 2605 5394; x_wconf 73' lang='lat' dir='ltr'><strong>lzoc</strong></span> <span class='ocrx_word' id='word_1_900' title='bbox 2651 5338 2837 5408; x_wconf 88' lang='lat' dir='ltr'><strong>inquit,</strong></span> <span class='ocrx_word' id='word_1_901' title='bbox 2874 5338 3001 5405; x_wconf 76' lang='lat' dir='ltr'><strong>Qua:</strong></span> <span class='ocrx_word' id='word_1_902' title='bbox 3024 5342 3239 5409; x_wconf 79' lang='lat' dir='ltr'><strong>fecerat;</strong></span> <span class='ocrx_word' id='word_1_903' title='bbox 3272 5338 3321 5391; x_wconf 88' lang='lat' dir='ltr'><strong>id</strong></span> <span class='ocrx_word' id='word_1_904' title='bbox 3351 5348 3453 5405; x_wconf 74' lang='lat' dir='ltr'><strong>eet,</strong></span> <span class='ocrx_word' id='word_1_905' title='bbox 3484 5341 3838 5393; x_wconf 81' lang='lat' dir='ltr'><strong>contumelio-</strong></span> 
     </span>
    </p>
   </div>
   <div class='ocr_carea' id='block_1_117' title="bbox 2246 5429 3839 5501">
    <p class='ocr_par' dir='ltr' id='par_1_117' title="bbox 2246 5429 3839 5501">
     <span class='ocr_line' id='line_1_117' title="bbox 2246 5429 3839 5501; baseline -0.001 -16"><span class='ocrx_word' id='word_1_906' title='bbox 2246 5447 2335 5486; x_wconf 89' lang='lat' dir='ltr'><strong>sus</strong></span> <span class='ocrx_word' id='word_1_907' title='bbox 2362 5431 2498 5501; x_wconf 87' lang='lat' dir='ltr'><strong>patri</strong></span> <span class='ocrx_word' id='word_1_908' title='bbox 2522 5430 2636 5492; x_wconf 89' lang='lat' dir='ltr'><strong>fuit,</strong></span> <span class='ocrx_word' id='word_1_909' title='bbox 2666 5430 2861 5483; x_wconf 87' lang='lat' dir='ltr'><strong>oblitus</strong></span> <span class='ocrx_word' id='word_1_910' title='bbox 2889 5437 2971 5482; x_wconf 82' lang='lat' dir='ltr'><strong>est</strong></span> <span class='ocrx_word' id='word_1_911' title='bbox 2999 5429 3215 5484; x_wconf 82' lang='lat' dir='ltr'><strong>honoris</strong></span> <span class='ocrx_word' id='word_1_912' title='bbox 3243 5444 3399 5498; x_wconf 91' lang='lat' dir='ltr'><strong>quem</strong></span> <span class='ocrx_word' id='word_1_913' title='bbox 3424 5429 3621 5482; x_wconf 86' lang='lat' dir='ltr'><strong>debent</strong></span> <span class='ocrx_word' id='word_1_914' title='bbox 3646 5448 3658 5496; x_wconf 84' lang='grc' dir='ltr'><strong>ι</strong></span> <span class='ocrx_word' id='word_1_915' title='bbox 3680 5445 3839 5483; x_wconf 78' lang='lat' dir='ltr'><strong>areu-</strong></span> 
     </span>
    </p>
   </div>
   <div class='ocr_carea' id='block_1_118' title="bbox 2248 5518 3840 5589">
    <p class='ocr_par' dir='ltr' id='par_1_118' title="bbox 2248 5518 3840 5589">
     <span class='ocr_line' id='line_1_118' title="bbox 2248 5518 3840 5589; baseline 0 -13"><span class='ocrx_word' id='word_1_916' title='bbox 2248 5524 2385 5576; x_wconf 82' lang='lat' dir='ltr'><strong>tibus</strong></span> <span class='ocrx_word' id='word_1_917' title='bbox 2415 5521 2527 5584; x_wconf 83' lang='lat' dir='ltr'><strong>lilii,</strong></span> <span class='ocrx_word' id='word_1_918' title='bbox 2574 5520 2803 5589; x_wconf 89' lang='lat' dir='ltr'><strong>prodidit</strong></span> <span class='ocrx_word' id='word_1_919' title='bbox 2844 5529 3075 5588; x_wconf 85' lang='lat' dir='ltr'><strong>peccata,</strong></span> <span class='ocrx_word' id='word_1_920' title='bbox 3111 5519 3301 5574; x_wconf 50' lang='lat' dir='ltr'><strong>fratris</strong></span> <span class='ocrx_word' id='word_1_921' title='bbox 3324 5519 3487 5572; x_wconf 77' lang='lat' dir='ltr'><strong>Voluit</strong></span> <span class='ocrx_word' id='word_1_922' title='bbox 3515 5518 3757 5584; x_wconf 86' lang='lat' dir='ltr'><strong>allicere,</strong></span> <span class='ocrx_word' id='word_1_923' title='bbox 3784 5530 3840 5576; x_wconf 74' lang='lat' dir='ltr'><strong>et</strong></span> 
     </span>
    </p>
   </div>
   <div class='ocr_carea' id='block_1_119' title="bbox 2245 5609 3836 5681">
    <p class='ocr_par' dir='ltr' id='par_1_119' title="bbox 2245 5609 3836 5681">
     <span class='ocr_line' id='line_1_119' title="bbox 2245 5609 3836 5681; baseline -0.003 -14"><span class='ocrx_word' id='word_1_924' title='bbox 2245 5613 2419 5669; x_wconf 83' lang='lat' dir='ltr'><strong>socios</strong></span> <span class='ocrx_word' id='word_1_925' title='bbox 2445 5615 2617 5667; x_wconf 82' lang='lat' dir='ltr'><strong>facere</strong></span> <span class='ocrx_word' id='word_1_926' title='bbox 2642 5628 2752 5666; x_wconf 62' lang='lat' dir='ltr'><strong>sum</strong></span> <span class='ocrx_word' id='word_1_927' title='bbox 2772 5613 3136 5676; x_wconf 71' lang='lat' dir='ltr'><strong>eontumelire._</strong></span> <span class='ocrx_word' id='word_1_928' title='bbox 3156 5611 3280 5677; x_wconf 80' lang='lat' dir='ltr'><strong>Quu-</strong></span> <span class='ocrx_word' id='word_1_929' title='bbox 3296 5611 3482 5679; x_wconf 73' lang='lat' dir='ltr'><strong>{ecrrat</strong></span> <span class='ocrx_word' id='word_1_930' title='bbox 3502 5609 3616 5673; x_wconf 80' lang='lat' dir='ltr'><strong>sibi,</strong></span> <span class='ocrx_word' id='word_1_931' title='bbox 3643 5610 3836 5681; x_wconf 87' lang='lat' dir='ltr'><strong>inquit,</strong></span> 
     </span>
    </p>
   </div>
   <div class='ocr_carea' id='block_1_120' title="bbox 2248 5702 3837 5773">
    <p class='ocr_par' dir='ltr' id='par_1_120' title="bbox 2248 5702 3837 5773">
     <span class='ocr_line' id='line_1_120' title="bbox 2248 5702 3837 5773; baseline 0.001 -15"><span class='ocrx_word' id='word_1_932' title='bbox 2248 5706 2385 5773; x_wconf 76' lang='lat' dir='ltr'><strong>ﬁlius</strong></span> <span class='ocrx_word' id='word_1_933' title='bbox 2430 5721 2551 5763; x_wconf 81' lang='lat' dir='ltr'><strong>suus</strong></span> <span class='ocrx_word' id='word_1_934' title='bbox 2591 5703 2777 5770; x_wconf 78' lang='lat' dir='ltr'><strong>iunior.</strong></span> <span class='ocrx_word' id='word_1_935' title='bbox 2810 5705 2962 5773; x_wconf 79' lang='lat' dir='ltr'><strong>Atqui</strong></span> <span class='ocrx_word' id='word_1_936' title='bbox 2997 5719 3101 5759; x_wconf 90' lang='lat' dir='ltr'><strong>non</strong></span> <span class='ocrx_word' id='word_1_937' title='bbox 3128 5702 3213 5757; x_wconf 81' lang='lat' dir='ltr'><strong>hic</strong></span> <span class='ocrx_word' id='word_1_938' title='bbox 3238 5710 3353 5757; x_wconf 80' lang='lat' dir='ltr'><strong>erat</strong></span> <span class='ocrx_word' id='word_1_939' title='bbox 3387 5702 3603 5773; x_wconf 64' lang='lat' dir='ltr'><strong>iunior;</strong></span> <span class='ocrx_word' id='word_1_940' title='bbox 3637 5718 3837 5760; x_wconf 69' lang='lat' dir='ltr'><strong>secul-</strong></span> 
     </span>
    </p>
   </div>
  </div>
