4054 6312
201 392 294 449 263

197 504 290 560 dus
311 502 452 558 enim
481 511 618 571 erat,
650 511 704 559 et
735 500 904 572 maior
933 505 1059 554 natu
1087 510 1249 567 quam
1273 493 1503 564 Japheth
1531 511 1545 548 :
1571 499 1625 547 at
1655 491 1779 546 licet

201 602 343 650 aetate
368 594 462 650 illo
487 597 634 666 prior
655 602 791 654 erat,
821 592 1094 646 voluntate
1117 599 1294 644 tamen
1317 587 1508 650 minor,
1532 594 1586 640 et
1614 592 1782 638 teme-

199 686 316 741 ritas
342 686 491 741 illum
519 685 732 756 deiecit.
764 683 897 738 Nam
927 684 1050 752 quia
1077 681 1249 736 noluit
1274 680 1413 734 intra
1433 690 1557 731 suos
1583 673 1778 728 limites

200 787 428 840 manere,
478 775 657 829 amisit
699 772 958 826 honorem
989 770 1088 826 sibi
1134 783 1163 822 a
1191 775 1378 823 natura
1405 765 1653 820 traditum
1679 777 1693 815 :
1723 769 1778 814 et

198 865 321 920 sicut
351 865 447 920 ille
489 865 542 920 id
586 861 728 934 quod
759 869 950 917 natura
996 860 1200 925 habuit,
1229 857 1462 928 nequitia
1489 852 1777 910 voluntatis

197 955 382 1021 amisit,
417 956 490 1011 ita
515 954 742 1024 Japheth
762 953 905 1024 quod
931 961 1119 1007 natura
1149 963 1254 1006 non
1276 948 1479 1014 habuit,
1507 945 1773 1001 saniorem

196 1046 260 1099 ob
284 1053 514 1102 mentem
542 1045 766 1115 accepit.

261 1134 311 1190 6.
351 1133 461 1190 Cur
499 1136 637 1203 ﬁlius
665 1135 962 1188 maledictus
988 1132 1054 1186 sit
1076 1131 1137 1184 ob
1163 1130 1320 1199 patris
1352 1135 1628 1199 peccatum.
1664 1123 1772 1176 Pa-

197 1234 286 1278 tres
312 1241 404 1294 pro
431 1225 598 1278 liberis
624 1224 793 1293 puniri
813 1230 1009 1292 optant.
1027 1250 1096 1261 —
1125 1219 1313 1274 Vidisti
1335 1217 1605 1288 quomodo
1623 1214 1755 1268 nihil

198 1326 388 1370 temere
413 1324 467 1370 et
489 1313 704 1368 fortuito
734 1314 785 1368 in
815 1313 994 1368 divina
1010 1311 1283 1380 Scriptura
1304 1302 1609 1378 reperitur?
1644 1305 1773 1371 Qua!

194 1405 370 1468 fecerat
399 1405 527 1469 sibi,
561 1404 761 1474 inquit,
790 1405 929 1473 ﬁlius
961 1414 1084 1458 suus
1131 1402 1318 1467 iunior.
1353 1399 1445 1454 95.
1481 1397 1547 1451 Et
1597 1396 1726 1448 dixit
1753 1409 1771 1447 :

196 1494 488 1550 Maledicta
534 1496 779 1550 Clmnaan
822 1495 982 1564 ﬁlius,
1011 1504 1183 1548 seruus
1221 1493 1314 1546 erit
1357 1491 1599 1562 fratribus
1645 1487 1768 1543 suis.

193 1587 322 1641 Ecce
345 1588 688 1658 pervenimus
707 1585 772 1641 ad
794 1586 1143 1656 qumstionem
1172 1583 1314 1637 illam
1332 1582 1527 1649 ubique
1549 1587 1768 1633 motam.

194 1677 372 1732 Multos
396 1679 539 1733 enim
569 1677 815 1732 audimus
842 1675 1081 1731 dicentes
1121 1695 1133 1731 :
1167 1674 1342 1742 Quare
1370 1685 1491 1726 eum
1520 1683 1771 1740 peccave-

191 1767 254 1821 rit
277 1778 446 1836 pater,
473 1776 526 1822 et
557 1767 850 1837 prodiderit
875 1766 1193 1830 nuditatem,
1250 1763 1399 1818 ﬁlius
1424 1760 1768 1816 maledictum

189 1858 437 1928 suscipit?
461 1859 718 1924 Obsecro,
747 1856 1006 1913 attendite
1035 1856 1337 1927 diligenter,
1368 1862 1423 1909 et
1451 1853 1770 1907 solutionem

187 1948 421 2018 accipite.
451 1949 542 2004 llla
565 1949 706 2004 enim
729 1947 990 2006 dicemus.
1010 1962 1130 2016 quae
1148 1942 1566 2014 suppeditaverit
1593 1941 1770 1996 divina

185 2042 344 2108 gratia
372 2051 589 2112 propter
616 2049 847 2096 vestram
881 2041 1184 2096 utilitatem.
1232 2037 1296 2092 Et
1336 2036 1466 2092 dixit
1496 2052 1513 2090 :
1551 2033 1772 2088 Maledi-

185 2140 288 2183 ctus
309 2128 555 2184 Chanaan
581 2131 736 2200 filius,
762 2146 931 2185 servus
956 2131 1046 2183 erit
1073 2129 1318 2198 fratribus
1334 2127 1457 2181 suis.
1489 2125 1608 2180 Non
1637 2124 1768 2178 sim-

187 2218 408 2288 pliciter,
433 2233 607 2291 neque
624 2221 676 2275 in
702 2236 896 2275 vanum
915 2218 1354 2276 commemoravit
1375 2217 1563 2280 tilium,
1588 2214 1682 2270 sed
1699 2213 1770 2269 ob

188 2309 434 2366 latentem
458 2313 739 2368 tationem.
769 2312 995 2368 Volebat
1023 2312 1165 2368 enim
1185 2311 1344 2366 simul
1371 2318 1426 2365 et
1449 2308 1624 2380 ipsum
1651 2321 1771 2362 cor-

185 2399 353 2470 ripere
380 2411 600 2473 propter
618 2413 913 2472 peceatum,
946 2411 1000 2458 et
1025 2403 1403 2458 contumeliam
1427 2416 1529 2471 qua
1551 2416 1611 2456 se
1635 2399 1769 2454 affe-

183 2500 358 2544 cerat:
391 2500 445 2545 et
485 2493 642 2547 simul
689 2493 902 2548 nolebat
949 2491 1272 2548 labefactare
1320 2490 1768 2555 benedictionem,

183 2596 296 2650 qua:
317 2583 391 2637 illi
419 2585 623 2653 pridem
649 2600 679 2639 a
705 2586 814 2640 Deo
846 2585 983 2639 facta
1027 2585 1200 2640 fuerat
1236 2599 1251 2639 :
1278 2583 1544 2638 Benedixit
1587 2583 1728 2637 enim
1753 2620 1769 2647 ,

186 2672 369 2742 inquit,
403 2674 540 2731 Deus
587 2676 702 2731 Noe
725 2679 932 2747 quando
951 2677 1100 2732 exivit
1124 2693 1189 2731 ea:
1212 2692 1353 2743 arca,
1380 2686 1426 2732 st
1456 2675 1592 2746 ﬁlios
1631 2673 1774 2744 illius

188 2764 333 2834 (Gen.
358 2767 413 2821 9.
443 2767 469 2822 1
499 2768 540 2838 ).
576 2767 646 2824 Ut
686 2769 845 2838 igitur
888 2784 957 2825 ne
981 2769 1227 2825 videatur
1265 2769 1586 2825 maledicere
1612 2782 1772 2838 quem

185 2856 320 2911 Deus
346 2860 518 2914 semel
553 2860 920 2927 benedixerat,
962 2862 1236 2931 praeterito
1262 2860 1352 2916 illo
1378 2861 1468 2931 qui
1501 2874 1562 2916 se
1587 2867 1773 2916 contu-

183 2950 333 3005 tnclia
364 2950 636 3015 affecerat,
669 2953 778 3007 lilio
803 2952 1146 3008 maledictum
1193 2953 1389 3007 intulit.
1422 2951 1574 3018 Esto,
1618 2952 1772 3007 dixe-

182 3041 287 3105 ris,
343 3040 446 3098 hoc
495 3043 713 3113 quidem
767 3043 1004 3098 ostendit
1047 3052 1326 3113 propterea
1385 3043 1550 3097 Cham
1605 3042 1772 3097 male-

181 3133 377 3189 dictum
397 3149 502 3190 non
524 3135 708 3201 fuisse,
728 3136 848 3206 quia
877 3136 1024 3205 prius
1048 3148 1078 3187 a
1099 3135 1207 3188 Deo
1225 3133 1650 3188 benedictionem
1679 3146 1775 3186 ac-

181 3237 394 3296 ceperat
434 3245 448 3281 :
479 3242 647 3296 quare
672 3238 851 3282 autem
879 3240 1001 3280 cum
1030 3225 1120 3279 ille
1151 3226 1471 3294 peccaverit,
1522 3223 1608 3278 hic
1657 3238 1774 3293 pte-

179 3330 300 3371 nam
327 3317 463 3372 luit?
485 3317 670 3386 Neque
698 3319 800 3372 hoc
820 3316 1022 3386 absque
1051 3317 1258 3370 ratione
1277 3315 1474 3370 factum
1506 3323 1610 3369 est.
1641 3315 1775 3369 Nam

179 3416 328 3476 pater
371 3422 479 3462 non
527 3409 789 3462 minorem
823 3421 1034 3476 poenam
1067 3406 1268 3471 habuit,
1299 3420 1460 3476 quam
1515 3406 1652 3460 illius
1679 3448 1691 3471 ,
1723 3415 1778 3459 et

179 3499 470 3552 crueiatum
499 3499 687 3553 sensit.
734 3497 895 3554 Scitis
922 3498 1087 3562 enim,
1120 3496 1269 3551 scitis
1308 3495 1578 3566 quomodo
1603 3509 1776 3564 strpe-

180 3604 403 3643 nutnero
443 3600 623 3659 patres
663 3589 860 3660 precati
906 3595 1032 3642 sunt
1069 3598 1126 3642 ut
1184 3587 1418 3642 ﬁliorum
1469 3601 1653 3656 pmnas
1680 3586 1778 3653 ipsi

181 3679 422 3745 ferrent;
455 3691 509 3734 et
551 3681 766 3749 gravius
815 3679 919 3733 illis
966 3692 1088 3734 esse
1118 3677 1299 3733 videre
1352 3677 1486 3732 filios
1516 3676 1778 3746 supplicio

179 3770 339 3842 al‘llci,
364 3787 527 3842 quam
557 3773 602 3826 si
633 3772 732 3842 ipsi
761 3771 826 3826 iis
853 3771 1030 3826 forent
1048 3770 1286 3826 obnoxii.
1319 3769 1540 3824 Factum
1570 3779 1651 3824 est
1676 3769 1778 3824 hoc

181 3847 360 3932 igitur,
393 3875 453 3917 ut
483 3863 574 3918 ille
604 3864 674 3918 ob
700 3862 1001 3918 naturalem
1043 3861 1097 3916 in
1133 3861 1297 3914 filium
1323 3875 1586 3925 amorem,
1612 3859 1780 3929 maio-

179 3969 293 4011 rem
340 3956 575 4012 sentiret
601 3955 865 4020 dolorem,
911 3964 966 4009 et
999 3954 1300 4010 benedictio
1330 3954 1422 4009 Dei
1472 3961 1782 4008 servaretur

181 4049 456 4114 inviolata,
485 4058 540 4103 et
566 4048 703 4102 illius
724 4056 940 4116 accepta
973 4045 1369 4110 maledictione,
1401 4059 1619 4100 suorum
1647 4057 1776 4114 pro-

182 4141 418 4208 priorum
449 4155 637 4209 poenas
668 4147 1005 4209 peccatorum
1037 4140 1227 4193 lueret.
1256 4138 1387 4192 Nam
1417 4139 1538 4192 licet
1565 4145 1782 4206 propter

183 4234 345 4301 patris
370 4240 654 4302 peccatum
682 4246 821 4286 nunc
851 4230 1210 4284 maledictioni
1239 4229 1310 4282 sit
1332 4229 1617 4292 obnoxius,
1648 4234 1783 4281 atta-

183 4342 303 4380 tncn
335 4325 634 4380 verisimile
662 4333 765 4387 est,
798 4309 922 4378 eum
967 4324 1129 4377 etiam
1176 4331 1395 4391 preptcr
1442 4336 1536 4375 sua
1584 4321 1779 4374 delicta

181 4417 398 4473 dedisse
443 4431 681 4486 pinnam.
727 4414 843 4468 Non
872 4414 1014 4468 enim
1042 4414 1214 4468 solum
1243 4421 1464 4482 propter
1509 4421 1783 4480 peccatum

182 4508 346 4578 patris
397 4506 833 4561 maledictionem
873 4504 1096 4573 accepit,
1129 4504 1224 4558 sed
1271 4502 1514 4556 fortassis
1541 4504 1700 4555 etiam
1731 4509 1788 4553 ut

185 4615 280 4670 per
310 4599 493 4668 ipsum
518 4597 609 4650 ille
635 4597 889 4666 majorem
912 4609 1124 4665 poenam
1155 4593 1436 4664 penderet.
1475 4593 1605 4647 Nam
1643 4591 1785 4660 quod

185 4706 354 4761 neque
378 4699 562 4760 patres
587 4703 684 4756 pro
709 4688 850 4752 iiliis,
880 4701 1051 4756 neque
1075 4685 1166 4738 lilii
1194 4700 1287 4754 pro
1310 4685 1545 4753 patribus
1575 4698 1787 4752 poenam

186 4781 352 4846 luant,
398 4778 499 4834 sed
543 4778 906 4846 unusquisque
949 4791 1045 4845 pro
1073 4776 1184 4828 suis
1228 4775 1458 4841 peccatis
1509 4788 1680 4842 ptenae
1721 4773 1791 4826 sit

195 4870 495 4934 obnoxius,
522 4868 709 4921 multis
735 4867 786 4920 in
821 4867 950 4920 locis
975 4881 1001 4918 a
1029 4865 1301 4934 prophetis
1332 4865 1530 4917 dictum
1586 4863 1790 4916 inveni-

186 4980 321 5024 nnzs.
356 4972 415 5018 ut
446 4976 569 5015 cum
594 4960 776 5013 dicunt
809 4958 1164 5014 :Comedentis
1205 4974 1326 5010 uvas
1349 4958 1574 5022 acerbas,
1616 4957 1789 5011 dentes

186 5055 551 5120 obstupescunt
581 5049 710 5118 (Jer.
743 5051 830 5102 3i.
856 5049 987 5118 29);
1039 5058 1111 5115 et,
1140 5049 1322 5101 Anima
1352 5064 1462 5117 qua:
1493 5050 1787 5115 peccauerit,

187 5149 298 5215 ipsa
349 5155 400 5200 et
446 5143 694 5197 morietur
734 5140 945 5209 (Ezeclt.
975 5142 1062 5196 l8.
1111 5140 1247 5211 20);
1292 5150 1345 5196 et
1395 5143 1585 5195 iterum
1625 5141 1792 5195 :Non

190 5241 474 5294 morientur
519 5245 687 5305 patres
727 5250 819 5303 pro
862 5235 982 5302 ﬁliis
1009 5275 1024 5299 ,
1077 5250 1234 5304 neque
1282 5233 1378 5300 ﬁlii
1432 5250 1523 5302 pro
1566 5235 1791 5302 patribus

190 5330 364 5400 (Deut.
399 5328 496 5381 24.
525 5322 655 5395 16).
679 5323 866 5378 Nullus
912 5324 1070 5393 igitur
1101 5335 1362 5389 vestrum,
1391 5340 1596 5392 qutcso,
1640 5328 1791 5395 quasi

190 5421 446 5493 ignorans
467 5418 666 5470 divinae
693 5416 984 5485 Scripturze
1013 5431 1255 5486 scopum,
1283 5419 1479 5472 audeat
1505 5418 1618 5471 haec
1663 5418 1796 5472 scri-

195 5525 279 5583 pta
320 5509 749 5583 reprehendere,
797 5509 888 5564 sed
938 5519 1092 5579 grato
1144 5511 1326 5565 animo
1378 5526 1498 5579 qua:
1543 5511 1796 5566 dicuntur

195 5607 442 5676 accipiat,
476 5603 879 5672 admireturqne
905 5602 1100 5656 divina:
1131 5601 1424 5673 Scriptura:
1452 5605 1638 5658 miram
1668 5603 1793 5658 dili-

197 5700 452 5769 gentiam,
492 5703 549 5750 et
572 5695 844 5763 expendat
874 5705 1128 5764 quantum
1155 5695 1351 5749 malum
1384 5697 1452 5750 sit
1491 5706 1787 5765 peccatum.

199 5789 333 5848 Ecce
379 5789 531 5851 enim
576 5785 797 5843 fratrem
858 5785 1047 5844 eadem
1107 5797 1289 5844 natum
1344 5802 1604 5860 puerpera
1633 5831 1648 5862 ,
1701 5804 1792 5847 co—

1289 379 1352 436 lN
1391 379 1545 436 CAP.
1590 375 1682 435 IX.
1722 374 1968 433 GENES.
2010 373 2240 432 HOMIL.
2283 374 2472 432 XXIX.

3375 373 3481 430 270

1891 489 2015 546 dem
2049 504 2324 560 egressum
2378 498 2550 557 utero,
2603 489 3004 560 snbingressum
3047 497 3321 559 peccatum
3376 506 3488 546 ser-

1889 596 2010 635 vum
2044 579 2199 647 fecit,
2224 589 2283 635 et
2307 579 2484 635 ablata
2511 581 2779 646 libertate,
2812 581 2866 634 in
2895 579 3280 650 subiectionem
3333 579 3480 635 illum

1887 671 2094 726 induxit
2121 689 2135 725 :
2169 672 2308 726 unde
2335 680 2517 742 postea
2547 673 2778 727 servitus
2798 672 3024 739 sumpsit
3044 671 3329 740 originem.
3360 669 3468 726 Ne-

1883 776 1988 832 que
2014 763 2158 817 enim
2185 772 2342 819 antea
2389 763 2636 818 solebant
2665 763 2736 817 ita
2777 763 3015 818 molliter
3033 777 3212 832 agere,
3240 762 3480 817 deliciari

1883 863 1937 907 et
1978 851 2202 907 aliorum
2240 854 2549 908 ministeriis
2599 853 2856 924 indigere.
2894 853 2999 909 Sed
3023 853 3256 923 sibiipsis
3280 854 3478 923 quith

1884 942 2280 1010 ministrabant,
2314 953 2533 1014 eratque
2561 957 2658 1015 par
2701 945 2941 999 omnium
2995 944 3186 1009 honor,
3218 953 3272 998 et
3299 944 3477 998 ablata

1882 1050 1913 1090 e
1937 1037 2116 1092 medio
2136 1044 2252 1092 erat
2269 1038 2444 1092 omnis
2469 1036 2837 1118 inqualitas;
2863 1035 2951 1091 ubi
2989 1045 3168 1091 autem
3201 1044 3476 1105 peceatum

1884 1126 2121 1192 intravit,
2161 1127 2458 1183 libertatem
2491 1127 2738 1197 perdidit,
2773 1137 2827 1182 et
2875 1126 3185 1197 dignitatem
3215 1141 3246 1180 a
3279 1135 3471 1180 natura

1881 1216 2058 1270 datam
2089 1217 2448 1284 labefactavit,
2471 1219 2895 1288 servitutemque
2918 1216 3234 1283 introduxit,
3261 1225 3317 1270 nt
3345 1231 3474 1272 con-

1881 1307 2024 1362 tinua
2051 1309 2122 1363 sit
2145 1308 2390 1364 doctrina
2428 1317 2480 1364 et
2509 1309 2802 1364 admonitio
2851 1308 3097 1363 humanas
3142 1315 3365 1372 naturai,
3421 1317 3474 1362 ut

1880 1397 2145 1470 fugiamus
2170 1400 2484 1456 servitutem
2507 1401 2732 1470 peccati,
2766 1410 2820 1455 et
2845 1400 2910 1454 ad
2940 1400 3150 1454 virtutis
3176 1397 3474 1454 libertatem

1879 1491 2182 1546 redeamus.
2211 1492 2364 1557 Quod
2397 1495 2537 1548 cnim
2567 1507 2758 1550 servus
2782 1502 2837 1549 et
2863 1493 3113 1549 dominus
3156 1493 3281 1547 hinc
3305 1494 3479 1548 conti-

1880 1596 2060 1648 nuam,
2091 1584 2135 1636 si
2157 1584 2342 1648 velint,
2376 1583 2605 1639 habeant
2641 1585 2924 1641 utilitatem
2947 1626 2963 1652 ,
2998 1586 3252 1656 cogitent,
3287 1599 3479 1640 servus

1878 1672 2089 1740 quidem
2113 1672 2231 1727 ideo
2251 1673 2304 1727 in
2331 1676 2640 1730 servitutem
2667 1689 2727 1730 se
2755 1674 3051 1741 redactum,
3080 1675 3203 1746 quia
3224 1673 3392 1730 Cham
3423 1675 3474 1728 in

1880 1769 2076 1818 tantam
2106 1774 2424 1834 pervenerat
2455 1767 2807 1822 temeritatem
2844 1785 2855 1818 :
2889 1776 2943 1822 et
2969 1768 3216 1822 dominus
3262 1779 3476 1836 quoque

1877 1855 2091 1925 cogitet,
2118 1871 2222 1912 non
2255 1857 2472 1913 aliunde
2508 1859 2895 1928 subiectionem
2923 1866 2978 1914 et
3004 1860 3321 1914 servitutem
3349 1872 3466 1913 caa-

1876 1946 2038 2017 pissc,
2068 1962 2226 2018 quam
2257 1949 2400 2020 quod
2428 1950 2514 2006 ille
2545 1961 2863 2020 perversam
2889 1950 3194 2005 exhibuerit
3225 1949 3471 2003 volunta~

1876 2048 2007 2106 tem,
2039 2049 2095 2096 et
2118 2054 2146 2095 a
2179 2043 2292 2112 pari
2320 2042 2544 2097 fratrum
2579 2042 2837 2114 dignitate
2866 2039 3152 2098 exciderit.

1948 2131 1980 2186 7
2037 2131 2252 2198 Verum,
2285 2133 2328 2187 si
2359 2133 2527 2187 sobrii
2561 2146 2747 2188 sumus
2787 2141 2840 2189 et
2870 2133 3180 2203 prudentes,
3215 2130 3347 2186 nihil
3379 2145 3477 2186 nos

1877 2221 2151 2279 offendent
2181 2225 2294 2279 haec
2315 2229 2533 2295 propter
2567 2233 2783 2296 peccata
2836 2233 3120 2295 parentum
3162 2233 3472 2302 nostrorum

1879 2315 2178 2372 introducta
2205 2317 2258 2372 in
2289 2317 2425 2372 hanc
2453 2318 2636 2385 vitam,
2662 2334 2784 2373 cum
2817 2333 2905 2373 res
2935 2318 2987 2371 in
3011 2316 3320 2371 nominibus
3344 2305 3477 2370 solis

1877 2419 2144 2464 versetur.
2167 2408 2300 2476 Quia
2323 2418 2377 2463 et
2403 2411 2609 2480 primus
2632 2423 2824 2479 parens
2849 2417 3071 2479 propter
3097 2408 3478 2479 transgressio-

1879 2514 2001 2554 nem
2026 2501 2212 2555 mortis
2233 2515 2444 2570 paruam
2467 2500 2735 2570 vitamque
2755 2501 2807 2554 in
2836 2499 3107 2555 laboribus
3128 2498 3480 2553 maeroribus-

1877 2606 1984 2661 que
2012 2593 2436 2648 consumendum
2486 2593 2684 2656 intulit,
2716 2600 2770 2648 et
2792 2593 2878 2647 hic
2906 2593 3217 2646 servitutem
3253 2604 3478 2644 :verum

1877 2684 2257 2754 superveniens
2301 2684 2557 2739 Dominus
2596 2683 2841 2740 Christus
2869 2683 2982 2737 haec
3009 2682 3187 2737 omnia
3214 2695 3335 2736 esse
3360 2695 3482 2748 per-

1879 2775 2024 2829 misit
2042 2774 2107 2829 ad
2125 2776 2337 2830 nomina
2353 2791 2520 2846 usque
2543 2785 2770 2838 tantum,
2790 2775 2834 2830 si
2851 2775 3095 2830 volumus
3134 2772 3319 2843 Neque
3334 2772 3476 2826 enim

1878 2879 2044 2934 mors,
2078 2880 2221 2921 mors
2243 2868 2380 2921 ultra
2403 2876 2504 2932 est,
2523 2867 2612 2921 sed
2647 2881 2841 2921 nomen
2860 2874 3065 2920 tantum
3085 2864 3244 2918 habet
3269 2861 3477 2926 mortis,

1882 2956 1990 3010 imo
2023 2965 2076 3012 et
2104 2957 2276 3026 ipsum
2309 2972 2505 3010 nomen
2536 2956 2803 3010 sublatum
2836 2963 2939 3010 est.
2971 2955 3102 3009 Nam
3133 2967 3308 3022 neque
3335 2966 3482 3006 mor-

1884 3055 1990 3101 tem
2019 3046 2188 3115 ipsam
2230 3047 2369 3100 ultra
2398 3047 2645 3111 dicimus,
2691 3045 2785 3100 sed
2826 3059 3075 3114 seporem
3127 3053 3181 3097 et
3210 3056 3481 3096 somnum.

1882 3136 2112 3191 Proinde
2139 3143 2193 3190 et
2239 3135 2484 3191 Christus
2532 3137 2646 3206 ipse
2691 3137 2906 3191 dicebat
2947 3152 2960 3190 :
3015 3135 3244 3189 Lazarus
3287 3134 3484 3187 amicus

1882 3238 2051 3283 noster
2078 3228 2263 3282 dormit
2287 3227 2465 3298 (Joan.
2506 3230 2593 3282 11.
2619 3228 2681 3282 11
2712 3228 2731 3298 )
2765 3245 2778 3282 :
2821 3237 2876 3282 et
2902 3227 3100 3282 Paulus
3131 3225 3482 3280 Thessaloni-

1882 3318 2130 3374 censibus
2175 3319 2416 3373 scribens
2442 3361 2456 3384 ,
2504 3319 2676 3388 inquit
2718 3335 2731 3372 :
2783 3315 2860 3371 De
2901 3315 3264 3371 dormientibus
3317 3323 3487 3369 autem

1883 3412 2001 3465 nolo
2031 3426 2116 3464 vos
2143 3412 2402 3480 ignorare,
2429 3412 2614 3481 fratres
2654 3411 2748 3480 (l.
2781 3409 2982 3465 Thess...
2997 3410 3050 3463 4.
3076 3407 3194 3479 12).
3226 3407 3292 3462 Et
3319 3407 3487 3462 servi-

1886 3510 1969 3555 tus
1999 3516 2209 3571 quoque
2236 3501 2483 3555 similiter
2509 3516 2703 3555 nomen
2730 3509 2813 3555 est
2840 3517 2853 3553 :
2885 3499 2978 3554 ille
3002 3499 3143 3553 enim
3167 3507 3250 3553 est
3274 3512 3484 3560 servus,

1884 3593 1971 3662 qui
2005 3601 2280 3661 peccatum
2302 3600 2575 3662 operatur.
2610 3591 2678 3645 Et
2699 3591 2842 3660 quod
2883 3593 3045 3644 etiam
3078 3589 3217 3643 hanc
3242 3588 3486 3644 abstule-

1887 3682 1953 3735 rit
1981 3681 2214 3737 adventu
2246 3695 2346 3736 suo
2373 3682 2635 3744 Christus,
2670 3695 2769 3735 nec
2795 3681 2895 3736 nisi
2915 3695 3112 3734 nomen
3143 3693 3264 3733 esse
3290 3679 3490 3747 permi-

1887 3774 2036 3838 serit,
2065 3774 2175 3828 imo
2204 3785 2259 3828 et
2288 3774 2605 3830 vocabulum
2634 3774 2806 3843 ipsum
2846 3772 3138 3838 deleverit,
3183 3771 3308 3826 audi
3343 3760 3491 3825 Ῥευ-

1888 3865 1998 3919 lum
2032 3864 2299 3920 dicentem
2335 3884 2348 3920 :
2383 3866 2484 3931 Qui
2505 3877 2672 3919 autem
2694 3865 2870 3931 ﬁdeles
2896 3865 3080 3919 habent
3106 3863 3360 3926 dominos,
3387 3878 3490 3915 non

1886 3964 2208 4010 contemnant
2227 3973 2331 4018 eos,
2355 3957 2473 4024 quia
2494 3957 2680 4026 fratres
2699 3966 2818 4010 sunt
2841 3956 2924 4026 (1.
2953 3954 3088 4010 Tim.
3121 3953 3174 4010 6.
3205 3955 3240 4009 2
3260 3955 3300 4025 ).
3325 3954 3490 4009 Vides

1887 4045 2156 4113 quomodo
2185 4045 2273 4098 ubi
2306 4047 2476 4100 virtus
2520 4046 2876 4111 subintravit,
2905 4061 2999 4101 eos
3045 4045 3096 4100 in
3141 4045 3493 4100 fraternitatis

1888 4150 2084 4191 nomen
2113 4138 2475 4206 congregavit,
2499 4137 2589 4207 qui
2615 4138 2765 4208 prius
2782 4139 3054 4192 servitutis
3084 4139 3303 4192 nomine
3332 4149 3490 4192 erant

1889 4228 2154 4282 obnoxii?
2180 4226 2249 4281 Et
2269 4230 2383 4294 erit,
2413 4229 2603 4298 inquit,
2653 4228 2902 4282 Chanaan
2934 4230 3071 4298 ﬁlius
3101 4245 3275 4282 servus
3310 4229 3488 4299 fratri-

1892 4321 1980 4372 bus
2003 4320 2128 4372 suis.
2155 4319 2365 4374 Abusus
2394 4335 2474 4385 es,
2503 4317 2704 4389 inquit,
2724 4319 2946 4385 honore,
2987 4335 3092 4373 non
3126 4320 3264 4374 bene
3295 4329 3346 4372 te
3372 4333 3493 4388 ges.

1891 4410 2026 4473 sisti,
2056 4424 2175 4463 cum
2203 4425 2295 4476 par
2325 4426 2472 4465 esses
2503 4410 2794 4479 dignitate;
2843 4418 3128 4479 propterea
3155 4409 3493 4477 subiectione

1893 4500 2166 4555 emendari
2215 4508 2266 4554 te
2307 4501 2450 4555 volo.
2484 4501 2597 4555 Hoc
2643 4501 2711 4555 ab
2743 4501 2894 4553 initio
2924 4511 2977 4553 et
3007 4500 3219 4554 mulieri
3249 4501 3491 4569 contigit.

1893 4593 2155 4660 Queniam
2188 4593 2328 4647 enim
2380 4609 2474 4663 par
2521 4601 2637 4647 erat
2689 4593 2803 4646 viro
2856 4593 3136 4663 dignitate,
3179 4602 3233 4646 ct
3267 4593 3496 4648 ‘honure

1893 4685 2056 4739 abusa
2088 4694 2188 4751 est,
2223 4695 2502 4754 propterea
2545 4686 2715 4739 ablata
2771 4694 2854 4739 est
2898 4687 2966 4740 ab
3008 4685 3092 4738 illa
3138 4694 3397 4754 potestas,
3442 4693 3498 4740 et

1896 4777 2094 4832 audivit
2130 4795 2142 4830 :
2187 4778 2268 4831 Ad
2327 4779 2492 4831 virum
2530 4789 2670 4831 tuum
2710 4779 2968 4832 conversio
3005 4788 3123 4842 tua;
3172 4786 3218 4830 et
3271 4779 3381 4847 ipse
3424 4783 3497 4830 tul

1897 4868 2239 4923 dominabitur
2279 4867 2431 4938 (Gen.
2478 4871 2530 4924 5.
2596 4869 2718 4939 lii).
2771 4869 2904 4935 Quia
2959 4869 3251 4934 nescivisﬁ,
3303 4869 3494 4939 inquit,

1899 4961 2122 5029 imperio
2153 4971 2299 5015 recte
2327 4962 2419 5025 ttti,
2456 4961 2605 5015 disce
2634 4961 2810 5031 potius
2832 4971 2978 5016 recte.
3007 4962 3232 5030 imperio
3278 4961 3496 5031 subiici,

1897 5069 2055 5122 quam
2110 5053 2248 5106 male
2295 5053 2581 5122 imperare.
2631 5052 2861 5107 Proinde
2905 5053 3064 5107 etiam
3123 5052 3209 5108 hic
3248 5068 3390 5107 nunc
3431 5052 3499 5108 ad

1899 5145 2326 5200 emendationem
2374 5161 2584 5214 pennam
2639 5145 2850 5213 accipit,
2907 5154 2958 5200 et
3010 5161 3108 5216 per
3158 5145 3326 5199 lilium
3388 5147 3502 5214 ipse

1899 5239 2204 5294 cruciatur:
2237 5249 2295 5293 ut
2332 5240 2527 5304 discas,
2567 5239 2668 5292 etsi
2725 5253 2891 5292 senex
2948 5248 3074 5293 tunc
3120 5251 3262 5293 esset
3297 5281 3312 5303 ,
3365 5249 3502 5293 atta-

1899 5346 2042 5392 men,
2089 5330 2212 5400 quia
2249 5345 2406 5398 poena
2446 5330 2497 5383 in
2551 5329 2715 5383 filium
2756 5329 2983 5394 transiit,
3037 5330 3087 5383 id
3127 5331 3224 5398 ipsi
3277 5330 3501 5384 luctuo-

1901 5438 2015 5477 sam
2037 5430 2092 5476 et
2120 5423 2395 5475 insuavem
2417 5421 2582 5475 vitam
2615 5420 2826 5485 fecisse,
2877 5421 3132 5490 cogitanti
3163 5421 3325 5475 etiam
3382 5431 3502 5488 post

1901 5527 2052 5567 suam
2099 5519 2327 5566 mortem
2383 5511 2549 5566 illium
2604 5526 2818 5582 pmnam
2865 5511 3118 5566 luiturum
3174 5525 3313 5565 esse.
3365 5508 3502 5564 Nam

1901 5604 2040 5674 quod
2071 5603 2211 5658 filius
2247 5619 2342 5674 per
2370 5617 2429 5659 se
2475 5605 2666 5670 malus,
2707 5615 2760 5658 et
2807 5619 2996 5660 omnes
3032 5604 3119 5673 qui
3160 5603 3228 5657 ab
3259 5603 3349 5657 illo
3391 5602 3503 5657 nati

1903 5697 2100 5751 fuerint
2128 5696 2536 5760 abominabiles,
2564 5706 2618 5751 et
2647 5696 2712 5751 ad
2740 5697 2939 5750 malum
2965 5710 3231 5766 propense
3255 5693 3498 5749 declina-

1903 5790 2028 5862 rint,
2057 5787 2180 5845 audi
2208 5787 2539 5860 Scripturam
2576 5787 2840 5848 dicentem
2885 5803 2980 5860 per
3005 5789 3224 5846 modum
3265 5783 3497 5844 maledi-
