4054 6312
561 367 660 424 sm
1275 358 1332 414 s.
1358 354 1636 415 JOANNIS
1671 348 2139 412 cuttvsosrout
2179 327 2501 405 ARClttEP.
2539 338 3069 402 consumar.
3723 329 3832 387 ars

561 475 664 530 eti:
684 470 963 526 Patertuus
987 467 1324 530 Amm-ritilius,
1339 474 1386 521 ct
1408 475 1564 519 mater
1576 473 1664 518 tua
1680 462 1900 518 Chattica
1921 457 2130 533 (Esceh.

566 566 659 622 16.
680 565 718 622 5
736 563 774 630 ).
813 563 877 619 Et
904 563 1040 618 alius
1068 559 1450 617 contumeliose
1475 556 1624 623 dicit,
1654 555 1840 611 Semen
1865 552 2132 612 Chanaan,

562 665 615 711 et
663 672 767 710 non
806 655 956 710 Jttda
1000 651 1160 722 (Dan.
1213 651 1302 705 15.
1332 646 1462 718 56).
1495 648 1662 703 Porro
1687 660 1863 717 operte
1908 643 2135 713 pretium

566 745 729 801 fuerit
754 744 934 798 audire
961 756 1104 796 nunc
1129 750 1246 810 post
1274 754 1511 810 pmnam,
1532 753 1693 808 quam
1715 736 1920 806 accepit
1962 735 2007 788 is
2048 732 2137 800 qui

565 833 856 887 nuditatem
897 831 1178 898 evulgavit,
1231 843 1352 898 qum
1401 827 1620 899 prania
1663 824 1931 895 assequuti
1963 823 2068 877 sint
2101 821 2135 873 ii

565 924 654 992 qui
685 932 884 976 tantam
921 921 1272 977 reverentiam
1313 927 1371 974 et
1398 918 1654 974 honorem
1698 918 1832 988 patri
1879 914 2138 970 exhibue-

567 1025 712 1070 runt.
739 1013 830 1070 26.
865 1011 931 1067 Et
953 1013 1106 1078 dixit,
1151 1011 1341 1081 inquit,
1374 1009 1682 1084 Beqdictus
1715 1007 1959 1061 Dominus
2006 1003 2140 1058 Deus

568 1108 710 1172 Sent,
729 1117 774 1161 et
791 1106 884 1160 erit
903 1103 1151 1160 Chanaan
1170 1119 1342 1158 servus
1356 1101 1518 1157 illius.
1545 1101 1676 1167 Hoc,
1697 1099 1829 1154 forte
1848 1097 1965 1167 quis
1989 1095 2145 1148 dixe-

565 1203 656 1267 rit,
687 1215 791 1255 non
816 1209 898 1254 est
927 1198 1243 1254 benedicere
1267 1197 1412 1252 Sent.
1463 1197 1574 1250 lmo
1597 1193 1752 1248 valde
1781 1189 2046 1246 benedixit
2072 1187 2140 1240 il-

564 1293 699 1347 lum.
727 1289 948 1358 Quando
970 1289 1116 1345 enim
1149 1289 1286 1343 Deus
1309 1286 1645 1341 benedicitur
1661 1324 1694 1351 .,
1720 1292 1776 1339 et
1798 1289 2028 1352 aguntur
2066 1277 2140 1333 illi

566 1377 1194 1448 gratiaeabbominibus,
1226 1385 1350 1431 tunc
1377 1375 1594 1431 uberior
1633 1371 1702 1428 ab
1730 1372 1822 1426 illo
1849 1369 1987 1425 solet
2029 1367 2144 1422 istis

567 1469 872 1525 benedictio
894 1467 1030 1533 dari,
1061 1477 1278 1538 propter
1301 1481 1434 1537 quos
1456 1465 1568 1536 ipse
1594 1461 1941 1519 benedicitur.
1967 1459 2145 1526 Itaque

568 1560 895 1616 benedicens
941 1559 1108 1615 Deum
1132 1559 1427 1615 debitorem
1458 1556 1631 1625 ipsum
1661 1552 1781 1608 fecit
1804 1549 2020 1619 majoris
2047 1547 2144 1602 be-

570 1648 910 1714 nedictionis,
940 1657 1229 1718 auctorque
1245 1646 1343 1700 fuit
1364 1643 1489 1701 Sent
1511 1642 1730 1712 majoris
1755 1638 2140 1702 retributionis,

568 1751 729 1804 quam
753 1738 797 1790 si
839 1751 960 1792 eum
994 1738 1107 1807 ipse
1146 1751 1239 1807 per
1280 1750 1340 1790 se
1388 1731 1777 1789 benedixisset.
1809 1729 1957 1784 Sicut
2004 1727 2148 1782 enim

570 1826 785 1897 quando
839 1825 1169 1882 benedicitur
1217 1833 1432 1894 propter
1472 1837 1592 1889 nos,
1643 1820 1867 1874 multum
1912 1818 1963 1872 id
1996 1816 2149 1871 nobis

569 1915 819 1972 conciliat
858 1916 1097 1970 favoris:
1143 1915 1215 1969 ita
1252 1923 1306 1970 et
1346 1921 1532 1968 contra
1563 1909 1776 1980 quando
1820 1916 2034 1979 pr0pter
2055 1917 2152 1959 nos

577 2008 669 2063 alii
703 2008 852 2063 illum
880 2007 1274 2076 blasphemant,
1301 2003 1472 2074 major
1491 2002 1615 2056 hinc
1656 2009 1835 2055 nostra
1881 1998 1937 2052 iit
1956 1996 2153 2052 condc-

573 2098 798 2164 mnatio,
830 2097 922 2167 qui
946 2110 1158 2150 causam
1186 2094 1446 2149 dedimus.
1472 2091 1751 2158 Quocirca,
1780 2088 2024 2151 obsecro,
2051 2085 2148 2139 de-

574 2201 696 2242 mus
719 2201 956 2256 cperam,
988 2194 1045 2240 ut
1071 2185 1140 2239 ita
1165 2185 1409 2238 vivamus
1429 2221 1444 2248 ,
1476 2191 1529 2235 et
1557 2186 1716 2233 tanta:
1738 2175 1948 2231 virtutis
1975 2175 2149 2244 δριιεὶ-

572 2291 697 2331 men
717 2275 1083 2340 cshibeatnus,
1114 2283 1173 2329 ut
1191 2286 1398 2338 omnes,
1429 2270 1638 2341 quinos
1662 2267 1906 2331 viderint,
1934 2264 2152 2318 benedi-

572 2366 782 2423 ctiones
808 2365 980 2420 laudis
1012 2363 1237 2418 offerant
1265 2362 1494 2416 Domino
1525 2359 1653 2414 Deo.
1684 2356 1814 2411 Nam
1839 2355 1962 2425 quia
1984 2353 2153 2407 bonus

577 2467 636 2514 et
656 2457 913 2527 benignus
933 2464 1035 2519 est,
1067 2470 1160 2524 per
1186 2468 1284 2508 nos
1307 2452 1418 2507 vult
1441 2449 1604 2521 gloria
1634 2446 1774 2502 allici
1826 2461 1841 2498 :
1879 2460 1986 2498 non
2011 2439 2151 2512 quod

579 2547 681 2619 ipsi
706 2545 902 2617 aliquid
926 2545 994 2601 ad
1020 2559 1170 2600 suam
1214 2543 1437 2613 gloriam
1478 2536 1734 2596 accedat:
1781 2535 1976 2592 nullius
2010 2532 2152 2588 enim

579 2638 790 2709 indigus
818 2646 933 2697 est;
976 2635 1074 2690 sed
1123 2643 1181 2689 ut
1208 2634 1538 2690 occasiones
1559 2629 1659 2700 ipsi
1690 2625 2043 2698 prabeamus,
2097 2629 2158 2676 ut

578 2728 767 2799 maiori
792 2723 1283 2782 nos-benevolentia
1327 2727 1696 2790 prosequatur.
1724 2715 2022 2770 Benedictus
2051 2710 2158 2764 Do-

579 2820 746 2878 limis
783 2818 925 2883 Sent,
946 2827 997 2872 et
1040 2817 1138 2870 erit
1152 2813 1400 2871 Chanaan
1427 2825 1596 2866 servits
1648 2807 1808 2862 illius.
1840 2805 1999 2858 Vides
2021 2816 2159 2872 quo-

581 2911 745 2969 modo
773 2919 1285 2981 paternampmnam-
1309 2903 1528 2974 profert,
1557 2914 1676 2970 qua‘
1705 2907 1883 2954 tamen
1909 2893 2159 2950 emenda-

583 3005 665 3060 tio
707 3002 883 3072 potius
919 3008 1060 3065 erat,
1101 3010 1262 3067 quam
1319 2993 1518 3064 paena?
1553 2991 1711 3046 Pater
1749 2989 1890 3044 enim
1935 2995 2069 3050 erat,
2105 2992 2161 3039 et

584 3092 981 3148 amantissimus
1030 3097 1203 3157 pater,
1255 3098 1426 3154 neque
1464 3082 1664 3152 justam
1712 3092 1925 3149 prauam
1952 3076 2163 3130 volebat

587 3184 861 3248 inducere,
888 3181 981 3236 sed
1008 3181 1079 3234 ita
1125 3187 1182 3232 ut
1207 3176 1513 3231 ulteriorem
1540 3171 1800 3228 malitiam
1828 3166 2160 3237 reprimeret.

588 3275 735 3340 Ideo,
762 3274 858 3339 ait,
887 3269 959 3326 ad
1005 3267 1312 3324 servitutem
1339 3273 1393 3320 te
1434 3261 1756 3327 condemno,
1799 3266 1859 3313 ut
1898 3257 2080 3327 jugera
2109 3262 2166 3310 et

587 3365 928 3422 indelebilem
965 3360 1164 3437 habeas
1210 3357 1331 3413 facti
1369 3353 1702 3410 memoriam.
1750 3349 1947 3405 Postea
1967 3345 2104 3401 dicit
2143 3359 2161 3399 :

585 3456 680 3513 27.
725 3452 914 3508 Dilatet
939 3434 1076 3504 Deus
1099 3445 1346 3515 Japheth,
1394 3453 1442 3497 et
1487 3443 1670 3496 habitet
1729 3440 1782 3493 in
1829 3434 2165 3492 tabernaculis

590 3544 733 3610 Sent.
762 3552 809 3602 st
833 3541 923 3612 ﬁat
943 3538 1185 3596 Chanaan
1208 3551 1378 3591 servits
1401 3534 1558 3588 illius.
1600 3531 1796 3588 lterum
1819 3529 1931 3583 hinc
1957 3539 2168 3598 quoque

590 3635 824 3689 mxima
851 3629 1149 3686 benedictio
1189 3637 1293 3691 est,
1321 3625 1456 3680 forte
1499 3624 1752 3679 latentem
1772 3619 2024 3689 aliquem
2069 3617 2168 3671 ha-

591 3725 729 3780 bens
776 3721 1099 3791 thesaurum.
1135 3716 1342 3781 Ditatet,
1384 3715 1570 3784 inquit,
1602 3712 1734 3766 Deus
1777 3709 2021 3779 Japheth.
2052 3706 2169 3762 Non

593 3814 866 3872 aherrabit
889 3812 1032 3882 quis,
1057 3809 1102 3866 si
1133 3809 1325 3864 dixerit
1361 3804 1756 3861 benedictiones
1782 3801 1908 3870 justi
1939 3795 2170 3870 prophe-

591 3908 702 3960 tias
728 3919 870 3959 esse.
899 3901 1030 3958 Nam
1060 3900 1105 3956 si
1135 3906 1286 3969 pater
1314 3895 1427 3951 Noe
1472 3908 1577 3949 non
1613 3891 1959 3961 simpliciter,
1997 3902 2172 3959 neque

597 3997 792 4050 frustra
819 3987 1343 4047 vocabulumindidit
1368 3984 1503 4050 Noe,
1530 3981 1625 4038 sed
1647 3980 1961 4035 vaticinatus
1981 3986 2062 4033 est
2079 3991 2174 4046 per

596 4103 794 4144 nomen
822 4085 1050 4140 futurum
1077 4081 1352 4136 diliuvium
1387 4094 1404 4133 :
1453 4076 1621 4130 multo
1669 4073 1836 4142 magis
1860 4071 2037 4140 justus
2085 4068 2175 4123 ille

596 4195 707 4235 non
729 4176 1058 4245 simpliciter,
1096 4186 1267 4241 neque
1293 4170 1486 4224 frustra
1509 4164 1907 4222 benedictiones
1936 4159 2176 4230 protulit.

600 4272 798 4341 Opinor
818 4268 958 4323 enim
989 4281 1110 4322 eum
1141 4263 1237 4318 hos
1256 4263 1386 4316 duos
1415 4257 1798 4321 benedicendo,
1828 4254 2052 4309 duorum
2081 4267 2180 4321 po-

611 4364 859 4434 pulorum
889 4359 1218 4413 vocationem
1250 4352 1544 4424 signiﬁcare
1567 4349 1796 4403 voluisse
1826 4365 1840 4402 :
1866 4356 1920 4401 et
1940 4359 2034 4415 per
2055 4343 2177 4398 Sem

605 4452 819 4523 quidem
845 4448 1090 4504 indutos:
1120 4461 1183 4500 ex
1207 4445 1296 4497 illo
1325 4445 1463 4497 enim
1488 4453 1541 4495 et
1563 4439 1852 4500 Abraham,
1879 4445 1933 4490 et
1963 4434 2177 4489 Judaeu-

606 4559 724 4598 rum
769 4554 941 4611 genus
971 4535 1373 4604 multiplicatum
1415 4541 1498 4586 est
1525 4552 1538 4586 :
1563 4547 1656 4600 per
1699 4527 1928 4597 Japheth
1976 4534 2178 4587 autem,

607 4637 842 4708 gentium
869 4631 1220 4686 vocationem.
1252 4626 1382 4680 Vide
1409 4633 1583 4690 autem
1614 4619 2037 4676 benedictionem
2068 4613 2182 4667 lure

612 4705 966 4796 prmnuntiare
1002 4737 1015 4776 :
1051 4705 1236 4772 Dilata!
1278 4718 1441 4779 enim,
1483 4714 1670 4782 inquit,
1701 4707 2102 4774 DcusJapheL/t,
2139 4713 2185 4758 ct

614 4818 798 4869 habitet
843 4816 894 4867 in
938 4811 1270 4866 tabernaculis
1321 4809 1460 4862 Sent.
1503 4805 1613 4859 Hoc
1658 4803 1708 4856 itt
1735 4800 1984 4870 gentibus
2018 4798 2185 4851 adim-

617 4909 814 4976 pletum
861 4904 1119 4957 videmus.
1164 4900 1300 4954 Cum
1349 4899 1475 4951 dicit
1523 4897 1684 4956 enim,
1724 4891 1951 4952 Dilatet,
1999 4883 2187 4943 Omnes

617 5003 803 5067 g‘entcs
825 4991 1200 5053 subindicavit;
1222 4989 1316 5043 sed
1351 4988 1597 5051 dicendo,
1634 4983 1839 5038 Habitat
1866 4983 1917 5033 in
1948 4978 2186 5032 taberna-

613 5093 746 5146 culis
765 5087 904 5156 δίνη,
925 5092 1154 5146 sinitica-t
1180 5092 1365 5150 gentes
1394 5077 1493 5132 frui
1515 5076 1739 5144 rtepisse
1763 5075 1827 5128 iis
1854 5087 1970 5142 qum
1995 5068 2192 5124 .ludteis

619 5186 797 5246 parata
827 5185 880 5229 et
899 5174 1146 5227 adornata
1168 5180 1337 5228 erant.
1368 5169 1430 5222 Et
1469 5170 1559 5222 erit
1593 5167 1836 5222 Chanaan
1863 5179 2031 5218 servus
2061 5164 2189 5231 ejus.

688 5269 740 5319 8.
791 5263 1009 5318 Vidistis
1053 5262 1260 5329 qualem
1306 5271 1359 5314 et
1409 5261 1442 5313 ii
1492 5258 1626 5327 grati
1673 5256 1832 5309 animi
1876 5261 2195 5322 acceperunt

622 5357 945 5419 mercedem,
976 5362 1031 5408 et
1059 5362 1251 5422 quanta
1275 5351 1362 5405 ille
1392 5359 1607 5419 propter
1634 5347 1983 5402 temeritatem
2009 5353 2063 5399 et
2091 5345 2193 5397 iut-

626 5447 958 5519 prudentiam
1006 5442 1290 5512 ignominia
1317 5441 1535 5494 ail‘ectus
1555 5439 1671 5494 est?
1702 5438 1819 5491 Sint
1864 5435 1977 5490 haec
2008 5449 2196 5503 perpe-

2248 458 2391 522 rixit,
2426 455 2610 526 inquit,
2642 453 2757 506 Noe
2790 461 2902 522 post
2926 449 3368 505 rdiluuimn'anaos
3393 445 3819 514 «ventosquis.

2244 550 2524 618 quaginta;
2545 545 2635 600 29.
2658 554 2705 598 et
2728 546 2931 614 [nerant
2956 556 3129 595 omnes
3149 537 3256 592 dies
3288 534 3403 590 Noe
3417 533 3660 603 nongenti
3680 532 3830 602 quin-

2243 639 2480 708 quaginta
2507 636 2652 699 anni,
2675 643 2721 688 et
2759 644 2985 687 mortuus
3013 641 3108 684 est.
3154 629 3231 685 Ne
3275 627 3378 683 hoc
3419 635 3576 698 putes
3627 623 3838 688 absque

2252 741 2414 780 causa
2447 727 2750 796 assignasse
2787 721 3137 792 Seripturam,
3168 717 3260 774 sed
3288 717 3408 772 vide
3452 727 3505 770 et
3556 713 3660 768 hoc
3712 711 3831 766 loco

2240 814 2368 884 justi
2389 814 2790 868 continentiam.
2821 810 2956 878 Quia
2982 823 3104 863 cum
3131 816 3274 862 tanta
3295 806 3556 861 frueretur
3585 802 3832 857 ubertate

2245 914 2301 958 et
2367 905 2756 973 prosperitate,
2821 899 3290 970 superviverctque
3351 904 3498 950 tanto
3565 905 3830 948 annorum

2246 1007 2469 1047 numero
2496 1003 2613 1062 post
2653 1005 2926 1061 egressum
2969 988 3039 1043 ab
3072 1001 3220 1051 arca,
3253 985 3425 1040 noluit
3467 983 3609 1039 ultra
3659 981 3836 1036 indul-

2245 1100 2371 1155 gere
2396 1085 2683 1138 liberorum
2715 1079 3092 1152 procreationi.
3134 1078 3251 1133 Non
3279 1077 3422 1131 enim
3441 1081 3835 1130 commemorat

2248 1175 2517 1242 Scriptura
2563 1173 2710 1228 illum
2738 1173 2871 1227 alios
2893 1179 3084 1242 praeter
3102 1177 3213 1224 tres
3250 1168 3380 1224 istos
3423 1165 3678 1220 habuisse
3698 1163 3837 1218 libe-

2247 1266 2476 1322 ros..Hic
2488 1267 2674 1320 iterum
2691 1265 2861 1333 cogita
2873 1275 3116 1332 magnam
3136 1258 3462 1315 salacitatem
3473 1254 3692 1316 .Cbami,
3708 1255 3834 1322 quia

2250 1373 2422 1428 neque
2453 1366 2657 1426 patrem
2691 1355 2880 1410 videns
2906 1361 3065 1406 tanta:
3086 1349 3428 1406 continentia:
3448 1389 3465 1413 ,
3493 1346 3693 1402 castior
3721 1346 3838 1414 ipse

2249 1449 2419 1504 factus
2435 1457 2536 1515 est,
2551 1447 2642 1502 sed
2659 1447 2838 1502 omnia
2865 1445 3088 1500 diverso
3101 1441 3260 1497 modo
3275 1455 3435 1512 quam
3451 1449 3604 1509 pater
3617 1437 3832 1507 agebat.

2251 1537 2479 1593 Proinde
2502 1536 2694 1592 merito
2717 1549 2877 1590 omne
2901 1534 3069 1603 ipsius
3089 1547 3259 1603 genus
3287 1531 3341 1585 in
3357 1529 3680 1584 servitutem
3699 1540 3837 1580 con-

2250 1630 2555 1686 demnatum
2585 1637 2687 1694 est,
2712 1635 2770 1682 ut
2799 1627 3053 1696 improba:
3093 1623 3383 1678 voluntatis
3410 1606 3639 1675 frenum
3668 1617 3839 1672 liabe-

2253 1732 2354 1778 ret.
2383 1721 2586 1777 Deinde
2606 1720 2691 1776 hic
2717 1729 2897 1774 narrat
2922 1717 3198 1788 Scriptura
3225 1729 3322 1771 eos
3348 1715 3439 1784 qui
3470 1729 3537 1769 es
3564 1711 3690 1767 filiis
3715 1711 3832 1766 nati

2253 1824 2398 1878 sunt,
2426 1822 2480 1867 et
2505 1812 2674 1881 inquit
2701 1828 2715 1865 :
2739 1810 2900 1866 Chatti
2925 1820 3095 1864 autem
3115 1808 3289 1877 genuit
3322 1806 3499 1871 Clitis;
3522 1813 3579 1859 et
3621 1817 3839 1872 rursus,

2254 1903 2390 1958 Chtts
2413 1903 2579 1972 genuit
2602 1900 2656 1954 Ν
2657 1900 2852 1964 emrod,
2873 1899 2958 1969 qui
2981 1898 3128 1967 erepit
3145 1912 3252 1952 esse
3269 1897 3594 1966 gigas-super
3618 1901 3840 1946 terrent.

2257 1992 2359 2046 llic
2387 1994 2486 2062 fuit
2512 1993 2656 2062 gigas
2694 2001 2904 2045 venator
2936 2005 3108 2051 coram
3135 1983 3542 2055 —Domino'(Cap.
3574 1983 3664 2037 i0.
3694 1980 3841 2036 6.3.

2255 2083 2349 2153 9).
2389 2083 2620 2150 Quidam
2673 2082 2857 2136 dicunt
2898 2079 3004 2146 hic,
3047 2077 3231 2134 Coraut
3275 2075 3515 2139 Domino,
3551 2073 3693 2126 idem
3717 2084 3846 2126 esse

2253 2175 2394 2246 quod
2420 2185 2604 2230 contra
2633 2174 2799 2229 Deum
2829 2189 2845 2228 ε
2874 2187 2973 2242 ego
3001 2181 3183 2226 autem
3213 2183 3317 2223 non
3356 2175 3486 2236 puto
3507 2164 3846 2233 Scripturam

2257 2267 2358 2322 hoc
2379 2267 2667 2330 insinuare,
2699 2265 2792 2321 sed
2822 2266 2993 2334 ipsum
3020 2262 3210 2317 fortem
3240 2258 3625 2327 robustumque
3655 2254 3846 2310 fuisse.

2255 2359 2406 2426 Quod
2432 2366 2608 2413 autem
2629 2357 2777 2423 dicit,
2809 2353 2992 2410 Coram
3014 2352 3233 2406 Domino
3249 2349 3382 2414 Deo,
3413 2347 3518 2402 hoc
3542 2355 3644 2405 est.
3670 2344 3741 2398 ab
3763 2356 3852 2398 eo

2259 2450 2601 2512 conStitutus,
2659 2461 2725 2502 eo
2771 2444 2912 2516 quod
2969 2449 3251 2512 acceperat
3299 2437 3726 2494 benedictionem
3777 2433 3852 2488 ab

2261 2541 2397 2595 illo;
2427 2538 2511 2594 vel
2541 2537 2682 2608 quod
2709 2537 2850 2590 Deus
2879 2549 2976 2605 per
3019 2533 3162 2588 hunc
3205 2537 3350 2588 esset
3400 2529 3454 2584 in
3493 2526 3853 2582 admiratione

2261 2629 2558 2694 habendus,
2588 2626 2730 2698 quod
2771 2625 2929 2680 talem
2954 2623 3322 2694 produxisset,
3358 2627 3414 2674 et
3440 2632 3603 2688 super
3644 2624 3854 2670 terram

2263 2725 2632 2775 monstrasset.
2665 2716 2771 2772 Sed
2801 2715 2888 2770 hic
2909 2716 3100 2770 iterum
3124 2725 3378 2782 proavum
3405 2706 3853 2777 suumimitatns,

2262 2820 2316 2866 et
2339 2809 2537 2865 abusus
2564 2818 2768 2863 natura;
2811 2804 3196 2876 praerogativis,
3223 2802 3385 2856 alium
3412 2798 3689 2856 servitutis
3731 2809 3859 2850 mo-

2259 2899 2385 2955 dum
2419 2898 2733 2961 adiuvenit,
2763 2904 2922 2966 atque
2954 2893 3322 2964 principatum
3358 2901 3691 2960 regnumque
3715 2884 3855 2941 affeo

2260 2990 2442 3046 ctavit.
2474 2988 2586 3044 iter
2638 2988 2780 3042 enim
2825 2997 3111 3054 numquam
3124 2981 3321 3048 fuerit,
3351 2981 3396 3035 si
3424 2995 3544 3035 .non
3579 2979 3691 3034 sint
3718 2976 3859 3032 sub-

2264 3080 2359 3135 diti
2391 3096 2406 3134 :
2434 3088 2557 3134 tunc
2576 3087 2755 3133 autem
2776 3090 2904 3132 vere
2923 3065 3142 3134 'videtur
3174 3087 3297 3128 esse
3323 3070 3542 3126 libertas
3573 3086 3588 3124 :
3619 3069 3862 3124 servitus

2269 3183 2429 3239 porro
2447 3167 2766 3239 gravissima
2797 3174 2881 3221 est
2923 3165 2976 3220 in
2998 3164 3188 3219 ordine
3232 3161 3516 3226 libertatis,
3548 3157 3860 3229 praesertim

2268 3263 2313 3318 si
2343 3261 2525 3317 liberis
2565 3259 2880 3329 imperetur.
2908 3258 2986 3312 Ae
3012 3255 3133 3310 vide
3157 3263 3354 3324 quanta
3397 3250 3557 3306 faciat
3587 3247 3862 3304 ambitio:

2268 3351 2390 3407 vide
2426 3351 2670 3420 corporis
2715 3348 2878 3404 robur
2906 3362 3013 3402 non
3065 3358 3288 3400 manens
3315 3346 3454 3397 intra
3479 3353 3606 3396 suos
3635 3339 3890 3406 linum,

2267 3443 2365 3499 sed
2406 3442 2555 3512 plura
2581 3449 2840 3511 expetens
2860 3480 2877 3506 ,
2918 3446 2974 3494 et
3017 3436 3200 3508 gloria:
3227 3443 3565 3505 appetentem
3587 3440 3866 3488 naturam.

2269 3533 2386 3589 Non
2411 3533 2556 3590 enim
2571 3541 2638 3588 ut
2665 3529 2979 3587 defenderet
3001 3528 3122 3583 illos
3152 3567 3168 3594 ,
3218 3525 3554 3596 imperabat;
3581 3521 3679 3577 sed
3703 3529 3762 3578 et
3784 3521 3870 3576 ci-

2271 3626 2464 3680 vitates
2508 3621 2809 3679 aediﬁcabat
2849 3630 2908 3676 ut
2939 3617 3184 3674 hostibus
3229 3617 3539 3684 imperaret.
3587 3614 3685 3668 Ait.
3716 3609 3870 3666 Jnds

2272 3715 2427 3781 enim,
2475 3713 2662 3784 inquit,
2704 3727 2767 3766 ea:
2805 3719 2938 3764 terra
2967 3709 3062 3763 illa
3094 3707 3246 3763 exivit
3276 3704 3469 3768 Assur,
3516 3711 3567 3757 et
3588 3699 3871 3769 artiﬁce-it

2279 3806 2522 3860 Ninioen.
2555 3802 2934 3860 Animadverte
2952 3800 3041 3858 hic
3065 3813 3279 3869 quoque
3318 3797 3450 3852 nihil
3477 3795 3673 3850 laedere
3703 3803 3868 3848 natu-

2274 3912 2388 3952 mut
2435 3903 2677 3950 nostram
2708 3891 3119 3963 .progenitorum
3169 3887 3447 3944 malitiam.
3482 3885 3545 3940 lii
3571 3885 3744 3950 enim,
3768 3882 3868 3939 Ni-

2279 3988 2474 4044 nivitas
2500 3986 2653 4051 dico,
2681 3982 3102 4040 misericordiam
3135 3980 3226 4035 Dei
3272 3977 3582 4047 paenitentia
3610 3975 3712 4029 sibi
3737 3987 3872 4028 cono

2280 4080 2545 4142 ciliarunt,
2568 4083 2814 4131 revocata
2841 4073 2984 4128 illius
3011 4069 3281 4126 sententia
3331 4085 3346 4121 :
3371 4066 3448 4134 hi,
3477 4065 3722 4135 inquam,
3748 4079 3872 4134 pro-

2281 4169 2574 4240 genitorem
2595 4166 2894 4221 habuerunt
2920 4163 3088 4218 Cham
3113 4157 3456 4229 parricidam,
3475 4154 3674 4210 deinde
3706 4154 3868 4209 Nem-

2283 4261 2379 4318 rod
2403 4261 2672 4314 hominem
2705 4267 2987 4327 tyrannum
3021 4261 3076 4308 et
3113 4259 3472 4320 arrogantem,
3496 4263 3563 4302 ex
3587 4263 3698 4316 quo
3722 4258 3872 4302 ortus

2285 4356 2456 4409 Assur
2481 4351 2575 4422 (a).
2610 4349 2867 4404 Dicuntur
2914 4353 3090 4400 autem
3122 4342 3261 4396 forte
3315 4348 3370 4395 et
3392 4339 3482 4393 alii
3528 4338 3692 4392 fuisse
3737 4339 3872 4392 inter

2287 4446 2405 4502 illos
2433 4444 2623 4497 molles
2673 4451 2728 4496 et
2755 4438 2996 4500 delicati,
3026 4447 3080 4492 et
3103 4435 3420 4490 dissolutam
3467 4446 3531 4485 ac
3560 4440 3872 4499 corruptam

2287 4547 2504 4608 agentes
2526 4536 2688 4590 vitam
2706 4573 2721 4598 ,
2744 4530 3006 4594 ebrietati,
3032 4537 3088 4584 et
3107 4527 3257 4590 risui,
3277 4535 3329 4580 et
3346 4522 3872 4586 subsannationibus,

2288 4641 2342 4686 et
2368 4628 2673 4684 scommatis
2697 4623 2884 4679 dediti.
2913 4621 3018 4676 Sed
3047 4621 3169 4688 quia
3198 4619 3464 4672 sinceram
3503 4630 3616 4683 pra:
3644 4629 3705 4670 se
3734 4613 3875 4669 lerre

2288 4724 2504 4779 volucre
2525 4717 2920 4790 paenitentiam,
2954 4713 3082 4767 nihil
3111 4712 3239 4780 ipsis
3269 4708 3443 4762 obfuit
3469 4709 3874 4776 progenitorum

2291 4811 2530 4877 malitia,
2582 4807 2677 4863 sed
2726 4817 2929 4860 tantum
2978 4803 3078 4857 sibi
3123 4800 3352 4855 cmlestis
3386 4796 3586 4852 favoris
3627 4795 3877 4850 concilia-

2356 4923 2428 4986 (a)
2461 4921 2516 4970 In
2545 4931 2704 4982 grteco
2729 4918 2908 4977 legitur
2927 4955 2939 4971 ,
2965 4929 3108 4977 imm
3131 4925 3307 4976 ισιηκάτα
3329 4922 3396 4986 τιὸ-η
3417 4913 3577 4970 Ᾰσικδρ.
3602 4907 3768 4956 Vetus
3800 4907 3876 4986 in-

2295 4974 2505 5045 terpres,
2531 4974 2746 5042 iepotem
2766 4974 2948 5045 quoque
2978 4974 3118 5045 timur
3134 4987 3151 5032 ;
3170 4974 3259 5021 nos
3277 4974 3526 5045 vertimus,
3547 4981 3611 5018 ea"
3630 4981 3726 5045 quo
3749 4976 3880 5018 ortus

2295 5033 2457 5095 assuta
2483 5033 2633 5092 Assur
2658 5033 2935 5146 ergo'lpuiat
2954 5037 3316 5098 (thrysostouuts
3341 5047 3402 5080 ex
3448 5033 3698 5083 Nemrodo
3719 5039 3880 5078 ortum

2297 5120 2428 5146 meo-
2448 5112 2611 5146 contra
2634 5115 2776 5146 (tuam
2816 5101 2978 5146 eaitur
3009 5098 3058 5144 in
3081 5095 3255 5144 eodem
3281 5104 3406 5142 nono
3427 5099 3586 5146 cat-ne
3607 5100 3880 5146 (senescas,

2297 5120 2428 5164 esse,
2448 5112 2611 5154 contra
2634 5095 2776 5162 qua'm
2796 5095 2978 5164 legitur
3009 5095 3058 5144 iti
3081 5095 3255 5164 eodem
3281 5104 3406 5164 nono
3427 5099 3586 5151 atptte
3604 5100 3880 5164 tamarices,

2297 5151 2553 5215 istiista
2573 5151 2698 5211 titius
2720 5151 3057 5209 Semivdieitur.
3082 5163 3228 5204 locus
3249 5160 3411 5203 autem
3432 5165 3581 5214 quem
3604 5151 3684 5198 hic
3708 5151 3882 5212 expla-

2299 5234 2382 5275 nat
2402 5228 2791 5286 Cltrysostomus,»
2807 5231 3013 5286 nempe:
3039 5226 3110 5286 De
3119 5224 3248 5266 terra
3377 5226 3597 5286 egressus
3618 5217 3689 5286 es}
3717 5224 3882 5286 (asta,

2301 5271 2730 5346 iliuéﬁittteum
2753 5271 2818 5346 ab
2839 5271 3218 5346 interpretibus;
3243 5277 3321 5324 alii
3358 5271 3526 5346 putant
3549 5272 3626 5320 hic
3647 5271 3713 5346 d_e
3738 5278 3883 5321 Nem-

2307 5350 2429 5398 rodo
2451 5337 2556 5408 agi,
2594 5344 2785 5408 dicique
2810 5337 3254 5408 ipsum'profect‘tttn
3281 5337 3634 5408 essedeterra
3668 5339 3885 5408 sentiam:

2302 5391 2556 5464 Aggﬁﬁiu'
2575 5411 2654 5454 est
2675 5391 2722 5452 ἱᾶ
2746 5391 3016 5465 Assyriam;
3029 5409 3083 5465 et
3107 5399 3368 5465 mdiiicasse
3394 5396 3623 5465 biniven,
3654 5400 3753 5441 etc.
3775 5391 3884 5465 ⁸ΛΙῆ

2301 5456 2563 5519 δὶὲιιιιίιιὶδ
2587 5465 2778 5513 indicari
2805 5456 2952 5512 Assur
2975 5456 3120 5509 lilium
3143 5470 3252 5508 Sent
3277 5459 3489 5507 exivisse
3516 5456 3596 5519 de_
3613 5462 3746 5502 terra
3770 5460 3885 5502 Sen-

629 5546 725 5591 tuo
752 5537 805 5588 in
833 5543 1012 5589 nostra
1043 5540 1219 5587 mente
1243 5532 1458 5599 scripta,
1499 5539 1556 5584 ut
1619 5528 1809 5582 horum
1861 5526 2199 5580 aemulatores
2305 5515 2817 5599 gi'at’;‘ct_mtngasse
2850 5526 3063 5599 binive‘n',
3085 5530 3202 5599 pte,
3223 5521 3299 5599 cui
3330 5515 3742 5599 ppinionirfavent
3775 5520 3884 5599 Lx.x

627 5638 682 5684 et
708 5629 1000 5680 imitatores
1027 5625 1134 5678 fieri
1167 5625 1429 5692 possimus
1465 5641 1477 5676 :
1507 5621 1660 5689 hujus
1686 5628 1862 5673 autem
1895 5616 2194 5686 improbam

629 5727 862 5774 ruentem
889 5756 904 5779 ,
935 5724 990 5769 et
1019 5715 1280 5785 ingentem
1309 5711 1647 5784 petulantiam
1681 5706 1959 5781 fugiamus.
2005 5707 2095 5762 23.
2133 5704 2194 5760 Et

2307 5574 2640 5649 't'tu'ér‘péétés,
2676 5585 2807 5649 favet
2841 5586 2983 5632 etiam
3006 5574 3231 5649 Vulgata.
3257 5574 3377 5628 Huic
3397 5590 3517 5649 ergo
3541 5576 3778 5648 libentius
3801 5574 3884 5622 ad-

2306 5637 2506 5712 stipul'or
2525 5637 2765 5712 multisde
2779 5650 2951 5700 causis,
2963 5657 3084 5712 quas
3106 5637 3185 5692 hic
3201 5637 3469 5690 recensere
3484 5637 3726 5712 longioris
3749 5644 3887 5712 eiset

2311 5701 2474 5774 opera:
2489 5725 2499 5760 :
2512 5709 2826 5774 quamobrem
2845 5720 2926 5758 res
2940 5701 3068 5757 aliud
3092 5719 3140 5755 tn
3163 5712 3354 5765 tempus
3374 5701 3650 5751 remittatur
3673 5701 3884 5758 oportet.
