4054 6312
159 390 261 449 ΥΒ

167 517 304 573 runt,
335 515 396 563 ut
431 522 608 579 usque
639 523 780 566 nunc
804 506 1112 564 celebretur
1137 508 1392 578 prmelara
1417 523 1606 564 eorum
1630 524 1743 578 pm-

171 599 384 652 nitentia
396 638 411 652 .

235 688 447 742 Navalis
472 689 850 742 exhortatio.—
867 686 1097 742 Proinde
1119 687 1240 742 illos
1255 696 1311 742 et
1340 703 1437 742 nos
1464 688 1750 752 imitemur,

170 787 218 832 et
240 795 358 832 cum
386 780 626 834 sciamus
653 795 824 849 neque
850 763 1131 848 parentum
1157 779 1445 850 nequitiam
1473 793 1571 832 nos
1593 779 1755 833 hede-

171 886 244 931 rc.
271 871 317 924 si
345 871 680 927 voluerimus
707 869 1041 938 resipiscere,
1075 885 1250 940 neque
1280 878 1558 936 parentum
1587 868 1755 922 virtu-

171 973 270 1016 tem
294 962 450 1016 nobis
473 961 752 1031 prodesse.
779 962 826 1015 si
857 961 1113 1017 fuerimus
1133 961 1484 1030 negligentes,
1506 974 1756 1028 magnum

171 1055 234 1108 sit
252 1053 404 1107 nobis
417 1051 661 1106 studium
677 1050 907 1115 virtutis,
930 1059 987 1106 et
1004 1059 1214 1120 gratam
1229 1049 1557 1103 voluntatem
1574 1057 1760 1102 osten-

171 1143 390 1207 damus,
418 1151 479 1196 ut
504 1141 751 1197 eamdem
777 1157 938 1212 quam
961 1141 1092 1196 Scin
1115 1151 1166 1195 et
1195 1139 1425 1209 .laphcth
1461 1153 1760 1208 consequa-

174 1251 287 1289 mur
313 1234 749 1290 benedictionem
781 1251 797 1289 :
837 1241 896 1288 et
935 1242 996 1289 ut
1019 1248 1050 1287 a
1094 1232 1472 1288 maledictione
1496 1241 1552 1286 et
1591 1231 1764 1287 servi-

177 1336 301 1388 tute,
331 1340 494 1394 quam
520 1325 776 1380 Chanaan
813 1323 1053 1394 accepit,
1083 1324 1396 1390 liberemur,
1420 1331 1476 1379 et
1503 1337 1570 1377 ne
1597 1321 1765 1376 simus

176 1416 314 1470 servi
341 1397 576 1485 peccati,
595 1415 691 1471 scd
713 1430 893 1470 veram
919 1414 1254 1485 possidentes
1281 1414 1605 1480 libertatem,
1629 1411 1765 1467 inef-

179 1505 350 1559 fabilia
377 1505 520 1558 bona
545 1503 930 1574 adipiscamur,
969 1503 1142 1574 gratia
1166 1513 1222 1560 et
1245 1502 1612 1558 misericordia
1657 1501 1766 1556 Do-

183 1595 307 1648 mini
333 1595 508 1649 nostri
533 1593 660 1650 .lesu
683 1593 910 1661 Christi,
931 1608 1052 1650 cum
1074 1609 1182 1664 quo
1200 1593 1364 1658 Patri,
1386 1592 1546 1647 simul
1571 1602 1624 1646 et
1647 1590 1771 1661 Spi-

182 1685 300 1739 ritui
325 1693 516 1740 sancto
539 1683 608 1741 sit
629 1685 823 1755 gloria,
843 1684 1152 1756 imperium,
1169 1684 1371 1753 honor,
1392 1697 1535 1739 nunc
1552 1691 1604 1741 et
1629 1697 1770 1741 scm-

182 1789 295 1843 per,
321 1785 386 1831 et
402 1776 458 1831 in
482 1775 798 1831 saeclorum
824 1776 1039 1830 sarcula.
1071 1775 1268 1832 Amen.

731 1905 1009 1962 BOMILIA
1049 1904 1222 1960 XXX.

218 2017 283 2074 Et
308 2029 421 2076 erat
437 2021 602 2098 omnis
629 2029 761 2074 terra
782 2019 972 2074 labium
992 2035 1172 2086 unum,
1195 2029 1240 2074 et
1261 2035 1359 2074 vos:
1385 2036 1485 2074 una
1506 2017 1737 2073 omnibus

786 2109 939 2178 (Gen.
971 2111 1032 2165 tt
1091 2110 1168 2182 t).

256 2245 304 2297 Ι.
341 2244 379 2295 Α
420 2241 723 2313 negligentia
749 2242 1006 2298 auditores
1026 2244 1222 2298 avertit.
1265 2243 1526 2314 Confessio
1546 2253 1777 2314 peccato-

187 2350 318 2386 rum.
346 2333 507 2388 Hora:
527 2335 746 2405 maiores
767 2335 844 2388 uel
863 2335 1081 2388 minores
1106 2351 1199 2404 pro
1219 2333 1538 2404 longitudine
1558 2334 1778 2389 dientm.

189 2422 288 2476 Cur
321 2440 508 2494 magna
538 2425 736 2477 dicatur
771 2424 879 2477 Iure
916 2423 1253 2478 hebdomade.
1281 2454 1352 2465 -—
1378 2423 1521 2480 Ecce
1562 2423 1778 2479 tandem

188 2515 251 2570 ad
300 2515 459 2571 ﬁnem
503 2528 703 2573 sanctae
741 2516 1176 2588 Quadragesimte
1213 2517 1480 2583 venimus,
1506 2525 1559 2571 et
1590 2516 1778 2586 jejunii

189 2608 573 2678 navigationem
605 2609 924 2677 perfecimus
948 2650 964 2675 ,
996 2609 1432 2679 appulimusque,
1465 2609 1556 2665 Dei
1582 2610 1776 2680 gratia,

191 2696 242 2750 in
274 2706 504 2766 portum.
539 2697 736 2753 Verum
773 2713 888 2752 non.
927 2697 1049 2753 ideo
1096 2699 1424 2769 negligentes
1453 2699 1641 2764 simus,
1683 2698 1779 2754 sed

192 2790 288 2844 hac
313 2788 383 2844 de
409 2804 569 2844 causa
615 2789 806 2842 iterum
838 2791 1012 2860 majus
1049 2790 1282 2846 studium
1302 2830 1317 2856 ,
1361 2791 1620 2860 tmjorem
1657 2789 1781 2844 dili-

190 2883 453 2949 gentiam,
485 2881 849 2951 majoremque
889 2881 1215 2952 vigilantiam
1250 2882 1617 2936 cxhibeamns.
1648 2881 1781 2936 Nam

193 2980 254 3026 et
268 2972 500 3026 nauelcri
523 2987 646 3026 cum
671 2987 764 3041 per
792 2973 1148 3035 multumaria
1175 2973 1499 3038 transierint,
1528 2985 1582 3027 et
1609 2972 1782 3040 plenis

193 3064 354 3127 velis,
381 3063 690 3132 eductisque
718 3065 986 3119 mercibus
1014 3063 1121 3136 (a)
1148 3063 1201 3119 in
1247 3074 1457 3133 portum
1493 3063 1780 3133 ingressuri

193 3152 421 3219 fuerint,
451 3162 561 3207 tum
593 3153 879 3207 maximam
923 3167 1106 3209 curam
1143 3163 1198 3208 et
1243 3153 1652 3208 sollicitudinem
1685 3167 1782 3221 ge-

193 3251 334 3309 runt,
366 3259 430 3297 ne
457 3243 512 3297 in
540 3242 817 3312 scopulum
845 3243 932 3298 vel
962 3243 1016 3297 in
1043 3251 1249 3312 petram
1274 3242 1558 3312 quamdam
1588 3242 1782 3312 impin-

181 3339 338 3402 ‘gant,
365 3349 482 3401 qum
508 3347 697 3387 omnes
723 3333 929 3403 priores
955 3333 1169 3388 labores
1197 3331 1355 3387 simul
1380 3331 1674 3401 disperdat.
1708 3332 1775 3387 Ita

192 3437 401 3492 quoque
444 3422 644 3476 faciunt
667 3437 918 3478 cursores
949 3441 961 3477 :
991 3439 1112 3478 eum
1137 3422 1280 3478 enim
1304 3422 1372 3478 ad
1398 3422 1555 3477 linem
1579 3423 1782 3478 stadio-

195 3528 310 3566 rum
335 3513 686 3581 perveniunt,
713 3512 1169 3569 vehementiorem
1199 3522 1414 3568 servant
1454 3529 1696 3581 cursum,
1730 3523 1786 3568 ut

194 3613 390 3658 metam
415 3605 698 3674 attingant,
723 3613 778 3659 et
803 3605 1018 3673 praemia
1046 3613 1372 3660 mereantur.
1395 3605 1624 3660 Athletae
1653 3619 1788 3674 quo-

192 3710 298 3764 que
324 3705 446 3764 post
475 3696 702 3763 plurima
726 3694 1014 3754 certamina
1045 3705 1100 3750 et
1119 3695 1387 3762 victorias,
1417 3711 1539 3751 cum
1569 3712 1664 3764 pro
1690 3711 1786 3751 co-

194 3801 324 3841 rona
355 3788 668 3842 certandum
699 3796 782 3842 est
802 3827 818 3851 ,
866 3788 1054 3856 majori
1082 3787 1204 3842 nisu
1233 3788 1411 3842 omnia
1453 3788 1684 3854 faciunt,
1729 3799 1788 3842 ut

194 3889 412 3947 accepta
442 3893 640 3933 corona
679 3879 896 3934 abeant.
938 3879 1122 3948 Itaque
1156 3879 1608 3949 quemadmodum
1651 3895 1784 3935 nau-

194 3966 346 4034 olcri,
374 3976 431 4022 et
454 3980 818 4034 cursores,.et
842 3969 1094 4034 athleta,
1123 3970 1212 4024 ubi
1241 3970 1308 4024 ad
1341 3969 1499 4025 linem
1542 3972 1790 4038 veniunt,

195 4059 362 4127 magis
388 4059 667 4113 enituntur
703 4069 758 4114 et
793 4059 1013 4128 vigilant
1047 4077 1061 4113 :
1098 4059 1286 4115 eodem
1315 4062 1477 4115 modo
1504 4071 1558 4115 et
1579 4077 1674 4116 nos
1705 4062 1786 4116 fa-

195 4147 398 4200 ciamus
425 4156 637 4215 oportet
660 4189 676 4214 ,
702 4149 826 4218 quia
868 4149 922 4202 in
961 4165 1207 4220 magnam
1238 4150 1374 4205 hanc
1399 4150 1787 4208 hebdomadam

198 4238 287 4292 Dei
322 4240 494 4308 gratia
524 4242 893 4308 pervenimus.
927 4257 1070 4296 nunc
1111 4243 1342 4298 maxime
1365 4245 1552 4314 jejunii
1599 4261 1792 4303 cursus

196 4329 572 4394 intendendus,
602 4340 657 4386 et
678 4330 1026 4388 ferventiores
1048 4332 1328 4389 fundenda:
1352 4351 1566 4404 preces,
1595 4337 1791 4392 facien-

195 4421 371 4492 daque
391 4421 618 4491 diligens
638 4431 691 4477 et
713 4438 842 4492 pura
871 4433 1207 4493 peccatorum
1227 4424 1515 4492 confessio,
1542 4438 1596 4482 et
1623 4427 1674 4481 in
1697 4429 1793 4484 bo-

196 4512 274 4566 nis
302 4512 560 4580 operibus
583 4511 836 4567 sedulitas
871 4513 1192 4580 exhibenda,
1223 4516 1560 4586 eleemosyna
1607 4518 1790 4586 larga,

195 4603 460 4671 aquitas,
489 4603 873 4669 mansuetudo,
918 4604 1144 4675 aliaeque
1186 4608 1413 4662 virtutes
1446 4625 1460 4659 :
1504 4617 1561 4660 ut
1599 4609 1792 4664 talibus

195 4692 370 4745 ornati
391 4693 696 4759 virtutibus,
725 4694 810 4748 ubi
843 4695 894 4748 in
921 4693 1062 4749 diem
1093 4696 1421 4752 Dominicam
1449 4697 1669 4752 Paschaa
1693 4714 1791 4754 ve-

197 4785 455 4846 nerimus,
488 4783 700 4838 Domini
730 4785 1045 4842 liberalitate
1065 4787 1323 4843 fruamur.
1347 4789 1587 4861 Magnam
1609 4803 1790 4846 autem

195 4887 452 4926 vocamus
482 4872 900 4941 hebdomadam,
924 4891 1028 4929 non
1056 4877 1199 4945 quod
1227 4878 1495 4947 longiores
1519 4882 1570 4934 in
1593 4896 1653 4934 ca
1685 4883 1792 4936 sint

199 4963 349 5017 horae
377 4981 388 5016 :
423 4973 549 5018 sunt
577 4963 719 5018 enim
751 4965 868 5019 alia:
892 4981 1011 5035 qua:
1049 4966 1216 5020 multo
1247 4967 1477 5036 majores
1504 4969 1663 5024 horas
1691 4972 1787 5024 ha~

199 5054 360 5117 bent;
395 5069 565 5123 neque
590 5053 732 5122 quod
764 5055 941 5124 plures
968 5055 1084 5110 dies
1113 5056 1307 5112 habeat
1336 5075 1348 5110 :
1377 5069 1459 5114 est
1481 5061 1620 5114 enim
1651 5061 1790 5116 idem

200 5159 456 5198 numerus
495 5144 545 5197 in
577 5143 678 5198 hac
715 5146 938 5215 aliisque
976 5146 1245 5203 omnibus.
1291 5149 1466 5216 Quare
1491 5166 1621 5222 ergo
1649 5153 1790 5208 illam

200 5249 452 5289 vocamus
475 5236 758 5304 magnam?
778 5236 911 5304 Quia
935 5238 988 5291 in
1013 5238 1098 5292 illa
1119 5254 1308 5308 magna
1324 5241 1567 5310 quredam
1586 5253 1639 5299 et
1660 5244 1795 5302 inef-

202 5326 379 5381 fabilia
412 5326 547 5380 bona
589 5327 929 5396 contigerunt
955 5329 1129 5382 nobis.
1171 5329 1229 5384 In
1259 5330 1346 5384 illa
1381 5332 1526 5386 enim
1564 5334 1793 5390 solutum

199 5429 280 5472 pst
310 5417 507 5472 bellum
551 5417 848 5485 diutinum,
875 5420 1136 5474 exstincta
1176 5435 1346 5489 mors,
1375 5423 1680 5480 maledictio
1709 5426 1790 5481 in-

201 5519 482 5578 tercmpta,
509 5507 706 5562 diaboli
730 5513 965 5578 tyrannis
983 5511 1260 5582 dissoluta,
1285 5529 1407 5571 vasa
1427 5515 1540 5584 ejus
1567 5515 1790 5588 direpta;

259 5640 335 5700 (ιι)
355 5642 435 5688 Itis
449 5641 608 5709 innuit
628 5641 1009 5709 Chrxsostomus,
1032 5658 1123 5695 suo
1147 5653 1371 5709 tempore
1394 5636 1599 5697 in‘inore
1626 5648 1793 5708 fuisse,

201 5708 253 5750 ut
277 5715 337 5772 es
365 5703 616 5772 navibus,
635 5702 856 5753 confecto
889 5702 1209 5766 navigationis
1240 5702 1412 5772 cursu,
1449 5718 1710 5772 antequam
1747 5702 1794 5760 iu

206 5770 393 5834 ιιοιωιιι
414 5765 701 5834 intraretur,
723 5779 874 5816 (iners
899 5775 952 5818 et
973 5765 1175 5822 sarcina:
1203 5765 1548 5834 educerentur,
1571 5765 1620 5822 et
1644 5773 1694 5822 in
1718 5787 1792 5822 su-

203 5835 366 5886 premo
383 5825 607 5878 tabulato
627 5838 949 5889 ponerentur.

1141 395 1210 453 IN
1244 397 1395 455 CAP.
1441 397 1485 453 Χ
1525 395 1611 452 ΕΤ
1653 397 1742 452 XI.
1785 395 2012 452 ϐΕΜιδ
2074 394 2302 452 ΙΙΟΜΙΙι.
2346 395 2515 451 XXX.

3352 392 3454 447 27b

1865 506 2004 561 Deus
2033 507 2337 561 hominibus
2363 506 2735 562 reconciliatus
2759 512 2862 569 est.
2891 504 3079 559 emtum
3129 504 3458 573 penetrabile

1859 595 2056 650 factum
2084 607 2185 656 est.
2220 597 2467 651 homines
2492 612 2612 650 cum
2636 597 2842 666 angelis
2867 597 3142 650 commixti
3170 604 3312 660 sunt,
3340 613 3460 665 qua:

1862 686 2130 740 distabant
2153 687 2432 756 conjuncta
2457 697 2600 750 sunt,
2619 701 2776 754 sepes
2795 687 3023 750 sublata,
3047 697 3255 755 septum
3282 703 3461 741 remi»

1865 785 1999 843 tum,
2033 778 2173 833 Deus
2199 780 2343 848 pacis
2367 780 2587 848 pacifica
2628 779 2751 833 fecit
2775 780 2976 846 omnia,
3004 796 3123 850 qua:
3152 781 3203 833 in
3237 781 3386 834 c'elis
3413 788 3467 834 et

1865 885 1982 936 qu:e
2013 869 2064 922 in
2095 871 2273 923 terris.
2298 870 2410 924 llac
2431 872 2605 939 itaque
2625 871 2690 926 de
2717 886 2876 926 causa
2903 888 3149 941 magnam
3173 872 3467 926 hebdoma-

1867 960 1988 1013 dam
2020 976 2292 1027 vocamus,
2318 963 2440 1030 quia
2469 972 2668 1016 tantam
2704 963 2855 1018 nobis
2880 961 3144 1018 donorum
3169 963 3434 1017 multitudi
3453 993 3467 1001 -

1868 1066 1991 1104 nem
2023 1051 2073 1104 in
2112 1051 2197 1104 illa
2238 1051 2458 1121 largitus
2482 1063 2565 1107 est
2595 1054 2871 1108 Dominus.
2906 1053 2971 1106 Et
2999 1053 3196 1107 idcirco
3223 1055 3376 1107 multi
3403 1063 3460 1108 et

1866 1140 2127 1208 jejunium
2158 1141 2468 1207 intendunt,
2489 1154 2540 1198 et
2570 1143 2796 1213 vigilias,
2837 1153 2892 1199 ct
2919 1145 3352 1213 pernoctationes
3378 1159 3467 1197 sa-

1869 1246 2020 1294 cras,
2067 1241 2122 1286 et
2163 1232 2562 1304 elecmosynas,
2595 1234 2717 1288 hinc
2751 1234 3064 1288 exhibentes
3104 1249 3264 1298 eum,
3301 1249 3462 1303 quem

1873 1323 2224 1379 hebdomadas
2253 1325 2378 1380 huic
2405 1335 2682 1395 praestant,
2717 1325 2996 1386 honorem.
3027 1326 3158 1381 Nam
3202 1327 3248 1381 si
3287 1326 3473 1381 Domi-

1874 1432 1972 1470 nus
2004 1417 2128 1472 talia
2153 1418 2290 1472 bona
2325 1420 2375 1473 in
2416 1420 2504 1474 illa
2538 1421 2964 1490 nobis-donavit,
2989 1423 3259 1493 quomodo
3285 1439 3391 1477 non
3419 1432 3474 1477 ct

1876 1523 1976 1563 nos
1994 1508 2271 1575 debemus,
2295 1522 2552 1580 quantum
2580 1527 2886 1582 possumus,
2917 1517 3272 1571 reverentiam
3294 1527 3349 1571 ct
3374 1517 3472 1571 ho-

1877 1614 2061 1653 norem
2089 1601 2413 1655 ostendere?

1946 1687 2212 1743 Iustitium
2235 1691 2480 1746 indictum
2514 1693 2829 1748 hebdomade
2859 1705 3060 1749 sancta.
3091 1726 3160 1736 —
3187 1696 3474 1752 Enimvero

1879 1778 2236 1848 Imperatores
2258 1781 2541 1852 ipsi-gestis
2571 1783 2682 1838 suis
2708 1784 2983 1842 declarant
3007 1801 3168 1856 quam
3192 1787 3443 1841 venerabi
3460 1816 3475 1824 -

1880 1870 1955 1924 les
1982 1871 2105 1926 illus
2127 1872 2243 1927 dies
2284 1873 2547 1938 habeant,
2576 1875 2892 1932 mandantes
2923 1886 2979 1931 ut
3001 1877 3250 1932 omnibus
3271 1877 3378 1932 sint
3400 1879 3477 1931 itt-

1879 1961 2050 2017 dueize
2070 1975 2125 2019 et
2150 1964 2299 2020 feriae
2327 1966 2392 2021 iis
2417 1968 2506 2036 qui
2527 1968 2773 2024 civilibus
2801 1968 3095 2040 funguntur
3120 1971 3367 2040 negotiis,
3398 1981 3478 2025 ιιι·

1880 2067 1985 2121 que
2013 2053 2329 2110 claudantur
2357 2055 2501 2112 fores
2522 2057 2844 2127 judiciorum
2863 2099 2882 2127 ,
2910 2068 2967 2115 ct
2990 2059 3335 2116 elimincntur
3363 2076 3478 2116 om-

1882 2159 1978 2200 nes
2007 2145 2179 2201 litium
2204 2157 2258 2202 et
2287 2149 2690 2204 contentionum
2722 2157 2952 2220 species,
2979 2167 3090 2223 quo
3117 2169 3304 2224 magna
3330 2163 3486 2209 tran-

1881 2235 2148 2303 quillitate
2159 2250 2224 2292 ac
2236 2238 2418 2307 quiete
2433 2240 2589 2294 liceat
2606 2239 2674 2295 ad
2684 2241 2979 2311 spiritualia
2997 2251 3142 2298 recte
3159 2245 3480 2312 perficienda

1883 2325 2154 2382 festimre.
2184 2327 2252 2384 Et
2273 2343 2381 2383 non
2402 2329 2504 2385 hoc
2521 2331 2714 2397 solum,
2739 2331 2836 2386 sed
2849 2339 2903 2387 et
2922 2333 3082 2387 aliam
3109 2335 3493 2390 liberalitatem-

1884 2417 2179 2472 ostendunt
2204 2435 2219 2472 :
2241 2433 2336 2476 eos
2360 2421 2505 2475 enim
2530 2421 2622 2491 qui
2647 2422 2700 2476 in
2727 2423 3033 2479 carceribus
3060 2432 3207 2489 sunt,
3238 2439 3269 2479 a
3299 2427 3484 2480 vincu-

1884 2507 1951 2562 lis
1974 2510 2223 2578 solvunt,
2261 2521 2316 2567 et
2352 2527 2449 2582 pro
2479 2512 2711 2568 humana
2739 2513 2988 2571 facultate
3014 2517 3300 2572 Dominum
3329 2531 3484 2572 suum

1887 2599 2183 2656 imitantur.
2221 2603 2370 2659 Sicut
2407 2605 2554 2660 enim
2591 2604 2704 2676 ipse
2745 2619 2777 2658 a
2829 2606 2976 2676 gravi
3010 2621 3107 2660 nos
3144 2616 3485 2677 peccatorum

1886 2705 2101 2748 carcere
2157 2695 2375 2760 liberat,
2429 2704 2483 2750 et
2530 2695 2830 2751 innumeris
2874 2697 3028 2752 bonis
3057 2696 3223 2752 afficit
3252 2717 3263 2749 :
3296 2700 3491 2755 eodem

1887 2783 2050 2838 modo
2075 2793 2131 2839 ct
2159 2785 2313 2840 nobis
2343 2801 2449 2856 pro
2471 2786 2617 2842 virili
2636 2789 2941 2846 iaciendum
2961 2798 3062 2852 est,
3087 2800 3142 2843 ut
3173 2790 3340 2844 simus
3369 2790 3487 2844 imi-

1887 2883 2087 2931 tatores
2117 2876 2497 2932 misericordia:
2532 2878 2743 2933 Domini
2769 2879 2862 2934 Dei
2889 2882 3080 2935 nostri.
3114 2880 3332 2936 Vidistis
3352 2896 3488 2951 quo-

1888 2965 2050 3018 modo
2073 2966 2269 3036 singuli
2294 2966 2346 3020 in
2363 2968 2620 3022 omnibus
2634 2970 2908 3038 specimen
2936 2971 3160 3024 edamus
3184 2971 3299 3041 ejus
3321 2971 3487 3028 hono-

1889 3057 1963 3110 ris
1986 3071 2051 3111 ac
2073 3059 2407 3124 reverentiaa,
2435 3075 2594 3128 quam
2624 3059 2939 3115 exhibemus
2969 3061 3160 3117 diebus
3179 3064 3245 3117 iis
3272 3064 3362 3133 qui
3391 3079 3490 3119 ηοω

1890 3146 1974 3200 bis
2002 3156 2081 3202 tot
2124 3148 2388 3203 bonorum
2423 3164 2601 3205 causa:
2643 3153 2808 3205 sunt?
2835 3152 3068 3209 Proinde
3099 3170 3229 3226 rogo
3266 3170 3412 3211 nunc
3445 3157 3489 3211 si

1890 3254 2144 3309 umquam
2170 3240 2324 3307 alias,
2352 3251 2408 3295 ut
2435 3241 2664 3311 repulsis
2689 3245 3034 3300 smcularibus
3055 3247 3489 3316 cngitalionibus,

1891 3340 1942 3383 ct
1971 3339 2151 3385 mente
2182 3341 2408 3400 purgata
2431 3348 2494 3387 ac
2534 3332 2679 3404 vigili
2707 3333 2812 3389 huc
2849 3335 3256 3392 conveniamus.
3305 3337 3491 3394 Nullus

1889 3421 2170 3476 ecclesiam
2217 3422 2487 3492 ingressus
2517 3425 2805 3481 sa‘culares
2830 3441 2988 3481 curas
3013 3443 3194 3483 secum
3226 3429 3407 3500 ducat,
3437 3442 3501 3488 ut

1889 3513 2050 3580 digna
2077 3513 2317 3567 laborum
2345 3515 2593 3572 mercede
2625 3526 2862 3586 recepta,
2897 3520 3086 3572 iterum
3114 3521 3332 3576 domum
3363 3537 3492 3592 pro-

1896 3606 2060 3660 ficisci
2082 3606 2258 3662 liceat.
2290 3607 2403 3677 Age
2431 3609 2587 3678 igitur
2615 3621 2932 3665 consuetam
2953 3611 3103 3666 vobis
3128 3627 3368 3668 mensam
3397 3616 3494 3670 ite-

1892 3714 2011 3753 rum
2040 3715 2401 3770 proponamus
2420 3743 2435 3767 ,
2481 3711 2536 3756 et
2574 3701 2641 3757 de
2671 3703 2738 3757 iis
2753 3720 2883 3772 .qure
2914 3704 3050 3759 lecta
3081 3715 3206 3760 sunt
3243 3722 3306 3761 ex
3337 3708 3495 3764 beato

1896 3793 2063 3856 Mose,
2093 3794 2301 3848 caritati
2324 3803 2515 3849 vestra:
2541 3795 2845 3850 convivium
2869 3811 3138 3866 paremus,
3164 3798 3350 3854 eadem
3381 3800 3496 3870 ipsa

1896 3887 1948 3939 in
1972 3885 2204 3940 medium
2233 3884 2564 3943 adducentes
2583 3895 2639 3941 et
2658 3887 2956 3942 indicantes
2982 3888 3181 3943 divinae
3204 3890 3496 3960 Scriptum

1895 3977 2244 4047 diligentiam.
2283 3976 2416 4031 Nam
2458 3988 2737 4047 postquam
2781 3977 3020 4032 historiae
3065 3980 3133 4033 de
3184 3979 3338 4036 beato
3385 3981 3500 4039 Noe

1898 4067 2058 4121 tinem
2108 4067 2380 4136 imposuit,
2434 4068 2804 4138 genealogiam
2849 4079 3246 4137 consequenter
3296 4086 3325 4124 a
3370 4069 3498 4127 Sum

1896 4160 2192 4224 exorditur,
2220 4172 2274 4216 et
2300 4160 2429 4214 dicit
2459 4178 2470 4213 :
2499 4160 2590 4214 2|.
2622 4159 2774 4232 (Gen.
2799 4161 2889 4231 l0)
2909 4160 2976 4214 Et
3005 4162 3128 4216 Sent
3155 4163 3264 4216 nati
3286 4174 3423 4230 sunt,
3453 4177 3500 4220 et

1897 4252 1997 4320 ipsi
2024 4253 2158 4321 patri
2183 4252 2411 4306 omnium
2442 4253 2672 4319 ﬁliorum
2701 4250 2888 4318 lfeber,
2920 4254 3069 4324 fratri
3109 4252 3337 4323 Japlietlt
3385 4272 3498 4308 ma-

1889 4345 2022 4414 joris
2051 4345 2168 4413 ﬁlii.
2219 4343 2418 4398 Deinde
2443 4342 2690 4397 confecto
2711 4344 2984 4399 nominum
3005 4346 3252 4416 catalogo
3272 4347 3344 4400 ait
3369 4363 3382 4398 :
3407 4347 3496 4401 25.

1899 4437 1966 4490 ΕΙ
1990 4437 2153 4491 Heber
2170 4438 2278 4491 nati
2299 4448 2415 4489 sunt
2442 4437 2544 4490 duo
2573 4437 2690 4505 ﬁlii,
2715 4453 2896 4491 nomen
2934 4438 3022 4490 uni
3048 4436 3244 4490 Phalec
3267 4455 3285 4492 :
3305 4440 3425 4508 quia
3450 4441 3502 4494 in

1897 4528 2073 4582 diebus
2112 4528 2250 4582 illius
2279 4527 2442 4581 divisa
2475 4537 2547 4580 est
2597 4537 2754 4582 terra.
2798 4527 3094 4582 Considera
3122 4529 3394 4598 quomodo
3424 4531 3498 4582 si-

1898 4622 1986 4692 gni
2017 4620 2092 4691 (a)
2122 4635 2226 4674 non
2261 4620 2431 4674 multo
2460 4627 2580 4688 post
2617 4618 2776 4673 futuri
2813 4620 3208 4688 przescicntiam
3237 4620 3499 4675 vocabulo

1899 4715 2008 4769 nati
2037 4715 2182 4783 pueri
2211 4712 2418 4779 indidit,
2448 4723 2505 4766 ut
2537 4727 2657 4766 cuin
2685 4711 2882 4766 videris
2910 4726 3022 4765 rem
3048 4726 3215 4782 Opere
3239 4712 3504 4785 adimple-

1899 4815 2034 4873 tam,
2062 4820 2171 4860 nou
2197 4806 2332 4860 ultra
2356 4803 2589 4870 mireris,
2612 4804 2799 4859 videns
2824 4804 3082 4863 divinitus
3104 4804 3378 4878 hocpueri
3405 4825 3502 4864 no-

1899 4901 2043 4955 mine
2083 4898 2417 4968 prmdictum.
2464 4897 2597 4953 Nam
2645 4906 2927 4969 postquam
2972 4900 3272 4969 catalogum
3313 4916 3500 4955 eorum

1899 4991 2044 5056 fecit,
2076 4991 2165 5060 qui
2197 4999 2382 5058 postea
2422 4991 2530 5045 nati
2573 5000 2719 5054 sunt,
2749 4991 2965 5061 inquit:
3002 4991 3053 5045 Ι.
3097 4992 3248 5062 (Cap.
3298 4993 3386 5060 ll)
3436 4990 3505 5044 Et

1898 5091 2007 5136 erat
2046 5081 2213 5136 omnis
2237 5092 2372 5135 terra
2401 5081 2589 5135 labium
2635 5099 2792 5135 unum
2814 5124 2829 5147 ,
2856 5092 2903 5136 et
2945 5099 3044 5138 una:
3080 5099 3182 5138 una
3225 5084 3459 5138 omnibus
3489 5101 3499 5134 :

1901 5189 2008 5226 non
2056 5172 2124 5227 de
2174 5181 2312 5226 terra
2357 5173 2605 5240 loquens,
2636 5172 2729 5228 sed
2777 5172 2843 5226 de
2876 5173 3152 5228 hominum
3196 5189 3415 5244 genere,
3451 5186 3510 5230 ut

1901 5280 1999 5318 nos
2049 5262 2239 5317 doceat
2269 5278 2428 5318 unam
2461 5263 2693 5332 linguam
2719 5263 2866 5317 omni
2895 5263 3170 5318 hominum
3207 5265 3373 5319 fuisse
3404 5281 3507 5319 na-

1902 5363 2052 5406 turzn.
2083 5352 2148 5405 Et
2167 5364 2275 5406 erat
2305 5355 2465 5406 omnis
2492 5364 2626 5406 terra
2653 5353 2841 5407 labium
2870 5371 3045 5421 unum,
3075 5365 3118 5409 et
3146 5372 3244 5409 vos:
3270 5372 3371 5409 una
3393 5374 3504 5410 om-

1901 5447 2068 5500 nibus.
2098 5447 2310 5500 Labium
2346 5463 2526 5513 unum,
2552 5463 2854 5504 sermonem
2882 5450 3030 5512 dicit,
3061 5458 3114 5504 et
3140 5449 3370 5520 idipsum
3402 5451 3502 5505 ite-

1903 5557 2020 5593 rum
2051 5555 2144 5609 per
2179 5555 2364 5595 vocem
2409 5540 2645 5605 indicat,
2671 5542 2979 5611 significans
3019 5558 3209 5598 omnes
3252 5557 3377 5598 usos
3407 5558 3497 5596 ca-

1903 5635 2024 5688 dem
2055 5648 2184 5690 voce
2212 5643 2266 5690 ct
2306 5633 2499 5705 lingua.
2535 5635 2600 5688 Et
2625 5636 2768 5705 quod
2805 5636 2874 5691 de
2918 5636 3128 5706 loquela
3155 5635 3388 5700 dicatur,
3430 5635 3500 5690 Et

1962 5773 2138 5885 (farno
2174 5776 2314 5839 signo
2364 5789 2453 5826 seu
2493 5775 2724 5827 miraculo
2770 5776 3020 5827 divisionis
3086 5775 3363 5836 linguarum
3424 5771 3502 5817 tu»

1962 5850 1986 5885 il
2071 5871 2082 5884 .

1903 5850 2082 5900 quitur.
