  <div class='ocr_page' id='page_1' title='image "/cluster/home/n/w/nwhite01/storage/ocr_20150623/53/pst.000005712526/275.png"; bbox 0 0 4054 6312; ppageno 0'>
   <div class='ocr_carea' id='block_1_1' title="bbox 542 388 648 446">
    <p class='ocr_par' dir='ltr' id='par_1_1' title="bbox 542 388 648 446">
     <span class='ocr_line' id='line_1_1' title="bbox 542 388 648 446; baseline 0.009 -1"><span class='ocrx_word' id='word_1_1' title='bbox 542 388 648 446; x_wconf 65' lang='lat' dir='ltr'><strong>I75</strong></span> 
     </span>
    </p>
   </div>
   <div class='ocr_carea' id='block_1_2' title="bbox 539 494 2130 569">
    <p class='ocr_par' dir='ltr' id='par_1_2' title="bbox 539 494 2130 569">
     <span class='ocr_line' id='line_1_2' title="bbox 539 494 2130 569; baseline -0.011 -3"><span class='ocrx_word' id='word_1_2' title='bbox 539 518 655 566; x_wconf 75' lang='lat' dir='ltr'><strong>erat</strong></span> <span class='ocrx_word' id='word_1_3' title='bbox 698 503 859 560; x_wconf 73' lang='lat' dir='ltr'><strong>omnis</strong></span> <span class='ocrx_word' id='word_1_4' title='bbox 897 514 1030 559; x_wconf 80' lang='lat' dir='ltr'><strong>terra</strong></span> <span class='ocrx_word' id='word_1_5' title='bbox 1074 501 1260 557; x_wconf 80' lang='lat' dir='ltr'><strong>labium</strong></span> <span class='ocrx_word' id='word_1_6' title='bbox 1300 517 1454 556; x_wconf 84' lang='lat' dir='ltr'><strong>unum</strong></span> <span class='ocrx_word' id='word_1_7' title='bbox 1474 541 1490 566; x_wconf 90' lang='lat'><strong>,</strong></span> <span class='ocrx_word' id='word_1_8' title='bbox 1520 497 1644 555; x_wconf 86' lang='lat' dir='ltr'><strong>audi</strong></span> <span class='ocrx_word' id='word_1_9' title='bbox 1672 498 1997 569; x_wconf 85' lang='lat' dir='ltr'><strong>Scripturam</strong></span> <span class='ocrx_word' id='word_1_10' title='bbox 2025 494 2130 549; x_wconf 81' lang='lat' dir='ltr'><strong>alio</strong></span> 
     </span>
    </p>
   </div>
   <div class='ocr_carea' id='block_1_3' title="bbox 552 587 2131 660">
    <p class='ocr_par' dir='ltr' id='par_1_3' title="bbox 552 587 2131 660">
     <span class='ocr_line' id='line_1_3' title="bbox 552 587 2131 660; baseline -0.009 -9"><span class='ocrx_word' id='word_1_11' title='bbox 552 597 673 650; x_wconf 82' lang='lat' dir='ltr'><strong>loco</strong></span> <span class='ocrx_word' id='word_1_12' title='bbox 706 595 1013 650; x_wconf 91' lang='lat' dir='ltr'><strong>dicentem:</strong></span> <span class='ocrx_word' id='word_1_13' title='bbox 1071 593 1318 648; x_wconf 83' lang='lat' dir='ltr'><strong>Venenum</strong></span> <span class='ocrx_word' id='word_1_14' title='bbox 1355 591 1590 660; x_wconf 87' lang='lat' dir='ltr'><strong>aspidum</strong></span> <span class='ocrx_word' id='word_1_15' title='bbox 1631 587 1721 643; x_wconf 80' lang='lat' dir='ltr'><strong>sub</strong></span> <span class='ocrx_word' id='word_1_16' title='bbox 1770 588 1914 642; x_wconf 83' lang='lat' dir='ltr'><strong>labiis</strong></span> <span class='ocrx_word' id='word_1_17' title='bbox 1958 599 2131 639; x_wconf 84' lang='lat' dir='ltr'><strong>eorum</strong></span> 
     </span>
    </p>
   </div>
   <div class='ocr_carea' id='block_1_4' title="bbox 548 676 2131 755">
    <p class='ocr_par' dir='ltr' id='par_1_4' title="bbox 548 676 2131 755">
     <span class='ocr_line' id='line_1_4' title="bbox 548 676 2131 755; baseline -0.008 -13"><span class='ocrx_word' id='word_1_18' title='bbox 548 688 574 755; x_wconf 68' lang='grc' dir='ltr'><em>ι</em></span> <span class='ocrx_word' id='word_1_19' title='bbox 602 686 751 743; x_wconf 85' lang='lat' dir='ltr'><strong>Psal.</strong></span> <span class='ocrx_word' id='word_1_20' title='bbox 788 687 911 743; x_wconf 69' lang='lat'><strong>139.</strong></span> <span class='ocrx_word' id='word_1_21' title='bbox 940 689 974 741; x_wconf 75' lang='grc'><strong>4</strong></span> <span class='ocrx_word' id='word_1_22' title='bbox 995 687 1034 755; x_wconf 87' lang='grc'><strong>).</strong></span> <span class='ocrx_word' id='word_1_23' title='bbox 1070 686 1143 739; x_wconf 91' lang='lat' dir='ltr'><strong>lta</strong></span> <span class='ocrx_word' id='word_1_24' title='bbox 1169 685 1306 738; x_wconf 88' lang='lat' dir='ltr'><strong>solet</strong></span> <span class='ocrx_word' id='word_1_25' title='bbox 1332 682 1605 751; x_wconf 73' lang='lat' dir='ltr'><strong>Scriptum</strong></span> <span class='ocrx_word' id='word_1_26' title='bbox 1632 681 1887 735; x_wconf 87' lang='lat' dir='ltr'><strong>lahiorum</strong></span> <span class='ocrx_word' id='word_1_27' title='bbox 1916 676 2131 731; x_wconf 84' lang='lat' dir='ltr'><strong>nomine</strong></span> 
     </span>
    </p>
   </div>
   <div class='ocr_carea' id='block_1_5' title="bbox 552 766 2131 848">
    <p class='ocr_par' dir='ltr' id='par_1_5' title="bbox 552 766 2131 848">
     <span class='ocr_line' id='line_1_5' title="bbox 552 766 2131 848; baseline -0.008 -16"><span class='ocrx_word' id='word_1_28' title='bbox 552 779 819 848; x_wconf 80' lang='lat' dir='ltr'><strong>loquelam</strong></span> <span class='ocrx_word' id='word_1_29' title='bbox 849 777 1135 847; x_wconf 81' lang='lat' dir='ltr'><strong>appellare.</strong></span> <span class='ocrx_word' id='word_1_30' title='bbox 1166 775 1220 828; x_wconf 75' lang='grc'><strong>2.</strong></span> <span class='ocrx_word' id='word_1_31' title='bbox 1248 774 1313 828; x_wconf 87' lang='lat' dir='ltr'><strong>Et</strong></span> <span class='ocrx_word' id='word_1_32' title='bbox 1330 778 1520 845; x_wconf 76' lang='lat' dir='ltr'><strong>factum</strong></span> <span class='ocrx_word' id='word_1_33' title='bbox 1546 783 1619 827; x_wconf 75' lang='lat' dir='ltr'><strong>est</strong></span> <span class='ocrx_word' id='word_1_34' title='bbox 1642 788 1756 826; x_wconf 84' lang='lat' dir='ltr'><strong>eum</strong></span> <span class='ocrx_word' id='word_1_35' title='bbox 1782 777 2031 823; x_wconf 75' lang='lat' dir='ltr'><strong>mouerent</strong></span> <span class='ocrx_word' id='word_1_36' title='bbox 2056 766 2131 821; x_wconf 89' lang='lat' dir='ltr'><strong>illi</strong></span> 
     </span>
    </p>
   </div>
   <div class='ocr_carea' id='block_1_6' title="bbox 550 857 2131 935">
    <p class='ocr_par' dir='ltr' id='par_1_6' title="bbox 550 857 2131 935">
     <span class='ocr_line' id='line_1_6' title="bbox 550 857 2131 935; baseline -0.007 -16"><span class='ocrx_word' id='word_1_37' title='bbox 550 871 616 921; x_wconf 77' lang='lat' dir='ltr'><strong>ab</strong></span> <span class='ocrx_word' id='word_1_38' title='bbox 642 869 865 934; x_wconf 81' lang='lat' dir='ltr'><strong>Oriente,</strong></span> <span class='ocrx_word' id='word_1_39' title='bbox 894 868 1185 920; x_wconf 75' lang='lat' dir='ltr'><strong>inuenerunt</strong></span> <span class='ocrx_word' id='word_1_40' title='bbox 1205 881 1443 935; x_wconf 79' lang='lat' dir='ltr'><strong>campum</strong></span> <span class='ocrx_word' id='word_1_41' title='bbox 1460 863 1513 918; x_wconf 84' lang='lat' dir='ltr'><strong>in</strong></span> <span class='ocrx_word' id='word_1_42' title='bbox 1536 872 1672 918; x_wconf 74' lang='lat' dir='ltr'><strong>terra</strong></span> <span class='ocrx_word' id='word_1_43' title='bbox 1691 860 1947 924; x_wconf 71' lang='lat' dir='ltr'><strong>Samum,</strong></span> <span class='ocrx_word' id='word_1_44' title='bbox 1973 867 2019 911; x_wconf 82' lang='lat' dir='ltr'><strong>et</strong></span> <span class='ocrx_word' id='word_1_45' title='bbox 2039 857 2131 909; x_wconf 84' lang='lat' dir='ltr'><strong>ha-</strong></span> 
     </span>
    </p>
   </div>
   <div class='ocr_carea' id='block_1_7' title="bbox 550 959 981 1013">
    <p class='ocr_par' dir='ltr' id='par_1_7' title="bbox 550 959 981 1013">
     <span class='ocr_line' id='line_1_7' title="bbox 550 959 981 1013; baseline 0.002 -2"><span class='ocrx_word' id='word_1_46' title='bbox 550 959 827 1013; x_wconf 81' lang='lat' dir='ltr'><strong>bitaverunt</strong></span> <span class='ocrx_word' id='word_1_47' title='bbox 854 959 981 1012; x_wconf 85' lang='lat' dir='ltr'><strong>illic.</strong></span> 
     </span>
    </p>
   </div>
   <div class='ocr_carea' id='block_1_8' title="bbox 619 1038 2132 1117">
    <p class='ocr_par' dir='ltr' id='par_1_8' title="bbox 619 1038 2132 1117">
     <span class='ocr_line' id='line_1_8' title="bbox 619 1038 2132 1117; baseline -0.007 -16"><span class='ocrx_word' id='word_1_48' title='bbox 619 1048 677 1101; x_wconf 66' lang='grc' dir='ltr'><strong>ἃ.</strong></span> <span class='ocrx_word' id='word_1_49' title='bbox 718 1046 956 1101; x_wconf 76' lang='lat' dir='ltr'><strong>Humana</strong></span> <span class='ocrx_word' id='word_1_50' title='bbox 976 1057 1161 1101; x_wconf 86' lang='lat' dir='ltr'><strong>natura</strong></span> <span class='ocrx_word' id='word_1_51' title='bbox 1184 1062 1382 1117; x_wconf 71' lang='lat' dir='ltr'><strong>majora</strong></span> <span class='ocrx_word' id='word_1_52' title='bbox 1406 1059 1601 1113; x_wconf 76' lang='lat' dir='ltr'><strong>semper</strong></span> <span class='ocrx_word' id='word_1_53' title='bbox 1624 1042 1834 1114; x_wconf 75' lang='lat' dir='ltr'><strong>appetit.</strong></span> <span class='ocrx_word' id='word_1_54' title='bbox 1872 1038 2132 1095; x_wconf 65' lang='lat' dir='ltr'><strong>Memoria</strong></span> 
     </span>
    </p>
   </div>
   <div class='ocr_carea' id='block_1_9' title="bbox 550 1133 2130 1206">
    <p class='ocr_par' dir='ltr' id='par_1_9' title="bbox 550 1133 2130 1206">
     <span class='ocr_line' id='line_1_9' title="bbox 550 1133 2130 1206; baseline -0.007 -13"><span class='ocrx_word' id='word_1_55' title='bbox 550 1150 752 1193; x_wconf 71' lang='lat' dir='ltr'><strong>(eterna:</strong></span> <span class='ocrx_word' id='word_1_56' title='bbox 793 1139 1061 1206; x_wconf 76' lang='lat' dir='ltr'><strong>cupiditas.</strong></span> <span class='ocrx_word' id='word_1_57' title='bbox 1096 1168 1167 1180; x_wconf 88' lang='lat'><strong>—-</strong></span> <span class='ocrx_word' id='word_1_58' title='bbox 1197 1138 1327 1191; x_wconf 82' lang='lat' dir='ltr'><strong>Vide</strong></span> <span class='ocrx_word' id='word_1_59' title='bbox 1365 1133 1632 1205; x_wconf 87' lang='lat' dir='ltr'><strong>quomodo</strong></span> <span class='ocrx_word' id='word_1_60' title='bbox 1672 1134 1898 1187; x_wconf 87' lang='lat' dir='ltr'><strong>humana</strong></span> <span class='ocrx_word' id='word_1_61' title='bbox 1944 1137 2130 1185; x_wconf 87' lang='lat' dir='ltr'><strong>natura</strong></span> 
     </span>
    </p>
   </div>
   <div class='ocr_carea' id='block_1_10' title="bbox 552 1221 2130 1297">
    <p class='ocr_par' dir='ltr' id='par_1_10' title="bbox 552 1221 2130 1297">
     <span class='ocr_line' id='line_1_10' title="bbox 552 1221 2130 1297; baseline -0.005 -16"><span class='ocrx_word' id='word_1_62' title='bbox 552 1243 657 1282; x_wconf 86' lang='lat' dir='ltr'><strong>non</strong></span> <span class='ocrx_word' id='word_1_63' title='bbox 689 1236 861 1297; x_wconf 89' lang='lat' dir='ltr'><strong>potest</strong></span> <span class='ocrx_word' id='word_1_64' title='bbox 886 1228 1177 1282; x_wconf 84' lang='lat' dir='ltr'><strong>subsistere</strong></span> <span class='ocrx_word' id='word_1_65' title='bbox 1209 1226 1345 1280; x_wconf 87' lang='lat' dir='ltr'><strong>intra</strong></span> <span class='ocrx_word' id='word_1_66' title='bbox 1372 1239 1498 1279; x_wconf 87' lang='lat' dir='ltr'><strong>suos</strong></span> <span class='ocrx_word' id='word_1_67' title='bbox 1526 1225 1743 1290; x_wconf 89' lang='lat' dir='ltr'><strong>limites,</strong></span> <span class='ocrx_word' id='word_1_68' title='bbox 1774 1221 1867 1276; x_wconf 87' lang='lat' dir='ltr'><strong>sed</strong></span> <span class='ocrx_word' id='word_1_69' title='bbox 1905 1221 2130 1289; x_wconf 81' lang='lat' dir='ltr'><strong>amplius</strong></span> 
     </span>
    </p>
   </div>
   <div class='ocr_carea' id='block_1_11' title="bbox 550 1313 2132 1387">
    <p class='ocr_par' dir='ltr' id='par_1_11' title="bbox 550 1313 2132 1387">
     <span class='ocr_line' id='line_1_11' title="bbox 550 1313 2132 1387; baseline -0.004 -16"><span class='ocrx_word' id='word_1_70' title='bbox 550 1319 952 1387; x_wconf 89' lang='lat' dir='ltr'><strong>concupiscens,</strong></span> <span class='ocrx_word' id='word_1_71' title='bbox 986 1320 1190 1387; x_wconf 89' lang='lat' dir='ltr'><strong>majora</strong></span> <span class='ocrx_word' id='word_1_72' title='bbox 1218 1332 1376 1386; x_wconf 89' lang='lat' dir='ltr'><strong>supra</strong></span> <span class='ocrx_word' id='word_1_73' title='bbox 1407 1331 1466 1371; x_wconf 89' lang='lat' dir='ltr'><strong>se</strong></span> <span class='ocrx_word' id='word_1_74' title='bbox 1486 1316 1704 1387; x_wconf 87' lang='lat' dir='ltr'><strong>appetit.</strong></span> <span class='ocrx_word' id='word_1_75' title='bbox 1734 1316 1907 1383; x_wconf 81' lang='lat' dir='ltr'><strong>Atque</strong></span> <span class='ocrx_word' id='word_1_76' title='bbox 1932 1313 2032 1366; x_wconf 88' lang='lat' dir='ltr'><strong>hoc</strong></span> <span class='ocrx_word' id='word_1_77' title='bbox 2050 1320 2132 1366; x_wconf 87' lang='lat' dir='ltr'><strong>est</strong></span> 
     </span>
    </p>
   </div>
   <div class='ocr_carea' id='block_1_12' title="bbox 446 1404 2130 1478">
    <p class='ocr_par' dir='ltr' id='par_1_12' title="bbox 446 1404 2130 1478">
     <span class='ocr_line' id='line_1_12' title="bbox 446 1404 2130 1478; baseline 0 -20"><span class='ocrx_word' id='word_1_78' title='bbox 446 1432 449 1435; x_wconf 56' lang='grc' dir='ltr'><strong>π</strong></span> <span class='ocrx_word' id='word_1_79' title='bbox 549 1408 692 1476; x_wconf 88' lang='lat' dir='ltr'><strong>quod</strong></span> <span class='ocrx_word' id='word_1_80' title='bbox 733 1408 1018 1462; x_wconf 87' lang='lat' dir='ltr'><strong>humanum</strong></span> <span class='ocrx_word' id='word_1_81' title='bbox 1066 1422 1232 1478; x_wconf 89' lang='lat' dir='ltr'><strong>genus</strong></span> <span class='ocrx_word' id='word_1_82' title='bbox 1260 1408 1588 1477; x_wconf 88' lang='lat' dir='ltr'><strong>potissimum</strong></span> <span class='ocrx_word' id='word_1_83' title='bbox 1632 1404 1827 1475; x_wconf 90' lang='lat' dir='ltr'><strong>perdit,</strong></span> <span class='ocrx_word' id='word_1_84' title='bbox 1873 1406 1994 1474; x_wconf 87' lang='lat' dir='ltr'><strong>quia</strong></span> <span class='ocrx_word' id='word_1_85' title='bbox 2027 1418 2130 1458; x_wconf 81' lang='lat' dir='ltr'><strong>non</strong></span> 
     </span>
    </p>
   </div>
   <div class='ocr_carea' id='block_1_13' title="bbox 550 1495 2132 1566">
    <p class='ocr_par' dir='ltr' id='par_1_13' title="bbox 550 1495 2132 1566">
     <span class='ocr_line' id='line_1_13' title="bbox 550 1495 2132 1566; baseline -0.001 -17"><span class='ocrx_word' id='word_1_86' title='bbox 550 1500 663 1552; x_wconf 85' lang='lat' dir='ltr'><strong>vult</strong></span> <span class='ocrx_word' id='word_1_87' title='bbox 695 1508 895 1553; x_wconf 58' lang='lat' dir='ltr'><strong>natura:</strong></span> <span class='ocrx_word' id='word_1_88' title='bbox 936 1513 1048 1554; x_wconf 83' lang='lat' dir='ltr'><strong>suae</strong></span> <span class='ocrx_word' id='word_1_89' title='bbox 1089 1513 1391 1553; x_wconf 81' lang='lat' dir='ltr'><strong>mensuram</strong></span> <span class='ocrx_word' id='word_1_90' title='bbox 1434 1511 1759 1566; x_wconf 79' lang='lat' dir='ltr'><strong>agnoscere,</strong></span> <span class='ocrx_word' id='word_1_91' title='bbox 1788 1495 1882 1550; x_wconf 89' lang='lat' dir='ltr'><strong>sed</strong></span> <span class='ocrx_word' id='word_1_92' title='bbox 1921 1510 2132 1564; x_wconf 89' lang='lat' dir='ltr'><strong>semper</strong></span> 
     </span>
    </p>
   </div>
   <div class='ocr_carea' id='block_1_14' title="bbox 552 1586 2129 1660">
    <p class='ocr_par' dir='ltr' id='par_1_14' title="bbox 552 1586 2129 1660">
     <span class='ocr_line' id='line_1_14' title="bbox 552 1586 2129 1660; baseline -0.003 -17"><span class='ocrx_word' id='word_1_93' title='bbox 552 1590 757 1659; x_wconf 83' lang='lat' dir='ltr'><strong>majora</strong></span> <span class='ocrx_word' id='word_1_94' title='bbox 801 1591 1029 1660; x_wconf 86' lang='lat' dir='ltr'><strong>appetit,</strong></span> <span class='ocrx_word' id='word_1_95' title='bbox 1079 1598 1133 1645; x_wconf 89' lang='lat' dir='ltr'><strong>et</strong></span> <span class='ocrx_word' id='word_1_96' title='bbox 1161 1603 1278 1658; x_wconf 74' lang='lat' dir='ltr'><strong>qua:</strong></span> <span class='ocrx_word' id='word_1_97' title='bbox 1307 1602 1463 1659; x_wconf 85' lang='lat' dir='ltr'><strong>supra</strong></span> <span class='ocrx_word' id='word_1_98' title='bbox 1491 1603 1641 1644; x_wconf 87' lang='lat' dir='ltr'><strong>suam</strong></span> <span class='ocrx_word' id='word_1_99' title='bbox 1667 1594 1793 1642; x_wconf 82' lang='lat' dir='ltr'><strong>sunt</strong></span> <span class='ocrx_word' id='word_1_100' title='bbox 1819 1586 2129 1656; x_wconf 85' lang='lat' dir='ltr'><strong>dignitatem</strong></span> 
     </span>
    </p>
   </div>
   <div class='ocr_carea' id='block_1_15' title="bbox 552 1676 2132 1750">
    <p class='ocr_par' dir='ltr' id='par_1_15' title="bbox 552 1676 2132 1750">
     <span class='ocr_line' id='line_1_15' title="bbox 552 1676 2132 1750; baseline 0 -19"><span class='ocrx_word' id='word_1_101' title='bbox 552 1680 693 1735; x_wconf 88' lang='lat' dir='ltr'><strong>votis</strong></span> <span class='ocrx_word' id='word_1_102' title='bbox 733 1681 977 1750; x_wconf 91' lang='lat' dir='ltr'><strong>concipit.</strong></span> <span class='ocrx_word' id='word_1_103' title='bbox 1022 1680 1154 1734; x_wconf 85' lang='lat' dir='ltr'><strong>liinc</strong></span> <span class='ocrx_word' id='word_1_104' title='bbox 1193 1689 1246 1736; x_wconf 88' lang='lat' dir='ltr'><strong>et</strong></span> <span class='ocrx_word' id='word_1_105' title='bbox 1275 1680 1369 1749; x_wconf 86' lang='lat' dir='ltr'><strong>qui</strong></span> <span class='ocrx_word' id='word_1_106' title='bbox 1420 1678 1682 1733; x_wconf 87' lang='lat' dir='ltr'><strong>mundana</strong></span> <span class='ocrx_word' id='word_1_107' title='bbox 1709 1678 2038 1748; x_wconf 88' lang='lat' dir='ltr'><strong>suspiciunt,</strong></span> <span class='ocrx_word' id='word_1_108' title='bbox 2087 1676 2132 1731; x_wconf 89' lang='lat' dir='ltr'><strong>si</strong></span> 
     </span>
    </p>
   </div>
   <div class='ocr_carea' id='block_1_16' title="bbox 549 1760 2130 1839">
    <p class='ocr_par' dir='ltr' id='par_1_16' title="bbox 549 1760 2130 1839">
     <span class='ocr_line' id='line_1_16' title="bbox 549 1760 2130 1839; baseline -0.004 -14"><span class='ocrx_word' id='word_1_109' title='bbox 549 1770 765 1838; x_wconf 90' lang='lat' dir='ltr'><strong>quando</strong></span> <span class='ocrx_word' id='word_1_110' title='bbox 789 1772 954 1824; x_wconf 91' lang='lat' dir='ltr'><strong>multo</strong></span> <span class='ocrx_word' id='word_1_111' title='bbox 973 1760 1355 1825; x_wconf 81' lang='lat' dir='ltr'><strong>abundaverint</strong></span> <span class='ocrx_word' id='word_1_112' title='bbox 1382 1786 1534 1837; x_wconf 84' lang='lat' dir='ltr'><strong>auro,</strong></span> <span class='ocrx_word' id='word_1_113' title='bbox 1561 1780 1615 1825; x_wconf 89' lang='lat' dir='ltr'><strong>et</strong></span> <span class='ocrx_word' id='word_1_114' title='bbox 1642 1777 1883 1839; x_wconf 90' lang='lat' dir='ltr'><strong>potentes</strong></span> <span class='ocrx_word' id='word_1_115' title='bbox 1915 1768 2130 1833; x_wconf 80' lang='lat' dir='ltr'><strong>fuerint,</strong></span> 
     </span>
    </p>
   </div>
   <div class='ocr_carea' id='block_1_17' title="bbox 550 1859 2133 1931">
    <p class='ocr_par' dir='ltr' id='par_1_17' title="bbox 550 1859 2133 1931">
     <span class='ocr_line' id='line_1_17' title="bbox 550 1859 2133 1931; baseline -0.002 -15"><span class='ocrx_word' id='word_1_116' title='bbox 550 1862 703 1931; x_wconf 85' lang='lat' dir='ltr'><strong>quasi</strong></span> <span class='ocrx_word' id='word_1_117' title='bbox 726 1861 873 1917; x_wconf 85' lang='lat' dir='ltr'><strong>obliti</strong></span> <span class='ocrx_word' id='word_1_118' title='bbox 900 1877 1010 1917; x_wconf 68' lang='lat' dir='ltr'><strong>suae</strong></span> <span class='ocrx_word' id='word_1_119' title='bbox 1032 1872 1255 1928; x_wconf 78' lang='lat' dir='ltr'><strong>naturae,</strong></span> <span class='ocrx_word' id='word_1_120' title='bbox 1287 1863 1338 1916; x_wconf 90' lang='lat' dir='ltr'><strong>in</strong></span> <span class='ocrx_word' id='word_1_121' title='bbox 1363 1871 1560 1916; x_wconf 87' lang='lat' dir='ltr'><strong>tantum</strong></span> <span class='ocrx_word' id='word_1_122' title='bbox 1580 1876 1639 1917; x_wconf 87' lang='lat' dir='ltr'><strong>se</strong></span> <span class='ocrx_word' id='word_1_123' title='bbox 1665 1860 1930 1931; x_wconf 80' lang='lat' dir='ltr'><strong>fastigium</strong></span> <span class='ocrx_word' id='word_1_124' title='bbox 1952 1859 2133 1915; x_wconf 86' lang='lat' dir='ltr'><strong>ell&#39;erri</strong></span> 
     </span>
    </p>
   </div>
   <div class='ocr_carea' id='block_1_18' title="bbox 551 1948 2205 2021">
    <p class='ocr_par' dir='ltr' id='par_1_18' title="bbox 551 1948 2205 2021">
     <span class='ocr_line' id='line_1_18' title="bbox 551 1948 2205 2021; baseline -0.001 -17"><span class='ocrx_word' id='word_1_125' title='bbox 551 1952 772 2018; x_wconf 87' lang='lat' dir='ltr'><strong>volunt,</strong></span> <span class='ocrx_word' id='word_1_126' title='bbox 818 1954 990 2007; x_wconf 91' lang='lat' dir='ltr'><strong>donec</strong></span> <span class='ocrx_word' id='word_1_127' title='bbox 1039 1953 1088 2005; x_wconf 92' lang='lat' dir='ltr'><strong>in</strong></span> <span class='ocrx_word' id='word_1_128' title='bbox 1138 1950 1456 2020; x_wconf 81' lang='lat' dir='ltr'><strong>protundum</strong></span> <span class='ocrx_word' id='word_1_129' title='bbox 1486 1952 1658 2021; x_wconf 87' lang='lat' dir='ltr'><strong>ipsum</strong></span> <span class='ocrx_word' id='word_1_130' title='bbox 1688 1950 2019 2019; x_wconf 82' lang='lat' dir='ltr'><strong>dejiciantur.</strong></span> <span class='ocrx_word' id='word_1_131' title='bbox 2067 1948 2132 2003; x_wconf 85' lang='lat' dir='ltr'><strong>Et</strong></span> <span class='ocrx_word' id='word_1_132' title='bbox 2196 1964 2205 1971; x_wconf 85' lang='lat'><strong>&#39;</strong></span> 
     </span>
    </p>
   </div>
   <div class='ocr_carea' id='block_1_19' title="bbox 553 2040 2134 2113">
    <p class='ocr_par' dir='ltr' id='par_1_19' title="bbox 553 2040 2134 2113">
     <span class='ocr_line' id='line_1_19' title="bbox 553 2040 2134 2113; baseline -0.001 -16"><span class='ocrx_word' id='word_1_133' title='bbox 553 2042 661 2098; x_wconf 88' lang='lat' dir='ltr'><strong>hoc</strong></span> <span class='ocrx_word' id='word_1_134' title='bbox 706 2043 945 2098; x_wconf 79' lang='lat' dir='ltr'><strong>videmus</strong></span> <span class='ocrx_word' id='word_1_135' title='bbox 990 2044 1223 2113; x_wconf 81' lang='lat' dir='ltr'><strong>quotidie</strong></span> <span class='ocrx_word' id='word_1_136' title='bbox 1264 2044 1605 2113; x_wconf 83' lang='lat' dir='ltr'><strong>contingere,</strong></span> <span class='ocrx_word' id='word_1_137' title='bbox 1631 2042 1871 2112; x_wconf 83' lang='lat' dir='ltr'><strong>quamvis</strong></span> <span class='ocrx_word' id='word_1_138' title='bbox 1910 2056 2009 2096; x_wconf 90' lang='lat' dir='ltr'><strong>nec</strong></span> <span class='ocrx_word' id='word_1_139' title='bbox 2035 2040 2134 2095; x_wconf 85' lang='lat' dir='ltr'><strong>hac</strong></span> 
     </span>
    </p>
   </div>
   <div class='ocr_carea' id='block_1_20' title="bbox 555 2129 2132 2198">
    <p class='ocr_par' dir='ltr' id='par_1_20' title="bbox 555 2129 2132 2198">
     <span class='ocr_line' id='line_1_20' title="bbox 555 2129 2132 2198; baseline -0.004 -9"><span class='ocrx_word' id='word_1_140' title='bbox 555 2133 759 2189; x_wconf 81' lang='lat' dir='ltr'><strong>ratione</strong></span> <span class='ocrx_word' id='word_1_141' title='bbox 806 2134 1196 2189; x_wconf 81' lang='lat' dir='ltr'><strong>emendatiores</strong></span> <span class='ocrx_word' id='word_1_142' title='bbox 1232 2130 1461 2186; x_wconf 76' lang='lat' dir='ltr'><strong>evadant</strong></span> <span class='ocrx_word' id='word_1_143' title='bbox 1504 2132 1594 2185; x_wconf 86' lang='lat' dir='ltr'><strong>alii</strong></span> <span class='ocrx_word' id='word_1_144' title='bbox 1621 2149 1635 2185; x_wconf 90' lang='lat'><strong>:</strong></span> <span class='ocrx_word' id='word_1_145' title='bbox 1662 2131 1755 2187; x_wconf 88' lang='lat' dir='ltr'><strong>sed</strong></span> <span class='ocrx_word' id='word_1_146' title='bbox 1786 2132 1883 2185; x_wconf 83' lang='lat' dir='ltr'><strong>etsi</strong></span> <span class='ocrx_word' id='word_1_147' title='bbox 1914 2129 1978 2183; x_wconf 88' lang='lat' dir='ltr'><strong>ad</strong></span> <span class='ocrx_word' id='word_1_148' title='bbox 2010 2144 2132 2198; x_wconf 86' lang='lat' dir='ltr'><strong>par-</strong></span> 
     </span>
    </p>
   </div>
   <div class='ocr_carea' id='block_1_21' title="bbox 554 2219 2131 2292">
    <p class='ocr_par' dir='ltr' id='par_1_21' title="bbox 554 2219 2131 2292">
     <span class='ocr_line' id='line_1_21' title="bbox 554 2219 2131 2292; baseline -0.004 -14"><span class='ocrx_word' id='word_1_149' title='bbox 554 2239 679 2278; x_wconf 82' lang='lat' dir='ltr'><strong>vum</strong></span> <span class='ocrx_word' id='word_1_150' title='bbox 701 2232 909 2292; x_wconf 84' lang='lat' dir='ltr'><strong>tempus</strong></span> <span class='ocrx_word' id='word_1_151' title='bbox 931 2223 1309 2292; x_wconf 76' lang='lat' dir='ltr'><strong>reprimuntur,</strong></span> <span class='ocrx_word' id='word_1_152' title='bbox 1328 2222 1501 2276; x_wconf 88' lang='lat' dir='ltr'><strong>subito</strong></span> <span class='ocrx_word' id='word_1_153' title='bbox 1520 2230 1693 2275; x_wconf 86' lang='lat' dir='ltr'><strong>tamen</strong></span> <span class='ocrx_word' id='word_1_154' title='bbox 1710 2220 1944 2274; x_wconf 88' lang='lat' dir='ltr'><strong>omnium</strong></span> <span class='ocrx_word' id='word_1_155' title='bbox 1960 2219 2131 2283; x_wconf 63' lang='lat' dir='ltr'><strong>obliti,</strong></span> 
     </span>
    </p>
   </div>
   <div class='ocr_carea' id='block_1_22' title="bbox 554 2308 2132 2378">
    <p class='ocr_par' dir='ltr' id='par_1_22' title="bbox 554 2308 2132 2378">
     <span class='ocr_line' id='line_1_22' title="bbox 554 2308 2132 2378; baseline -0.005 -9"><span class='ocrx_word' id='word_1_156' title='bbox 554 2315 745 2369; x_wconf 86' lang='lat' dir='ltr'><strong>iterum</strong></span> <span class='ocrx_word' id='word_1_157' title='bbox 771 2311 1011 2367; x_wconf 84' lang='lat' dir='ltr'><strong>eamdem</strong></span> <span class='ocrx_word' id='word_1_158' title='bbox 1042 2312 1293 2367; x_wconf 88' lang='lat' dir='ltr'><strong>incedunt</strong></span> <span class='ocrx_word' id='word_1_159' title='bbox 1319 2312 1488 2376; x_wconf 87' lang='lat' dir='ltr'><strong>viam,</strong></span> <span class='ocrx_word' id='word_1_160' title='bbox 1516 2318 1571 2366; x_wconf 89' lang='lat' dir='ltr'><strong>et</strong></span> <span class='ocrx_word' id='word_1_161' title='bbox 1595 2311 1648 2365; x_wconf 91' lang='lat' dir='ltr'><strong>in</strong></span> <span class='ocrx_word' id='word_1_162' title='bbox 1674 2309 1859 2365; x_wconf 80' lang='lat' dir='ltr'><strong>eadem</strong></span> <span class='ocrx_word' id='word_1_163' title='bbox 1888 2308 2132 2378; x_wconf 69' lang='lat' dir='ltr'><strong>praecipi-</strong></span> 
     </span>
    </p>
   </div>
   <div class='ocr_carea' id='block_1_23' title="bbox 554 2400 2134 2471">
    <p class='ocr_par' dir='ltr' id='par_1_23' title="bbox 554 2400 2134 2471">
     <span class='ocr_line' id='line_1_23' title="bbox 554 2400 2134 2471; baseline -0.001 -15"><span class='ocrx_word' id='word_1_164' title='bbox 554 2402 625 2457; x_wconf 90' lang='lat' dir='ltr'><strong>tia</strong></span> <span class='ocrx_word' id='word_1_165' title='bbox 650 2402 959 2457; x_wconf 84' lang='lat' dir='ltr'><strong>deferuntur</strong></span> <span class='ocrx_word' id='word_1_166' title='bbox 1008 2418 1022 2453; x_wconf 93' lang='lat'>:</span> <span class='ocrx_word' id='word_1_167' title='bbox 1074 2400 1126 2456; x_wconf 87' lang='lat' dir='ltr'><strong>id</strong></span> <span class='ocrx_word' id='word_1_168' title='bbox 1168 2402 1309 2471; x_wconf 91' lang='lat' dir='ltr'><strong>quod</strong></span> <span class='ocrx_word' id='word_1_169' title='bbox 1348 2410 1402 2456; x_wconf 86' lang='lat' dir='ltr'><strong>et</strong></span> <span class='ocrx_word' id='word_1_170' title='bbox 1429 2416 1568 2455; x_wconf 89' lang='lat' dir='ltr'><strong>nunc</strong></span> <span class='ocrx_word' id='word_1_171' title='bbox 1604 2400 1789 2456; x_wconf 88' lang='lat' dir='ltr'><strong>videre</strong></span> <span class='ocrx_word' id='word_1_172' title='bbox 1820 2400 1957 2456; x_wconf 80' lang='lat' dir='ltr'><strong>licet</strong></span> <span class='ocrx_word' id='word_1_173' title='bbox 1996 2400 2134 2469; x_wconf 88' lang='lat' dir='ltr'><strong>apud</strong></span> 
     </span>
    </p>
   </div>
   <div class='ocr_carea' id='block_1_24' title="bbox 555 2489 2135 2561">
    <p class='ocr_par' dir='ltr' id='par_1_24' title="bbox 555 2489 2135 2561">
     <span class='ocr_line' id='line_1_24' title="bbox 555 2489 2135 2561; baseline -0.003 -14"><span class='ocrx_word' id='word_1_174' title='bbox 555 2494 687 2548; x_wconf 86' lang='lat' dir='ltr'><strong>istos</strong></span> <span class='ocrx_word' id='word_1_175' title='bbox 718 2492 933 2546; x_wconf 76' lang='lat' dir='ltr'><strong>factum.</strong></span> <span class='ocrx_word' id='word_1_176' title='bbox 963 2490 1030 2544; x_wconf 80' lang='lat' dir='ltr'><strong>Et</strong></span> <span class='ocrx_word' id='word_1_177' title='bbox 1052 2495 1243 2561; x_wconf 77' lang='lat' dir='ltr'><strong>factum</strong></span> <span class='ocrx_word' id='word_1_178' title='bbox 1270 2502 1341 2544; x_wconf 83' lang='lat' dir='ltr'><strong>est</strong></span> <span class='ocrx_word' id='word_1_179' title='bbox 1372 2506 1484 2543; x_wconf 91' lang='lat' dir='ltr'><strong>cum</strong></span> <span class='ocrx_word' id='word_1_180' title='bbox 1505 2498 1759 2544; x_wconf 79' lang='lat' dir='ltr'><strong>moverent</strong></span> <span class='ocrx_word' id='word_1_181' title='bbox 1772 2490 1849 2543; x_wconf 82' lang='lat' dir='ltr'><strong>illi</strong></span> <span class='ocrx_word' id='word_1_182' title='bbox 1870 2489 1932 2544; x_wconf 82' lang='lat' dir='ltr'><strong>ab</strong></span> <span class='ocrx_word' id='word_1_183' title='bbox 1956 2490 2135 2543; x_wconf 83' lang='lat' dir='ltr'><strong>Orien-</strong></span> 
     </span>
    </p>
   </div>
   <div class='ocr_carea' id='block_1_25' title="bbox 556 2582 2136 2651">
    <p class='ocr_par' dir='ltr' id='par_1_25' title="bbox 556 2582 2136 2651">
     <span class='ocr_line' id='line_1_25' title="bbox 556 2582 2136 2651; baseline -0.001 -15"><span class='ocrx_word' id='word_1_184' title='bbox 556 2594 626 2649; x_wconf 89' lang='lat' dir='ltr'><strong>te,</strong></span> <span class='ocrx_word' id='word_1_185' title='bbox 653 2583 945 2636; x_wconf 80' lang='lat' dir='ltr'><strong>invenerunt</strong></span> <span class='ocrx_word' id='word_1_186' title='bbox 973 2598 1207 2651; x_wconf 83' lang='lat' dir='ltr'><strong>campum</strong></span> <span class='ocrx_word' id='word_1_187' title='bbox 1234 2583 1286 2635; x_wconf 91' lang='lat' dir='ltr'><strong>in</strong></span> <span class='ocrx_word' id='word_1_188' title='bbox 1306 2592 1440 2637; x_wconf 86' lang='lat' dir='ltr'><strong>terra</strong></span> <span class='ocrx_word' id='word_1_189' title='bbox 1456 2583 1707 2649; x_wconf 88' lang='lat' dir='ltr'><strong>Sennaar,</strong></span> <span class='ocrx_word' id='word_1_190' title='bbox 1728 2592 1775 2636; x_wconf 83' lang='lat' dir='ltr'><strong>et</strong></span> <span class='ocrx_word' id='word_1_191' title='bbox 1793 2582 2136 2635; x_wconf 75' lang='lat' dir='ltr'><strong>habitaverunt</strong></span> 
     </span>
    </p>
   </div>
   <div class='ocr_carea' id='block_1_26' title="bbox 554 2673 2135 2744">
    <p class='ocr_par' dir='ltr' id='par_1_26' title="bbox 554 2673 2135 2744">
     <span class='ocr_line' id='line_1_26' title="bbox 554 2673 2135 2744; baseline -0.001 -15"><span class='ocrx_word' id='word_1_192' title='bbox 554 2676 682 2730; x_wconf 86' lang='lat' dir='ltr'><strong>illic.</strong></span> <span class='ocrx_word' id='word_1_193' title='bbox 714 2673 843 2729; x_wconf 86' lang='lat' dir='ltr'><strong>Vide</strong></span> <span class='ocrx_word' id='word_1_194' title='bbox 866 2674 1135 2744; x_wconf 89' lang='lat' dir='ltr'><strong>quomodo</strong></span> <span class='ocrx_word' id='word_1_195' title='bbox 1161 2675 1411 2743; x_wconf 87' lang='lat' dir='ltr'><strong>paulatim</strong></span> <span class='ocrx_word' id='word_1_196' title='bbox 1439 2673 1595 2729; x_wconf 86' lang='lat' dir='ltr'><strong>docet</strong></span> <span class='ocrx_word' id='word_1_197' title='bbox 1617 2689 1711 2729; x_wconf 86' lang='lat' dir='ltr'><strong>nos</strong></span> <span class='ocrx_word' id='word_1_198' title='bbox 1743 2673 1986 2729; x_wconf 90' lang='lat' dir='ltr'><strong>instabile</strong></span> <span class='ocrx_word' id='word_1_199' title='bbox 2016 2673 2135 2728; x_wconf 90' lang='lat' dir='ltr'><strong>illo-</strong></span> 
     </span>
    </p>
   </div>
   <div class='ocr_carea' id='block_1_27' title="bbox 555 2762 2136 2834">
    <p class='ocr_par' dir='ltr' id='par_1_27' title="bbox 555 2762 2136 2834">
     <span class='ocr_line' id='line_1_27' title="bbox 555 2762 2136 2834; baseline -0.001 -15"><span class='ocrx_word' id='word_1_200' title='bbox 555 2778 675 2819; x_wconf 86' lang='lat' dir='ltr'><strong>rum</strong></span> <span class='ocrx_word' id='word_1_201' title='bbox 705 2763 1055 2833; x_wconf 77' lang='lat' dir='ltr'><strong>propOsitum.</strong></span> <span class='ocrx_word' id='word_1_202' title='bbox 1083 2762 1341 2830; x_wconf 85' lang='lat' dir='ltr'><strong>Quoniam</strong></span> <span class='ocrx_word' id='word_1_203' title='bbox 1364 2764 1629 2828; x_wconf 90' lang='lat' dir='ltr'><strong>viderunt,</strong></span> <span class='ocrx_word' id='word_1_204' title='bbox 1654 2764 1839 2834; x_wconf 87' lang='lat' dir='ltr'><strong>inquit,</strong></span> <span class='ocrx_word' id='word_1_205' title='bbox 1867 2778 2136 2834; x_wconf 84' lang='lat' dir='ltr'><strong>campum,</strong></span> 
     </span>
    </p>
   </div>
   <div class='ocr_carea' id='block_1_28' title="bbox 554 2854 2135 2927">
    <p class='ocr_par' dir='ltr' id='par_1_28' title="bbox 554 2854 2135 2927">
     <span class='ocr_line' id='line_1_28' title="bbox 554 2854 2135 2927; baseline -0.001 -15"><span class='ocrx_word' id='word_1_206' title='bbox 554 2857 846 2927; x_wconf 73' lang='lat' dir='ltr'><strong>migrantes</strong></span> <span class='ocrx_word' id='word_1_207' title='bbox 869 2896 885 2921; x_wconf 97' lang='lat'><strong>,</strong></span> <span class='ocrx_word' id='word_1_208' title='bbox 917 2864 969 2910; x_wconf 93' lang='lat' dir='ltr'><strong>et</strong></span> <span class='ocrx_word' id='word_1_209' title='bbox 999 2855 1185 2910; x_wconf 89' lang='lat' dir='ltr'><strong>relicto</strong></span> <span class='ocrx_word' id='word_1_210' title='bbox 1220 2855 1384 2926; x_wconf 90' lang='lat' dir='ltr'><strong>priori</strong></span> <span class='ocrx_word' id='word_1_211' title='bbox 1411 2854 1528 2911; x_wconf 86' lang='lat' dir='ltr'><strong>loco</strong></span> <span class='ocrx_word' id='word_1_212' title='bbox 1548 2897 1564 2923; x_wconf 86' lang='lat'><strong>,</strong></span> <span class='ocrx_word' id='word_1_213' title='bbox 1595 2856 1702 2911; x_wconf 89' lang='lat' dir='ltr'><strong>illic</strong></span> <span class='ocrx_word' id='word_1_214' title='bbox 1746 2856 2135 2911; x_wconf 83' lang='lat' dir='ltr'><strong>habitaverunt.</strong></span> 
     </span>
    </p>
   </div>
   <div class='ocr_carea' id='block_1_29' title="bbox 556 2934 2137 3017">
    <p class='ocr_par' dir='ltr' id='par_1_29' title="bbox 556 2934 2137 3017">
     <span class='ocr_line' id='line_1_29' title="bbox 556 2934 2137 3017; baseline -0.003 -12"><span class='ocrx_word' id='word_1_215' title='bbox 556 2946 761 3005; x_wconf 79' lang='lat' dir='ltr'><strong>Deinde</strong></span> <span class='ocrx_word' id='word_1_216' title='bbox 785 2947 947 3003; x_wconf 89' lang='lat' dir='ltr'><strong>dicit:</strong></span> <span class='ocrx_word' id='word_1_217' title='bbox 980 2948 1033 3003; x_wconf 81' lang='grc'><strong>5.</strong></span> <span class='ocrx_word' id='word_1_218' title='bbox 1070 2946 1210 3001; x_wconf 77' lang='lat' dir='ltr'><strong>Dixit</strong></span> <span class='ocrx_word' id='word_1_219' title='bbox 1234 2948 1572 3017; x_wconf 71' lang='lat' dir='ltr'><strong>unusquisque</strong></span> <span class='ocrx_word' id='word_1_220' title='bbox 1598 2934 1827 3015; x_wconf 73' lang='lat' dir='ltr'><strong>pi&#39;oximo</strong></span> <span class='ocrx_word' id='word_1_221' title='bbox 1857 2964 1949 3001; x_wconf 87' lang='lat' dir='ltr'><strong>suo</strong></span> <span class='ocrx_word' id='word_1_222' title='bbox 1982 2962 2001 3001; x_wconf 92' lang='lat'><em>:</em></span> <span class='ocrx_word' id='word_1_223' title='bbox 2037 2946 2137 3001; x_wconf 79' lang='lat' dir='ltr'><strong>Ve-</strong></span> 
     </span>
    </p>
   </div>
   <div class='ocr_carea' id='block_1_30' title="bbox 557 3039 2138 3111">
    <p class='ocr_par' dir='ltr' id='par_1_30' title="bbox 557 3039 2138 3111">
     <span class='ocr_line' id='line_1_30' title="bbox 557 3039 2138 3111; baseline -0.002 -16"><span class='ocrx_word' id='word_1_224' title='bbox 557 3042 680 3106; x_wconf 83' lang='lat' dir='ltr'><strong>nite,</strong></span> <span class='ocrx_word' id='word_1_225' title='bbox 709 3042 1038 3110; x_wconf 80' lang='lat' dir='ltr'><strong>con/iciamus</strong></span> <span class='ocrx_word' id='word_1_226' title='bbox 1061 3042 1255 3104; x_wconf 85' lang='lat' dir='ltr'><strong>lateres,</strong></span> <span class='ocrx_word' id='word_1_227' title='bbox 1288 3048 1334 3094; x_wconf 81' lang='lat' dir='ltr'><strong>et</strong></span> <span class='ocrx_word' id='word_1_228' title='bbox 1359 3055 1628 3108; x_wconf 80' lang='lat' dir='ltr'><strong>coqumnus</strong></span> <span class='ocrx_word' id='word_1_229' title='bbox 1655 3057 1738 3095; x_wconf 87' lang='lat' dir='ltr'><strong>eos</strong></span> <span class='ocrx_word' id='word_1_230' title='bbox 1764 3041 1889 3111; x_wconf 87' lang='lat' dir='ltr'><strong>igni.</strong></span> <span class='ocrx_word' id='word_1_231' title='bbox 1922 3039 1988 3094; x_wconf 85' lang='lat' dir='ltr'><strong>Et</strong></span> <span class='ocrx_word' id='word_1_232' title='bbox 2015 3039 2138 3108; x_wconf 78' lang='lat' dir='ltr'><strong>[acti</strong></span> 
     </span>
    </p>
   </div>
   <div class='ocr_carea' id='block_1_31' title="bbox 560 3129 2135 3200">
    <p class='ocr_par' dir='ltr' id='par_1_31' title="bbox 560 3129 2135 3200">
     <span class='ocr_line' id='line_1_31' title="bbox 560 3129 2135 3200; baseline -0.003 -14"><span class='ocrx_word' id='word_1_233' title='bbox 560 3140 676 3186; x_wconf 81' lang='lat' dir='ltr'><strong>sunt</strong></span> <span class='ocrx_word' id='word_1_234' title='bbox 704 3132 805 3185; x_wconf 88' lang='lat' dir='ltr'><strong>illis</strong></span> <span class='ocrx_word' id='word_1_235' title='bbox 829 3131 1010 3186; x_wconf 81' lang='lat' dir='ltr'><strong>lateres</strong></span> <span class='ocrx_word' id='word_1_236' title='bbox 1034 3132 1087 3183; x_wconf 90' lang='lat' dir='ltr'><strong>in</strong></span> <span class='ocrx_word' id='word_1_237' title='bbox 1112 3130 1356 3200; x_wconf 77' lang='lat' dir='ltr'><strong>lapidem,</strong></span> <span class='ocrx_word' id='word_1_238' title='bbox 1379 3139 1427 3184; x_wconf 85' lang='lat' dir='ltr'><strong>et</strong></span> <span class='ocrx_word' id='word_1_239' title='bbox 1448 3129 1667 3184; x_wconf 82' lang='lat' dir='ltr'><strong>bitumen</strong></span> <span class='ocrx_word' id='word_1_240' title='bbox 1692 3139 1796 3185; x_wconf 88' lang='lat' dir='ltr'><strong>erat</strong></span> <span class='ocrx_word' id='word_1_241' title='bbox 1826 3130 1927 3183; x_wconf 85' lang='lat' dir='ltr'><strong>illis</strong></span> <span class='ocrx_word' id='word_1_242' title='bbox 1953 3129 2135 3183; x_wconf 83' lang='lat' dir='ltr'><strong>lutum.</strong></span> 
     </span>
    </p>
   </div>
   <div class='ocr_carea' id='block_1_32' title="bbox 560 3219 2141 3290">
    <p class='ocr_par' dir='ltr' id='par_1_32' title="bbox 560 3219 2141 3290">
     <span class='ocr_line' id='line_1_32' title="bbox 560 3219 2141 3290; baseline -0.003 -14"><span class='ocrx_word' id='word_1_243' title='bbox 560 3224 616 3277; x_wconf 74' lang='grc'><strong>4.</strong></span> <span class='ocrx_word' id='word_1_244' title='bbox 648 3219 714 3275; x_wconf 83' lang='grc' dir='ltr'><strong>Ει</strong></span> <span class='ocrx_word' id='word_1_245' title='bbox 739 3222 974 3275; x_wconf 69' lang='lat' dir='ltr'><strong>dixerunt</strong></span> <span class='ocrx_word' id='word_1_246' title='bbox 1003 3240 1017 3274; x_wconf 89' lang='lat'><strong>:</strong></span> <span class='ocrx_word' id='word_1_247' title='bbox 1057 3220 1263 3287; x_wconf 79' lang='lat' dir='ltr'><strong>Venite,</strong></span> <span class='ocrx_word' id='word_1_248' title='bbox 1292 3220 1599 3290; x_wconf 74' lang='lat' dir='ltr'><strong>tediﬁcemus</strong></span> <span class='ocrx_word' id='word_1_249' title='bbox 1628 3221 1768 3274; x_wconf 84' lang='lat' dir='ltr'><strong>nobis</strong></span> <span class='ocrx_word' id='word_1_250' title='bbox 1791 3220 2037 3274; x_wconf 78' lang='lat' dir='ltr'><strong>civitatem</strong></span> <span class='ocrx_word' id='word_1_251' title='bbox 2055 3260 2069 3283; x_wconf 94' lang='lat'><strong>,</strong></span> <span class='ocrx_word' id='word_1_252' title='bbox 2095 3228 2141 3272; x_wconf 82' lang='lat' dir='ltr'><strong>et</strong></span> 
     </span>
    </p>
   </div>
   <div class='ocr_carea' id='block_1_33' title="bbox 558 3310 2140 3381">
    <p class='ocr_par' dir='ltr' id='par_1_33' title="bbox 558 3310 2140 3381">
     <span class='ocr_line' id='line_1_33' title="bbox 558 3310 2140 3381; baseline 0.001 -17"><span class='ocrx_word' id='word_1_253' title='bbox 558 3313 759 3376; x_wconf 75' lang='lat' dir='ltr'><strong>turrim,</strong></span> <span class='ocrx_word' id='word_1_254' title='bbox 799 3313 945 3381; x_wconf 80' lang='lat' dir='ltr'><strong>cujus</strong></span> <span class='ocrx_word' id='word_1_255' title='bbox 969 3319 1124 3381; x_wconf 83' lang='lat' dir='ltr'><strong>caput</strong></span> <span class='ocrx_word' id='word_1_256' title='bbox 1150 3310 1243 3364; x_wconf 83' lang='lat' dir='ltr'><strong>erit</strong></span> <span class='ocrx_word' id='word_1_257' title='bbox 1268 3326 1423 3381; x_wconf 86' lang='lat' dir='ltr'><strong>usque</strong></span> <span class='ocrx_word' id='word_1_258' title='bbox 1457 3311 1509 3364; x_wconf 86' lang='lat' dir='ltr'><strong>in</strong></span> <span class='ocrx_word' id='word_1_259' title='bbox 1545 3310 1761 3378; x_wconf 71' lang='lat' dir='ltr'><strong>ca&#39;lnm,</strong></span> <span class='ocrx_word' id='word_1_260' title='bbox 1803 3318 1850 3364; x_wconf 86' lang='lat' dir='ltr'><strong>et</strong></span> <span class='ocrx_word' id='word_1_261' title='bbox 1894 3310 2140 3381; x_wconf 81' lang='lat' dir='ltr'><strong>faciamus</strong></span> 
     </span>
    </p>
   </div>
   <div class='ocr_carea' id='block_1_34' title="bbox 560 3403 2140 3475">
    <p class='ocr_par' dir='ltr' id='par_1_34' title="bbox 560 3403 2140 3475">
     <span class='ocr_line' id='line_1_34' title="bbox 560 3403 2140 3475; baseline -0.001 -18"><span class='ocrx_word' id='word_1_262' title='bbox 560 3403 702 3457; x_wconf 72' lang='lat' dir='ltr'><strong>nobis</strong></span> <span class='ocrx_word' id='word_1_263' title='bbox 741 3404 865 3471; x_wconf 83' lang='lat' dir='ltr'><strong>ipsis</strong></span> <span class='ocrx_word' id='word_1_264' title='bbox 894 3420 1106 3467; x_wconf 86' lang='lat' dir='ltr'><strong>nomen,</strong></span> <span class='ocrx_word' id='word_1_265' title='bbox 1139 3404 1431 3472; x_wconf 81' lang='lat' dir='ltr'><strong>priusquam</strong></span> <span class='ocrx_word' id='word_1_266' title='bbox 1470 3404 1817 3475; x_wconf 78' lang='lat' dir='ltr'><strong>disperguntur</strong></span> <span class='ocrx_word' id='word_1_267' title='bbox 1859 3418 2009 3473; x_wconf 84' lang='lat' dir='ltr'><strong>super</strong></span> <span class='ocrx_word' id='word_1_268' title='bbox 2031 3418 2140 3457; x_wconf 87' lang='lat' dir='ltr'><strong>om-</strong></span> 
     </span>
    </p>
   </div>
   <div class='ocr_carea' id='block_1_35' title="bbox 561 3495 2134 3566">
    <p class='ocr_par' dir='ltr' id='par_1_35' title="bbox 561 3495 2134 3566">
     <span class='ocr_line' id='line_1_35' title="bbox 561 3495 2134 3566; baseline 0.001 -17"><span class='ocrx_word' id='word_1_269' title='bbox 561 3511 675 3549; x_wconf 79' lang='lat' dir='ltr'><strong>nem</strong></span> <span class='ocrx_word' id='word_1_270' title='bbox 700 3506 901 3549; x_wconf 85' lang='lat' dir='ltr'><strong>terram.</strong></span> <span class='ocrx_word' id='word_1_271' title='bbox 936 3495 1066 3551; x_wconf 83' lang='lat' dir='ltr'><strong>Vide</strong></span> <span class='ocrx_word' id='word_1_272' title='bbox 1094 3496 1359 3566; x_wconf 89' lang='lat' dir='ltr'><strong>quomodo</strong></span> <span class='ocrx_word' id='word_1_273' title='bbox 1387 3496 1673 3551; x_wconf 85' lang='lat' dir='ltr'><strong>abutuntur</strong></span> <span class='ocrx_word' id='word_1_274' title='bbox 1691 3495 1956 3550; x_wconf 86' lang='lat' dir='ltr'><strong>communi</strong></span> <span class='ocrx_word' id='word_1_275' title='bbox 1986 3510 2134 3560; x_wconf 78' lang='lat' dir='ltr'><strong>voce,</strong></span> 
     </span>
    </p>
   </div>
   <div class='ocr_carea' id='block_1_36' title="bbox 559 3588 2140 3659">
    <p class='ocr_par' dir='ltr' id='par_1_36' title="bbox 559 3588 2140 3659">
     <span class='ocr_line' id='line_1_36' title="bbox 559 3588 2140 3659; baseline -0.001 -17"><span class='ocrx_word' id='word_1_276' title='bbox 559 3595 614 3642; x_wconf 85' lang='lat' dir='ltr'><strong>et</strong></span> <span class='ocrx_word' id='word_1_277' title='bbox 634 3588 899 3659; x_wconf 90' lang='lat' dir='ltr'><strong>quomodo</strong></span> <span class='ocrx_word' id='word_1_278' title='bbox 923 3604 1116 3643; x_wconf 84' lang='lat' dir='ltr'><strong>vanum</strong></span> <span class='ocrx_word' id='word_1_279' title='bbox 1140 3589 1258 3644; x_wconf 76' lang='lat' dir='ltr'><strong>vitze</strong></span> <span class='ocrx_word' id='word_1_280' title='bbox 1285 3590 1611 3659; x_wconf 82' lang='lat' dir='ltr'><strong>propositum</strong></span> <span class='ocrx_word' id='word_1_281' title='bbox 1635 3589 1701 3643; x_wconf 90' lang='lat' dir='ltr'><strong>sit</strong></span> <span class='ocrx_word' id='word_1_282' title='bbox 1724 3590 2006 3643; x_wconf 78' lang='lat' dir='ltr'><strong>multarunt</strong></span> <span class='ocrx_word' id='word_1_283' title='bbox 2028 3602 2140 3642; x_wconf 84' lang='lat' dir='ltr'><strong>ma-</strong></span> 
     </span>
    </p>
   </div>
   <div class='ocr_carea' id='block_1_37' title="bbox 562 3680 2141 3753">
    <p class='ocr_par' dir='ltr' id='par_1_37' title="bbox 562 3680 2141 3753">
     <span class='ocr_line' id='line_1_37' title="bbox 562 3680 2141 3753; baseline 0 -18"><span class='ocrx_word' id='word_1_284' title='bbox 562 3682 735 3736; x_wconf 87' lang='lat' dir='ltr'><strong>lorum</strong></span> <span class='ocrx_word' id='word_1_285' title='bbox 770 3682 999 3736; x_wconf 76' lang='lat' dir='ltr'><strong>occasio.</strong></span> <span class='ocrx_word' id='word_1_286' title='bbox 1039 3680 1230 3749; x_wconf 80' lang='lat' dir='ltr'><strong>Venite,</strong></span> <span class='ocrx_word' id='word_1_287' title='bbox 1265 3682 1453 3752; x_wconf 88' lang='lat' dir='ltr'><strong>inquit,</strong></span> <span class='ocrx_word' id='word_1_288' title='bbox 1486 3682 1731 3753; x_wconf 78' lang='lat' dir='ltr'><strong>faciamus</strong></span> <span class='ocrx_word' id='word_1_289' title='bbox 1759 3682 1954 3746; x_wconf 66' lang='lat' dir='ltr'><strong>lataes,</strong></span> <span class='ocrx_word' id='word_1_290' title='bbox 1984 3691 2031 3735; x_wconf 88' lang='lat' dir='ltr'><strong>et</strong></span> <span class='ocrx_word' id='word_1_291' title='bbox 2056 3697 2141 3735; x_wconf 88' lang='lat' dir='ltr'><strong>co-</strong></span> 
     </span>
    </p>
   </div>
   <div class='ocr_carea' id='block_1_38' title="bbox 562 3770 2137 3842">
    <p class='ocr_par' dir='ltr' id='par_1_38' title="bbox 562 3770 2137 3842">
     <span class='ocr_line' id='line_1_38' title="bbox 562 3770 2137 3842; baseline 0.001 -19"><span class='ocrx_word' id='word_1_292' title='bbox 562 3788 773 3836; x_wconf 83' lang='lat' dir='ltr'><strong>qunmus</strong></span> <span class='ocrx_word' id='word_1_293' title='bbox 799 3788 881 3825; x_wconf 89' lang='lat' dir='ltr'><strong>eos</strong></span> <span class='ocrx_word' id='word_1_294' title='bbox 906 3773 1031 3841; x_wconf 84' lang='lat' dir='ltr'><strong>igni.</strong></span> <span class='ocrx_word' id='word_1_295' title='bbox 1065 3772 1127 3825; x_wconf 83' lang='lat' dir='ltr'><strong>Et</strong></span> <span class='ocrx_word' id='word_1_296' title='bbox 1154 3773 1275 3841; x_wconf 78' lang='lat' dir='ltr'><strong>facti</strong></span> <span class='ocrx_word' id='word_1_297' title='bbox 1300 3782 1417 3827; x_wconf 89' lang='lat' dir='ltr'><strong>sunt</strong></span> <span class='ocrx_word' id='word_1_298' title='bbox 1451 3772 1552 3826; x_wconf 86' lang='lat' dir='ltr'><strong>illis</strong></span> <span class='ocrx_word' id='word_1_299' title='bbox 1589 3771 1763 3826; x_wconf 80' lang='lat' dir='ltr'><strong>lateres</strong></span> <span class='ocrx_word' id='word_1_300' title='bbox 1791 3773 1845 3826; x_wconf 85' lang='lat' dir='ltr'><strong>in</strong></span> <span class='ocrx_word' id='word_1_301' title='bbox 1887 3770 2137 3842; x_wconf 78' lang='lat' dir='ltr'><strong>lapidem,</strong></span> 
     </span>
    </p>
   </div>
   <div class='ocr_carea' id='block_1_39' title="bbox 563 3863 2142 3932">
    <p class='ocr_par' dir='ltr' id='par_1_39' title="bbox 563 3863 2142 3932">
     <span class='ocr_line' id='line_1_39' title="bbox 563 3863 2142 3932; baseline 0.002 -15"><span class='ocrx_word' id='word_1_302' title='bbox 563 3874 609 3917; x_wconf 72' lang='lat' dir='ltr'><strong>et</strong></span> <span class='ocrx_word' id='word_1_303' title='bbox 650 3863 866 3916; x_wconf 80' lang='lat' dir='ltr'><strong>bitumen</strong></span> <span class='ocrx_word' id='word_1_304' title='bbox 907 3866 958 3916; x_wconf 88' lang='lat' dir='ltr'><strong>in</strong></span> <span class='ocrx_word' id='word_1_305' title='bbox 1003 3880 1215 3917; x_wconf 64' lang='lat' dir='ltr'><strong>caenum.</strong></span> <span class='ocrx_word' id='word_1_306' title='bbox 1266 3865 1397 3920; x_wconf 83' lang='lat' dir='ltr'><strong>Vide</strong></span> <span class='ocrx_word' id='word_1_307' title='bbox 1424 3875 1617 3932; x_wconf 83' lang='lat' dir='ltr'><strong>quanta</strong></span> <span class='ocrx_word' id='word_1_308' title='bbox 1650 3868 1931 3920; x_wconf 77' lang='lat' dir='ltr'><strong>securitate</strong></span> <span class='ocrx_word' id='word_1_309' title='bbox 1962 3866 2142 3921; x_wconf 87' lang='lat' dir='ltr'><strong>volunt</strong></span> 
     </span>
    </p>
   </div>
   <div class='ocr_carea' id='block_1_40' title="bbox 564 3954 2143 4023">
    <p class='ocr_par' dir='ltr' id='par_1_40' title="bbox 564 3954 2143 4023">
     <span class='ocr_line' id='line_1_40' title="bbox 564 3954 2143 4023; baseline 0.003 -17"><span class='ocrx_word' id='word_1_310' title='bbox 564 3956 850 4019; x_wconf 70' lang='lat' dir='ltr'><strong>wdilicare,</strong></span> <span class='ocrx_word' id='word_1_311' title='bbox 893 3956 1191 4009; x_wconf 88' lang='lat' dir='ltr'><strong>nescientes</strong></span> <span class='ocrx_word' id='word_1_312' title='bbox 1223 3954 1381 4014; x_wconf 85' lang='lat' dir='ltr'><strong>illud.</strong></span> <span class='ocrx_word' id='word_1_313' title='bbox 1405 3954 1520 4010; x_wconf 84' lang='lat' dir='ltr'><strong>Nisi</strong></span> <span class='ocrx_word' id='word_1_314' title='bbox 1546 3954 1797 4010; x_wconf 87' lang='lat' dir='ltr'><strong>Dominus</strong></span> <span class='ocrx_word' id='word_1_315' title='bbox 1824 3957 2143 4023; x_wconf 71' lang='lat' dir='ltr'><strong>ludificaverit</strong></span> 
     </span>
    </p>
   </div>
   <div class='ocr_carea' id='block_1_41' title="bbox 565 4044 2142 4118">
    <p class='ocr_par' dir='ltr' id='par_1_41' title="bbox 565 4044 2142 4118">
     <span class='ocr_line' id='line_1_41' title="bbox 565 4044 2142 4118; baseline 0.003 -21"><span class='ocrx_word' id='word_1_316' title='bbox 565 4046 787 4105; x_wconf 82' lang='lat' dir='ltr'><strong>domum,</strong></span> <span class='ocrx_word' id='word_1_317' title='bbox 817 4046 866 4096; x_wconf 88' lang='lat' dir='ltr'><strong>in</strong></span> <span class='ocrx_word' id='word_1_318' title='bbox 891 4061 1071 4097; x_wconf 71' lang='lat' dir='ltr'><strong>emtum</strong></span> <span class='ocrx_word' id='word_1_319' title='bbox 1089 4044 1437 4099; x_wconf 76' lang='lat' dir='ltr'><strong>laboraverunt</strong></span> <span class='ocrx_word' id='word_1_320' title='bbox 1455 4047 1541 4115; x_wconf 86' lang='lat' dir='ltr'><strong>qui</strong></span> <span class='ocrx_word' id='word_1_321' title='bbox 1558 4046 1811 4114; x_wconf 65' lang='lat' dir='ltr'><strong>adiﬁcant</strong></span> <span class='ocrx_word' id='word_1_322' title='bbox 1835 4064 1943 4100; x_wconf 87' lang='lat' dir='ltr'><strong>eam</strong></span> <span class='ocrx_word' id='word_1_323' title='bbox 1969 4046 2142 4118; x_wconf 83' lang='lat' dir='ltr'><strong>(Psal.</strong></span> 
     </span>
    </p>
   </div>
   <div class='ocr_carea' id='block_1_42' title="bbox 566 4136 2143 4208">
    <p class='ocr_par' dir='ltr' id='par_1_42' title="bbox 566 4136 2143 4208">
     <span class='ocr_line' id='line_1_42' title="bbox 566 4136 2143 4208; baseline 0.003 -19"><span class='ocrx_word' id='word_1_324' title='bbox 566 4138 691 4190; x_wconf 66' lang='lat'><strong>126.</strong></span> <span class='ocrx_word' id='word_1_325' title='bbox 727 4138 797 4203; x_wconf 87' lang='lat' dir='ltr'><strong>l).</strong></span> <span class='ocrx_word' id='word_1_326' title='bbox 835 4136 894 4188; x_wconf 77' lang='lat' dir='ltr'><strong>Et</strong></span> <span class='ocrx_word' id='word_1_327' title='bbox 924 4138 1245 4201; x_wconf 69' lang='lat' dir='ltr'><strong>triti/iremus,</strong></span> <span class='ocrx_word' id='word_1_328' title='bbox 1272 4136 1533 4208; x_wconf 77' lang='lat' dir='ltr'><strong>inquiunt,</strong></span> <span class='ocrx_word' id='word_1_329' title='bbox 1563 4138 1704 4193; x_wconf 85' lang='lat' dir='ltr'><strong>nobis</strong></span> <span class='ocrx_word' id='word_1_330' title='bbox 1724 4140 2009 4194; x_wconf 79' lang='lat' dir='ltr'><strong>civitatem:</strong></span> <span class='ocrx_word' id='word_1_331' title='bbox 2037 4155 2143 4194; x_wconf 86' lang='lat' dir='ltr'><strong>non</strong></span> 
     </span>
    </p>
   </div>
   <div class='ocr_carea' id='block_1_43' title="bbox 565 4226 2143 4301">
    <p class='ocr_par' dir='ltr' id='par_1_43' title="bbox 565 4226 2143 4301">
     <span class='ocr_line' id='line_1_43' title="bbox 565 4226 2143 4301; baseline 0.001 -20"><span class='ocrx_word' id='word_1_332' title='bbox 565 4230 696 4289; x_wconf 84' lang='lat' dir='ltr'><strong>Deo,</strong></span> <span class='ocrx_word' id='word_1_333' title='bbox 728 4230 819 4280; x_wconf 82' lang='lat' dir='ltr'><strong>sed</strong></span> <span class='ocrx_word' id='word_1_334' title='bbox 858 4226 1015 4281; x_wconf 75' lang='lat' dir='ltr'><strong>Nobis</strong></span> <span class='ocrx_word' id='word_1_335' title='bbox 1044 4230 1186 4297; x_wconf 81' lang='lat' dir='ltr'><strong>ipsis.</strong></span> <span class='ocrx_word' id='word_1_336' title='bbox 1214 4228 1369 4293; x_wconf 87' lang='lat' dir='ltr'><strong>Vide,</strong></span> <span class='ocrx_word' id='word_1_337' title='bbox 1402 4243 1518 4297; x_wconf 91' lang='lat' dir='ltr'><strong>oro,</strong></span> <span class='ocrx_word' id='word_1_338' title='bbox 1548 4245 1705 4301; x_wconf 84' lang='lat' dir='ltr'><strong>quam</strong></span> <span class='ocrx_word' id='word_1_339' title='bbox 1745 4231 1963 4284; x_wconf 80' lang='lat' dir='ltr'><strong>invaluit</strong></span> <span class='ocrx_word' id='word_1_340' title='bbox 1990 4231 2143 4283; x_wconf 86' lang='lat' dir='ltr'><strong>mali-</strong></span> 
     </span>
    </p>
   </div>
   <div class='ocr_carea' id='block_1_44' title="bbox 565 4319 2143 4389">
    <p class='ocr_par' dir='ltr' id='par_1_44' title="bbox 565 4319 2143 4389">
     <span class='ocr_line' id='line_1_44' title="bbox 565 4319 2143 4389; baseline 0.001 -18"><span class='ocrx_word' id='word_1_341' title='bbox 565 4322 633 4371; x_wconf 85' lang='lat' dir='ltr'><strong>tia</strong></span> <span class='ocrx_word' id='word_1_342' title='bbox 664 4338 674 4371; x_wconf 91' lang='lat'>:</span> <span class='ocrx_word' id='word_1_343' title='bbox 707 4319 961 4373; x_wconf 79' lang='lat' dir='ltr'><strong>habentes</strong></span> <span class='ocrx_word' id='word_1_344' title='bbox 986 4319 1160 4373; x_wconf 87' lang='lat' dir='ltr'><strong>adhuc</strong></span> <span class='ocrx_word' id='word_1_345' title='bbox 1179 4328 1447 4379; x_wconf 88' lang='lat' dir='ltr'><strong>recentem</strong></span> <span class='ocrx_word' id='word_1_346' title='bbox 1470 4321 1779 4375; x_wconf 89' lang='lat' dir='ltr'><strong>memoriam</strong></span> <span class='ocrx_word' id='word_1_347' title='bbox 1807 4320 2069 4389; x_wconf 79' lang='lat' dir='ltr'><strong>generalis</strong></span> <span class='ocrx_word' id='word_1_348' title='bbox 2092 4320 2143 4374; x_wconf 91' lang='lat' dir='ltr'><strong>in</strong></span> 
     </span>
    </p>
   </div>
   <div class='ocr_carea' id='block_1_45' title="bbox 565 4413 2147 4469">
    <p class='ocr_par' dir='ltr' id='par_1_45' title="bbox 565 4413 2147 4469">
     <span class='ocr_line' id='line_1_45' title="bbox 565 4413 2147 4469; baseline 0.002 -4"><span class='ocrx_word' id='word_1_349' title='bbox 565 4413 767 4465; x_wconf 81' lang='lat' dir='ltr'><strong>dilmio</strong></span> <span class='ocrx_word' id='word_1_350' title='bbox 795 4414 1065 4469; x_wconf 86' lang='lat' dir='ltr'><strong>interitus.</strong></span> <span class='ocrx_word' id='word_1_351' title='bbox 1119 4414 1168 4466; x_wconf 90' lang='lat' dir='ltr'><strong>in</strong></span> <span class='ocrx_word' id='word_1_352' title='bbox 1203 4422 1400 4467; x_wconf 84' lang='lat' dir='ltr'><strong>tantam</strong></span> <span class='ocrx_word' id='word_1_353' title='bbox 1436 4414 1733 4469; x_wconf 87' lang='lat' dir='ltr'><strong>inciderunt</strong></span> <span class='ocrx_word' id='word_1_354' title='bbox 1769 4416 2044 4469; x_wconf 88' lang='lat' dir='ltr'><strong>insaniam.</strong></span> <span class='ocrx_word' id='word_1_355' title='bbox 2080 4413 2147 4468; x_wconf 84' lang='lat' dir='ltr'><strong>Et</strong></span> 
     </span>
    </p>
   </div>
   <div class='ocr_carea' id='block_1_46' title="bbox 566 4504 2147 4576">
    <p class='ocr_par' dir='ltr' id='par_1_46' title="bbox 566 4504 2147 4576">
     <span class='ocr_line' id='line_1_46' title="bbox 566 4504 2147 4576; baseline 0.001 -19"><span class='ocrx_word' id='word_1_356' title='bbox 566 4506 896 4571; x_wconf 73' lang='lat' dir='ltr'><strong>mliﬁcemus,</strong></span> <span class='ocrx_word' id='word_1_357' title='bbox 928 4504 1116 4572; x_wconf 83' lang='lat' dir='ltr'><strong>inquit,</strong></span> <span class='ocrx_word' id='word_1_358' title='bbox 1141 4505 1279 4558; x_wconf 85' lang='lat' dir='ltr'><strong>nobis</strong></span> <span class='ocrx_word' id='word_1_359' title='bbox 1308 4506 1573 4569; x_wconf 81' lang='lat' dir='ltr'><strong>civitatem,</strong></span> <span class='ocrx_word' id='word_1_360' title='bbox 1596 4517 1643 4558; x_wconf 88' lang='lat' dir='ltr'><strong>et</strong></span> <span class='ocrx_word' id='word_1_361' title='bbox 1675 4507 1869 4571; x_wconf 83' lang='lat' dir='ltr'><strong>turrim,</strong></span> <span class='ocrx_word' id='word_1_362' title='bbox 1896 4507 2041 4576; x_wconf 82' lang='lat' dir='ltr'><strong>cujus</strong></span> <span class='ocrx_word' id='word_1_363' title='bbox 2061 4522 2147 4559; x_wconf 80' lang='lat' dir='ltr'><strong>ca-</strong></span> 
     </span>
    </p>
   </div>
   <div class='ocr_carea' id='block_1_47' title="bbox 568 4594 2147 4662">
    <p class='ocr_par' dir='ltr' id='par_1_47' title="bbox 568 4594 2147 4662">
     <span class='ocr_line' id='line_1_47' title="bbox 568 4594 2147 4662; baseline 0 -14"><span class='ocrx_word' id='word_1_364' title='bbox 568 4606 656 4662; x_wconf 84' lang='lat' dir='ltr'><strong>put</strong></span> <span class='ocrx_word' id='word_1_365' title='bbox 678 4597 769 4647; x_wconf 82' lang='lat' dir='ltr'><strong>erit</strong></span> <span class='ocrx_word' id='word_1_366' title='bbox 790 4611 943 4662; x_wconf 81' lang='lat' dir='ltr'><strong>usque</strong></span> <span class='ocrx_word' id='word_1_367' title='bbox 972 4596 1023 4647; x_wconf 84' lang='lat' dir='ltr'><strong>in</strong></span> <span class='ocrx_word' id='word_1_368' title='bbox 1044 4595 1242 4647; x_wconf 67' lang='lat' dir='ltr'><strong>caelum.</strong></span> <span class='ocrx_word' id='word_1_369' title='bbox 1266 4594 1487 4648; x_wconf 84' lang='lat' dir='ltr'><strong>Nomine</strong></span> <span class='ocrx_word' id='word_1_370' title='bbox 1507 4594 1623 4649; x_wconf 83' lang='lat' dir='ltr'><strong>caeli</strong></span> <span class='ocrx_word' id='word_1_371' title='bbox 1651 4610 1909 4648; x_wconf 84' lang='lat' dir='ltr'><strong>summam</strong></span> <span class='ocrx_word' id='word_1_372' title='bbox 1937 4596 2147 4650; x_wconf 90' lang='lat' dir='ltr'><strong>illorum</strong></span> 
     </span>
    </p>
   </div>
   <div class='ocr_carea' id='block_1_48' title="bbox 570 4684 2149 4756">
    <p class='ocr_par' dir='ltr' id='par_1_48' title="bbox 570 4684 2149 4756">
     <span class='ocr_line' id='line_1_48' title="bbox 570 4684 2149 4756; baseline 0.001 -17"><span class='ocrx_word' id='word_1_373' title='bbox 570 4687 843 4740; x_wconf 83' lang='lat' dir='ltr'><strong>audaciam</strong></span> <span class='ocrx_word' id='word_1_374' title='bbox 890 4686 1161 4756; x_wconf 89' lang='lat' dir='ltr'><strong>Scriptura</strong></span> <span class='ocrx_word' id='word_1_375' title='bbox 1192 4686 1367 4739; x_wconf 86' lang='lat' dir='ltr'><strong>divina</strong></span> <span class='ocrx_word' id='word_1_376' title='bbox 1398 4685 1653 4745; x_wconf 84' lang='lat' dir='ltr'><strong>declarat.</strong></span> <span class='ocrx_word' id='word_1_377' title='bbox 1686 4684 1749 4738; x_wconf 85' lang='lat' dir='ltr'><strong>Et</strong></span> <span class='ocrx_word' id='word_1_378' title='bbox 1773 4687 2041 4755; x_wconf 74' lang='lat' dir='ltr'><strong>faciamus,</strong></span> <span class='ocrx_word' id='word_1_379' title='bbox 2071 4688 2149 4742; x_wconf 89' lang='lat' dir='ltr'><strong>in-</strong></span> 
     </span>
    </p>
   </div>
   <div class='ocr_carea' id='block_1_49' title="bbox 569 4777 2148 4846">
    <p class='ocr_par' dir='ltr' id='par_1_49' title="bbox 569 4777 2148 4846">
     <span class='ocr_line' id='line_1_49' title="bbox 569 4777 2148 4846; baseline 0.003 -18"><span class='ocrx_word' id='word_1_380' title='bbox 569 4780 715 4846; x_wconf 88' lang='lat' dir='ltr'><strong>quit,</strong></span> <span class='ocrx_word' id='word_1_381' title='bbox 758 4780 1026 4846; x_wconf 81' lang='lat' dir='ltr'><strong>nobisipsis</strong></span> <span class='ocrx_word' id='word_1_382' title='bbox 1069 4795 1266 4833; x_wconf 83' lang='lat' dir='ltr'><strong>nomen.</strong></span> <span class='ocrx_word' id='word_1_383' title='bbox 1310 4777 1528 4833; x_wconf 75' lang='lat' dir='ltr'><strong>Vidistis</strong></span> <span class='ocrx_word' id='word_1_384' title='bbox 1584 4779 1816 4833; x_wconf 87' lang='lat' dir='ltr'><strong>radicem</strong></span> <span class='ocrx_word' id='word_1_385' title='bbox 1861 4781 2015 4833; x_wconf 84' lang='lat' dir='ltr'><strong>mali?</strong></span> <span class='ocrx_word' id='word_1_386' title='bbox 2049 4779 2148 4843; x_wconf 54' lang='lat' dir='ltr'><strong>lit,</strong></span> 
     </span>
    </p>
   </div>
   <div class='ocr_carea' id='block_1_50' title="bbox 573 4872 2149 4942">
    <p class='ocr_par' dir='ltr' id='par_1_50' title="bbox 573 4872 2149 4942">
     <span class='ocr_line' id='line_1_50' title="bbox 573 4872 2149 4942; baseline -0.002 -15"><span class='ocrx_word' id='word_1_387' title='bbox 573 4873 764 4942; x_wconf 89' lang='lat' dir='ltr'><strong>inquit,</strong></span> <span class='ocrx_word' id='word_1_388' title='bbox 794 4881 1101 4942; x_wconf 80' lang='lat' dir='ltr'><strong>perpetuam</strong></span> <span class='ocrx_word' id='word_1_389' title='bbox 1130 4872 1440 4927; x_wconf 88' lang='lat' dir='ltr'><strong>memoriam</strong></span> <span class='ocrx_word' id='word_1_390' title='bbox 1462 4887 1872 4941; x_wconf 86' lang='lat' dir='ltr'><strong>consequamur,</strong></span> <span class='ocrx_word' id='word_1_391' title='bbox 1902 4881 1958 4925; x_wconf 88' lang='lat' dir='ltr'><strong>ut</strong></span> <span class='ocrx_word' id='word_1_392' title='bbox 1984 4874 2149 4925; x_wconf 86' lang='lat' dir='ltr'><strong>nostri</strong></span> 
     </span>
    </p>
   </div>
   <div class='ocr_carea' id='block_1_51' title="bbox 575 4962 2151 5033">
    <p class='ocr_par' dir='ltr' id='par_1_51' title="bbox 575 4962 2151 5033">
     <span class='ocr_line' id='line_1_51' title="bbox 575 4962 2151 5033; baseline 0.001 -20"><span class='ocrx_word' id='word_1_393' title='bbox 575 4972 831 5033; x_wconf 72' lang='lat' dir='ltr'><strong>perpetuo</strong></span> <span class='ocrx_word' id='word_1_394' title='bbox 882 4976 1147 5016; x_wconf 85' lang='lat' dir='ltr'><strong>memores</strong></span> <span class='ocrx_word' id='word_1_395' title='bbox 1192 4963 1298 5016; x_wconf 90' lang='lat' dir='ltr'><strong>sint</strong></span> <span class='ocrx_word' id='word_1_396' title='bbox 1341 4964 1537 5032; x_wconf 88' lang='lat' dir='ltr'><strong>posteri</strong></span> <span class='ocrx_word' id='word_1_397' title='bbox 1570 4981 1586 5018; x_wconf 85' lang='lat'><strong>:</strong></span> <span class='ocrx_word' id='word_1_398' title='bbox 1619 4962 1725 5018; x_wconf 87' lang='lat' dir='ltr'><strong>tale</strong></span> <span class='ocrx_word' id='word_1_399' title='bbox 1770 4963 1873 5017; x_wconf 88' lang='lat' dir='ltr'><strong>erit</strong></span> <span class='ocrx_word' id='word_1_400' title='bbox 1912 4973 2151 5017; x_wconf 85' lang='lat' dir='ltr'><strong>nostrum</strong></span> 
     </span>
    </p>
   </div>
   <div class='ocr_carea' id='block_1_52' title="bbox 573 5053 2155 5125">
    <p class='ocr_par' dir='ltr' id='par_1_52' title="bbox 573 5053 2155 5125">
     <span class='ocr_line' id='line_1_52' title="bbox 573 5053 2155 5125; baseline -0.002 -16"><span class='ocrx_word' id='word_1_401' title='bbox 573 5071 707 5125; x_wconf 85' lang='lat' dir='ltr'><strong>opus</strong></span> <span class='ocrx_word' id='word_1_402' title='bbox 727 5098 740 5120; x_wconf 92' lang='lat'><strong>,</strong></span> <span class='ocrx_word' id='word_1_403' title='bbox 772 5064 831 5109; x_wconf 88' lang='lat' dir='ltr'><strong>ut</strong></span> <span class='ocrx_word' id='word_1_404' title='bbox 876 5068 1161 5123; x_wconf 85' lang='lat' dir='ltr'><strong>numquam</strong></span> <span class='ocrx_word' id='word_1_405' title='bbox 1187 5054 1437 5108; x_wconf 88' lang='lat' dir='ltr'><strong>oblivioni</strong></span> <span class='ocrx_word' id='word_1_406' title='bbox 1471 5054 1725 5108; x_wconf 84' lang='lat' dir='ltr'><strong>tradatur.</strong></span> <span class='ocrx_word' id='word_1_407' title='bbox 1775 5053 1837 5107; x_wconf 84' lang='lat' dir='ltr'><strong>Et</strong></span> <span class='ocrx_word' id='word_1_408' title='bbox 1867 5053 1965 5107; x_wconf 86' lang='lat' dir='ltr'><strong>hoc</strong></span> <span class='ocrx_word' id='word_1_409' title='bbox 1997 5054 2155 5107; x_wconf 80' lang='lat' dir='ltr'><strong>facia-</strong></span> 
     </span>
    </p>
   </div>
   <div class='ocr_carea' id='block_1_53' title="bbox 572 5146 2151 5216">
    <p class='ocr_par' dir='ltr' id='par_1_53' title="bbox 572 5146 2151 5216">
     <span class='ocr_line' id='line_1_53' title="bbox 572 5146 2151 5216; baseline -0.004 -13"><span class='ocrx_word' id='word_1_410' title='bbox 572 5163 693 5203; x_wconf 88' lang='lat' dir='ltr'><strong>mus</strong></span> <span class='ocrx_word' id='word_1_411' title='bbox 724 5146 1031 5215; x_wconf 78' lang='lat' dir='ltr'><strong>Priusquam</strong></span> <span class='ocrx_word' id='word_1_412' title='bbox 1064 5146 1407 5216; x_wconf 85' lang='lat' dir='ltr'><strong>dispcrgamur</strong></span> <span class='ocrx_word' id='word_1_413' title='bbox 1428 5162 1575 5215; x_wconf 81' lang='lat' dir='ltr'><strong>super</strong></span> <span class='ocrx_word' id='word_1_414' title='bbox 1602 5148 1776 5215; x_wconf 77' lang='lat' dir='ltr'><strong>[aciem</strong></span> <span class='ocrx_word' id='word_1_415' title='bbox 1805 5146 1964 5199; x_wconf 85' lang='lat' dir='ltr'><strong>omnis</strong></span> <span class='ocrx_word' id='word_1_416' title='bbox 1987 5156 2151 5199; x_wconf 77' lang='lat' dir='ltr'><strong>teme.</strong></span> 
     </span>
    </p>
   </div>
   <div class='ocr_carea' id='block_1_54' title="bbox 576 5238 2156 5313">
    <p class='ocr_par' dir='ltr' id='par_1_54' title="bbox 576 5238 2156 5313">
     <span class='ocr_line' id='line_1_54' title="bbox 576 5238 2156 5313; baseline -0.001 -20"><span class='ocrx_word' id='word_1_417' title='bbox 576 5238 762 5294; x_wconf 83' lang='lat' dir='ltr'><strong>Adhuc</strong></span> <span class='ocrx_word' id='word_1_418' title='bbox 780 5281 794 5303; x_wconf 93' lang='lat'><strong>,</strong></span> <span class='ocrx_word' id='word_1_419' title='bbox 828 5238 997 5307; x_wconf 87' lang='lat' dir='ltr'><strong>inquit</strong></span> <span class='ocrx_word' id='word_1_420' title='bbox 1020 5279 1033 5302; x_wconf 92' lang='lat'><strong>,</strong></span> <span class='ocrx_word' id='word_1_421' title='bbox 1061 5240 1360 5313; x_wconf 78' lang='lat' dir='ltr'><strong>congregati</strong></span> <span class='ocrx_word' id='word_1_422' title='bbox 1391 5238 1707 5308; x_wconf 86' lang='lat' dir='ltr'><strong>quodnobis</strong></span> <span class='ocrx_word' id='word_1_423' title='bbox 1734 5239 1901 5292; x_wconf 88' lang='lat' dir='ltr'><strong>visum</strong></span> <span class='ocrx_word' id='word_1_424' title='bbox 1927 5249 2006 5292; x_wconf 80' lang='lat' dir='ltr'><strong>est</strong></span> <span class='ocrx_word' id='word_1_425' title='bbox 2035 5238 2156 5291; x_wconf 81' lang='lat' dir='ltr'><strong>elli-</strong></span> 
     </span>
    </p>
   </div>
   <div class='ocr_carea' id='block_1_55' title="bbox 575 5331 2149 5401">
    <p class='ocr_par' dir='ltr' id='par_1_55' title="bbox 575 5331 2149 5401">
     <span class='ocr_line' id='line_1_55' title="bbox 575 5331 2149 5401; baseline 0.004 -18"><span class='ocrx_word' id='word_1_426' title='bbox 575 5332 774 5385; x_wconf 84' lang='lat' dir='ltr'><strong>ciamus</strong></span> <span class='ocrx_word' id='word_1_427' title='bbox 796 5372 810 5395; x_wconf 90' lang='lat'><strong>,</strong></span> <span class='ocrx_word' id='word_1_428' title='bbox 844 5341 901 5383; x_wconf 90' lang='lat' dir='ltr'><strong>ut</strong></span> <span class='ocrx_word' id='word_1_429' title='bbox 934 5331 1163 5399; x_wconf 83' lang='lat' dir='ltr'><strong>posteris</strong></span> <span class='ocrx_word' id='word_1_430' title='bbox 1190 5341 1501 5399; x_wconf 86' lang='lat' dir='ltr'><strong>perpetuum</strong></span> <span class='ocrx_word' id='word_1_431' title='bbox 1543 5347 1735 5387; x_wconf 85' lang='lat' dir='ltr'><strong>nomen</strong></span> <span class='ocrx_word' id='word_1_432' title='bbox 1776 5332 2149 5401; x_wconf 86' lang='lat' dir='ltr'><strong>relinquamus.</strong></span> 
     </span>
    </p>
   </div>
   <div class='ocr_carea' id='block_1_56' title="bbox 577 5422 2156 5494">
    <p class='ocr_par' dir='ltr' id='par_1_56' title="bbox 577 5422 2156 5494">
     <span class='ocr_line' id='line_1_56' title="bbox 577 5422 2156 5494; baseline 0 -15"><span class='ocrx_word' id='word_1_433' title='bbox 577 5427 715 5479; x_wconf 85' lang='lat' dir='ltr'><strong>Sunt</strong></span> <span class='ocrx_word' id='word_1_434' title='bbox 745 5424 891 5478; x_wconf 87' lang='lat' dir='ltr'><strong>tnulti</strong></span> <span class='ocrx_word' id='word_1_435' title='bbox 920 5425 1079 5477; x_wconf 83' lang='lat' dir='ltr'><strong>etiam</strong></span> <span class='ocrx_word' id='word_1_436' title='bbox 1109 5422 1266 5477; x_wconf 82' lang='lat' dir='ltr'><strong>hodie</strong></span> <span class='ocrx_word' id='word_1_437' title='bbox 1293 5422 1381 5494; x_wconf 91' lang='lat' dir='ltr'><strong>qui</strong></span> <span class='ocrx_word' id='word_1_438' title='bbox 1411 5424 1529 5477; x_wconf 85' lang='lat' dir='ltr'><strong>illus</strong></span> <span class='ocrx_word' id='word_1_439' title='bbox 1561 5424 1850 5487; x_wconf 82' lang='lat' dir='ltr'><strong>imitantur,</strong></span> <span class='ocrx_word' id='word_1_440' title='bbox 1881 5434 1934 5479; x_wconf 90' lang='lat' dir='ltr'><strong>et</strong></span> <span class='ocrx_word' id='word_1_441' title='bbox 1966 5425 2156 5479; x_wconf 83' lang='lat' dir='ltr'><strong>talibus</strong></span> 
     </span>
    </p>
   </div>
   <div class='ocr_carea' id='block_1_57' title="bbox 578 5515 2155 5584">
    <p class='ocr_par' dir='ltr' id='par_1_57' title="bbox 578 5515 2155 5584">
     <span class='ocr_line' id='line_1_57' title="bbox 578 5515 2155 5584; baseline 0 -15"><span class='ocrx_word' id='word_1_442' title='bbox 578 5516 826 5583; x_wconf 79' lang='lat' dir='ltr'><strong>operibus</strong></span> <span class='ocrx_word' id='word_1_443' title='bbox 846 5515 1104 5569; x_wconf 87' lang='lat' dir='ltr'><strong>celebrari</strong></span> <span class='ocrx_word' id='word_1_444' title='bbox 1130 5515 1332 5579; x_wconf 85' lang='lat' dir='ltr'><strong>volunt,</strong></span> <span class='ocrx_word' id='word_1_445' title='bbox 1360 5516 1448 5582; x_wconf 90' lang='lat' dir='ltr'><strong>qui</strong></span> <span class='ocrx_word' id='word_1_446' title='bbox 1478 5515 1783 5584; x_wconf 83' lang='lat' dir='ltr'><strong>splendidas</strong></span> <span class='ocrx_word' id='word_1_447' title='bbox 1809 5515 1997 5569; x_wconf 86' lang='lat' dir='ltr'><strong>domus</strong></span> <span class='ocrx_word' id='word_1_448' title='bbox 2024 5517 2155 5569; x_wconf 72' lang='lat' dir='ltr'><strong>tedi—</strong></span> 
     </span>
    </p>
   </div>
   <div class='ocr_carea' id='block_1_58' title="bbox 582 5606 2158 5675">
    <p class='ocr_par' dir='ltr' id='par_1_58' title="bbox 582 5606 2158 5675">
     <span class='ocr_line' id='line_1_58' title="bbox 582 5606 2158 5675; baseline 0 -15"><span class='ocrx_word' id='word_1_449' title='bbox 582 5607 763 5671; x_wconf 78' lang='lat' dir='ltr'><strong>licant,</strong></span> <span class='ocrx_word' id='word_1_450' title='bbox 788 5614 841 5659; x_wconf 87' lang='lat' dir='ltr'><strong>et</strong></span> <span class='ocrx_word' id='word_1_451' title='bbox 870 5606 1096 5673; x_wconf 86' lang='lat' dir='ltr'><strong>lavacra,</strong></span> <span class='ocrx_word' id='word_1_452' title='bbox 1125 5615 1179 5662; x_wconf 86' lang='lat' dir='ltr'><strong>et</strong></span> <span class='ocrx_word' id='word_1_453' title='bbox 1206 5608 1436 5675; x_wconf 89' lang='lat' dir='ltr'><strong>porticus</strong></span> <span class='ocrx_word' id='word_1_454' title='bbox 1458 5648 1472 5671; x_wconf 94' lang='lat'><strong>,</strong></span> <span class='ocrx_word' id='word_1_455' title='bbox 1516 5614 1569 5660; x_wconf 87' lang='lat' dir='ltr'><strong>et</strong></span> <span class='ocrx_word' id='word_1_456' title='bbox 1598 5606 1988 5663; x_wconf 81' lang='lat' dir='ltr'><strong>deambulacra.</strong></span> <span class='ocrx_word' id='word_1_457' title='bbox 2015 5608 2158 5671; x_wconf 79' lang='lat' dir='ltr'><strong>Quo-</strong></span> 
     </span>
    </p>
   </div>
   <div class='ocr_carea' id='block_1_59' title="bbox 582 5697 2154 5767">
    <p class='ocr_par' dir='ltr' id='par_1_59' title="bbox 582 5697 2154 5767">
     <span class='ocr_line' id='line_1_59' title="bbox 582 5697 2154 5767; baseline -0.001 -14"><span class='ocrx_word' id='word_1_458' title='bbox 582 5712 697 5753; x_wconf 85' lang='lat' dir='ltr'><strong>tum</strong></span> <span class='ocrx_word' id='word_1_459' title='bbox 727 5698 769 5752; x_wconf 88' lang='lat' dir='ltr'><strong>si</strong></span> <span class='ocrx_word' id='word_1_460' title='bbox 790 5697 1016 5766; x_wconf 87' lang='lat' dir='ltr'><strong>aliquem</strong></span> <span class='ocrx_word' id='word_1_461' title='bbox 1042 5699 1340 5767; x_wconf 79' lang='lat' dir='ltr'><strong>rogaveris,</strong></span> <span class='ocrx_word' id='word_1_462' title='bbox 1374 5713 1537 5766; x_wconf 87' lang='lat' dir='ltr'><strong>quare</strong></span> <span class='ocrx_word' id='word_1_463' title='bbox 1560 5699 1629 5752; x_wconf 84' lang='lat' dir='ltr'><strong>ita</strong></span> <span class='ocrx_word' id='word_1_464' title='bbox 1661 5698 1865 5751; x_wconf 87' lang='lat' dir='ltr'><strong>laboret</strong></span> <span class='ocrx_word' id='word_1_465' title='bbox 1890 5705 1943 5752; x_wconf 86' lang='lat' dir='ltr'><strong>et</strong></span> <span class='ocrx_word' id='word_1_466' title='bbox 1968 5697 2154 5767; x_wconf 81' lang='lat' dir='ltr'><strong>fatige-</strong></span> 
     </span>
    </p>
   </div>
   <div class='ocr_carea' id='block_1_60' title="bbox 583 5791 2155 5864">
    <p class='ocr_par' dir='ltr' id='par_1_60' title="bbox 583 5791 2155 5864">
     <span class='ocr_line' id='line_1_60' title="bbox 583 5791 2155 5864; baseline 0.003 -20"><span class='ocrx_word' id='word_1_467' title='bbox 583 5798 689 5858; x_wconf 90' lang='lat' dir='ltr'><strong>tur,</strong></span> <span class='ocrx_word' id='word_1_468' title='bbox 744 5799 1023 5864; x_wconf 81' lang='lat' dir='ltr'><strong>tantosque</strong></span> <span class='ocrx_word' id='word_1_469' title='bbox 1082 5792 1420 5862; x_wconf 80' lang='lat' dir='ltr'><strong>pecuniarum</strong></span> <span class='ocrx_word' id='word_1_470' title='bbox 1472 5799 1711 5862; x_wconf 87' lang='lat' dir='ltr'><strong>sumptus</strong></span> <span class='ocrx_word' id='word_1_471' title='bbox 1752 5791 1924 5859; x_wconf 74' lang='lat' dir='ltr'><strong>iaciat,</strong></span> <span class='ocrx_word' id='word_1_472' title='bbox 1958 5807 2155 5864; x_wconf 87' lang='lat' dir='ltr'><strong>e05qne</strong></span> 
     </span>
    </p>
   </div>
   <div class='ocr_carea' id='block_1_61' title="bbox 1218 374 3021 442">
    <p class='ocr_par' dir='ltr' id='par_1_61' title="bbox 1218 374 3021 442">
     <span class='ocr_line' id='line_1_61' title="bbox 1218 374 3021 442; baseline -0.002 0"><span class='ocrx_word' id='word_1_473' title='bbox 1218 386 1278 442; x_wconf 83' lang='lat' dir='ltr'><strong>S.</strong></span> <span class='ocrx_word' id='word_1_474' title='bbox 1317 381 1594 442; x_wconf 78' lang='lat' dir='ltr'><strong>JOANNIS</strong></span> <span class='ocrx_word' id='word_1_475' title='bbox 1618 376 2091 440; x_wconf 78' lang='lat' dir='ltr'><strong>cnnvsosrom</strong></span> <span class='ocrx_word' id='word_1_476' title='bbox 2129 374 2446 435; x_wconf 73' lang='lat' dir='ltr'><strong>ARCHIEP.</strong></span> <span class='ocrx_word' id='word_1_477' title='bbox 2486 376 3021 440; x_wconf 72' lang='lat' dir='ltr'><strong>CONSTAN’HNOP.</strong></span> 
     </span>
    </p>
   </div>
   <div class='ocr_carea' id='block_1_62' title="bbox 3713 382 3829 443">
    <p class='ocr_par' dir='ltr' id='par_1_62' title="bbox 3713 382 3829 443">
     <span class='ocr_line' id='line_1_62' title="bbox 3713 382 3829 443; baseline 0.017 -2"><span class='ocrx_word' id='word_1_478' title='bbox 3713 382 3829 443; x_wconf 66' lang='grc'><strong>176</strong></span> 
     </span>
    </p>
   </div>
   <div class='ocr_carea' id='block_1_63' title="bbox 2241 495 3833 571">
    <p class='ocr_par' dir='ltr' id='par_1_63' title="bbox 2241 495 3833 571">
     <span class='ocr_line' id='line_1_63' title="bbox 2241 495 3833 571; baseline 0.003 -21"><span class='ocrx_word' id='word_1_479' title='bbox 2241 495 2455 553; x_wconf 83' lang='lat' dir='ltr'><strong>inutiles</strong></span> <span class='ocrx_word' id='word_1_480' title='bbox 2483 514 2499 552; x_wconf 88' lang='lat'><strong>:</strong></span> <span class='ocrx_word' id='word_1_481' title='bbox 2528 498 2658 553; x_wconf 85' lang='lat' dir='ltr'><strong>nihil</strong></span> <span class='ocrx_word' id='word_1_482' title='bbox 2700 499 2843 556; x_wconf 82' lang='lat' dir='ltr'><strong>aliud</strong></span> <span class='ocrx_word' id='word_1_483' title='bbox 2872 500 3077 569; x_wconf 86' lang='lat' dir='ltr'><strong>audies,</strong></span> <span class='ocrx_word' id='word_1_484' title='bbox 3104 513 3263 571; x_wconf 88' lang='lat' dir='ltr'><strong>quam</strong></span> <span class='ocrx_word' id='word_1_485' title='bbox 3290 498 3405 556; x_wconf 62' lang='lat' dir='ltr'><strong>hanc</strong></span> <span class='ocrx_word' id='word_1_486' title='bbox 3431 498 3616 566; x_wconf 78' lang='lat' dir='ltr'><strong>verba,</strong></span> <span class='ocrx_word' id='word_1_487' title='bbox 3638 508 3697 555; x_wconf 85' lang='lat' dir='ltr'><strong>ut</strong></span> <span class='ocrx_word' id='word_1_488' title='bbox 3726 500 3833 555; x_wconf 83' lang='lat' dir='ltr'><strong>im-</strong></span> 
     </span>
    </p>
   </div>
   <div class='ocr_carea' id='block_1_64' title="bbox 2238 589 3832 659">
    <p class='ocr_par' dir='ltr' id='par_1_64' title="bbox 2238 589 3832 659">
     <span class='ocr_line' id='line_1_64' title="bbox 2238 589 3832 659; baseline 0.003 -17"><span class='ocrx_word' id='word_1_489' title='bbox 2238 589 2479 645; x_wconf 86' lang='lat' dir='ltr'><strong>mortalis</strong></span> <span class='ocrx_word' id='word_1_490' title='bbox 2502 601 2747 646; x_wconf 83' lang='lat' dir='ltr'><strong>servetur</strong></span> <span class='ocrx_word' id='word_1_491' title='bbox 2772 593 3048 659; x_wconf 86' lang='lat' dir='ltr'><strong>memoria,</strong></span> <span class='ocrx_word' id='word_1_492' title='bbox 3074 601 3130 648; x_wconf 85' lang='lat' dir='ltr'><strong>et</strong></span> <span class='ocrx_word' id='word_1_493' title='bbox 3148 590 3359 647; x_wconf 80' lang='lat' dir='ltr'><strong>dicatur</strong></span> <span class='ocrx_word' id='word_1_494' title='bbox 3384 591 3527 647; x_wconf 85' lang='lat' dir='ltr'><strong>illius</strong></span> <span class='ocrx_word' id='word_1_495' title='bbox 3544 606 3667 647; x_wconf 84' lang='lat' dir='ltr'><strong>esse</strong></span> <span class='ocrx_word' id='word_1_496' title='bbox 3688 591 3832 647; x_wconf 77' lang='lat' dir='ltr'><strong>hanc</strong></span> 
     </span>
    </p>
   </div>
   <div class='ocr_carea' id='block_1_65' title="bbox 2238 680 3835 755">
    <p class='ocr_par' dir='ltr' id='par_1_65' title="bbox 2238 680 3835 755">
     <span class='ocr_line' id='line_1_65' title="bbox 2238 680 3835 755; baseline 0.003 -19"><span class='ocrx_word' id='word_1_497' title='bbox 2238 680 2475 747; x_wconf 88' lang='lat' dir='ltr'><strong>domum,</strong></span> <span class='ocrx_word' id='word_1_498' title='bbox 2501 683 2642 738; x_wconf 89' lang='lat' dir='ltr'><strong>illius</strong></span> <span class='ocrx_word' id='word_1_499' title='bbox 2672 682 2812 739; x_wconf 88' lang='lat' dir='ltr'><strong>hunc</strong></span> <span class='ocrx_word' id='word_1_500' title='bbox 2834 699 3042 755; x_wconf 80' lang='lat' dir='ltr'><strong>agrum.</strong></span> <span class='ocrx_word' id='word_1_501' title='bbox 3076 684 3145 739; x_wconf 82' lang='lat' dir='ltr'><strong>At</strong></span> <span class='ocrx_word' id='word_1_502' title='bbox 3168 684 3271 739; x_wconf 89' lang='lat' dir='ltr'><strong>hoc</strong></span> <span class='ocrx_word' id='word_1_503' title='bbox 3292 698 3398 739; x_wconf 90' lang='lat' dir='ltr'><strong>non</strong></span> <span class='ocrx_word' id='word_1_504' title='bbox 3424 693 3509 739; x_wconf 68' lang='lat' dir='ltr'><strong>est</strong></span> <span class='ocrx_word' id='word_1_505' title='bbox 3532 682 3749 739; x_wconf 82' lang='lat' dir='ltr'><strong>laudem</strong></span> <span class='ocrx_word' id='word_1_506' title='bbox 3773 693 3835 740; x_wconf 78' lang='lat' dir='ltr'><strong>et</strong></span> 
     </span>
    </p>
   </div>
   <div class='ocr_carea' id='block_1_66' title="bbox 2239 773 3832 845">
    <p class='ocr_par' dir='ltr' id='par_1_66' title="bbox 2239 773 3832 845">
     <span class='ocr_line' id='line_1_66' title="bbox 2239 773 3832 845; baseline 0.004 -21"><span class='ocrx_word' id='word_1_507' title='bbox 2239 773 2583 838; x_wconf 82' lang='lat' dir='ltr'><strong>memoriam,</strong></span> <span class='ocrx_word' id='word_1_508' title='bbox 2610 774 2704 828; x_wconf 87' lang='lat' dir='ltr'><strong>sed</strong></span> <span class='ocrx_word' id='word_1_509' title='bbox 2737 774 2940 829; x_wconf 84' lang='lat' dir='ltr'><strong>crimen</strong></span> <span class='ocrx_word' id='word_1_510' title='bbox 2983 774 3083 829; x_wconf 87' lang='lat' dir='ltr'><strong>sibi</strong></span> <span class='ocrx_word' id='word_1_511' title='bbox 3122 789 3335 845; x_wconf 87' lang='lat' dir='ltr'><strong>parare.</strong></span> <span class='ocrx_word' id='word_1_512' title='bbox 3375 774 3507 830; x_wconf 84' lang='lat' dir='ltr'><strong>Nam</strong></span> <span class='ocrx_word' id='word_1_513' title='bbox 3546 776 3731 830; x_wconf 84' lang='lat' dir='ltr'><strong>statim</strong></span> <span class='ocrx_word' id='word_1_514' title='bbox 3761 774 3832 830; x_wconf 73' lang='lat' dir='ltr'><strong>ad</strong></span> 
     </span>
    </p>
   </div>
   <div class='ocr_carea' id='block_1_67' title="bbox 2240 859 3824 934">
    <p class='ocr_par' dir='ltr' id='par_1_67' title="bbox 2240 859 3824 934">
     <span class='ocr_line' id='line_1_67' title="bbox 2240 859 3824 934; baseline 0.004 -20"><span class='ocrx_word' id='word_1_515' title='bbox 2240 859 2356 918; x_wconf 64' lang='lat' dir='ltr'><strong>haec</strong></span> <span class='ocrx_word' id='word_1_516' title='bbox 2380 862 2768 934; x_wconf 86' lang='lat' dir='ltr'><strong>subjungentur</strong></span> <span class='ocrx_word' id='word_1_517' title='bbox 2792 863 3141 934; x_wconf 81' lang='lat' dir='ltr'><strong>plurimarum</strong></span> <span class='ocrx_word' id='word_1_518' title='bbox 3161 864 3605 920; x_wconf 87' lang='lat' dir='ltr'><strong>contumeliarum</strong></span> <span class='ocrx_word' id='word_1_519' title='bbox 3633 864 3824 929; x_wconf 75' lang='lat' dir='ltr'><strong>verba;</strong></span> 
     </span>
    </p>
   </div>
   <div class='ocr_carea' id='block_1_68' title="bbox 2238 952 3831 1025">
    <p class='ocr_par' dir='ltr' id='par_1_68' title="bbox 2238 952 3831 1025">
     <span class='ocr_line' id='line_1_68' title="bbox 2238 952 3831 1025; baseline 0.004 -21"><span class='ocrx_word' id='word_1_520' title='bbox 2238 965 2431 1020; x_wconf 88' lang='lat' dir='ltr'><strong>nempe</strong></span> <span class='ocrx_word' id='word_1_521' title='bbox 2450 952 2608 1023; x_wconf 90' lang='lat' dir='ltr'><strong>hujus</strong></span> <span class='ocrx_word' id='word_1_522' title='bbox 2628 963 2711 1009; x_wconf 83' lang='lat' dir='ltr'><strong>est</strong></span> <span class='ocrx_word' id='word_1_523' title='bbox 2728 954 2895 1018; x_wconf 83' lang='lat' dir='ltr'><strong>avari,</strong></span> <span class='ocrx_word' id='word_1_524' title='bbox 2934 952 3091 1022; x_wconf 80' lang='lat' dir='ltr'><strong>hujus</strong></span> <span class='ocrx_word' id='word_1_525' title='bbox 3118 955 3345 1024; x_wconf 86' lang='lat' dir='ltr'><strong>rapacis,</strong></span> <span class='ocrx_word' id='word_1_526' title='bbox 3373 954 3528 1025; x_wconf 84' lang='lat' dir='ltr'><strong>hujus</strong></span> <span class='ocrx_word' id='word_1_527' title='bbox 3548 954 3831 1010; x_wconf 80' lang='lat' dir='ltr'><strong>viduarum</strong></span> 
     </span>
    </p>
   </div>
   <div class='ocr_carea' id='block_1_69' title="bbox 2237 1045 3832 1117">
    <p class='ocr_par' dir='ltr' id='par_1_69' title="bbox 2237 1045 3832 1117">
     <span class='ocr_line' id='line_1_69' title="bbox 2237 1045 3832 1117; baseline 0.001 -17"><span class='ocrx_word' id='word_1_528' title='bbox 2237 1053 2293 1100; x_wconf 90' lang='lat' dir='ltr'><strong>et</strong></span> <span class='ocrx_word' id='word_1_529' title='bbox 2318 1047 2677 1115; x_wconf 89' lang='lat' dir='ltr'><strong>orphanorum</strong></span> <span class='ocrx_word' id='word_1_530' title='bbox 2709 1046 3028 1117; x_wconf 79' lang='lat' dir='ltr'><strong>spoliaturis.</strong></span> <span class='ocrx_word' id='word_1_531' title='bbox 3059 1045 3223 1117; x_wconf 84' lang='lat' dir='ltr'><strong>igitur</strong></span> <span class='ocrx_word' id='word_1_532' title='bbox 3249 1048 3351 1103; x_wconf 90' lang='lat' dir='ltr'><strong>hoc</strong></span> <span class='ocrx_word' id='word_1_533' title='bbox 3377 1062 3481 1103; x_wconf 89' lang='lat' dir='ltr'><strong>non</strong></span> <span class='ocrx_word' id='word_1_534' title='bbox 3507 1057 3591 1105; x_wconf 86' lang='lat' dir='ltr'><strong>est</strong></span> <span class='ocrx_word' id='word_1_535' title='bbox 3616 1061 3832 1103; x_wconf 82' lang='lat' dir='ltr'><strong>memo-</strong></span> 
     </span>
    </p>
   </div>
   <div class='ocr_carea' id='block_1_70' title="bbox 2238 1134 3833 1207">
    <p class='ocr_par' dir='ltr' id='par_1_70' title="bbox 2238 1134 3833 1207">
     <span class='ocr_line' id='line_1_70' title="bbox 2238 1134 3833 1207; baseline 0.003 -18"><span class='ocrx_word' id='word_1_536' title='bbox 2238 1134 2369 1189; x_wconf 86' lang='lat' dir='ltr'><strong>riam</strong></span> <span class='ocrx_word' id='word_1_537' title='bbox 2384 1136 2616 1206; x_wconf 87' lang='lat' dir='ltr'><strong>assequi,</strong></span> <span class='ocrx_word' id='word_1_538' title='bbox 2641 1137 2737 1192; x_wconf 87' lang='lat' dir='ltr'><strong>sed</strong></span> <span class='ocrx_word' id='word_1_539' title='bbox 2763 1138 3034 1207; x_wconf 89' lang='lat' dir='ltr'><strong>perpetuis</strong></span> <span class='ocrx_word' id='word_1_540' title='bbox 3059 1137 3218 1207; x_wconf 89' lang='lat' dir='ltr'><strong>objici</strong></span> <span class='ocrx_word' id='word_1_541' title='bbox 3239 1137 3569 1205; x_wconf 77' lang='lat' dir='ltr'><strong>criminibus,</strong></span> <span class='ocrx_word' id='word_1_542' title='bbox 3588 1147 3648 1194; x_wconf 84' lang='lat' dir='ltr'><strong>et</strong></span> <span class='ocrx_word' id='word_1_543' title='bbox 3665 1140 3833 1195; x_wconf 81' lang='lat' dir='ltr'><strong>etiam</strong></span> 
     </span>
    </p>
   </div>
   <div class='ocr_carea' id='block_1_71' title="bbox 2238 1226 3825 1300">
    <p class='ocr_par' dir='ltr' id='par_1_71' title="bbox 2238 1226 3825 1300">
     <span class='ocr_line' id='line_1_71' title="bbox 2238 1226 3825 1300; baseline 0.004 -21"><span class='ocrx_word' id='word_1_544' title='bbox 2238 1234 2359 1293; x_wconf 88' lang='lat' dir='ltr'><strong>post</strong></span> <span class='ocrx_word' id='word_1_545' title='bbox 2386 1238 2610 1281; x_wconf 88' lang='lat' dir='ltr'><strong>mortem</strong></span> <span class='ocrx_word' id='word_1_546' title='bbox 2642 1226 2907 1294; x_wconf 84' lang='lat' dir='ltr'><strong>infamari,</strong></span> <span class='ocrx_word' id='word_1_547' title='bbox 2930 1244 2995 1284; x_wconf 91' lang='lat' dir='ltr'><strong>ac</strong></span> <span class='ocrx_word' id='word_1_548' title='bbox 3013 1237 3372 1300; x_wconf 86' lang='lat' dir='ltr'><strong>spectatorum</strong></span> <span class='ocrx_word' id='word_1_549' title='bbox 3392 1229 3600 1300; x_wconf 76' lang='lat' dir='ltr'><strong>linguas</strong></span> <span class='ocrx_word' id='word_1_550' title='bbox 3624 1244 3825 1286; x_wconf 81' lang='lat' dir='ltr'><strong>acuere</strong></span> 
     </span>
    </p>
   </div>
   <div class='ocr_carea' id='block_1_72' title="bbox 2166 1314 3833 1395">
    <p class='ocr_par' dir='ltr' id='par_1_72' title="bbox 2166 1314 3833 1395">
     <span class='ocr_line' id='line_1_72' title="bbox 2166 1314 3833 1395; baseline 0.004 -27"><span class='ocrx_word' id='word_1_551' title='bbox 2166 1388 2175 1395; x_wconf 19' lang='grc' dir='ltr'><em>π</em></span> <span class='ocrx_word' id='word_1_552' title='bbox 2240 1316 2290 1368; x_wconf 91' lang='lat' dir='ltr'><strong>iu</strong></span> <span class='ocrx_word' id='word_1_553' title='bbox 2319 1314 2735 1386; x_wconf 86' lang='lat' dir='ltr'><strong>blasphemiam,</strong></span> <span class='ocrx_word' id='word_1_554' title='bbox 2766 1327 2821 1373; x_wconf 91' lang='lat' dir='ltr'><strong>et</strong></span> <span class='ocrx_word' id='word_1_555' title='bbox 2846 1320 3240 1375; x_wconf 88' lang='lat' dir='ltr'><strong>accusationem</strong></span> <span class='ocrx_word' id='word_1_556' title='bbox 3274 1320 3393 1390; x_wconf 87' lang='lat' dir='ltr'><strong>ejus</strong></span> <span class='ocrx_word' id='word_1_557' title='bbox 3421 1320 3509 1389; x_wconf 88' lang='lat' dir='ltr'><strong>qui</strong></span> <span class='ocrx_word' id='word_1_558' title='bbox 3536 1318 3625 1374; x_wconf 79' lang='lat' dir='ltr'><strong>illa</strong></span> <span class='ocrx_word' id='word_1_559' title='bbox 3654 1320 3833 1389; x_wconf 84' lang='lat' dir='ltr'><strong>possi-</strong></span> 
     </span>
    </p>
   </div>
   <div class='ocr_carea' id='block_1_73' title="bbox 2237 1405 3833 1480">
    <p class='ocr_par' dir='ltr' id='par_1_73' title="bbox 2237 1405 3833 1480">
     <span class='ocr_line' id='line_1_73' title="bbox 2237 1405 3833 1480; baseline 0.003 -20"><span class='ocrx_word' id='word_1_560' title='bbox 2237 1405 2349 1461; x_wconf 87' lang='lat' dir='ltr'><strong>det.</strong></span> <span class='ocrx_word' id='word_1_561' title='bbox 2379 1406 2531 1474; x_wconf 83' lang='lat' dir='ltr'><strong>Quod</strong></span> <span class='ocrx_word' id='word_1_562' title='bbox 2574 1408 2619 1464; x_wconf 90' lang='lat' dir='ltr'><strong>si</strong></span> <span class='ocrx_word' id='word_1_563' title='bbox 2651 1408 2869 1463; x_wconf 90' lang='lat' dir='ltr'><strong>omnino</strong></span> <span class='ocrx_word' id='word_1_564' title='bbox 2895 1419 3152 1464; x_wconf 81' lang='lat' dir='ltr'><strong>aeternam</strong></span> <span class='ocrx_word' id='word_1_565' title='bbox 3181 1410 3492 1465; x_wconf 88' lang='lat' dir='ltr'><strong>memoriam</strong></span> <span class='ocrx_word' id='word_1_566' title='bbox 3521 1424 3690 1475; x_wconf 79' lang='lat' dir='ltr'><strong>amas,</strong></span> <span class='ocrx_word' id='word_1_567' title='bbox 3722 1424 3833 1480; x_wconf 81' lang='lat' dir='ltr'><strong>ego</strong></span> 
     </span>
    </p>
   </div>
   <div class='ocr_carea' id='block_1_74' title="bbox 2239 1495 3837 1569">
    <p class='ocr_par' dir='ltr' id='par_1_74' title="bbox 2239 1495 3837 1569">
     <span class='ocr_line' id='line_1_74' title="bbox 2239 1495 3837 1569; baseline 0.004 -20"><span class='ocrx_word' id='word_1_568' title='bbox 2239 1495 2330 1550; x_wconf 89' lang='lat' dir='ltr'><strong>tibi</strong></span> <span class='ocrx_word' id='word_1_569' title='bbox 2362 1498 2499 1551; x_wconf 87' lang='lat' dir='ltr'><strong>viam</strong></span> <span class='ocrx_word' id='word_1_570' title='bbox 2530 1498 2859 1563; x_wconf 82' lang='lat' dir='ltr'><strong>monstrabo,</strong></span> <span class='ocrx_word' id='word_1_571' title='bbox 2882 1513 2984 1568; x_wconf 89' lang='lat' dir='ltr'><strong>qua</strong></span> <span class='ocrx_word' id='word_1_572' title='bbox 3006 1498 3208 1569; x_wconf 89' lang='lat' dir='ltr'><strong>poteris</strong></span> <span class='ocrx_word' id='word_1_573' title='bbox 3227 1514 3443 1569; x_wconf 87' lang='lat' dir='ltr'><strong>semper</strong></span> <span class='ocrx_word' id='word_1_574' title='bbox 3463 1498 3748 1566; x_wconf 81' lang='lat' dir='ltr'><strong>celebrari,</strong></span> <span class='ocrx_word' id='word_1_575' title='bbox 3773 1507 3837 1555; x_wconf 78' lang='lat' dir='ltr'><strong>et</strong></span> 
     </span>
    </p>
   </div>
   <div class='ocr_carea' id='block_1_75' title="bbox 2236 1586 3835 1659">
    <p class='ocr_par' dir='ltr' id='par_1_75' title="bbox 2236 1586 3835 1659">
     <span class='ocr_line' id='line_1_75' title="bbox 2236 1586 3835 1659; baseline 0.003 -20"><span class='ocrx_word' id='word_1_576' title='bbox 2236 1601 2357 1657; x_wconf 69' lang='lat' dir='ltr'><strong>quas</strong></span> <span class='ocrx_word' id='word_1_577' title='bbox 2380 1586 2526 1642; x_wconf 65' lang='lat' dir='ltr'><strong>dabit</strong></span> <span class='ocrx_word' id='word_1_578' title='bbox 2550 1587 2642 1642; x_wconf 89' lang='lat' dir='ltr'><strong>tibi</strong></span> <span class='ocrx_word' id='word_1_579' title='bbox 2670 1587 2917 1643; x_wconf 82' lang='lat' dir='ltr'><strong>ﬁduciam</strong></span> <span class='ocrx_word' id='word_1_580' title='bbox 2944 1590 2997 1643; x_wconf 90' lang='lat' dir='ltr'><strong>in</strong></span> <span class='ocrx_word' id='word_1_581' title='bbox 3020 1588 3198 1643; x_wconf 80' lang='lat' dir='ltr'><strong>futuro</strong></span> <span class='ocrx_word' id='word_1_582' title='bbox 3223 1590 3443 1643; x_wconf 67' lang='lat' dir='ltr'><strong>saeculo.</strong></span> <span class='ocrx_word' id='word_1_583' title='bbox 3464 1588 3704 1656; x_wconf 82' lang='lat' dir='ltr'><strong>Quonam</strong></span> <span class='ocrx_word' id='word_1_584' title='bbox 3731 1603 3835 1659; x_wconf 78' lang='lat' dir='ltr'><strong>pa-</strong></span> 
     </span>
    </p>
   </div>
   <div class='ocr_carea' id='block_1_76' title="bbox 2238 1678 3837 1749">
    <p class='ocr_par' dir='ltr' id='par_1_76' title="bbox 2238 1678 3837 1749">
     <span class='ocr_line' id='line_1_76' title="bbox 2238 1678 3837 1749; baseline 0.001 -17"><span class='ocrx_word' id='word_1_585' title='bbox 2238 1688 2325 1733; x_wconf 90' lang='lat' dir='ltr'><strong>cto</strong></span> <span class='ocrx_word' id='word_1_586' title='bbox 2348 1678 2506 1749; x_wconf 82' lang='lat' dir='ltr'><strong>igitur</strong></span> <span class='ocrx_word' id='word_1_587' title='bbox 2533 1680 2734 1749; x_wconf 89' lang='lat' dir='ltr'><strong>poteris</strong></span> <span class='ocrx_word' id='word_1_588' title='bbox 2760 1688 2816 1736; x_wconf 91' lang='lat' dir='ltr'><strong>et</strong></span> <span class='ocrx_word' id='word_1_589' title='bbox 2840 1680 3267 1743; x_wconf 82' lang='lat' dir='ltr'><strong>commemorari,</strong></span> <span class='ocrx_word' id='word_1_590' title='bbox 3296 1688 3351 1734; x_wconf 91' lang='lat' dir='ltr'><strong>et</strong></span> <span class='ocrx_word' id='word_1_591' title='bbox 3371 1679 3625 1735; x_wconf 76' lang='lat' dir='ltr'><strong>celebrari</strong></span> <span class='ocrx_word' id='word_1_592' title='bbox 3646 1678 3837 1748; x_wconf 81' lang='lat' dir='ltr'><strong>quoti-</strong></span> 
     </span>
    </p>
   </div>
   <div class='ocr_carea' id='block_1_77' title="bbox 2237 1770 3837 1842">
    <p class='ocr_par' dir='ltr' id='par_1_77' title="bbox 2237 1770 3837 1842">
     <span class='ocr_line' id='line_1_77' title="bbox 2237 1770 3837 1842; baseline 0.001 -16"><span class='ocrx_word' id='word_1_593' title='bbox 2237 1772 2345 1838; x_wconf 88' lang='lat' dir='ltr'><strong>die,</strong></span> <span class='ocrx_word' id='word_1_594' title='bbox 2370 1771 2732 1842; x_wconf 91' lang='lat' dir='ltr'><strong>encomiisque</strong></span> <span class='ocrx_word' id='word_1_595' title='bbox 2752 1770 2908 1828; x_wconf 87' lang='lat' dir='ltr'><strong>evehi</strong></span> <span class='ocrx_word' id='word_1_596' title='bbox 2928 1773 3087 1828; x_wconf 89' lang='lat' dir='ltr'><strong>etiam</strong></span> <span class='ocrx_word' id='word_1_597' title='bbox 3114 1782 3234 1842; x_wconf 87' lang='lat' dir='ltr'><strong>post</strong></span> <span class='ocrx_word' id='word_1_598' title='bbox 3259 1771 3399 1827; x_wconf 86' lang='lat' dir='ltr'><strong>hanc</strong></span> <span class='ocrx_word' id='word_1_599' title='bbox 3425 1771 3625 1825; x_wconf 80' lang='lat' dir='ltr'><strong>vitam?</strong></span> <span class='ocrx_word' id='word_1_600' title='bbox 3645 1770 3699 1827; x_wconf 92' lang='lat' dir='ltr'><strong>Si</strong></span> <span class='ocrx_word' id='word_1_601' title='bbox 3728 1770 3837 1828; x_wconf 83' lang='lat' dir='ltr'><strong>has</strong></span> 
     </span>
    </p>
   </div>
   <div class='ocr_carea' id='block_1_78' title="bbox 2240 1862 3838 1934">
    <p class='ocr_par' dir='ltr' id='par_1_78' title="bbox 2240 1862 3838 1934">
     <span class='ocr_line' id='line_1_78' title="bbox 2240 1862 3838 1934; baseline 0.002 -18"><span class='ocrx_word' id='word_1_602' title='bbox 2240 1863 2489 1931; x_wconf 80' lang='lat' dir='ltr'><strong>pecunias</strong></span> <span class='ocrx_word' id='word_1_603' title='bbox 2515 1862 2566 1916; x_wconf 92' lang='lat' dir='ltr'><strong>in</strong></span> <span class='ocrx_word' id='word_1_604' title='bbox 2597 1878 2787 1918; x_wconf 90' lang='lat' dir='ltr'><strong>manus</strong></span> <span class='ocrx_word' id='word_1_605' title='bbox 2816 1865 3033 1933; x_wconf 89' lang='lat' dir='ltr'><strong>inopum</strong></span> <span class='ocrx_word' id='word_1_606' title='bbox 3063 1864 3363 1934; x_wconf 82' lang='lat' dir='ltr'><strong>dispenses,</strong></span> <span class='ocrx_word' id='word_1_607' title='bbox 3394 1864 3597 1919; x_wconf 89' lang='lat' dir='ltr'><strong>relictis</strong></span> <span class='ocrx_word' id='word_1_608' title='bbox 3634 1864 3838 1934; x_wconf 87' lang='lat' dir='ltr'><strong>lapidi-</strong></span> 
     </span>
    </p>
   </div>
   <div class='ocr_carea' id='block_1_79' title="bbox 2240 1955 3836 2026">
    <p class='ocr_par' dir='ltr' id='par_1_79' title="bbox 2240 1955 3836 2026">
     <span class='ocr_line' id='line_1_79' title="bbox 2240 1955 3836 2026; baseline 0.001 -15"><span class='ocrx_word' id='word_1_609' title='bbox 2240 1955 2358 2020; x_wconf 88' lang='lat' dir='ltr'><strong>bus,</strong></span> <span class='ocrx_word' id='word_1_610' title='bbox 2382 1956 2586 2026; x_wconf 87' lang='lat' dir='ltr'><strong>magnis</strong></span> <span class='ocrx_word' id='word_1_611' title='bbox 2609 1955 2869 2021; x_wconf 73' lang='lat' dir='ltr'><strong>:cdiﬁciis,</strong></span> <span class='ocrx_word' id='word_1_612' title='bbox 2906 1957 3063 2021; x_wconf 82' lang='lat' dir='ltr'><strong>villis,</strong></span> <span class='ocrx_word' id='word_1_613' title='bbox 3082 1966 3137 2011; x_wconf 89' lang='lat' dir='ltr'><strong>et</strong></span> <span class='ocrx_word' id='word_1_614' title='bbox 3162 1956 3386 2012; x_wconf 81' lang='lat' dir='ltr'><strong>balneis.</strong></span> <span class='ocrx_word' id='word_1_615' title='bbox 3416 1957 3541 2011; x_wconf 62' lang='lat' dir='ltr'><strong>llaec</strong></span> <span class='ocrx_word' id='word_1_616' title='bbox 3567 1957 3836 2013; x_wconf 79' lang='lat' dir='ltr'><strong>memoria</strong></span> 
     </span>
    </p>
   </div>
   <div class='ocr_carea' id='block_1_80' title="bbox 2239 2046 3838 2112">
    <p class='ocr_par' dir='ltr' id='par_1_80' title="bbox 2239 2046 3838 2112">
     <span class='ocr_line' id='line_1_80' title="bbox 2239 2046 3838 2112; baseline 0.002 -12"><span class='ocrx_word' id='word_1_617' title='bbox 2239 2048 2549 2102; x_wconf 88' lang='lat' dir='ltr'><strong>innumeros</strong></span> <span class='ocrx_word' id='word_1_618' title='bbox 2574 2047 2666 2101; x_wconf 88' lang='lat' dir='ltr'><strong>tibi</strong></span> <span class='ocrx_word' id='word_1_619' title='bbox 2694 2047 2973 2103; x_wconf 85' lang='lat' dir='ltr'><strong>thesauros</strong></span> <span class='ocrx_word' id='word_1_620' title='bbox 2997 2046 3267 2112; x_wconf 86' lang='lat' dir='ltr'><strong>conciliat,</strong></span> <span class='ocrx_word' id='word_1_621' title='bbox 3293 2048 3409 2103; x_wconf 67' lang='lat' dir='ltr'><strong>haec</strong></span> <span class='ocrx_word' id='word_1_622' title='bbox 3429 2050 3679 2103; x_wconf 89' lang='lat' dir='ltr'><strong>memoria</strong></span> <span class='ocrx_word' id='word_1_623' title='bbox 3705 2063 3838 2103; x_wconf 74' lang='lat' dir='ltr'><strong>sar-</strong></span> 
     </span>
    </p>
   </div>
   <div class='ocr_carea' id='block_1_81' title="bbox 2237 2135 3839 2207">
    <p class='ocr_par' dir='ltr' id='par_1_81' title="bbox 2237 2135 3839 2207">
     <span class='ocr_line' id='line_1_81' title="bbox 2237 2135 3839 2207; baseline 0.002 -17"><span class='ocrx_word' id='word_1_624' title='bbox 2237 2137 2409 2190; x_wconf 89' lang='lat' dir='ltr'><strong>cinam</strong></span> <span class='ocrx_word' id='word_1_625' title='bbox 2441 2145 2778 2207; x_wconf 82' lang='lat' dir='ltr'><strong>peccatorum</strong></span> <span class='ocrx_word' id='word_1_626' title='bbox 2809 2138 3039 2201; x_wconf 88' lang='lat' dir='ltr'><strong>alleviat,</strong></span> <span class='ocrx_word' id='word_1_627' title='bbox 3070 2140 3184 2193; x_wconf 66' lang='lat' dir='ltr'><strong>base</strong></span> <span class='ocrx_word' id='word_1_628' title='bbox 3209 2138 3427 2192; x_wconf 86' lang='lat' dir='ltr'><strong>multam</strong></span> <span class='ocrx_word' id='word_1_629' title='bbox 3455 2138 3547 2192; x_wconf 88' lang='lat' dir='ltr'><strong>tibi</strong></span> <span class='ocrx_word' id='word_1_630' title='bbox 3577 2135 3839 2193; x_wconf 77' lang='lat' dir='ltr'><strong>ﬁduciam</strong></span> 
     </span>
    </p>
   </div>
   <div class='ocr_carea' id='block_1_82' title="bbox 2237 2228 3843 2300">
    <p class='ocr_par' dir='ltr' id='par_1_82' title="bbox 2237 2228 3843 2300">
     <span class='ocr_line' id='line_1_82' title="bbox 2237 2228 3843 2300; baseline 0.003 -19"><span class='ocrx_word' id='word_1_631' title='bbox 2237 2229 2376 2298; x_wconf 88' lang='lat' dir='ltr'><strong>apud</strong></span> <span class='ocrx_word' id='word_1_632' title='bbox 2423 2230 2702 2284; x_wconf 89' lang='lat' dir='ltr'><strong>Dominum</strong></span> <span class='ocrx_word' id='word_1_633' title='bbox 2750 2230 3018 2285; x_wconf 84' lang='lat' dir='ltr'><strong>conciliat.</strong></span> <span class='ocrx_word' id='word_1_634' title='bbox 3060 2228 3269 2300; x_wconf 81' lang='lat' dir='ltr'><strong>Cogita,</strong></span> <span class='ocrx_word' id='word_1_635' title='bbox 3318 2231 3577 2295; x_wconf 83' lang='lat' dir='ltr'><strong>obsecro,</strong></span> <span class='ocrx_word' id='word_1_636' title='bbox 3606 2237 3660 2285; x_wconf 84' lang='lat' dir='ltr'><strong>et</strong></span> <span class='ocrx_word' id='word_1_637' title='bbox 3703 2229 3843 2287; x_wconf 66' lang='lat' dir='ltr'><strong>lucc</strong></span> 
     </span>
    </p>
   </div>
   <div class='ocr_carea' id='block_1_83' title="bbox 2239 2320 3839 2393">
    <p class='ocr_par' dir='ltr' id='par_1_83' title="bbox 2239 2320 3839 2393">
     <span class='ocr_line' id='line_1_83' title="bbox 2239 2320 3839 2393; baseline 0 -18"><span class='ocrx_word' id='word_1_638' title='bbox 2239 2323 2399 2378; x_wconf 84' lang='lat' dir='ltr'><strong>verba</strong></span> <span class='ocrx_word' id='word_1_639' title='bbox 2428 2337 2548 2391; x_wconf 73' lang='lat' dir='ltr'><strong>qum</strong></span> <span class='ocrx_word' id='word_1_640' title='bbox 2587 2322 2777 2393; x_wconf 87' lang='lat' dir='ltr'><strong>singuli</strong></span> <span class='ocrx_word' id='word_1_641' title='bbox 2821 2320 3012 2376; x_wconf 89' lang='lat' dir='ltr'><strong>dicturi</strong></span> <span class='ocrx_word' id='word_1_642' title='bbox 3051 2330 3210 2387; x_wconf 90' lang='lat' dir='ltr'><strong>sunt,</strong></span> <span class='ocrx_word' id='word_1_643' title='bbox 3242 2330 3493 2377; x_wconf 83' lang='lat' dir='ltr'><strong>vocantes</strong></span> <span class='ocrx_word' id='word_1_644' title='bbox 3519 2321 3839 2377; x_wconf 80' lang='lat' dir='ltr'><strong>misericor-</strong></span> 
     </span>
    </p>
   </div>
   <div class='ocr_carea' id='block_1_84' title="bbox 2239 2411 3842 2485">
    <p class='ocr_par' dir='ltr' id='par_1_84' title="bbox 2239 2411 3842 2485">
     <span class='ocr_line' id='line_1_84' title="bbox 2239 2411 3842 2485; baseline -0.001 -16"><span class='ocrx_word' id='word_1_645' title='bbox 2239 2414 2381 2481; x_wconf 90' lang='lat' dir='ltr'><strong>dem,</strong></span> <span class='ocrx_word' id='word_1_646' title='bbox 2401 2414 2706 2485; x_wconf 81' lang='lat' dir='ltr'><strong>benignum,</strong></span> <span class='ocrx_word' id='word_1_647' title='bbox 2730 2424 3085 2481; x_wconf 87' lang='lat' dir='ltr'><strong>mansuetum,</strong></span> <span class='ocrx_word' id='word_1_648' title='bbox 3103 2428 3342 2481; x_wconf 85' lang='lat' dir='ltr'><strong>suavem,</strong></span> <span class='ocrx_word' id='word_1_649' title='bbox 3369 2423 3476 2468; x_wconf 81' lang='lat' dir='ltr'><strong>tam</strong></span> <span class='ocrx_word' id='word_1_650' title='bbox 3498 2413 3693 2483; x_wconf 85' lang='lat' dir='ltr'><strong>largum</strong></span> <span class='ocrx_word' id='word_1_651' title='bbox 3713 2411 3842 2467; x_wconf 86' lang='lat' dir='ltr'><strong>dis-</strong></span> 
     </span>
    </p>
   </div>
   <div class='ocr_carea' id='block_1_85' title="bbox 2239 2503 3844 2575">
    <p class='ocr_par' dir='ltr' id='par_1_85' title="bbox 2239 2503 3844 2575">
     <span class='ocr_line' id='line_1_85' title="bbox 2239 2503 3844 2575; baseline -0.001 -16"><span class='ocrx_word' id='word_1_652' title='bbox 2239 2514 2597 2575; x_wconf 86' lang='lat' dir='ltr'><strong>pensatorem.</strong></span> <span class='ocrx_word' id='word_1_653' title='bbox 2629 2504 2880 2571; x_wconf 82' lang='lat' dir='ltr'><strong>Dispersit</strong></span> <span class='ocrx_word' id='word_1_654' title='bbox 2922 2506 3089 2571; x_wconf 87' lang='lat' dir='ltr'><strong>enim,</strong></span> <span class='ocrx_word' id='word_1_655' title='bbox 3121 2504 3309 2573; x_wconf 89' lang='lat' dir='ltr'><strong>inquit,</strong></span> <span class='ocrx_word' id='word_1_656' title='bbox 3342 2503 3481 2558; x_wconf 80' lang='lat' dir='ltr'><strong>dedit</strong></span> <span class='ocrx_word' id='word_1_657' title='bbox 3502 2503 3844 2573; x_wconf 71' lang='lat' dir='ltr'><strong>pauperibus;</strong></span> 
     </span>
    </p>
   </div>
   <div class='ocr_carea' id='block_1_86' title="bbox 2230 2592 3844 2667">
    <p class='ocr_par' dir='ltr' id='par_1_86' title="bbox 2230 2592 3844 2667">
     <span class='ocr_line' id='line_1_86' title="bbox 2230 2592 3844 2667; baseline 0 -18"><span class='ocrx_word' id='word_1_658' title='bbox 2230 2597 2430 2666; x_wconf 82' lang='lat' dir='ltr'><strong>justitia</strong></span> <span class='ocrx_word' id='word_1_659' title='bbox 2461 2598 2568 2665; x_wconf 77' lang='lat' dir='ltr'><strong>ejus</strong></span> <span class='ocrx_word' id='word_1_660' title='bbox 2593 2606 2759 2652; x_wconf 85' lang='lat' dir='ltr'><strong>manet</strong></span> <span class='ocrx_word' id='word_1_661' title='bbox 2797 2597 2852 2650; x_wconf 90' lang='lat' dir='ltr'><strong>in</strong></span> <span class='ocrx_word' id='word_1_662' title='bbox 2879 2598 3121 2650; x_wconf 79' lang='lat' dir='ltr'><strong>steculum</strong></span> <span class='ocrx_word' id='word_1_663' title='bbox 3149 2594 3321 2667; x_wconf 83' lang='lat' dir='ltr'><strong>(I’sal.</strong></span> <span class='ocrx_word' id='word_1_664' title='bbox 3354 2595 3479 2650; x_wconf 75' lang='lat' dir='ltr'><strong>ill.</strong></span> <span class='ocrx_word' id='word_1_665' title='bbox 3508 2592 3587 2665; x_wconf 78' lang='lat'><strong>9).</strong></span> <span class='ocrx_word' id='word_1_666' title='bbox 3627 2594 3844 2664; x_wconf 75' lang='lat' dir='ltr'><strong>liuius-</strong></span> 
     </span>
    </p>
   </div>
   <div class='ocr_carea' id='block_1_87' title="bbox 2239 2683 3844 2756">
    <p class='ocr_par' dir='ltr' id='par_1_87' title="bbox 2239 2683 3844 2756">
     <span class='ocr_line' id='line_1_87' title="bbox 2239 2683 3844 2756; baseline 0 -17"><span class='ocrx_word' id='word_1_667' title='bbox 2239 2685 2383 2740; x_wconf 90' lang='lat' dir='ltr'><strong>modi</strong></span> <span class='ocrx_word' id='word_1_668' title='bbox 2404 2687 2544 2740; x_wconf 87' lang='lat' dir='ltr'><strong>enim</strong></span> <span class='ocrx_word' id='word_1_669' title='bbox 2574 2694 2698 2741; x_wconf 86' lang='lat' dir='ltr'><strong>sunt</strong></span> <span class='ocrx_word' id='word_1_670' title='bbox 2749 2686 3090 2755; x_wconf 83' lang='lat' dir='ltr'><strong>pecuniarum</strong></span> <span class='ocrx_word' id='word_1_671' title='bbox 3129 2684 3359 2751; x_wconf 65' lang='lat' dir='ltr'><strong>divitiae;</strong></span> <span class='ocrx_word' id='word_1_672' title='bbox 3411 2683 3670 2756; x_wconf 71' lang='lat' dir='ltr'><strong>dispersae</strong></span> <span class='ocrx_word' id='word_1_673' title='bbox 3707 2698 3844 2739; x_wconf 81' lang='lat' dir='ltr'><strong>ma-</strong></span> 
     </span>
    </p>
   </div>
   <div class='ocr_carea' id='block_1_88' title="bbox 2241 2775 3844 2840">
    <p class='ocr_par' dir='ltr' id='par_1_88' title="bbox 2241 2775 3844 2840">
     <span class='ocr_line' id='line_1_88' title="bbox 2241 2775 3844 2840; baseline 0.001 -12"><span class='ocrx_word' id='word_1_674' title='bbox 2241 2785 2400 2838; x_wconf 86' lang='lat' dir='ltr'><strong>nent;</strong></span> <span class='ocrx_word' id='word_1_675' title='bbox 2448 2776 2491 2830; x_wconf 91' lang='lat' dir='ltr'><strong>si</strong></span> <span class='ocrx_word' id='word_1_676' title='bbox 2538 2776 2865 2831; x_wconf 89' lang='lat' dir='ltr'><strong>retineantur</strong></span> <span class='ocrx_word' id='word_1_677' title='bbox 2890 2784 2945 2831; x_wconf 90' lang='lat' dir='ltr'><strong>et</strong></span> <span class='ocrx_word' id='word_1_678' title='bbox 2972 2775 3378 2840; x_wconf 81' lang='lat' dir='ltr'><strong>concludantur,</strong></span> <span class='ocrx_word' id='word_1_679' title='bbox 3416 2776 3579 2830; x_wconf 85' lang='lat' dir='ltr'><strong>etiam</strong></span> <span class='ocrx_word' id='word_1_680' title='bbox 3617 2790 3678 2830; x_wconf 87' lang='lat' dir='ltr'><strong>se</strong></span> <span class='ocrx_word' id='word_1_681' title='bbox 3704 2790 3844 2830; x_wconf 82' lang='lat' dir='ltr'><strong>ser-</strong></span> 
     </span>
    </p>
   </div>
   <div class='ocr_carea' id='block_1_89' title="bbox 2242 2864 3845 2937">
    <p class='ocr_par' dir='ltr' id='par_1_89' title="bbox 2242 2864 3845 2937">
     <span class='ocr_line' id='line_1_89' title="bbox 2242 2864 3845 2937; baseline 0.001 -20"><span class='ocrx_word' id='word_1_682' title='bbox 2242 2873 2455 2919; x_wconf 85' lang='lat' dir='ltr'><strong>vantem</strong></span> <span class='ocrx_word' id='word_1_683' title='bbox 2483 2881 2661 2920; x_wconf 89' lang='lat' dir='ltr'><strong>secum</strong></span> <span class='ocrx_word' id='word_1_684' title='bbox 2709 2865 2957 2935; x_wconf 89' lang='lat' dir='ltr'><strong>perdunt.</strong></span> <span class='ocrx_word' id='word_1_685' title='bbox 3006 2865 3257 2937; x_wconf 81' lang='lat' dir='ltr'><strong>Dispersit</strong></span> <span class='ocrx_word' id='word_1_686' title='bbox 3284 2865 3449 2931; x_wconf 85' lang='lat' dir='ltr'><strong>enim,</strong></span> <span class='ocrx_word' id='word_1_687' title='bbox 3478 2865 3667 2935; x_wconf 86' lang='lat' dir='ltr'><strong>inquit,</strong></span> <span class='ocrx_word' id='word_1_688' title='bbox 3691 2864 3845 2919; x_wconf 68' lang='lat' dir='ltr'><strong>dedit</strong></span> 
     </span>
    </p>
   </div>
   <div class='ocr_carea' id='block_1_90' title="bbox 2242 2956 3846 3028">
    <p class='ocr_par' dir='ltr' id='par_1_90' title="bbox 2242 2956 3846 3028">
     <span class='ocr_line' id='line_1_90' title="bbox 2242 2956 3846 3028; baseline 0.001 -19"><span class='ocrx_word' id='word_1_689' title='bbox 2242 2959 2564 3026; x_wconf 82' lang='lat' dir='ltr'><strong>pauperibus.</strong></span> <span class='ocrx_word' id='word_1_690' title='bbox 2588 2957 2692 3013; x_wconf 90' lang='lat' dir='ltr'><strong>Sed</strong></span> <span class='ocrx_word' id='word_1_691' title='bbox 2720 2958 2839 3012; x_wconf 83' lang='lat' dir='ltr'><strong>audi</strong></span> <span class='ocrx_word' id='word_1_692' title='bbox 2860 2973 2981 3028; x_wconf 68' lang='lat' dir='ltr'><strong>qua:</strong></span> <span class='ocrx_word' id='word_1_693' title='bbox 2998 2966 3291 3028; x_wconf 85' lang='lat' dir='ltr'><strong>sequuntur</strong></span> <span class='ocrx_word' id='word_1_694' title='bbox 3318 2974 3333 3009; x_wconf 90' lang='lat'><strong>:</strong></span> <span class='ocrx_word' id='word_1_695' title='bbox 3362 2956 3572 3010; x_wconf 78' lang='lat' dir='ltr'><strong>Iustitia</strong></span> <span class='ocrx_word' id='word_1_696' title='bbox 3595 2957 3701 3025; x_wconf 81' lang='lat' dir='ltr'><strong>ejus</strong></span> <span class='ocrx_word' id='word_1_697' title='bbox 3719 2973 3846 3010; x_wconf 69' lang='lat' dir='ltr'><strong>uu-</strong></span> 
     </span>
    </p>
   </div>
   <div class='ocr_carea' id='block_1_91' title="bbox 2242 3046 3847 3118">
    <p class='ocr_par' dir='ltr' id='par_1_91' title="bbox 2242 3046 3847 3118">
     <span class='ocr_line' id='line_1_91' title="bbox 2242 3046 3847 3118; baseline 0.001 -16"><span class='ocrx_word' id='word_1_698' title='bbox 2242 3060 2322 3102; x_wconf 88' lang='lat' dir='ltr'><strong>net</strong></span> <span class='ocrx_word' id='word_1_699' title='bbox 2336 3050 2385 3102; x_wconf 88' lang='lat' dir='ltr'><strong>in</strong></span> <span class='ocrx_word' id='word_1_700' title='bbox 2398 3048 2659 3103; x_wconf 64' lang='lat' dir='ltr'><strong>secutum.</strong></span> <span class='ocrx_word' id='word_1_701' title='bbox 2680 3048 2799 3105; x_wconf 89' lang='lat' dir='ltr'><strong>Uno</strong></span> <span class='ocrx_word' id='word_1_702' title='bbox 2811 3048 2899 3104; x_wconf 88' lang='lat' dir='ltr'><strong>die</strong></span> <span class='ocrx_word' id='word_1_703' title='bbox 2914 3048 3124 3104; x_wconf 84' lang='lat' dir='ltr'><strong>divitias</strong></span> <span class='ocrx_word' id='word_1_704' title='bbox 3142 3047 3412 3118; x_wconf 86' lang='lat' dir='ltr'><strong>dispersit,</strong></span> <span class='ocrx_word' id='word_1_705' title='bbox 3432 3057 3485 3102; x_wconf 91' lang='lat' dir='ltr'><strong>et</strong></span> <span class='ocrx_word' id='word_1_706' title='bbox 3496 3046 3699 3117; x_wconf 88' lang='lat' dir='ltr'><strong>justitia</strong></span> <span class='ocrx_word' id='word_1_707' title='bbox 3710 3046 3847 3117; x_wconf 70' lang='lat' dir='ltr'><strong>ejus</strong></span> 
     </span>
    </p>
   </div>
   <div class='ocr_carea' id='block_1_92' title="bbox 2244 3138 3842 3206">
    <p class='ocr_par' dir='ltr' id='par_1_92' title="bbox 2244 3138 3842 3206">
     <span class='ocr_line' id='line_1_92' title="bbox 2244 3138 3842 3206; baseline -0.001 -13"><span class='ocrx_word' id='word_1_708' title='bbox 2244 3152 2423 3195; x_wconf 87' lang='lat' dir='ltr'><strong>manet</strong></span> <span class='ocrx_word' id='word_1_709' title='bbox 2461 3140 2512 3195; x_wconf 91' lang='lat' dir='ltr'><strong>in</strong></span> <span class='ocrx_word' id='word_1_710' title='bbox 2547 3140 2837 3206; x_wconf 65' lang='lat' dir='ltr'><strong>saeculum,</strong></span> <span class='ocrx_word' id='word_1_711' title='bbox 2878 3150 2932 3195; x_wconf 89' lang='lat' dir='ltr'><strong>et</strong></span> <span class='ocrx_word' id='word_1_712' title='bbox 2962 3140 3271 3195; x_wconf 84' lang='lat' dir='ltr'><strong>memoriam</strong></span> <span class='ocrx_word' id='word_1_713' title='bbox 3302 3139 3427 3195; x_wconf 79' lang='lat' dir='ltr'><strong>facit</strong></span> <span class='ocrx_word' id='word_1_714' title='bbox 3453 3138 3842 3194; x_wconf 78' lang='lat' dir='ltr'><strong>immortalem.</strong></span> 
     </span>
    </p>
   </div>
   <div class='ocr_carea' id='block_1_93' title="bbox 2319 3229 3843 3301">
    <p class='ocr_par' dir='ltr' id='par_1_93' title="bbox 2319 3229 3843 3301">
     <span class='ocr_line' id='line_1_93' title="bbox 2319 3229 3843 3301; baseline -0.001 -15"><span class='ocrx_word' id='word_1_715' title='bbox 2319 3232 2371 3286; x_wconf 79' lang='lat'><strong>3.</strong></span> <span class='ocrx_word' id='word_1_716' title='bbox 2407 3230 2669 3285; x_wconf 72' lang='lat' dir='ltr'><strong>Memoria:</strong></span> <span class='ocrx_word' id='word_1_717' title='bbox 2692 3232 2771 3285; x_wconf 89' lang='lat' dir='ltr'><strong>sui</strong></span> <span class='ocrx_word' id='word_1_718' title='bbox 2794 3232 3135 3301; x_wconf 78' lang='lat' dir='ltr'><strong>relinquenda:</strong></span> <span class='ocrx_word' id='word_1_719' title='bbox 3162 3232 3293 3285; x_wconf 85' lang='lat' dir='ltr'><strong>ratio</strong></span> <span class='ocrx_word' id='word_1_720' title='bbox 3320 3232 3532 3301; x_wconf 79' lang='lat' dir='ltr'><strong>aptium.</strong></span> <span class='ocrx_word' id='word_1_721' title='bbox 3550 3260 3622 3271; x_wconf 93' lang='lat'>—</span> <span class='ocrx_word' id='word_1_722' title='bbox 3641 3229 3843 3285; x_wconf 84' lang='lat' dir='ltr'><strong>Vidisti</strong></span> 
     </span>
    </p>
   </div>
   <div class='ocr_carea' id='block_1_94' title="bbox 2244 3322 3844 3393">
    <p class='ocr_par' dir='ltr' id='par_1_94' title="bbox 2244 3322 3844 3393">
     <span class='ocr_line' id='line_1_94' title="bbox 2244 3322 3844 3393; baseline 0 -16"><span class='ocrx_word' id='word_1_723' title='bbox 2244 3323 2581 3389; x_wconf 88' lang='lat' dir='ltr'><strong>memoriam,</strong></span> <span class='ocrx_word' id='word_1_724' title='bbox 2603 3338 2723 3393; x_wconf 80' lang='lat' dir='ltr'><strong>qua:</strong></span> <span class='ocrx_word' id='word_1_725' title='bbox 2750 3337 2808 3379; x_wconf 90' lang='lat' dir='ltr'><strong>se</strong></span> <span class='ocrx_word' id='word_1_726' title='bbox 2825 3323 2876 3377; x_wconf 91' lang='lat' dir='ltr'><strong>in</strong></span> <span class='ocrx_word' id='word_1_727' title='bbox 2895 3338 3055 3377; x_wconf 90' lang='lat' dir='ltr'><strong>omne</strong></span> <span class='ocrx_word' id='word_1_728' title='bbox 3073 3322 3327 3377; x_wconf 57' lang='lat' dir='ltr'><strong>sacculum</strong></span> <span class='ocrx_word' id='word_1_729' title='bbox 3348 3322 3629 3388; x_wconf 73' lang='lat' dir='ltr'><strong>extendit?</strong></span> <span class='ocrx_word' id='word_1_730' title='bbox 3655 3322 3844 3377; x_wconf 86' lang='lat' dir='ltr'><strong>vidisti</strong></span> 
     </span>
    </p>
   </div>
   <div class='ocr_carea' id='block_1_95' title="bbox 2244 3411 3845 3483">
    <p class='ocr_par' dir='ltr' id='par_1_95' title="bbox 2244 3411 3845 3483">
     <span class='ocr_line' id='line_1_95' title="bbox 2244 3411 3845 3483; baseline -0.001 -16"><span class='ocrx_word' id='word_1_731' title='bbox 2244 3414 2555 3467; x_wconf 88' lang='lat' dir='ltr'><strong>memoriam</strong></span> <span class='ocrx_word' id='word_1_732' title='bbox 2584 3412 2787 3483; x_wconf 87' lang='lat' dir='ltr'><strong>magnis</strong></span> <span class='ocrx_word' id='word_1_733' title='bbox 2810 3422 2865 3468; x_wconf 86' lang='lat' dir='ltr'><strong>et</strong></span> <span class='ocrx_word' id='word_1_734' title='bbox 2890 3412 3245 3466; x_wconf 75' lang='lat' dir='ltr'><strong>inetfabilibus</strong></span> <span class='ocrx_word' id='word_1_735' title='bbox 3275 3412 3488 3481; x_wconf 89' lang='lat' dir='ltr'><strong>plenam</strong></span> <span class='ocrx_word' id='word_1_736' title='bbox 3512 3412 3705 3467; x_wconf 81' lang='lat' dir='ltr'><strong>bonis?</strong></span> <span class='ocrx_word' id='word_1_737' title='bbox 3730 3411 3845 3467; x_wconf 82' lang='lat' dir='ltr'><strong>Ta-</strong></span> 
     </span>
    </p>
   </div>
   <div class='ocr_carea' id='block_1_96' title="bbox 2244 3502 3846 3573">
    <p class='ocr_par' dir='ltr' id='par_1_96' title="bbox 2244 3502 3846 3573">
     <span class='ocr_line' id='line_1_96' title="bbox 2244 3502 3846 3573; baseline 0.001 -16"><span class='ocrx_word' id='word_1_738' title='bbox 2244 3503 2383 3557; x_wconf 89' lang='lat' dir='ltr'><strong>libus</strong></span> <span class='ocrx_word' id='word_1_739' title='bbox 2403 3503 2642 3558; x_wconf 76' lang='lat' dir='ltr'><strong>:ediliciis</strong></span> <span class='ocrx_word' id='word_1_740' title='bbox 2659 3503 2824 3559; x_wconf 91' lang='lat' dir='ltr'><strong>nostri</strong></span> <span class='ocrx_word' id='word_1_741' title='bbox 2845 3506 3155 3558; x_wconf 86' lang='lat' dir='ltr'><strong>memoriam</strong></span> <span class='ocrx_word' id='word_1_742' title='bbox 3182 3502 3489 3573; x_wconf 87' lang='lat' dir='ltr'><strong>relinquere</strong></span> <span class='ocrx_word' id='word_1_743' title='bbox 3500 3503 3846 3560; x_wconf 87' lang='lat' dir='ltr'><strong>studeamus.</strong></span> 
     </span>
    </p>
   </div>
   <div class='ocr_carea' id='block_1_97' title="bbox 2246 3594 3846 3665">
    <p class='ocr_par' dir='ltr' id='par_1_97' title="bbox 2246 3594 3846 3665">
     <span class='ocr_line' id='line_1_97' title="bbox 2246 3594 3846 3665; baseline -0.002 -12"><span class='ocrx_word' id='word_1_744' title='bbox 2246 3597 2378 3653; x_wconf 81' lang='lat' dir='ltr'><strong>Nam</strong></span> <span class='ocrx_word' id='word_1_745' title='bbox 2401 3596 2664 3665; x_wconf 84' lang='lat' dir='ltr'><strong>lapidibus</strong></span> <span class='ocrx_word' id='word_1_746' title='bbox 2688 3596 3002 3660; x_wconf 78' lang='lat' dir='ltr'><strong>:ediﬁcasse,</strong></span> <span class='ocrx_word' id='word_1_747' title='bbox 3024 3610 3133 3649; x_wconf 91' lang='lat' dir='ltr'><strong>non</strong></span> <span class='ocrx_word' id='word_1_748' title='bbox 3158 3595 3328 3650; x_wconf 89' lang='lat' dir='ltr'><strong>solum</strong></span> <span class='ocrx_word' id='word_1_749' title='bbox 3348 3594 3476 3649; x_wconf 90' lang='lat' dir='ltr'><strong>nihil</strong></span> <span class='ocrx_word' id='word_1_750' title='bbox 3500 3595 3658 3650; x_wconf 87' lang='lat' dir='ltr'><strong>nobis</strong></span> <span class='ocrx_word' id='word_1_751' title='bbox 3676 3594 3846 3665; x_wconf 79' lang='lat' dir='ltr'><strong>prod-</strong></span> 
     </span>
    </p>
   </div>
   <div class='ocr_carea' id='block_1_98' title="bbox 2245 3686 3843 3757">
    <p class='ocr_par' dir='ltr' id='par_1_98' title="bbox 2245 3686 3843 3757">
     <span class='ocr_line' id='line_1_98' title="bbox 2245 3686 3843 3757; baseline -0.002 -14"><span class='ocrx_word' id='word_1_752' title='bbox 2245 3702 2364 3744; x_wconf 89' lang='lat' dir='ltr'><strong>esse</strong></span> <span class='ocrx_word' id='word_1_753' title='bbox 2412 3688 2646 3757; x_wconf 89' lang='lat' dir='ltr'><strong>poterit,</strong></span> <span class='ocrx_word' id='word_1_754' title='bbox 2691 3686 2788 3741; x_wconf 85' lang='lat' dir='ltr'><strong>sed</strong></span> <span class='ocrx_word' id='word_1_755' title='bbox 2815 3700 2916 3741; x_wconf 86' lang='lat' dir='ltr'><strong>nos</strong></span> <span class='ocrx_word' id='word_1_756' title='bbox 2952 3686 3210 3742; x_wconf 90' lang='lat' dir='ltr'><strong>continuo</strong></span> <span class='ocrx_word' id='word_1_757' title='bbox 3238 3695 3506 3755; x_wconf 86' lang='lat' dir='ltr'><strong>tamquam</strong></span> <span class='ocrx_word' id='word_1_758' title='bbox 3551 3687 3843 3753; x_wconf 78' lang='lat' dir='ltr'><strong>columna,</strong></span> 
     </span>
    </p>
   </div>
   <div class='ocr_carea' id='block_1_99' title="bbox 2250 3776 3846 3834">
    <p class='ocr_par' dir='ltr' id='par_1_99' title="bbox 2250 3776 3846 3834">
     <span class='ocr_line' id='line_1_99' title="bbox 2250 3776 3846 3834; baseline 0 -1"><span class='ocrx_word' id='word_1_759' title='bbox 2250 3780 2393 3833; x_wconf 78' lang='lat' dir='ltr'><strong>clara</strong></span> <span class='ocrx_word' id='word_1_760' title='bbox 2426 3794 2555 3833; x_wconf 88' lang='lat' dir='ltr'><strong>voce</strong></span> <span class='ocrx_word' id='word_1_761' title='bbox 2587 3778 2883 3833; x_wconf 84' lang='lat' dir='ltr'><strong>infamahit.</strong></span> <span class='ocrx_word' id='word_1_762' title='bbox 2915 3778 2981 3832; x_wconf 85' lang='lat' dir='ltr'><strong>Et</strong></span> <span class='ocrx_word' id='word_1_763' title='bbox 3005 3792 3105 3831; x_wconf 86' lang='lat' dir='ltr'><strong>nos</strong></span> <span class='ocrx_word' id='word_1_764' title='bbox 3145 3776 3268 3831; x_wconf 90' lang='lat' dir='ltr'><strong>hinc</strong></span> <span class='ocrx_word' id='word_1_765' title='bbox 3293 3777 3505 3833; x_wconf 84' lang='lat' dir='ltr'><strong>abimus</strong></span> <span class='ocrx_word' id='word_1_766' title='bbox 3530 3776 3846 3834; x_wconf 74' lang='lat' dir='ltr'><strong>deterentes</strong></span> 
     </span>
    </p>
   </div>
   <div class='ocr_carea' id='block_1_100' title="bbox 2247 3867 3843 3940">
    <p class='ocr_par' dir='ltr' id='par_1_100' title="bbox 2247 3867 3843 3940">
     <span class='ocr_line' id='line_1_100' title="bbox 2247 3867 3843 3940; baseline -0.003 -15"><span class='ocrx_word' id='word_1_767' title='bbox 2247 3877 2460 3940; x_wconf 87' lang='lat' dir='ltr'><strong>peccata</strong></span> <span class='ocrx_word' id='word_1_768' title='bbox 2491 3868 2612 3923; x_wconf 87' lang='lat' dir='ltr'><strong>inde</strong></span> <span class='ocrx_word' id='word_1_769' title='bbox 2642 3878 2810 3937; x_wconf 84' lang='lat' dir='ltr'><strong>parta,</strong></span> <span class='ocrx_word' id='word_1_770' title='bbox 2833 3878 2887 3923; x_wconf 89' lang='lat' dir='ltr'><strong>et</strong></span> <span class='ocrx_word' id='word_1_771' title='bbox 2908 3867 3130 3922; x_wconf 67' lang='lat' dir='ltr'><strong>aedilicia</strong></span> <span class='ocrx_word' id='word_1_772' title='bbox 3158 3867 3245 3923; x_wconf 87' lang='lat' dir='ltr'><strong>hic</strong></span> <span class='ocrx_word' id='word_1_773' title='bbox 3272 3867 3629 3938; x_wconf 88' lang='lat' dir='ltr'><strong>relinquimus</strong></span> <span class='ocrx_word' id='word_1_774' title='bbox 3659 3885 3675 3922; x_wconf 89' lang='lat'><strong>:</strong></span> <span class='ocrx_word' id='word_1_775' title='bbox 3709 3867 3843 3938; x_wconf 88' lang='lat' dir='ltr'><strong>quin</strong></span> 
     </span>
    </p>
   </div>
   <div class='ocr_carea' id='block_1_101' title="bbox 2248 3957 3847 4030">
    <p class='ocr_par' dir='ltr' id='par_1_101' title="bbox 2248 3957 3847 4030">
     <span class='ocr_line' id='line_1_101' title="bbox 2248 3957 3847 4030; baseline -0.002 -15"><span class='ocrx_word' id='word_1_776' title='bbox 2248 3977 2348 4017; x_wconf 85' lang='lat' dir='ltr'><strong>nec</strong></span> <span class='ocrx_word' id='word_1_777' title='bbox 2393 3959 2637 4030; x_wconf 78' lang='lat' dir='ltr'><strong>frigidam</strong></span> <span class='ocrx_word' id='word_1_778' title='bbox 2690 3959 2834 4014; x_wconf 86' lang='lat' dir='ltr'><strong>illam</strong></span> <span class='ocrx_word' id='word_1_779' title='bbox 2882 3967 2938 4013; x_wconf 92' lang='lat' dir='ltr'><strong>et</strong></span> <span class='ocrx_word' id='word_1_780' title='bbox 2992 3958 3233 4012; x_wconf 88' lang='lat' dir='ltr'><strong>inutilem</strong></span> <span class='ocrx_word' id='word_1_781' title='bbox 3284 3957 3600 4012; x_wconf 86' lang='lat' dir='ltr'><strong>memoriam</strong></span> <span class='ocrx_word' id='word_1_782' title='bbox 3650 3972 3847 4013; x_wconf 79' lang='lat' dir='ltr'><strong>conse-</strong></span> 
     </span>
    </p>
   </div>
   <div class='ocr_carea' id='block_1_102' title="bbox 2250 4046 3848 4119">
    <p class='ocr_par' dir='ltr' id='par_1_102' title="bbox 2250 4046 3848 4119">
     <span class='ocr_line' id='line_1_102' title="bbox 2250 4046 3848 4119; baseline 0 -17"><span class='ocrx_word' id='word_1_783' title='bbox 2250 4049 2484 4119; x_wconf 87' lang='lat' dir='ltr'><strong>quimur,</strong></span> <span class='ocrx_word' id='word_1_784' title='bbox 2512 4048 2604 4103; x_wconf 86' lang='lat' dir='ltr'><strong>sed</strong></span> <span class='ocrx_word' id='word_1_785' title='bbox 2634 4048 2813 4118; x_wconf 89' lang='lat' dir='ltr'><strong>potius</strong></span> <span class='ocrx_word' id='word_1_786' title='bbox 2863 4046 3072 4118; x_wconf 88' lang='lat' dir='ltr'><strong>probris</strong></span> <span class='ocrx_word' id='word_1_787' title='bbox 3114 4046 3484 4117; x_wconf 89' lang='lat' dir='ltr'><strong>deturpamur,</strong></span> <span class='ocrx_word' id='word_1_788' title='bbox 3537 4061 3848 4117; x_wconf 83' lang='lat' dir='ltr'><strong>nomenque</strong></span> 
     </span>
    </p>
   </div>
   <div class='ocr_carea' id='block_1_103' title="bbox 2250 4137 3843 4203">
    <p class='ocr_par' dir='ltr' id='par_1_103' title="bbox 2250 4137 3843 4203">
     <span class='ocr_line' id='line_1_103' title="bbox 2250 4137 3843 4203; baseline -0.003 -7"><span class='ocrx_word' id='word_1_789' title='bbox 2250 4142 2427 4197; x_wconf 90' lang='lat' dir='ltr'><strong>statim</strong></span> <span class='ocrx_word' id='word_1_790' title='bbox 2457 4142 2648 4194; x_wconf 89' lang='lat' dir='ltr'><strong>transit</strong></span> <span class='ocrx_word' id='word_1_791' title='bbox 2679 4141 2745 4195; x_wconf 90' lang='lat' dir='ltr'><strong>ad</strong></span> <span class='ocrx_word' id='word_1_792' title='bbox 2772 4140 3018 4194; x_wconf 86' lang='lat' dir='ltr'><strong>alterum.</strong></span> <span class='ocrx_word' id='word_1_793' title='bbox 3048 4140 3257 4194; x_wconf 80' lang='lat' dir='ltr'><strong>Etenim</strong></span> <span class='ocrx_word' id='word_1_794' title='bbox 3288 4138 3366 4194; x_wconf 89' lang='lat' dir='ltr'><strong>sic</strong></span> <span class='ocrx_word' id='word_1_795' title='bbox 3396 4153 3454 4192; x_wconf 86' lang='lat' dir='ltr'><strong>se</strong></span> <span class='ocrx_word' id='word_1_796' title='bbox 3489 4153 3577 4193; x_wconf 88' lang='lat' dir='ltr'><strong>res</strong></span> <span class='ocrx_word' id='word_1_797' title='bbox 3603 4137 3843 4203; x_wconf 79' lang='lat' dir='ltr'><strong>habent,</strong></span> 
     </span>
    </p>
   </div>
   <div class='ocr_carea' id='block_1_104' title="bbox 2250 4230 3845 4295">
    <p class='ocr_par' dir='ltr' id='par_1_104' title="bbox 2250 4230 3845 4295">
     <span class='ocr_line' id='line_1_104' title="bbox 2250 4230 3845 4295; baseline -0.001 -8"><span class='ocrx_word' id='word_1_798' title='bbox 2250 4243 2309 4287; x_wconf 90' lang='lat' dir='ltr'><strong>ut</strong></span> <span class='ocrx_word' id='word_1_799' title='bbox 2337 4232 2405 4286; x_wconf 87' lang='lat' dir='ltr'><strong>ab</strong></span> <span class='ocrx_word' id='word_1_800' title='bbox 2445 4232 2545 4285; x_wconf 88' lang='lat' dir='ltr'><strong>hoc</strong></span> <span class='ocrx_word' id='word_1_801' title='bbox 2584 4232 2651 4284; x_wconf 89' lang='lat' dir='ltr'><strong>ad</strong></span> <span class='ocrx_word' id='word_1_802' title='bbox 2681 4233 2841 4283; x_wconf 84' lang='lat' dir='ltr'><strong>alium</strong></span> <span class='ocrx_word' id='word_1_803' title='bbox 2895 4239 3203 4295; x_wconf 86' lang='lat' dir='ltr'><strong>transeant,</strong></span> <span class='ocrx_word' id='word_1_804' title='bbox 3233 4239 3289 4284; x_wconf 91' lang='lat' dir='ltr'><strong>et</strong></span> <span class='ocrx_word' id='word_1_805' title='bbox 3324 4230 3511 4285; x_wconf 88' lang='lat' dir='ltr'><strong>abillo</strong></span> <span class='ocrx_word' id='word_1_806' title='bbox 3547 4230 3749 4285; x_wconf 87' lang='lat' dir='ltr'><strong>iterum</strong></span> <span class='ocrx_word' id='word_1_807' title='bbox 3790 4231 3845 4285; x_wconf 88' lang='lat' dir='ltr'><strong>in</strong></span> 
     </span>
    </p>
   </div>
   <div class='ocr_carea' id='block_1_105' title="bbox 2250 4319 3846 4391">
    <p class='ocr_par' dir='ltr' id='par_1_105' title="bbox 2250 4319 3846 4391">
     <span class='ocr_line' id='line_1_105' title="bbox 2250 4319 3846 4391; baseline -0.001 -13"><span class='ocrx_word' id='word_1_808' title='bbox 2250 4325 2432 4378; x_wconf 87' lang='lat' dir='ltr'><strong>alium.</strong></span> <span class='ocrx_word' id='word_1_809' title='bbox 2482 4324 2549 4377; x_wconf 86' lang='lat' dir='ltr'><strong>Et</strong></span> <span class='ocrx_word' id='word_1_810' title='bbox 2600 4322 2759 4376; x_wconf 86' lang='lat' dir='ltr'><strong>hodie</strong></span> <span class='ocrx_word' id='word_1_811' title='bbox 2807 4320 3021 4389; x_wconf 88' lang='lat' dir='ltr'><strong>quidem</strong></span> <span class='ocrx_word' id='word_1_812' title='bbox 3072 4320 3263 4375; x_wconf 88' lang='lat' dir='ltr'><strong>domus</strong></span> <span class='ocrx_word' id='word_1_813' title='bbox 3310 4319 3592 4375; x_wconf 84' lang='lat' dir='ltr'><strong>dicebatur</strong></span> <span class='ocrx_word' id='word_1_814' title='bbox 3646 4320 3846 4391; x_wconf 86' lang='lat' dir='ltr'><strong>hujus,</strong></span> 
     </span>
    </p>
   </div>
   <div class='ocr_carea' id='block_1_106' title="bbox 2252 4410 3848 4480">
    <p class='ocr_par' dir='ltr' id='par_1_106' title="bbox 2252 4410 3848 4480">
     <span class='ocr_line' id='line_1_106' title="bbox 2252 4410 3848 4480; baseline -0.001 -12"><span class='ocrx_word' id='word_1_815' title='bbox 2252 4430 2371 4468; x_wconf 89' lang='lat' dir='ltr'><strong>cras</strong></span> <span class='ocrx_word' id='word_1_816' title='bbox 2439 4413 2576 4466; x_wconf 87' lang='lat' dir='ltr'><strong>illius</strong></span> <span class='ocrx_word' id='word_1_817' title='bbox 2607 4452 2623 4479; x_wconf 92' lang='lat'><strong>,</strong></span> <span class='ocrx_word' id='word_1_818' title='bbox 2680 4410 2972 4480; x_wconf 89' lang='lat' dir='ltr'><strong>postridie,</strong></span> <span class='ocrx_word' id='word_1_819' title='bbox 3028 4411 3237 4465; x_wconf 88' lang='lat' dir='ltr'><strong>dicetur</strong></span> <span class='ocrx_word' id='word_1_820' title='bbox 3290 4410 3535 4466; x_wconf 85' lang='lat' dir='ltr'><strong>alterius.</strong></span> <span class='ocrx_word' id='word_1_821' title='bbox 3620 4410 3848 4466; x_wconf 83' lang='lat' dir='ltr'><strong>Interim</strong></span> 
     </span>
    </p>
   </div>
   <div class='ocr_carea' id='block_1_107' title="bbox 2253 4501 3846 4574">
    <p class='ocr_par' dir='ltr' id='par_1_107' title="bbox 2253 4501 3846 4574">
     <span class='ocr_line' id='line_1_107' title="bbox 2253 4501 3846 4574; baseline -0.003 -14"><span class='ocrx_word' id='word_1_822' title='bbox 2253 4515 2441 4573; x_wconf 85' lang='lat' dir='ltr'><strong>Sponte</strong></span> <span class='ocrx_word' id='word_1_823' title='bbox 2491 4519 2587 4557; x_wconf 87' lang='lat' dir='ltr'><strong>nos</strong></span> <span class='ocrx_word' id='word_1_824' title='bbox 2636 4504 2778 4574; x_wconf 85' lang='lat' dir='ltr'><strong>ipsos</strong></span> <span class='ocrx_word' id='word_1_825' title='bbox 2829 4502 3159 4572; x_wconf 84' lang='lat' dir='ltr'><strong>decipimus,</strong></span> <span class='ocrx_word' id='word_1_826' title='bbox 3218 4510 3471 4571; x_wconf 79' lang='lat' dir='ltr'><strong>putantes</strong></span> <span class='ocrx_word' id='word_1_827' title='bbox 3517 4516 3617 4557; x_wconf 90' lang='lat' dir='ltr'><strong>nos</strong></span> <span class='ocrx_word' id='word_1_828' title='bbox 3664 4501 3846 4557; x_wconf 85' lang='lat' dir='ltr'><strong>donti-</strong></span> 
     </span>
    </p>
   </div>
   <div class='ocr_carea' id='block_1_108' title="bbox 2255 4594 3846 4665">
    <p class='ocr_par' dir='ltr' id='par_1_108' title="bbox 2255 4594 3846 4665">
     <span class='ocr_line' id='line_1_108' title="bbox 2255 4594 3846 4665; baseline -0.004 -12"><span class='ocrx_word' id='word_1_829' title='bbox 2255 4600 2399 4653; x_wconf 78' lang='lat' dir='ltr'><strong>ninni</strong></span> <span class='ocrx_word' id='word_1_830' title='bbox 2430 4596 2692 4665; x_wconf 87' lang='lat' dir='ltr'><strong>quoddam</strong></span> <span class='ocrx_word' id='word_1_831' title='bbox 2726 4595 3034 4665; x_wconf 86' lang='lat' dir='ltr'><strong>possidere,</strong></span> <span class='ocrx_word' id='word_1_832' title='bbox 3059 4596 3360 4649; x_wconf 86' lang='lat' dir='ltr'><strong>nescientes</strong></span> <span class='ocrx_word' id='word_1_833' title='bbox 3403 4608 3501 4649; x_wconf 87' lang='lat' dir='ltr'><strong>nos</strong></span> <span class='ocrx_word' id='word_1_834' title='bbox 3525 4594 3701 4648; x_wconf 90' lang='lat' dir='ltr'><strong>solum</strong></span> <span class='ocrx_word' id='word_1_835' title='bbox 3746 4608 3846 4648; x_wconf 87' lang='lat' dir='ltr'><strong>usu</strong></span> 
     </span>
    </p>
   </div>
   <div class='ocr_carea' id='block_1_109' title="bbox 2258 4683 3846 4757">
    <p class='ocr_par' dir='ltr' id='par_1_109' title="bbox 2258 4683 3846 4757">
     <span class='ocr_line' id='line_1_109' title="bbox 2258 4683 3846 4757; baseline -0.002 -16"><span class='ocrx_word' id='word_1_836' title='bbox 2258 4688 2434 4757; x_wconf 83' lang='lat' dir='ltr'><strong>petiri,</strong></span> <span class='ocrx_word' id='word_1_837' title='bbox 2460 4698 2511 4739; x_wconf 88' lang='lat' dir='ltr'><strong>et</strong></span> <span class='ocrx_word' id='word_1_838' title='bbox 2536 4686 2777 4749; x_wconf 85' lang='lat' dir='ltr'><strong>velimus,</strong></span> <span class='ocrx_word' id='word_1_839' title='bbox 2806 4684 3055 4747; x_wconf 86' lang='lat' dir='ltr'><strong>nolimus,</strong></span> <span class='ocrx_word' id='word_1_840' title='bbox 3076 4683 3192 4737; x_wconf 88' lang='lat' dir='ltr'><strong>aliis</strong></span> <span class='ocrx_word' id='word_1_841' title='bbox 3220 4684 3334 4739; x_wconf 77' lang='lat' dir='ltr'><strong>lucc</strong></span> <span class='ocrx_word' id='word_1_842' title='bbox 3353 4684 3652 4740; x_wconf 81' lang='lat' dir='ltr'><strong>cnncederc</strong></span> <span class='ocrx_word' id='word_1_843' title='bbox 3680 4702 3693 4737; x_wconf 89' lang='lat'>:</span> <span class='ocrx_word' id='word_1_844' title='bbox 3723 4699 3846 4740; x_wconf 86' lang='lat' dir='ltr'><strong>nam</strong></span> 
     </span>
    </p>
   </div>
   <div class='ocr_carea' id='block_1_110' title="bbox 2257 4773 3848 4850">
    <p class='ocr_par' dir='ltr' id='par_1_110' title="bbox 2257 4773 3848 4850">
     <span class='ocr_line' id='line_1_110' title="bbox 2257 4773 3848 4850; baseline -0.001 -17"><span class='ocrx_word' id='word_1_845' title='bbox 2257 4781 2397 4850; x_wconf 88' lang='lat' dir='ltr'><strong>quod</strong></span> <span class='ocrx_word' id='word_1_846' title='bbox 2425 4780 2615 4849; x_wconf 85' lang='lat' dir='ltr'><strong>quibus</strong></span> <span class='ocrx_word' id='word_1_847' title='bbox 2658 4780 2924 4839; x_wconf 86' lang='lat' dir='ltr'><strong>nolumus,</strong></span> <span class='ocrx_word' id='word_1_848' title='bbox 2957 4775 3009 4829; x_wconf 90' lang='lat' dir='ltr'><strong>id</strong></span> <span class='ocrx_word' id='word_1_849' title='bbox 3046 4776 3153 4844; x_wconf 88' lang='lat' dir='ltr'><strong>jam</strong></span> <span class='ocrx_word' id='word_1_850' title='bbox 3185 4786 3469 4847; x_wconf 70' lang='lat' dir='ltr'><strong>prmtereo.</strong></span> <span class='ocrx_word' id='word_1_851' title='bbox 3498 4773 3735 4831; x_wconf 86' lang='lat' dir='ltr'><strong>Omnino</strong></span> <span class='ocrx_word' id='word_1_852' title='bbox 3766 4787 3848 4832; x_wconf 86' lang='lat' dir='ltr'><strong>ta-</strong></span> 
     </span>
    </p>
   </div>
   <div class='ocr_carea' id='block_1_111' title="bbox 2260 4867 3848 4937">
    <p class='ocr_par' dir='ltr' id='par_1_111' title="bbox 2260 4867 3848 4937">
     <span class='ocr_line' id='line_1_111' title="bbox 2260 4867 3848 4937; baseline -0.003 -10"><span class='ocrx_word' id='word_1_853' title='bbox 2260 4890 2402 4935; x_wconf 86' lang='lat' dir='ltr'><strong>men,</strong></span> <span class='ocrx_word' id='word_1_854' title='bbox 2436 4872 2480 4926; x_wconf 90' lang='lat' dir='ltr'><strong>si</strong></span> <span class='ocrx_word' id='word_1_855' title='bbox 2512 4873 2823 4926; x_wconf 82' lang='lat' dir='ltr'><strong>memoriam</strong></span> <span class='ocrx_word' id='word_1_856' title='bbox 2855 4868 3215 4936; x_wconf 87' lang='lat' dir='ltr'><strong>concupiscis,</strong></span> <span class='ocrx_word' id='word_1_857' title='bbox 3247 4876 3302 4924; x_wconf 88' lang='lat' dir='ltr'><strong>et</strong></span> <span class='ocrx_word' id='word_1_858' title='bbox 3330 4869 3486 4937; x_wconf 88' lang='lat' dir='ltr'><strong>hujus</strong></span> <span class='ocrx_word' id='word_1_859' title='bbox 3517 4867 3612 4921; x_wconf 89' lang='lat' dir='ltr'><strong>tibi</strong></span> <span class='ocrx_word' id='word_1_860' title='bbox 3640 4877 3848 4923; x_wconf 89' lang='lat' dir='ltr'><strong>tantum</strong></span> 
     </span>
    </p>
   </div>
   <div class='ocr_carea' id='block_1_112' title="bbox 2260 4961 3852 5033">
    <p class='ocr_par' dir='ltr' id='par_1_112' title="bbox 2260 4961 3852 5033">
     <span class='ocr_line' id='line_1_112' title="bbox 2260 4961 3852 5033; baseline -0.005 -12"><span class='ocrx_word' id='word_1_861' title='bbox 2260 4966 2490 5021; x_wconf 89' lang='lat' dir='ltr'><strong>studium</strong></span> <span class='ocrx_word' id='word_1_862' title='bbox 2536 4977 2615 5019; x_wconf 88' lang='lat' dir='ltr'><strong>est</strong></span> <span class='ocrx_word' id='word_1_863' title='bbox 2648 4984 2660 5019; x_wconf 87' lang='lat'><strong>:</strong></span> <span class='ocrx_word' id='word_1_864' title='bbox 2690 4966 2810 5019; x_wconf 87' lang='lat' dir='ltr'><strong>audi</strong></span> <span class='ocrx_word' id='word_1_865' title='bbox 2855 4963 3127 5033; x_wconf 90' lang='lat' dir='ltr'><strong>quomodo</strong></span> <span class='ocrx_word' id='word_1_866' title='bbox 3168 4961 3339 5015; x_wconf 86' lang='lat' dir='ltr'><strong>viduae</strong></span> <span class='ocrx_word' id='word_1_867' title='bbox 3386 4972 3655 5014; x_wconf 83' lang='lat' dir='ltr'><strong>memores</strong></span> <span class='ocrx_word' id='word_1_868' title='bbox 3696 4968 3852 5015; x_wconf 86' lang='lat' dir='ltr'><strong>erant</strong></span> 
     </span>
    </p>
   </div>
   <div class='ocr_carea' id='block_1_113' title="bbox 2260 5050 3847 5127">
    <p class='ocr_par' dir='ltr' id='par_1_113' title="bbox 2260 5050 3847 5127">
     <span class='ocr_line' id='line_1_113' title="bbox 2260 5050 3847 5127; baseline -0.004 -14"><span class='ocrx_word' id='word_1_869' title='bbox 2260 5059 2537 5124; x_wconf 63' lang='lat' dir='ltr'><strong>Tahitbte,</strong></span> <span class='ocrx_word' id='word_1_870' title='bbox 2589 5067 2644 5111; x_wconf 90' lang='lat' dir='ltr'><strong>et</strong></span> <span class='ocrx_word' id='word_1_871' title='bbox 2684 5056 2954 5127; x_wconf 88' lang='lat' dir='ltr'><strong>quomodo</strong></span> <span class='ocrx_word' id='word_1_872' title='bbox 2994 5051 3412 5109; x_wconf 83' lang='lat' dir='ltr'><strong>circumstabant</strong></span> <span class='ocrx_word' id='word_1_873' title='bbox 3444 5050 3666 5107; x_wconf 88' lang='lat' dir='ltr'><strong>Petrum</strong></span> <span class='ocrx_word' id='word_1_874' title='bbox 3708 5051 3847 5108; x_wconf 77' lang='lat' dir='ltr'><strong>flen-</strong></span> 
     </span>
    </p>
   </div>
   <div class='ocr_carea' id='block_1_114' title="bbox 2262 5146 3849 5217">
    <p class='ocr_par' dir='ltr' id='par_1_114' title="bbox 2262 5146 3849 5217">
     <span class='ocr_line' id='line_1_114' title="bbox 2262 5146 3849 5217; baseline -0.003 -12"><span class='ocrx_word' id='word_1_875' title='bbox 2262 5162 2375 5217; x_wconf 87' lang='lat' dir='ltr'><strong>tes,</strong></span> <span class='ocrx_word' id='word_1_876' title='bbox 2416 5160 2470 5206; x_wconf 91' lang='lat' dir='ltr'><strong>et</strong></span> <span class='ocrx_word' id='word_1_877' title='bbox 2524 5150 2950 5204; x_wconf 82' lang='lat' dir='ltr'><strong>demonstrantes</strong></span> <span class='ocrx_word' id='word_1_878' title='bbox 3000 5148 3205 5201; x_wconf 87' lang='lat' dir='ltr'><strong>tunicas</strong></span> <span class='ocrx_word' id='word_1_879' title='bbox 3241 5154 3297 5201; x_wconf 90' lang='lat' dir='ltr'><strong>et</strong></span> <span class='ocrx_word' id='word_1_880' title='bbox 3340 5154 3552 5209; x_wconf 84' lang='lat' dir='ltr'><strong>vestes,</strong></span> <span class='ocrx_word' id='word_1_881' title='bbox 3588 5161 3731 5216; x_wconf 86' lang='lat' dir='ltr'><strong>quas</strong></span> <span class='ocrx_word' id='word_1_882' title='bbox 3772 5146 3849 5201; x_wconf 76' lang='lat' dir='ltr'><strong>ia-</strong></span> 
     </span>
    </p>
   </div>
   <div class='ocr_carea' id='block_1_115' title="bbox 2261 5239 3850 5308">
    <p class='ocr_par' dir='ltr' id='par_1_115' title="bbox 2261 5239 3850 5308">
     <span class='ocr_line' id='line_1_115' title="bbox 2261 5239 3850 5308; baseline -0.003 -10"><span class='ocrx_word' id='word_1_883' title='bbox 2261 5243 2435 5298; x_wconf 84' lang='lat' dir='ltr'><strong>ciebat</strong></span> <span class='ocrx_word' id='word_1_884' title='bbox 2472 5243 2576 5297; x_wconf 88' lang='lat' dir='ltr'><strong>illis</strong></span> <span class='ocrx_word' id='word_1_885' title='bbox 2620 5244 2844 5303; x_wconf 83' lang='lat' dir='ltr'><strong>Dorcas,</strong></span> <span class='ocrx_word' id='word_1_886' title='bbox 2885 5255 3004 5295; x_wconf 89' lang='lat' dir='ltr'><strong>cum</strong></span> <span class='ocrx_word' id='word_1_887' title='bbox 3050 5239 3223 5294; x_wconf 85' lang='lat' dir='ltr'><strong>adhuc</strong></span> <span class='ocrx_word' id='word_1_888' title='bbox 3259 5247 3569 5308; x_wconf 81' lang='lat' dir='ltr'><strong>superesset</strong></span> <span class='ocrx_word' id='word_1_889' title='bbox 3624 5240 3764 5308; x_wconf 77' lang='lat' dir='ltr'><strong>(Act.</strong></span> <span class='ocrx_word' id='word_1_890' title='bbox 3796 5241 3850 5298; x_wconf 84' lang='lat'><strong>9.</strong></span> 
     </span>
    </p>
   </div>
   <div class='ocr_carea' id='block_1_116' title="bbox 2262 5330 3850 5405">
    <p class='ocr_par' dir='ltr' id='par_1_116' title="bbox 2262 5330 3850 5405">
     <span class='ocr_line' id='line_1_116' title="bbox 2262 5330 3850 5405; baseline -0.001 -16"><span class='ocrx_word' id='word_1_891' title='bbox 2262 5334 2473 5405; x_wconf 62' lang='lat'><strong>39-“).</strong></span> <span class='ocrx_word' id='word_1_892' title='bbox 2520 5334 2708 5388; x_wconf 84' lang='lat' dir='ltr'><strong>Vidisti</strong></span> <span class='ocrx_word' id='word_1_893' title='bbox 2742 5335 2933 5387; x_wconf 90' lang='lat' dir='ltr'><strong>domus</strong></span> <span class='ocrx_word' id='word_1_894' title='bbox 2968 5331 3229 5386; x_wconf 86' lang='lat' dir='ltr'><strong>animatas</strong></span> <span class='ocrx_word' id='word_1_895' title='bbox 3268 5345 3454 5385; x_wconf 88' lang='lat' dir='ltr'><strong>vocem</strong></span> <span class='ocrx_word' id='word_1_896' title='bbox 3509 5330 3850 5399; x_wconf 77' lang='lat' dir='ltr'><strong>eminentes,</strong></span> 
     </span>
    </p>
   </div>
   <div class='ocr_carea' id='block_1_117' title="bbox 2262 5422 3848 5491">
    <p class='ocr_par' dir='ltr' id='par_1_117' title="bbox 2262 5422 3848 5491">
     <span class='ocr_line' id='line_1_117' title="bbox 2262 5422 3848 5491; baseline -0.002 -9"><span class='ocrx_word' id='word_1_897' title='bbox 2262 5437 2310 5482; x_wconf 92' lang='lat' dir='ltr'><strong>et</strong></span> <span class='ocrx_word' id='word_1_898' title='bbox 2367 5436 2528 5481; x_wconf 75' lang='lat' dir='ltr'><strong>tantze</strong></span> <span class='ocrx_word' id='word_1_899' title='bbox 2583 5426 2829 5491; x_wconf 88' lang='lat' dir='ltr'><strong>virtutis,</strong></span> <span class='ocrx_word' id='word_1_900' title='bbox 2881 5435 2939 5478; x_wconf 92' lang='lat' dir='ltr'><strong>ut</strong></span> <span class='ocrx_word' id='word_1_901' title='bbox 2982 5440 3013 5478; x_wconf 90' lang='lat' dir='ltr'><strong>a</strong></span> <span class='ocrx_word' id='word_1_902' title='bbox 3053 5433 3226 5478; x_wconf 89' lang='lat' dir='ltr'><strong>morte</strong></span> <span class='ocrx_word' id='word_1_903' title='bbox 3275 5422 3341 5477; x_wconf 86' lang='lat' dir='ltr'><strong>ad</strong></span> <span class='ocrx_word' id='word_1_904' title='bbox 3390 5422 3550 5477; x_wconf 85' lang='lat' dir='ltr'><strong>vitam</strong></span> <span class='ocrx_word' id='word_1_905' title='bbox 3597 5429 3848 5479; x_wconf 73' lang='lat' dir='ltr'><strong>revocare</strong></span> 
     </span>
    </p>
   </div>
   <div class='ocr_carea' id='block_1_118' title="bbox 2261 5514 3843 5588">
    <p class='ocr_par' dir='ltr' id='par_1_118' title="bbox 2261 5514 3843 5588">
     <span class='ocr_line' id='line_1_118' title="bbox 2261 5514 3843 5588; baseline 0 -17"><span class='ocrx_word' id='word_1_906' title='bbox 2261 5519 2495 5588; x_wconf 84' lang='lat' dir='ltr'><strong>queant?</strong></span> <span class='ocrx_word' id='word_1_907' title='bbox 2523 5517 2652 5571; x_wconf 74' lang='lat' dir='ltr'><strong>Nam</strong></span> <span class='ocrx_word' id='word_1_908' title='bbox 2686 5526 2959 5585; x_wconf 88' lang='lat' dir='ltr'><strong>postquam</strong></span> <span class='ocrx_word' id='word_1_909' title='bbox 2986 5516 3457 5571; x_wconf 86' lang='lat' dir='ltr'><strong>circumsteterunt</strong></span> <span class='ocrx_word' id='word_1_910' title='bbox 3488 5514 3731 5579; x_wconf 87' lang='lat' dir='ltr'><strong>Petrum,</strong></span> <span class='ocrx_word' id='word_1_911' title='bbox 3764 5531 3843 5571; x_wconf 82' lang='lat' dir='ltr'><strong>ca-</strong></span> 
     </span>
    </p>
   </div>
   <div class='ocr_carea' id='block_1_119' title="bbox 2264 5606 3853 5678">
    <p class='ocr_par' dir='ltr' id='par_1_119' title="bbox 2264 5606 3853 5678">
     <span class='ocr_line' id='line_1_119' title="bbox 2264 5606 3853 5678; baseline -0.001 -15"><span class='ocrx_word' id='word_1_912' title='bbox 2264 5609 2398 5663; x_wconf 88' lang='lat' dir='ltr'><strong>lidas</strong></span> <span class='ocrx_word' id='word_1_913' title='bbox 2453 5610 2717 5678; x_wconf 86' lang='lat' dir='ltr'><strong>lacrytnas</strong></span> <span class='ocrx_word' id='word_1_914' title='bbox 2766 5607 3184 5675; x_wconf 80' lang='lat' dir='ltr'><strong>proluudcntes.</strong></span> <span class='ocrx_word' id='word_1_915' title='bbox 3231 5606 3516 5675; x_wconf 88' lang='lat' dir='ltr'><strong>cibumque</strong></span> <span class='ocrx_word' id='word_1_916' title='bbox 3559 5614 3616 5661; x_wconf 84' lang='lat' dir='ltr'><strong>et</strong></span> <span class='ocrx_word' id='word_1_917' title='bbox 3658 5607 3853 5677; x_wconf 78' lang='lat' dir='ltr'><strong>quibus</strong></span> 
     </span>
    </p>
   </div>
   <div class='ocr_carea' id='block_1_120' title="bbox 2264 5696 3852 5769">
    <p class='ocr_par' dir='ltr' id='par_1_120' title="bbox 2264 5696 3852 5769">
     <span class='ocr_line' id='line_1_120' title="bbox 2264 5696 3852 5769; baseline -0.001 -16"><span class='ocrx_word' id='word_1_918' title='bbox 2264 5716 2397 5769; x_wconf 82' lang='lat' dir='ltr'><strong>opus</strong></span> <span class='ocrx_word' id='word_1_919' title='bbox 2419 5700 2685 5754; x_wconf 88' lang='lat' dir='ltr'><strong>habebant</strong></span> <span class='ocrx_word' id='word_1_920' title='bbox 2705 5706 3030 5766; x_wconf 65' lang='lat' dir='ltr'><strong>qumrentcs,</strong></span> <span class='ocrx_word' id='word_1_921' title='bbox 3066 5696 3255 5752; x_wconf 84' lang='lat' dir='ltr'><strong>Petrus</strong></span> <span class='ocrx_word' id='word_1_922' title='bbox 3275 5696 3465 5763; x_wconf 87' lang='lat' dir='ltr'><strong>ejectis</strong></span> <span class='ocrx_word' id='word_1_923' title='bbox 3487 5698 3767 5764; x_wconf 88' lang='lat' dir='ltr'><strong>omnibus,</strong></span> <span class='ocrx_word' id='word_1_924' title='bbox 3796 5707 3852 5752; x_wconf 85' lang='lat' dir='ltr'><strong>et</strong></span> 
     </span>
    </p>
   </div>
   <div class='ocr_carea' id='block_1_121' title="bbox 2269 5788 3845 5865">
    <p class='ocr_par' dir='ltr' id='par_1_121' title="bbox 2269 5788 3845 5865">
     <span class='ocr_line' id='line_1_121' title="bbox 2269 5788 3845 5865; baseline -0.001 -19"><span class='ocrx_word' id='word_1_925' title='bbox 2269 5794 2454 5863; x_wconf 75' lang='lat' dir='ltr'><strong>positis</strong></span> <span class='ocrx_word' id='word_1_926' title='bbox 2492 5791 2716 5865; x_wconf 82' lang='lat' dir='ltr'><strong>genibus</strong></span> <span class='ocrx_word' id='word_1_927' title='bbox 2738 5790 2943 5858; x_wconf 79' lang='lat' dir='ltr'><strong>oravit;</strong></span> <span class='ocrx_word' id='word_1_928' title='bbox 2988 5797 3189 5845; x_wconf 84' lang='lat' dir='ltr'><strong>etcum</strong></span> <span class='ocrx_word' id='word_1_929' title='bbox 3218 5789 3506 5846; x_wconf 72' lang='lat' dir='ltr'><strong>excitasset</strong></span> <span class='ocrx_word' id='word_1_930' title='bbox 3534 5788 3719 5857; x_wconf 83' lang='lat' dir='ltr'><strong>illam,</strong></span> <span class='ocrx_word' id='word_1_931' title='bbox 3754 5802 3845 5845; x_wconf 87' lang='lat' dir='ltr'><strong>vo-</strong></span> 
     </span>
    </p>
   </div>
  </div>
