4054 6312
206 429 308 487 ΥΠ

199 544 340 599 cavit
377 549 599 598 sanctos
636 546 692 596 et
731 537 935 602 viduas,
980 542 1034 592 et
1071 533 1306 590 reddidit
1333 545 1454 588 eam
1483 530 1680 585 vivam.
1729 529 1785 582 Si

201 633 516 691 memoriam
538 631 756 704 quaeris,
785 628 831 684 si
855 642 1035 682 veram
1063 626 1286 695 gloriam
1307 636 1480 688 amas,
1509 619 1648 674 hanc
1675 617 1794 675 imi-

203 736 311 781 tare
329 768 344 791 ,
375 725 512 784 tales
535 723 728 779 domus
751 729 970 774 exstrue
991 758 1006 784 ,
1036 717 1146 772 noli
1186 723 1435 783 sumptus
1466 721 1586 767 tuos
1616 706 1790 767 inani-

202 819 358 876 mstis
391 813 724 886 impendere,
753 811 847 868 sed
874 825 996 866 eum
1027 809 1134 869 illis
1159 807 1250 877 qui
1275 804 1515 875 ejusdem
1545 808 1670 857 sunt
1695 813 1792 869 ge-

201 909 345 964 neris
395 902 819 961 misericordiam
871 901 1049 956 facito.
1104 898 1232 956 Haec
1282 895 1440 953 laudo
1494 892 1654 966 digna
1712 897 1794 945 est

203 990 484 1060 memoria,
515 996 629 1054 hzec
665 1008 919 1065 magnum
964 991 1169 1046 iucrum
1209 985 1382 1042 atTert.
1423 983 1690 1039 Craterum
1725 977 1792 1034 ad

202 1092 508 1146 institutum
540 1087 825 1148 redeamus
845 1125 861 1150 ,
894 1091 950 1140 et
974 1081 1251 1136 videamus
1278 1076 1491 1132 illorum
1531 1074 1789 1137 virorum,

202 1182 286 1252 qui
317 1191 445 1235 tunc
469 1188 642 1242 erant,
671 1174 970 1231 audaciam.
1014 1170 1234 1227 Illorum
1259 1167 1404 1224 enim
1443 1163 1754 1220 aﬂ'ectiones
1774 1203 1790 1230 ,

204 1284 424 1342 nostne,
457 1275 502 1327 si
532 1285 720 1340 sapere
765 1266 1113 1328 voluerimus,
1141 1259 1505 1318 emendationi
1533 1257 1793 1313 serviunt.

202 1369 254 1421 4.
287 1366 351 1419 Et
397 1363 731 1431 mitiﬁcemus,
775 1359 966 1429 inquit,
1015 1356 1161 1410 nobis
1197 1353 1480 1417 civitatem,
1510 1359 1554 1408 et
1594 1348 1794 1411 turrim,

203 1457 346 1528 cujus
375 1463 531 1524 caput
558 1453 649 1507 erit
673 1466 829 1522 usque
846 1451 902 1504 in
928 1449 1131 1512 cadum,
1162 1454 1208 1499 et
1237 1444 1489 1514 faciamus
1515 1439 1797 1508 nobisipsis

204 1563 386 1601 nomen
433 1544 727 1614 priusquam
771 1542 1125 1611 disperguntur
1165 1551 1321 1606 super
1372 1543 1577 1588 terram.
1633 1530 1797 1586 Vides

203 1637 476 1709 quomodo
500 1635 901 1705 corruptionem
929 1631 1123 1687 animat
1152 1644 1263 1685 sua:
1300 1627 1494 1696 ubique
1519 1622 1795 1680 exhibent.

207 1732 274 1786 Et
319 1730 670 1798 aediﬁcent",
711 1726 904 1795 inquit,
949 1722 1092 1777 nobis
1129 1721 1379 1774 civitatem
1401 1734 1419 1771 :
1447 1725 1503 1775 et
1541 1717 1738 1771 iterum
1783 1730 1798 1767 :

209 1822 484 1877 Faciamus
504 1819 645 1872 nobis
669 1817 798 1887 ipsis
819 1830 1022 1870 nomen.
1052 1814 1085 1866 \'
1095 1813 1180 1869 ide
1208 1808 1477 1882 quomodo
1496 1808 1657 1863 etiam
1681 1815 1802 1876 poet

208 1913 519 1983 generalem
544 1910 786 1966 omnium
830 1907 1104 1962 interitum
1137 1919 1243 1960 non
1284 1903 1491 1956 minora
1535 1899 1673 1954 mala
1703 1911 1801 1967 ag-

206 2003 536 2074 grediantur.
568 2000 706 2068 Quid
745 2013 874 2069 ergo
903 1997 1038 2053 lict?
1068 1994 1338 2065 quomodo
1373 1992 1442 2046 ab
1471 1991 1677 2046 insania
1704 2002 1800 2044 sua

211 2091 612 2163 rcprimentur?
637 2089 914 2146 Pollicitus
935 2097 1020 2144 est
1051 2088 1211 2151 Deus,
1243 2100 1304 2140 se
1332 2099 1438 2139 non
1466 2083 1606 2137 ultra
1632 2081 1802 2135 factu-

210 2202 327 2240 rum
351 2185 637 2248 diluvium,
677 2183 932 2237 nimirum
963 2177 1348 2234 misericordia:
1373 2191 1486 2230 sua:
1513 2181 1803 2228 consuetu-

209 2278 388 2332 dinem
418 2290 644 2332 servans
668 2292 681 2328 :
709 2275 781 2329 illi
808 2283 988 2329 autem
1013 2285 1188 2341 neque
1213 2269 1386 2340 pretiis
1405 2265 1803 2327 emendatiores

211 2367 334 2424 [acti
361 2376 507 2434 sunt,
537 2382 712 2436 neque
741 2363 1016 2420 bencliciis
1045 2362 1315 2418 meliores.

284 2460 406 2515 Non
447 2469 564 2513 sunt
589 2468 770 2511 temere
797 2455 1166 2511 condemnandi
1197 2455 1404 2522 [ratres,
1432 2466 1592 2522 neque
1617 2464 1680 2510 ea:
1709 2463 1804 2501 alt-

209 2553 322 2607 ditu
357 2551 719 2624 judicandum.
744 2579 818 2590 —
842 2549 980 2604 Audi
1002 2563 1123 2617 qua:
1163 2556 1465 2616 sequuntur
1484 2585 1499 2608 ,
1525 2551 1584 2598 ut
1627 2542 1806 2598 discas

214 2642 500 2697 int-ﬂabilis
546 2639 935 2696 misericordia:
984 2638 1078 2693 Dei
1127 2636 1574 2707 magnitudinem.
1632 2633 1688 2689 5.
1741 2631 1805 2686 Et

213 2733 490 2798 descendit,
526 2731 716 2800 inquit,
753 2729 1004 2795 Dominus
1033 2727 1170 2781 Deus
1191 2769 1206 2794 ,
1232 2735 1288 2780 ut
1314 2725 1505 2779 videret
1530 2725 1804 2787 ciuitatem,

216 2836 262 2881 et
291 2827 495 2889 turrim,
525 2839 678 2895 quam
706 2821 1025 2889 cediﬁcabant
1057 2819 1155 2888 ﬁlii
1196 2818 1476 2874 hominum.
1510 2813 1646 2870 Vide
1675 2827 1810 2880 quoo

215 2915 375 2973 modo
396 2915 628 2968 humano
657 2926 810 2967 more
849 2910 1125 2982 Scriptura
1158 2909 1413 2978 loquitur.
1438 2905 1508 2959 Et
1529 2903 1807 2968 descendit,

218 3012 414 3082 inquit,
448 3009 702 3065 Dominus
727 3005 896 3070 Deus;
925 3021 1033 3060 non
1080 3011 1137 3058 ιιι
1167 3003 1402 3059 humano
1432 2998 1594 3054 modo
1617 2997 1810 3052 intelli-

214 3119 423 3175 gamus,
451 3101 548 3158 sed
574 3110 634 3157 ut
661 3115 757 3170 per
783 3098 888 3155 hoc
915 3095 1241 3161 erudiatnur,
1277 3104 1570 3160 numquam
1604 3097 1810 3142 temere

219 3196 408 3252 fratres
434 3189 894 3254 condemnandos,
927 3199 1103 3256 neque
1123 3182 1304 3242 auditu
1325 3180 1442 3236 solo
1461 3175 1809 3259 iudicandum

216 3299 360 3350 esse,
393 3283 496 3338 nisi
525 3281 769 3352 pluribus
798 3276 1131 3349 argumentis
1159 3272 1306 3342 prius
1334 3272 1464 3326 certi
1493 3268 1808 3324 reddamur.

215 3375 408 3435 Omnia
426 3377 569 3432 enim
594 3388 627 3428 a
658 3372 768 3427 Deo
796 3370 918 3425 ideo
942 3370 1092 3432 liunt,
1113 3373 1169 3420 et
1193 3365 1263 3419 ob
1283 3363 1388 3419 hoc
1414 3370 1560 3416 tanta
1589 3358 1655 3413 ad
1685 3373 1812 3413 eru-

217 3466 473 3523 diendum
516 3464 807 3519 humanum
835 3474 1004 3530 genus
1039 3458 1205 3512 utitur
1247 3452 1515 3509 sermonis
1552 3458 1816 3516 attempe-

219 3559 450 3615 ratione.
509 3555 579 3611 Et
626 3553 909 3619 descendit,
970 3550 1175 3619 inquit,
1223 3545 1478 3601 Dominus
1527 3540 1701 3604 Deus,
1759 3545 1815 3591 ut

221 3652 413 3706 uideret
441 3650 691 3703 ciuitatem
718 3656 764 3700 et
795 3643 992 3698 turrim.
1032 3640 1164 3695 Vide
1190 3635 1459 3708 quomodo
1488 3648 1593 3687 non
1633 3631 1815 3685 statim

220 3745 289 3798 ab
320 3743 473 3798 initio
500 3741 714 3795 illorum
743 3736 985 3807 reprimit
1013 3733 1299 3797 insaniam,
1331 3729 1426 3784 sed
1453 3727 1705 3782 diuturna
1735 3724 1814 3779 le-

222 3837 390 3891 uitate
436 3836 622 3900 utitur,
671 3839 725 3886 et
772 3835 1048 3898 exspectat
1082 3825 1254 3879 donec
1291 3835 1507 3876 omnem
1558 3817 1815 3872 malitiam

219 3943 376 3983 suam
412 3939 576 3994 opere
617 3922 915 3985 declarent,
964 3925 1021 3974 et
1060 3926 1188 3972 tunc
1231 3925 1461 3970 conatus
1491 3924 1678 3966 eorum
1719 3910 1818 3962 im-

223 4016 370 4086 pedit
419 4015 493 4068 Ne
518 4013 660 4068 enim
689 4012 809 4082 quis
834 4010 1018 4064 dicere
1038 4007 1227 4078 possit,
1249 4004 1574 4060 deliberasse
1599 4000 1818 4071 quidem

223 4109 364 4171 illos,
392 4105 486 4160 sed
533 4121 653 4174 qua:
689 4103 1075 4166 decreverant,
1107 4100 1159 4153 in
1198 4111 1333 4168 Opus
1363 4112 1470 4151 non
1506 4093 1816 4159 deduxisse,

225 4197 566 4268 ltriCSlOialur
604 4195 779 4249 donec
834 4192 1017 4246 animo
1068 4190 1393 4245 destinatum
1446 4199 1582 4255 opus
1625 4197 1818 4253 aggre-

227 4289 478 4349 diantur,
513 4296 568 4338 ut
609 4293 733 4339 tunc
773 4289 1039 4340 monstret
1073 4280 1152 4337 eis
1191 4295 1353 4349 quam
1397 4276 1601 4332 inutilia
1648 4285 1822 4330 atten-

226 4382 411 4436 tarint.
448 4377 515 4433 Et
555 4377 834 4445 descendit,
867 4375 1071 4447 inquit,
1102 4374 1352 4429 Dominus
1378 4377 1537 4432 Deus.
1557 4380 1610 4424 ut
1635 4370 1822 4424 uideret

223 4473 505 4535 cioita'dut,
532 4486 593 4523 ae
622 4470 833 4532 turrint,
863 4484 1016 4537 quam
1048 4467 1373 4536 aediﬁcabant
1415 4464 1509 4531 ﬁlii
1537 4464 1820 4517 hominum.

228 4561 363 4617 Vide
391 4557 779 4615 misericordia:
804 4556 1213 4614 excellentiam:
1245 4554 1488 4626 permisit
1524 4554 1642 4607 illos
1670 4553 1822 4607 labo-

228 4655 378 4708 rihus
406 4666 530 4706 sese
555 4649 816 4721 afﬂigere,
840 4659 1093 4704 utrerum
1117 4646 1451 4718 experientia
1479 4645 1824 4716 prmoeptoris

229 4749 350 4802 loco
391 4744 500 4800 illis
530 4751 696 4799 esset.
748 4740 817 4796 Et
860 4741 1112 4811 quoniam
1150 4739 1281 4794 vidit
1325 4738 1582 4794 malitiam
1619 4736 1825 4790 invale-

227 4853 400 4904 socre,
434 4845 491 4891 et
518 4834 763 4889 morbum
801 4833 1036 4897 intendi,
1066 4848 1170 4888 non
1213 4847 1384 4902 usque
1412 4831 1480 4885 ad
1517 4829 1676 4886 linem
1708 4845 1828 4899 per-

229 4932 419 4998 mittit,
451 4927 545 4984 sed
569 4942 718 4982 suam
740 4926 979 4982 declarat
1003 4925 1294 4980 bonitatem
1326 4941 1339 4977 :
1373 4922 1826 4994 quemadmodum

229 5025 478 5080 medicus
499 5020 673 5075 bonus
696 5018 885 5073 videns
911 5017 1156 5072 morbum
1182 5007 1386 5086 augeri,
1415 5025 1471 5070 et
1490 5015 1642 5070 ulcus
1673 5014 1826 5068 incuo

231 5115 400 5172 rabile
431 5112 568 5178 lteri,
606 5111 785 5188 statim
830 5109 1071 5165 sectione
1097 5109 1290 5180 utitur,
1325 5116 1383 5161 ut
1408 5121 1624 5162 omnem
1653 5105 1827 5160 morbi

229 5221 454 5262 causam
506 5204 672 5259 tollat.
707 5202 761 5258 6.
809 5200 876 5255 Et
914 5201 1066 5267 dixit,
1112 5201 1303 5269 inquit,
1351 5193 1601 5252 Dominus
1642 5198 1779 5252 Deus
1808 5212 1828 5253 :

238 5299 370 5354 Ecce
397 5313 556 5369 genus
589 5312 743 5350 unum
771 5303 819 5349 et
854 5293 1043 5348 labium
1083 5309 1241 5346 unum
1268 5294 1490 5346 omnium
1519 5307 1536 5344 :
1580 5291 1680 5345 hoc
1713 5300 1824 5356 est,

237 5409 340 5447 vox
364 5406 470 5446 una
499 5397 554 5444 et
579 5390 752 5460 lingua
779 5403 904 5443 una.
933 5387 999 5440 Et
1026 5387 1119 5441 hoc
1136 5397 1392 5457 eruperunt
1415 5390 1600 5459 facere,
1621 5397 1668 5441 et
1695 5403 1830 5442 nunc

235 5502 335 5539 non
361 5483 632 5538 cessabunt
659 5482 722 5536 ab
750 5483 813 5537 iis
836 5497 948 5551 qua
971 5481 1292 5536 decreverunt
1320 5481 1504 5549 facere.

306 5580 360 5634 4.
401 5577 549 5632 Solet
595 5575 732 5630 Deus
768 5575 1042 5630 admonere
1087 5585 1359 5645 antequam
1401 5573 1599 5644 puniat.
1628 5600 1699 5613 --
1728 5573 1826 5627 At-

239 5668 397 5723 tende
430 5667 641 5720 Domini
679 5665 1121 5720 misericordiam.
1162 5665 1425 5732 Quoniam
1469 5674 1692 5718 conatus
1721 5664 1826 5717 im-

241 5760 519 5829 pediturus
545 5767 681 5824 erat,
725 5759 954 5829 primum
993 5759 1361 5830 purgationem
1408 5758 1507 5812 sibi
1554 5767 1734 5827 parat,
1776 5769 1830 5814 et

241 5853 392 5923 quasi
417 5849 652 5910 ostendit
689 5851 890 5922 peccati
919 5865 1105 5907 eorum
1151 5850 1606 5922 magnitudinem,
1640 5860 1692 5907 et
1723 5852 1825 5906 int-

1225 417 1289 480 IN
1322 416 1478 475 CAP.
1519 412 1612 471 XI.
1656 411 1902 473 GENES.
1944 412 2172 472 HOMIL.
2217 414 2380 477 XXX.

3391 429 3498 491 επ

1910 529 2193 599 probitatis
2223 545 2523 600 excessum,
2557 533 2806 607 ipsosque
2844 537 3043 595 abusus
3077 555 3198 598 esse
3229 543 3420 616 linguae
3446 560 3502 606 et

1905 621 2057 674 vocis
2099 623 2472 678 consonantia.
2505 623 2635 680 Ecce
2675 628 2852 693 enim,
2890 629 3092 699 inquit,
3133 651 3290 703 genus
3339 655 3500 692 unum

1901 717 1946 761 et
2005 709 2196 763 labiunt
2243 728 2398 766 unum
2439 717 2682 769 omnium.
2734 715 2805 772 Et
2849 719 2942 775 hoc
2979 734 3238 790 (αμα-κιαι
3293 730 3496 796 facere,

1900 805 1948 852 et
2001 814 2136 852 nunc
2177 816 2278 854 non
2328 804 2593 863 cessabunt
2647 805 2710 859 ab
2762 808 2826 863 iis
2864 825 2979 877 quis
3033 812 3359 869 decreuerunt
3415 820 3499 888 fa-

1899 903 2031 946 cere.
2060 888 2157 944 llic
2174 891 2318 950 enim
2350 892 2441 952 Dei
2471 910 2590 949 mos
2609 904 2716 963 est,
2745 910 2804 952 ut
2824 899 3106 967 partiturus
3133 904 3280 972 prius
3304 905 3504 969 indicet

1899 997 2060 1052 quam
2094 997 2284 1054 magna
2310 986 2419 1044 sint
2442 999 2693 1058 peccata,
2728 1001 2783 1046 et
2807 993 2972 1050 veluti
3001 993 3372 1053 defensionem
3405 1001 3504 1053 ali-

1900 1087 2061 1143 quam
2083 1074 2181 1130 sibi
2208 1085 2380 1144 paret,
2410 1094 2471 1134 ac
2498 1089 2624 1136 tunc
2655 1081 2869 1139 tandem
2897 1085 3171 1155 corripiat.
3195 1087 3328 1142 Nam
3363 1097 3504 1143 tent-

1901 1177 2033 1232 porc
2058 1164 2274 1231 diluvii,
2330 1183 2452 1226 cum
2498 1171 2770 1230 terribiles
2813 1174 2934 1231 illas
2977 1177 3152 1232 minas
3192 1167 3502 1246 intentaret,

1901 1252 2032 1308 dicit
2073 1255 2348 1326 Seriptura
2396 1278 2407 1313 :
2445 1258 2514 1314 Ut
2547 1271 2716 1316 autent
2762 1265 2887 1322 vidit
2924 1264 3088 1333 Deus,
3139 1269 3278 1338 quod
3323 1271 3502 1323 multi-

1903 1344 2106 1415 plicata:
2133 1357 2251 1401 sunt
2278 1348 2490 1404 malitia!
2527 1350 2810 1419 hominum,
2845 1363 2892 1408 et
2932 1360 3275 1428 unusquisque
3315 1361 3504 1430 cogitat

1903 1434 1956 1488 in
1977 1436 2128 1492 corde
2153 1453 2248 1491 suo
2273 1439 2545 1510 diligenter
2564 1443 2618 1495 in
2641 1442 2780 1500 mala
2804 1459 2834 1498 a
2851 1429 3119 1514 juventute
3153 1447 3305 1519 (Gen.
3338 1429 3391 1503 ϐξ
3419 1451 3499 1519 5).

1904 1524 2096 1582 Vidisti
2121 1530 2394 1598 quomodo
2419 1532 2568 1600 prius
2594 1535 2912 1588 monstravit
2938 1537 3154 1592 malitia:
3177 1553 3363 1594 comm
3393 1555 3508 1594 ma-

1902 1617 2273 1687 gnitudinem,
2305 1628 2361 1676 et.
2403 1632 2587 1692 postea
2631 1623 2761 1679 dicit
2787 1642 2800 1678 :
2825 1622 3016 1680 Delebo
3059 1626 3313 1684 hominem
3344 1628 3505 1700 (Ibid.

1905 1727 1952 1764 υ.
1980 1711 2080 1777 7)?
2107 1711 2182 1766 ita
2219 1721 2275 1768 et
2301 1728 2444 1768 nunc
2473 1733 2485 1767 :
2515 1713 2650 1769 Ecce
2677 1732 2836 1786 genus
2864 1733 3022 1772 unum
3051 1727 3100 1772 et
3131 1719 3325 1774 labium
3345 1737 3508 1775 unum

1905 1805 2159 1873 omnium,
2204 1815 2252 1860 et
2279 1806 2375 1860 hoc
2419 1818 2680 1878 eruperunt
2707 1809 2900 1878 facere.
2939 1810 2996 1886 Si
3030 1825 3156 1868 cum
3198 1822 3346 1869 tanta
3380 1830 3510 1870 con-

1905 1896 2114 1961 cordia,
2145 1905 2200 1951 ct
2243 1897 2438 1968 lingua:
2478 1900 2685 1956 unitate
2734 1901 2785 1954 in
2826 1909 3029 1957 tantam
3073 1903 3379 1961 inciderunt
3423 1910 3511 1961 in-

1906 1990 2111 2044 saniam
2137 2005 2153 2043 :
2183 1990 2271 2045 ubi
2313 2000 2527 2059 tempus
2571 1994 2926 2061 processerit,
2967 1995 3238 2065 quomodo
3283 2011 3389 2051 non
3415 1997 3513 2054 de-

1909 2083 2107 2138 teriora
2143 2085 2521 2143 attentabnnt?
2547 2085 2671 2142 Non
2711 2089 2976 2146 cessabunt
3018 2091 3165 2147 enim
3202 2093 3269 2146 ob
3310 2092 3372 2146 iis
3399 2108 3517 2163 qua

1908 2173 2238 2230 decreverunt
2266 2181 2436 2246 facere
2460 2194 2478 2232 :
2507 2180 2640 2235 nihil
2669 2196 2856 2235 eorum
2891 2181 3151 2252 impetum
3178 2193 3233 2238 et
3261 2184 3513 2240 ardorem

1909 2268 2114 2324 morari
2138 2272 2356 2341 poterit,
2375 2271 2473 2327 sed
2493 2273 2674 2328 omnia
2695 2289 2815 2343 quae
2836 2283 3147 2350 (statuerunt
3164 2290 3370 2341 secum,
3400 2285 3515 2329 stu-

1909 2359 2113 2418 debunt
2164 2363 2446 2432 perﬁcere,
2494 2366 2550 2422 ui
2598 2367 2780 2421 statim
2831 2382 2933 2437 pm
2967 2369 3253 2423 attentatis
3300 2383 3516 2437 (uitam

1911 2453 2082 2514 luant.
2111 2453 2166 2509 ld
2198 2470 2414 2526 quoque
2459 2458 2695 2513 inveniet
2740 2459 2937 2527 aliquis
2973 2467 3030 2514 et
3069 2459 3141 2514 de
3178 2461 3519 2530 prutnplasto

1911 2543 2116 2601 factum
2168 2560 2312 2602 csse.
2339 2546 2626 2617 Ejectum
2665 2549 2809 2604 enim
2839 2549 2990 2604 illum
3029 2549 3173 2604 Deus
3212 2565 3241 2603 a
3284 2550 3518 2620 paradisi

1912 2637 2185 2704 incolatu,
2229 2640 2302 2693 ait
2323 2680 2338 2704 ,
2375 2641 2506 2707 Quis
2547 2641 2868 2694 annuntiavit
2899 2641 2988 2694 tibi
3016 2641 3151 2710 quod
3176 2641 3345 2696 nudus
3385 2657 3520 2696 esses

1913 2727 2077 2798 (Ibid.
2109 2730 2165 2784 ὃ.
2201 2729 2334 2799 il)?
2360 2730 2428 2784 Et
2457 2731 2691 2786 iterum:
2726 2731 2863 2787 Ecce
2885 2733 3051 2786 Adam
3078 2737 3247 2803 factus
3275 2743 3347 2788 est
3373 2735 3522 2804 quasi

1913 2835 2048 2872 unus
2067 2835 2130 2873 ex
2154 2820 2300 2875 nobis
2323 2836 2342 2875 :
2369 2832 2424 2875 ut
2449 2824 2576 2876 sciat
2610 2821 2799 2876 bonum
2841 2831 2890 2877 et
2919 2822 3133 2878 malum.
3180 2823 3247 2878 Et
3284 2841 3418 2878 nunc
3458 2840 3523 2878 ne

1915 2907 2048 2977 forte
2076 2913 2319 2963 extendat
2347 2928 2554 2964 manuni
2584 2928 2754 2978 suam,
2781 2921 2829 2966 et
2869 2913 3088 2983 accipiat
3115 2913 3177 2966 de
3206 2913 3346 2984 ligno
3381 2914 3520 2980 vim,

1916 3007 1965 3054 et
1989 3000 2242 3065 comedat,
2273 3009 2319 3055 et
2359 3001 2490 3055 uiuat
2515 3001 2570 3055 in
2609 3002 2873 3056 mulum.
2917 3002 2982 3056 Et
3025 3003 3190 3059 emisit
3221 3004 3368 3057 illum
3413 3003 3525 3060 Do-

1915 3094 2086 3148 minus
2112 3095 2174 3148 de
2191 3096 2432 3165 paradiso
2456 3094 2505 3166 (1
2512 3095 2619 3148 bid.
2643 3111 2691 3150 υ.
2710 3094 2802 3150 22.
2822 3096 2939 3167 95).
2960 3096 3135 3151 Etiam
3153 3112 3297 3153 nunc
3314 3099 3520 3168 inquit:

1917 3185 2051 3239 Ecce
2075 3203 2234 3256 genus
2265 3203 2423 3240 unum
2449 3197 2497 3241 et
2526 3187 2718 3241 labium
2743 3205 2903 3242 unum
2935 3191 3182 3255 euntium,
3214 3202 3262 3245 et
3289 3191 3385 3245 ltoc
3413 3207 3521 3246 cte-

1919 3287 2103 3347 perunt
2131 3278 2298 3346 facere
2330 3295 2350 3332 :
2376 3288 2422 3332 et
2451 3295 2588 3332 nunc
2616 3295 2720 3333 non
2745 3280 3011 3334 cessabunt
3035 3283 3098 3334 ab
3124 3284 3186 3337 iis
3215 3299 3328 3353 qua
3353 3284 3526 3338 decre-

1918 3378 2094 3422 uerunt
2122 3371 2311 3437 facere.
2344 3369 2400 3422 7.
2436 3367 2642 3434 Venite,
2675 3379 2720 3422 et
2751 3369 3110 3426 descendentes
3149 3375 3527 3444 confundendis

1918 3460 2126 3513 illorum
2138 3458 2369 3531 linguas,
2387 3469 2438 3512 ut
2457 3476 2520 3513 ne
2535 3461 2713 3514 audiat
2729 3463 3073 3533 unusquisque
3085 3479 3256 3518 uocem
3277 3465 3524 3533 proximi.

1921 3550 2055 3607 Vide
2096 3551 2290 3606 iterum
2324 3553 2612 3608 verborum
2641 3562 3053 3622 attemperatam
3100 3559 3386 3611 salientem.
3428 3557 3529 3612 Ve-

1919 3643 2043 3708 nite,
2073 3643 2276 3712 inquit,
2304 3651 2352 3696 et
2391 3643 2772 3698 descendentes.
2804 3643 2943 3712 Quid
2986 3646 3176 3700 volunt
3212 3646 3314 3701 sibi
3364 3648 3528 3703 verba

1923 3732 2038 3786 haec
2063 3734 2086 3787 ?
2111 3732 2330 3804 Opusne
2358 3733 2521 3788 habet
2549 3735 2932 3804 cooperatione
2963 3736 3219 3792 Dominus
3241 3737 3309 3792 ad
3341 3754 3529 3794 corre-

1921 3826 2156 3880 ctionem
2175 3827 2200 3878 ?
2219 3842 2287 3880 an
2309 3827 2551 3881 subsidio
2563 3827 2629 3881 ad
2645 3828 2855 3882 illorum
2873 3827 3296 3884 destructionem
3312 3832 3335 3884 ?
3353 3831 3528 3887 Absit.

1922 3915 2026 3971 Sed
2071 3919 2210 3971 sicut
2246 3917 2356 3986 jam
2401 3918 2537 3972 dixit
2573 3918 2850 3988 Scriptum
2875 3937 2889 3973 :
2918 3918 3195 3974 Descendit
3222 3920 3478 3976 Dominus
3506 3939 3525 3977 :

1922 4006 2125 4061 docens
2156 4023 2254 4064 nos
2283 4023 2377 4078 per
2405 4009 2507 4064 hoc
2526 4024 2592 4065 se
2605 4009 2885 4065 evidenter
2912 4011 3130 4065 malitiae
3169 4011 3385 4067 illorum
3416 4029 3531 4067 ma-

1923 4101 2168 4170 gnitudin
2179 4117 2264 4155 em
2284 4100 2486 4157 vidisse
2508 4119 2522 4156 :
2548 4103 2620 4155 ita
2641 4112 2694 4156 et
2717 4101 2806 4156 hic
2824 4102 2955 4157 dicit
2978 4119 2992 4155 :
3027 4100 3222 4168 Venite,
3248 4115 3294 4157 et
3319 4105 3532 4159 descen-

1925 4198 2119 4252 dentes.
2163 4196 2374 4251 Dictum
2404 4195 2550 4250 haud
2574 4195 2737 4250 dubie
2762 4204 2845 4251 est
2878 4210 2976 4251 ceu
3005 4197 3070 4250 ad
3109 4196 3314 4252 honore
3351 4213 3528 4268 pares.

1943 4289 2133 4353 Venite,
2185 4288 2376 4358 inquit,
2418 4299 2465 4342 et
2501 4288 2862 4343 descendentes
2903 4288 3284 4360 confundam
3325 4289 3534 4345 illorum

1928 4381 2153 4452 linguas,
2174 4391 2228 4434 ut
2249 4397 2311 4434 ne
2326 4381 2504 4434 audiat
2526 4381 2870 4450 unusquisque
2886 4395 3058 4433 uocem
3070 4380 3310 4448 proximi.
3335 4380 3531 4448 Quent-

1929 4471 2253 4535 admodum,
2310 4471 2516 4540 inquit,
2560 4471 2778 4540 cippum
2827 4469 3116 4540 quemdam
3170 4481 3529 4541 perpetuum,

1933 4563 2098 4617 talem
2154 4562 2262 4616 illis
2302 4571 2486 4617 statuo
2511 4576 2725 4632 pmnam
2759 4561 2907 4615 omni
2949 4560 3149 4615 sarculo
3194 4561 3534 4631 duraturam,

1930 4663 1990 4708 ut
2022 4653 2170 4708 nullo
2200 4661 2445 4723 tempore
2471 4653 2587 4707 haec
2614 4651 3021 4707 obliviscantur.
3047 4651 3182 4706 Nam
3227 4654 3350 4722 quia
3382 4655 3538 4710 abusi

1931 4757 2056 4802 sunt
2082 4747 2232 4802 vocis
2252 4744 2539 4801 concordia
2560 4787 2575 4811 ,
2613 4743 2740 4800 ideo
2758 4745 2906 4799 vocis
2935 4743 3249 4799 diversitate
3284 4745 3538 4816 castigar‘

1933 4854 2029 4895 eos
2056 4837 2200 4892 volo.
2233 4837 2325 4892 Sic
2351 4837 2494 4891 enim
2519 4825 2719 4906 ubiqiie
2744 4835 2920 4889 facere
2941 4833 3225 4889 consuevit
3252 4835 3526 4892 Dominus.

1935 4930 2049 4984 Hoc
2069 4928 2142 4983 ab
2169 4927 2324 4982 initio
2347 4927 2491 4982 circa
2520 4925 2805 4980 mulierem
2825 4922 3023 4979 factum
3049 4933 3135 4978 est
3163 4942 3176 4977 :
3206 4925 3482 4982 abutebat.
3506 4945 3533 4981 r

1933 5023 2026 5077 illa
2055 5024 2262 5077 honoro
2286 5035 2568 5087 concesso,
2600 5017 2744 5074 unde
2773 5018 3004 5088 subjecit
3029 5033 3148 5074 eam
3179 5019 3318 5074 viro.
3353 5021 3420 5075 Et
3456 5040 3501 5077 οι
3528 5054 3538 5063 ~

1934 5115 2139 5170 utiliter
2181 5114 2313 5169 Ada:
2352 5112 2619 5182 contigit:
2655 5111 2778 5181 quia
2823 5109 2966 5164 enim
3008 5125 3075 5164 ex
3108 5110 3277 5164 multa
3315 5128 3540 5182 prospe-

1938 5209 2114 5272 ritate,
2148 5207 2488 5277 paradisique
2507 5205 2742 5260 incolatu
2771 5201 2904 5256 nihil
2936 5201 3067 5256 lucri
3097 5202 3243 5270 fecit,
3275 5205 3370 5259 sed
3403 5222 3543 5274 pra...

1936 5298 2229 5354 varicando
2257 5313 2429 5367 poena:
2459 5295 2727 5352 obnoxius
2754 5301 2837 5348 est
2881 5291 3085 5358 factus,
3135 5293 3294 5363 ejecit
3319 5311 3440 5351 eum
3473 5313 3540 5356 ex

1937 5390 2219 5460 paradiso:
2252 5400 2305 5443 et
2333 5401 2544 5457 poenam
2572 5385 2621 5439 ei
2661 5393 2992 5454 perpetuam.
3017 5384 3272 5453 iniunxit,
3301 5387 3490 5442 dicens
3525 5407 3540 5445 :

1937 5479 2132 5549 Spinas
2171 5489 2217 5533 et
2261 5478 2470 5531 tribulos
2511 5475 2811 5546 germinabit
2851 5474 2940 5528 tibi
2969 5484 3102 5528 terra
3127 5474 3284 5545 (Gen.
3323 5478 3376 5532 5.
3425 5479 3539 5547 l8).

1938 5572 2140 5627 llorum
2167 5585 2381 5640 quoque
2416 5568 2632 5623 malitia:
2678 5581 2917 5631 cursum,
2948 5567 3070 5634 quia
3108 5569 3315 5620 unitate
3347 5567 3541 5637 linguae

1939 5662 2210 5727 honorati,
2241 5660 2444 5715 honore
2491 5672 2754 5712 concesso
2800 5657 2852 5710 in
2897 5656 3093 5710 malum
3141 5657 3537 5727 abutebantur,

1942 5759 2080 5811 Deus
2109 5771 2203 5825 per
2241 5755 2537 5824 linguarum
2572 5754 2882 5804 varietatem
2924 5748 3184 5803 cohibuit.
3216 5747 3284 5802 Et
3314 5757 3536 5818 confarr-

1940 5852 2138 5917 damus,
2190 5846 2380 5917 tuquit,
2426 5846 2630 5899 illorum
2678 5845 2927 5914 linguam,
2976 5853 3118 5895 utne
3158 5841 3334 5894 audiat
3385 5851 3549 5891 uuas-
