4054 6312
553 390 664 448 2³19

549 511 756 582 quisque
778 522 944 561 uocem
973 502 1191 574 proripui
1214 517 1233 556 :
1261 509 1320 556 ut
1348 500 1486 556 sicut
1514 498 1707 569 lingua:
1737 495 1917 551 unitas
1939 501 2128 550 contu-

555 598 798 656 bernium
841 595 988 661 fecit,
1014 594 1085 649 ita
1115 593 1308 662 lingua:
1343 588 1625 645 diversitas
1656 586 1950 657 dispergat.
1994 582 2125 638 Nam

552 688 748 756 quibus
778 700 885 739 non
902 694 985 740 est
1008 684 1146 737 idem
1168 694 1345 734 sermo
1361 687 1417 733 et
1446 678 1645 747 lingua,
1676 674 1944 746 quomodo
1970 671 2126 728 simul

559 778 800 833 habitare
821 784 1041 847 possunt
1055 775 1078 826 ?
1092 774 1145 828 8.
1170 772 1232 825 Et
1257 770 1489 839 dispersit
1512 767 1651 831 illos,
1673 766 1861 835 inquit,
1884 762 2128 817 Dominus

554 866 694 922 Deus
714 868 776 921 ab
798 866 889 920 illo
918 866 1027 919 loco
1046 878 1196 932 super
1215 862 1396 931 faciem
1424 859 1671 911 uniuersa:
1695 867 1863 920 terra,
1892 863 1938 908 et
1960 868 2127 907 cessu-

555 966 731 1011 serunt
755 954 1062 1023 tediﬁcantes
1089 953 1339 1005 ciuitatem
1376 959 1423 1002 et
1459 948 1658 1000 turrim.
1689 945 1981 1000 Considera
2024 944 2130 997 Ι)οο

554 1048 683 1103 mini
716 1045 1158 1111 misericordiam,
1188 1044 1239 1097 in
1269 1049 1520 1112 quantam
1545 1038 1708 1093 animi
1739 1037 2126 1091 haesitationem

553 1138 699 1207 ipsos
738 1135 963 1205 impulit.
997 1133 1313 1189 Amentibus
1359 1131 1504 1187 enim
1546 1140 1728 1200 postea
1768 1126 1973 1183 similes
2017 1124 2131 1181 fue—

552 1239 696 1283 runt.
728 1228 798 1283 Et
823 1230 911 1283 ille
952 1227 1164 1297 quidem
1207 1225 1504 1293 imperabat
1531 1224 1652 1286 hoc,
1682 1232 1739 1276 et
1777 1221 1913 1275 alios
1937 1232 2131 1288 suppe-

551 1320 756 1375 ditabat
778 1319 918 1373 aliud
941 1335 957 1383 ;
982 1318 1288 1386 inutilisque
1310 1315 1408 1369 fuit
1436 1318 1612 1369 omnis
1638 1314 1849 1367 illorum
1872 1320 2126 1365 conatus:

553 1410 677 1465 ideo
707 1411 1037 1464 Cessaverunt
1082 1409 1341 1477 a'diﬁcare
1376 1407 1622 1459 civitatem
1648 1412 1697 1457 et
1733 1403 1933 1456 turrim.
1978 1400 2032 1456 9.
2064 1397 2130 1452 Et

552 1501 744 1555 idcirco
764 1510 992 1553 uocatum
1036 1510 1109 1553 est
1140 1514 1320 1551 nomen
1358 1496 1517 1558 illius,
1557 1492 1800 1565 Confusio
1820 1532 1836 1558 ,
1862 1492 1980 1560 quia
2022 1490 2129 1544 illic

552 1592 783 1659 confudit
806 1590 1056 1644 Dominus
1105 1588 1239 1641 Deus
1267 1586 1400 1641 labia
1433 1586 1597 1638 omnis
1620 1593 1769 1637 terra:
1790 1599 1808 1636 .'
1833 1591 1880 1635 et
1909 1582 2024 1637 hinc
2050 1580 2131 1633 diL

553 1684 735 1751 sparsit
778 1684 912 1749 ipsos
954 1680 1200 1735 Dominus
1240 1677 1376 1731 Dens
1411 1678 1464 1729 in
1503 1692 1699 1729 omnem
1743 1684 1952 1728 terram.
2000 1671 2132 1726 Vide

552 1785 747 1845 quanta
780 1774 927 1839 tinuit,
957 1783 1015 1826 nt
1046 1770 1299 1826 memoria
1327 1769 1481 1839 hujus
1505 1769 1625 1823 facti
1659 1768 1710 1821 in
1737 1766 1914 1820 omnia
1936 1763 2130 1819 saecula

552 1858 823 1929 pervadat.
854 1858 1085 1911 Primum
1110 1857 1401 1923 linguarum
1429 1854 1485 1905 fit
1506 1852 1722 1917 divisio,
1747 1852 1855 1906 imo
1874 1858 2000 1903 ante
2029 1846 2155 1902 hoe-

554 1951 785 2004 nontinis
810 1948 1092 2019 appellatio
1115 1963 1137 2001 ι
1161 1947 1355 2001 Phalec
1377 1946 1520 2000 enim
1549 1961 1763 2002 nomen.
1794 1943 1935 2013 quod
1956 1942 2135 1997 lieber

557 2042 670 2096 ﬁlio
699 2042 973 2110 imposuit,
997 2040 1340 2109 partitionem
1368 2038 1651 2107 significat.
1676 2035 1877 2091 Deinde
1908 2034 2010 2089 loei
2033 2048 2131 2102 ap-

554 2131 775 2200 pellatio
802 2127 1077 2199 :Confusio
1103 2130 1244 2183 enim
1268 2137 1485 2181 vocatus
1512 2135 1615 2189 est,
1646 2125 1696 2178 id
1724 2124 1864 2193 quod
1893 2123 2129 2193 Babylon

552 2230 729 2275 sonat.
761 2221 1094 2275 Postremum
1130 2219 1304 2274 lleber
1346 2218 1458 2287 ipse
1504 2215 1698 2269 mansit
1734 2215 1874 2268 idem
1909 2226 2131 2268 servans

556 2310 774 2374 idioma,
799 2309 941 2378 quod
982 2318 1035 2363 et
1070 2316 1223 2362 antea
1273 2306 1535 2371 habebat,
1570 2312 1632 2358 ut
1673 2303 2010 2358 manifestum
2051 2302 2132 2357 di-

549 2400 774 2455 visionis
802 2400 960 2469 bujus
998 2400 1207 2469 signum
1236 2396 1377 2452 foret
1400 2397 1505 2465 (α).
1535 2396 1723 2450 Vidisti
1770 2409 1863 2464 per
1886 2404 2017 2464 quot
2044 2409 2132 2449 res

553 2490 911 2545 immortalem
941 2490 1190 2558 nullaque
1217 2487 1485 2543 oblivione
1509 2486 1792 2540 delendam
1820 2486 1979 2555 hujus
2008 2483 2132 2539 facti

552 2582 867 2637 memoriam
908 2582 1109 2635 servari
1159 2578 1421 2633 voluerit?
1463 2576 1597 2632 Hinc
1641 2576 1786 2631 enim
1829 2584 1982 2644 pater
2023 2574 2133 2629 tilio

556 2680 741 2739 pristes
767 2670 1056 2742 cogebatur
1091 2670 1272 2725 dicere
1299 2683 1514 2724 causam
1560 2678 1664 2722 tam
1695 2666 1924 2721 diversae
1962 2666 2131 2721 vocis.

558 2760 625 2815 Et
651 2776 788 2829 puer
806 2776 836 2814 a
870 2769 1019 2830 patre
1042 2759 1314 2828 qurerebat
1343 2772 1509 2827 quare
1542 2758 1622 2811 sic
1650 2756 1797 2811 locus
1834 2755 1924 2811 ille
1950 2756 2133 2826 appel-

552 2851 755 2905 laretur
779 2868 793 2904 :
823 2848 941 2904 ideo
964 2863 1192 2917 namque
1214 2847 1449 2917 Babylon
1475 2845 1652 2901 dictus
1673 2854 1756 2899 est
1780 2846 1930 2900 locus
1950 2861 1965 2910 ;
1989 2843 2132 2915 quod

548 2950 632 2997 est
651 2939 893 2995 confusio
908 2980 927 3003 ,
949 2940 1087 3009 quod
1111 2939 1217 2993 illic
1244 2939 1505 2993 Dominus
1521 2938 1660 2992 Deus
1676 2936 1975 2992 confuderit
1993 2937 2131 2991 labia

556 3032 819 3086 universa:
846 3042 1021 3096 terrae,
1052 3040 1103 3085 ct
1135 3031 1202 3084 ab
1227 3030 1319 3083 illo
1348 3014 1466 3084 loco
1492 3030 1806 3099 disperserit
1831 3028 1969 3083 illos.
1996 3027 2129 3084 Nam

550 3132 837 3192 utrumque
866 3122 967 3176 loci
994 3120 1279 3189 appellatio
1307 3120 1434 3174 mihi
1464 3120 1768 3191 significare
1801 3119 2045 3185 videtur,
2077 3127 2132 3174 et

552 3211 697 3282 (ιιιοά
715 3212 919 3281 linguas
930 3210 1248 3275 confuderit,
1268 3219 1322 3265 et
1336 3210 1477 3279 quod
1501 3210 1622 3264 inde
1634 3209 1897 3278 dispersio
1913 3217 2027 3263 orta
2040 3209 2128 3263 sit.

621 3304 674 3359 5.
704 3302 1009 3363 Audivisus,
1040 3303 1240 3367 dilecti,
1273 3302 1414 3355 unde
1443 3302 1568 3371 ipsis
1593 3300 1940 3369 diSpersiouis
1962 3302 2133 3357 varie-

550 3392 779 3461 tatisque
804 3392 1097 3461 linguarum
1118 3399 1233 3461 orta
1255 3390 1325 3444 sit
1349 3406 1525 3446 causa.
1550 3390 1857 3459 Fugiamus,
1879 3391 2129 3457 obsecro,

555 3496 624 3535 ne
654 3483 749 3534 bos
781 3480 1085 3534 imitemur:
1118 3490 1171 3533 et
1196 3458 1261 3533 iis
1276 3495 1393 3548 qua:
1416 3481 1569 3533 nobis
1597 3480 1736 3534 Deus
1763 3481 2027 3535 concessit
2066 3497 2134 3536 nc

553 3570 833 3625 abutamur
863 3587 879 3625 :
910 3586 970 3623 ac
1002 3581 1243 3623 naturam
1285 3570 1573 3623 humanam
1601 3569 2026 3636 considerantes,
2068 3585 2132 3625 ea

553 3663 917 3718 consultemus
954 3678 1072 3730 qua:
1104 3663 1355 3716 mortales
1393 3661 1637 3717 homlues
1662 3661 1888 3716 deceant
1917 3680 1931 3715 :
1960 3672 2014 3717 et
2041 3676 2132 3717 co-

551 3756 781 3825 gitantt‘s
834 3754 1110 3822 pra-sentis
1146 3756 1268 3808 vita:
1318 3754 1673 3824 fragilitatem,
1700 3768 1763 3809 ac
1788 3770 1943 3824 quam
1970 3754 2132 3809 breve

549 3839 619 3892 sit
651 3847 859 3907 tempus
894 3840 1016 3893 vita:
1039 3851 1255 3901 nostrm,
1304 3840 1523 3892 multam
1572 3854 1667 3907 per
1694 3839 1956 3893 bonorum
2000 3853 2132 3907 ope-

552 3944 669 3982 rum
696 3930 1006 3982 exercitium
1032 3928 1278 3981 ﬁduciam
1306 3927 1693 3981 recondamus:
1733 3936 1789 3981 et
1830 3941 1936 3980 non
1961 3928 2130 3981 Solum

556 4034 650 4087 per
681 4019 777 4072 hos
804 4020 919 4073 dies
962 4034 1233 4072 servemus
1282 4017 1468 4087 jejunii
1516 4017 1803 4083 fervorem,
1835 4016 1927 4072 sed
1974 4018 2132 4071 etiam

554 4111 912 4181 cleemosyna:
953 4112 1246 4180 largitatem
1285 4121 1339 4164 et
1386 4126 1601 4179 precum
1629 4109 2015 4164 assiduitatem.
2040 4109 2132 4163 Et-

557 4204 697 4256 enim
722 4201 924 4270 jejunio
951 4217 1137 4269 preces
1162 4218 1374 4270 semper
1403 4202 1713 4271 conjunctas
1753 4216 1872 4256 esse
1902 4209 2129 4269 oportet.

555 4293 624 4347 Et
650 4296 789 4362 quod
822 4294 921 4347 hoc
959 4310 1140 4348 verum
1192 4293 1280 4358 sit,
1336 4294 1455 4347 audi
1494 4293 1764 4348 Christum
1819 4291 2129 4348 dicentem:

559 4384 669 4437 Hoc
696 4401 849 4455 genus
874 4386 1233 4438 darmcniorum
1255 4402 1355 4437 non
1386 4385 1635 4455 egreditur
1661 4384 1759 4439 nisi
1777 4386 1829 4438 in
1849 4385 2138 4453 precatione

552 4486 599 4527 et
618 4477 813 4545 jejunio
836 4475 1046 4546 (Matth.
1078 4476 1163 4529 ΓΙ.
1193 4475 1305 4545 20).
1331 4475 1396 4529 Et
1423 4478 1609 4531 iterum
1638 4476 1703 4529 de
1718 4476 1972 4545 apostolis
1998 4476 2133 4529 dici-

558 4574 644 4619 tur
676 4586 690 4619 :
722 4563 859 4617 Nam
887 4581 1002 4617 cum
1024 4576 1270 4630 orassent,
1303 4567 1489 4635 inquit,
1522 4576 1569 4619 et
1608 4568 1948 4638 jejunassenl,
1994 4584 2133 4621 conv

561 4656 920 4709 mendaverunt
955 4670 1041 4709 eos
1082 4652 1330 4719 "Domino,
1376 4656 1427 4707 in
1452 4673 1598 4724 quem
1636 4658 1952 4712 crediderant
1996 4657 2133 4727 (Act.

565 4746 651 4798 ιι.
680 4743 791 4815 22).
828 4745 893 4799 Et
913 4747 1099 4799 iterum
1121 4744 1287 4813 inquit
1314 4746 1597 4814 Apostolus
1629 4763 1641 4799 :
1678 4746 1758 4800 Ne
1782 4747 2030 4815 fraudatis
2058 4747 2132 4798 in-

554 4840 728 4901 uicem,
761 4840 856 4893 nisi
878 4841 929 4892 in
948 4840 1231 4907 precatione
1249 4849 1295 4892 et
1316 4839 1508 4907 ieiunio
1529 4840 1575 4909 (Ι
1590 4877 1604 4892 .
1626 4837 1745 4893 Cor.
1768 4839 1820 4892 7.
1843 4838 1919 4907 5).
1951 4836 2137 4891 Vidisti

559 4928 825 4998 quomodo
843 4929 1103 4999 jejunium
1136 4930 1235 4984 hoe
1253 4929 1488 4984 subsidio
1515 4929 1785 4999 indigeat?
1814 4928 1964 4984 Tunc
1993 4928 2137 4983 enim

561 5019 892 5090 potissimum
924 5033 1109 5088 preces
1142 5034 1263 5073 cum
1293 5020 1583 5074 attentione
1614 5019 1767 5085 ﬁunt,
1802 5034 1921 5073 cum
1974 5032 2141 5087 expe-

562 5111 724 5162 ditior
747 5118 829 5163 est
876 5124 1026 5163 mens
1054 5119 1259 5174 nostra,
1302 5124 1474 5179 neque
1496 5118 1731 5178 gravata,
1772 5124 1945 5179 neque
1991 5108 2136 5162 malo

562 5201 871 5255 deliciarum
892 5215 1055 5255 ornere
1076 5215 1255 5270 pressa
1283 5200 1459 5255 fuerit.
1490 5200 1671 5270 Magna
1698 5216 1843 5254 arma
1860 5210 1985 5255 sunt
2014 5215 2140 5270 pre-

622 5394 697 5455 (a)
730 5394 781 5444 Id
805 5396 932 5458 quod
958 5396 1038 5463 hic
1058 5397 1125 5445 ait
1145 5396 1530 5463 chrysostomus,
1565 5397 1809 5463 tteberum
1832 5400 2139 5463 nempepri-

554 5470 683 5527 seam
705 5456 927 5530 servasse
945 5456 1223 5530 dialogum,
1238 5456 1441 5530 qpalem
1454 5459 1667 5530 Adamus
1682 5456 1988 5530 loquebatur,
2002 5456 2139 5518 illud,

554 5518 774 5626 intutam.
798 5517 983 5581 aliquot
1004 5517 1365 5567 difficultatibus
1400 5522 1661 5569 obnoxium
1695 5517 1773 5570 est
1800 5535 1812 5569 :
1836 5534 1945 5572 nam
1978 5517 2142 5573 utrum

554 5584 627 5626 tte
665 5590 719 5625 er
738 5581 939 5639 priscam
965 5578 1174 5642 linguam
1196 5582 1487 5637 servaverit.
1513 5595 1606 5631 non
1632 5584 1695 5631 ita
1719 5590 1907 5632 certum
1928 5585 2140 5633 cautis-

552 5646 760 5709 putatur.
774 5646 937 5709 autem
961 5640 1065 5689 utra
1088 5640 1326 5690 dialectus
1348 5643 1631 5709 primigenia
1654 5643 1828 5703 fuerit,
1842 5644 2141 5709 Hehraieane

554 5697 615 5747 an
650 5697 926 5770 Chaldaica;
962 5714 1048 5770 pro
1078 5711 1285 5770 utraque
1316 5697 1544 5770 opinione
1576 5712 1704 5756 stant
1735 5697 1833 5757 non
1864 5706 2139 5770 spernenda

552 5768 859 5822 argumenta,
883 5774 995 5825 qua:
1017 5763 1209 5826 longius
1232 5763 1366 5815 esset
1389 5764 1599 5818 referre.

1270 384 1329 441 S.
1366 379 1642 441 JOANNIS
1667 374 2140 438 CHRYSOSTOMI
2177 375 2493 434 ARCHIEP.
2532 377 3072 439 CONQTANTINOP.

2234 505 2348 561 ecs,
2394 508 2580 564 magna
2623 496 2913 564 securitas,
2961 510 3184 567 magnus
3228 495 3548 568 thesaurus,
3599 517 3831 574 nntgnus

2238 594 2444 654 portus,
2466 586 2760 642 tutissimus
2787 587 2941 643 locus
2968 606 2985 643 :
3025 588 3186 644 modo
3211 588 3375 646 sobrii
3404 601 3462 648 et
3484 591 3677 665 vigiles
3708 597 3821 651 Do-

2237 674 2438 728 minum
2467 674 2741 742 adeamus,
2784 685 2964 733 mente
2986 686 3168 733 nostra
3190 679 3421 751 undique
3445 682 3692 749 collecta.
3716 684 3825 741 ini-

2237 763 2483 834 micaque
2512 773 2708 821 nostra:
2734 766 2922 822 salutis
2968 768 3116 824 nullo
3165 769 3311 825 aditu
3356 772 3642 842 permisso.
3687 771 3825 830 Cum

2236 851 2371 905 sciat
2400 854 2542 908 enim
2568 854 2813 910 inimicus
2842 864 3043 921 noster,
3068 871 3167 912 nos
3194 873 3293 929 per
3321 868 3530 931 tempus
3556 864 3686 920 illud
3706 878 3828 935 pos-

2234 957 2294 998 se
2320 944 2405 1009 ,de
2434 946 2498 1000 iis
2522 962 2640 1017 qua:
2667 946 2734 1002 ad
2780 956 3017 1004 nostram
3045 949 3273 1006 salutem
3298 954 3527 1023 attinent
3558 956 3740 1027 loqui,
3771 964 3830 1012 et

2236 1045 2449 1103 peccata
2469 1037 2730 1103 confiteri,
2756 1048 2811 1094 et
2827 1039 3041 1095 vulnera
3070 1041 3278 1098 medico
3302 1045 3610 1110 ostendere,
3653 1058 3709 1103 et
3735 1063 3820 1103 sa-

2236 1127 2456 1184 nitatem
2498 1129 2750 1198 consequi
2783 1147 2795 1182 :
2827 1130 2948 1185 ideo
2995 1133 3228 1189 maxime
3269 1144 3394 1189 tunc
3420 1136 3654 1198 obsiStit‘,
3706 1154 3830 1192 om-

2234 1217 2427 1287 niaque
2454 1217 2579 1273 facit
2606 1227 2663 1274 et
2693 1227 2904 1283 tractat,
2936 1230 2994 1275 ut
3034 1237 3132 1276 nos
3184 1224 3487 1292 supplantet
3506 1267 3522 1291 ,
3552 1226 3831 1296 negligen-

2237 1313 2419 1376 tesque
2439 1306 2644 1363 reddat.
2671 1307 2902 1363 Proinde
2926 1309 3223 1379 vigilemus,
3243 1312 3488 1378 obsecro,
3514 1324 3567 1370 et
3590 1315 3833 1371 Scientes

2236 1398 2385 1455 illius
2410 1400 2649 1467 insidias,
2677 1402 2907 1457 maxime
2927 1413 3169 1473 tempore
3197 1405 3288 1459 illo
3307 1420 3525 1474 operam
3553 1407 3748 1463 demus
3771 1418 3831 1463 ut

2236 1489 2387 1557 quasi
2419 1498 2734 1558 pr:esentem
2761 1492 2910 1546 illum
2943 1504 3066 1548 ante
3094 1494 3279 1548 oculos
3306 1504 3535 1550 stantem
3583 1497 3834 1552 videntes

2237 1593 2623 1649 Oppugnemus,
2654 1590 2708 1635 et
2731 1583 3103 1657 cogitationem
3131 1599 3366 1647 omnem,
3390 1602 3507 1655 quae
3539 1602 3637 1639 nos
3659 1588 3837 1642 inter-

2238 1670 2452 1726 turbare
2479 1672 2664 1739 possit,
2693 1673 3013 1742 repellamus
3043 1693 3057 1728 :
3090 1676 3547 1744 totique-nitamur
3568 1678 3737 1732 Deum
3767 1686 3834 1733 nt

2237 1759 2390 1814 decet
2410 1760 2626 1830 alloqui,
2646 1772 2705 1817 ut
2734 1778 2840 1817 non
2863 1764 3037 1818 solum
3066 1764 3249 1830 verba,
3280 1766 3374 1819 scd
3394 1775 3448 1819 et
3460 1782 3615 1821 mens
3644 1768 3832 1823 verbo

2237 1867 2354 1906 rum
2382 1867 2565 1908 comes
2587 1854 2651 1907 ad
2684 1856 2850 1910 Deum
2875 1858 3150 1911 accedant.
3177 1857 3307 1911 Nam
3334 1859 3377 1913 si
3405 1859 3582 1929 lingua
3609 1861 3845 1930 quidem

2239 1940 2473 2011 proferat
2517 1942 2699 2007 verba,
2735 1960 2886 1999 mens
2914 1955 3090 2000 autem
3123 1946 3252 2001 foris
3278 1959 3550 2017 evagetur,
3580 1964 3701 2019 qnze
3725 1950 3833 2003 do-

2239 2032 2309 2085 tni
2340 2041 2463 2085 sunt
2488 2032 2750 2097 lustrans,
2777 2044 2831 2088 et
2863 2035 3157 2104 imaginans
3193 2051 3313 2105 qua:
3353 2037 3403 2090 in
3434 2038 3553 2091 foro
3571 2049 3827 2107 aguntur,

2237 2124 2383 2177 nulla
2414 2124 2567 2177 nobis
2587 2124 2789 2179 utilitas
2811 2136 2913 2192 est,
2933 2126 3173 2181 fortassis
3199 2136 3377 2183 autem
3398 2138 3465 2183 et'
3495 2129 3671 2199 major
3695 2145 3836 2184 con-

2234 2213 2524 2268 demnatio.
2581 2213 2869 2269 Enimvero
2911 2214 2957 2269 si
3011 2230 3131 2269 cum
3167 2216 3411 2271 homines
3441 2218 3683 2283 adimus,
3717 2229 3831 2272 tam

2235 2304 2474 2359 studiose
2498 2303 2547 2358 id
2566 2305 2791 2371 agimus,
2824 2314 2881 2359 ut
2899 2318 3063 2374 prone
3089 2315 3295 2361 stantes
3317 2320 3693 2376 saepenumero
3717 2324 3847 2362 non:

2237 2394 2534 2461 videamus,
2582 2393 2675 2449 sed
2704 2394 3005 2464 colligimus
3031 2384 3297 2463 men'eni,
3328 2406 3382 2450 et
3405 2396 3473 2450 ad
3497 2412 3620 2451 eum
3651 2397 3834 2453 selum

2236 2493 2541 2552 spectamus
2573 2482 2641 2536 ad
2682 2498 2841 2553 quem
2871 2483 3175 2539 accedimus
3209 2495 3445 2555 :quanto
3474 2485 3646 2555 magis
3686 2486 3855 2556 apudi

2238 2570 2405 2627 Deum
2438 2570 2578 2626 idem
2615 2572 2788 2627 facere
2818 2581 3065 2642 oportet,
3096 2585 3149 2627 et
3175 2573 3372 2643 jugitcr
3401 2575 3653 2643 precibus
3697 2576 3835 2631 insi~

2234 2674 2378 2719 stere
2392 2664 2417 2715 Ἰ
2437 2664 2661 2734 Propter
2678 2663 2782 2719 hoc
2804 2673 2859 2719 et
2888 2663 3080 2720 Paulus
3100 2665 3343 2720 scriberes
3367 2665 3577 2721 dicebat
3608 2685 3621 2720 :
3653 2667 3832 2721 Ortus-

2235 2764 2308 2808 εει
2338 2756 2390 2808 in
2414 2756 2553 2809 ωηοιὲ
2584 2764 2834 2826 tempore,
2872 2764 3015 2809 orate
3048 2767 3095 2811 et
3124 2756 3177 2809 in
3206 2757 3388 2823 spiritu
3416 2755 3579 2826 (Eph.
3607 2757 3663 2813 ϐ.
3700 2759 3835 2827 l8)-:

2238 2860 2346 2899 non
2373 2846 2550 2915 lingua
2581 2855 2806 2913 tantum,
2833 2856 2889 2901 et
2910 2862 3033 2903 cum
3056 2859 3335 2919 perpetua,
3368 2849 3563 2919 inquit,
3594 2850 3832 2921 vigilan-

2238 2937 2331 3002 tia,
2359 2936 2452 2992 sed
2480 2934 2546 2989 Et
2568 2938 2620 2989 in
2663 2938 2862 3007 spiritu.
2894 2938 3212 3007 Spirituales
3247 2941 3388 2995 enim
3413 2982 3429 3006 ,
3484 2942 3674 3011 inquit,
3722 2943 3838 2998 sint

2235 3035 2427 3081 vestra:
2457 3028 2760 3096 petitiones,
2790 3030 2981 3084 sobria-
2995 3031 3065 3086 sit
3120 3032 3279 3098 ratio,
3312 3041 3367 3088 et
3392 3032 3458 3087 iis
3486 3048 3607 3103 qua:
3634 3034 3837 3089 dicun-

2236 3126 2325 3170 tur
2351 3119 2787 3173 tnenaatteudat'.
2819 3118 2970 3174 'Falia
3000 3122 3182 3191 petite,
3205 3122 3382 3192 qualia
3410 3138 3443 3178 a
3493 3123 3603 3179 Deo
3641 3134 3838 3195 petere

2235 3209 2507 3275 convenit,
2560 3218 2616 3262 ut
2641 3218 2692 3263 et
2715 3209 2878 3279 petita
2906 3211 3190 3267 obtineatis
3221 3230 3237 3267 :
3267 3223 3321 3269 et
3356 3216 3410 3269 in
3452 3214 3583 3269 illud
3624 3216 3840 3272 incum-

2237 3299 2447 3365 bentes,
2476 3308 2530 3353 et
2576 3299 2670 3353 toti
2705 3300 3082 3371 expergefacti,
3109 3302 3274 3358 sobrii
3320 3310 3581 3359 etituente
3616 3308 3836 3377 vigiles,

2238 3406 2344 3445 non
2373 3392 2681 3458 oscitantes,
2711 3405 2809 3448 nec
2840 3408 2934 3448 vos
2964 3393 3245 3462 frieantes,
3278 3405 3333 3451 et
3359 3395 3484 3451 hinc
3522 3397 3649 3454 inde
3675 3415 3839 3454 men-

2240 3492 2346 3537 tem
2379 3492 2689 3537 vertentes:
2739 3482 2834 3538 sed
2861 3499 2981 3539 eum
3023 3485 3215 3541 timore
3242 3494 3299 3541 et
3325 3495 3559 3542 tremore
3600 3489 3837 3545 salutent

2238 3582 2470 3627 vestram
2501 3572 2815 3641 operemini.
2848 3571 3034 3627 Beatus
3062 3574 3227 3637 enim,
3254 3574 3445 3645 inquit,
3487 3576 3580 3645 qui
3627 3586 3839 3645 propter

2239 3664 2471 3733 pietatem
2496 3665 2671 3717 metuit
2699 3664 2868 3717 omnia
2900 3662 3082 3733 (Prov.
3112 3664 3203 3720 28.
3230 3665 3340 3736 Η).
3364 3666 3608 3736 Magnum
3632 3668 3837 3724 bonum

2238 3753 2495 3823 precatio.
2514 3752 2645 3806 Nam
2667 3753 2711 3807 si
2736 3753 2939 3807 homini
2966 3755 3086 3823 quis
3111 3755 3335 3825 loquens
3358 3757 3553 3812 virtute
3582 3760 3849 3827 praedito,

2240 3858 2344 3896 non
2369 3857 2588 3911 parvum
2611 3843 2734 3899 inde
2764 3844 2988 3899 fructum
3016 3846 3237 3915 percipit
3261 3850 3514 3917 :quantis
3545 3849 3703 3904 bonis
3723 3867 3833 3907 non

2241 3935 2444 3989 fruetur
2494 3936 2561 4002 is,
2604 3938 2688 3991 cui
2729 3952 2847 3991 cmn
2890 3938 3000 3992 Deo
3034 3940 3355 4009 colloquium
3406 3940 3605 3996 fuerit?
3649 3943 3848 4000 Oratio

2241 4029 2384 4081 enim
2410 4029 2729 4099 colloquium
2755 4040 2835 4083 est
2879 4044 2998 4083 etnn
3042 4031 3170 4085 Deo.
3202 4032 3354 4099 Quod
3398 4041 3456 4086 ut
3497 4035 3659 4101 scias,
3710 4038 3835 4092 audi

2244 4122 2554 4190 prophetam
2608 4122 2873 4176 dicentem
2905 4139 2918 4175 :
2947 4121 3243 4176 Iucundum
3298 4124 3363 4177 sit
3422 4124 3532 4179 Deo
3576 4128 3836 4197 eloquium

2242 4230 2405 4266 meum
2433 4214 2602 4283 (Psal.
2630 4214 2752 4267 1025.
2776 4215 2867 4281 54)
2899 4232 2911 4267 :
2940 4213 3043 4268 hoc
3063 4223 3164 4278 est,
3190 4230 3369 4271 sermo
3398 4217 3845 4285 meusjueundus

2241 4314 2492 4373 appareat
2526 4304 2653 4357 Deo.
2680 4304 2868 4357 Annon
2892 4304 3032 4357 enim
3053 4314 3305 4372 prmtare
3328 4314 3500 4373 potest
3524 4308 3833 4378 priusquam

2243 4393 2525 4461 petamus?
2552 4392 2747 4447 Verum
2787 4382 3005 4462 prepter
3030 4392 3130 4447 hoc
3150 4392 3333 4448 diifcrt
3346 4403 3410 4449 et
3426 4408 3728 4465 exspectat,
3782 4408 3834 4453 nt

2240 4484 2576 4538 occasionem
2623 4484 2870 4552 accipiat,
2900 4499 3002 4552 qua
3028 4485 3171 4553 juste
3216 4499 3314 4539 nos
3362 4500 3457 4539 sua
3498 4487 3835 4556 providentia

2194 4594 2197 4597 ι
2239 4572 2430 4641 dignos
2451 4571 2627 4626 faciat.
2649 4572 2773 4627 Sive
2788 4582 2968 4627 autem
2993 4587 3385 4644 consequamur
3410 4576 3552 4645 quod
3579 4580 3828 4647 petimus,

2240 4664 2354 4717 sive
2383 4678 2488 4716 non
2517 4677 2929 4733 consequamur,
2956 4678 3362 4733 perseveremus
3385 4680 3601 4736 semper
3626 4669 3680 4723 in
3711 4686 3839 4724 ora-

2244 4750 2387 4809 tione
2416 4770 2430 4807 :
2464 4764 2520 4809 et
2544 4772 2651 4809 non
2677 4756 2848 4809 solum
2875 4757 3072 4824 gratias
3099 4771 3317 4826 agamus
3344 4758 3388 4811 si
3414 4774 3830 4830 consequamur,

2243 4847 2335 4901 sed
2360 4846 2565 4902 etiamsi
2590 4846 2855 4917 repulsam
2883 4847 3026 4916 passi
3058 4845 3338 4903 tuerimus.
3368 4847 3503 4904 Nam
3541 4850 3832 4924 denegare,

2242 4952 2361 4991 cum
2390 4938 2526 4993 Deus
2554 4938 2685 5004 vult,
2727 4952 2840 4993 non
2864 4938 3039 4992 minus
3069 4948 3153 4992 est
3180 4954 3337 5007 quam
3365 4941 3410 4993 si
3451 4944 3843 4999 concessisset.

2244 5027 2519 5083 Nescimus
2546 5029 2687 5083 enim
2716 5042 2818 5083 nos
2843 5044 2962 5098 qua:
3006 5028 3160 5082 nobis
3185 5029 3504 5096 conducant,
3539 5033 3681 5089 sicut
3722 5035 3835 5105 ipse

2245 5121 2409 5174 novit.
2438 5120 2620 5190 Itaque
2646 5119 2759 5175 sive
2785 5113 2893 5174 ναὶ
2920 5131 3219 5189 compotes,
3248 5135 3362 5176 srve
3386 5123 3624 5191 impotes
3646 5126 3834 5191 simus,

2245 5211 2441 5280 gratias
2464 5225 2622 5281 agere
2640 5209 2923 5265 debemus.
2946 5209 3013 5265 Et
3037 5211 3165 5279 quid
3194 5212 3428 5279 miraris,
3456 5214 3501 5267 si
3532 5229 3641 5269 nos
3663 5217 3834 5272 nesei-

2249 5315 2366 5356 tnus
2388 5302 2513 5373 quid
2540 5301 2695 5357 nobis
2731 5301 2933 5373 prosit?
2973 5301 3168 5356 Paulus
3192 5342 3206 5367 ,
3255 5302 3375 5357 talis
3408 5312 3463 5357 et
3513 5312 3696 5361 tantus
3733 5307 3834 5375 vir,

2247 5407 2439 5449 arcana
2472 5393 2657 5449 audire
2698 5392 2891 5463 dignus
2926 5392 3157 5457 habitus,
3208 5392 3484 5462 igmrabat
3508 5408 3568 5448 se
3606 5410 3678 5450 ea
3710 5413 3836 5466 λιιι-αθ

2247 5500 2353 5540 non
2392 5485 2752 5555 expediebant
2804 5486 3031 5556 precari.
3079 5484 3209 5539 Nam
3239 5486 3362 5554 quia
3407 5485 3624 5543 videbat
3654 5502 3718 5543 se
3762 5498 3836 5545 tot

2247 5576 2510 5631 molestiis
2548 5576 2714 5646 cingi,
2749 5589 2815 5632 ac
2840 5575 3157 5632 circumdari
3183 5577 3390 5631 crebris
3428 5557 3836 5647 mutationibus,

2246 5665 2436 5721 orabat
2459 5673 2516 5720 ut
2544 5663 2613 5728 ab
2637 5666 2714 5720 eis
2734 5665 3082 5730 liberaretur,
3125 5666 3285 5736 idque
3313 5683 3417 5720 non
3464 5668 3632 5722 semel
3665 5685 3836 5740 neque

2253 5758 2471 5827 iterum,
2525 5757 2619 5812 sed
2645 5766 2701 5813 et
2740 5757 2956 5830 sepius.
2985 5754 3084 5823 Ter
3109 5758 3280 5829 antu,
3326 5757 3520 5830 ipquit,
3565 5756 3838 5815 Dominam
