  <div class='ocr_page' id='page_1' title='image "/cluster/home/n/w/nwhite01/storage/ocr_20150623/53/pst.000005712526/282.png"; bbox 0 0 4054 6312; ppageno 0'>
   <div class='ocr_carea' id='block_1_1' title="bbox 219 361 2429 427">
    <p class='ocr_par' dir='ltr' id='par_1_1' title="bbox 219 361 2429 427">
     <span class='ocr_line' id='line_1_1' title="bbox 219 361 2429 427; baseline -0.004 0"><span class='ocrx_word' id='word_1_1' title='bbox 219 373 306 427; x_wconf 74' lang='grc'><strong>281</strong></span> <span class='ocrx_word' id='word_1_2' title='bbox 1239 369 1304 426; x_wconf 70' lang='grc' dir='ltr'><strong>ΙΝ</strong></span> <span class='ocrx_word' id='word_1_3' title='bbox 1341 369 1499 427; x_wconf 81' lang='lat' dir='ltr'><strong>CAP.</strong></span> <span class='ocrx_word' id='word_1_4' title='bbox 1539 368 1634 426; x_wconf 73' lang='lat' dir='ltr'><strong>XI.</strong></span> <span class='ocrx_word' id='word_1_5' title='bbox 1675 367 1919 427; x_wconf 74' lang='lat' dir='ltr'><strong>GENES.</strong></span> <span class='ocrx_word' id='word_1_6' title='bbox 1960 363 2195 423; x_wconf 75' lang='lat' dir='ltr'><strong>HOIIlL.</strong></span> <span class='ocrx_word' id='word_1_7' title='bbox 2233 361 2429 420; x_wconf 70' lang='lat' dir='ltr'><strong>XXXI.</strong></span> 
     </span>
    </p>
   </div>
   <div class='ocr_carea' id='block_1_2' title="bbox 211 479 1793 552">
    <p class='ocr_par' dir='ltr' id='par_1_2' title="bbox 211 479 1793 552">
     <span class='ocr_line' id='line_1_2' title="bbox 211 479 1793 552; baseline -0.001 -18"><span class='ocrx_word' id='word_1_8' title='bbox 211 481 384 552; x_wconf 10' lang='lat' dir='ltr'><strong>(rogaui</strong></span> <span class='ocrx_word' id='word_1_9' title='bbox 416 480 491 550; x_wconf 66' lang='grc' dir='ltr'><strong>(Ξ.</strong></span> <span class='ocrx_word' id='word_1_10' title='bbox 519 479 638 537; x_wconf 87' lang='lat' dir='ltr'><strong>Cor.</strong></span> <span class='ocrx_word' id='word_1_11' title='bbox 675 481 762 536; x_wconf 74' lang='grc'><strong>12.</strong></span> <span class='ocrx_word' id='word_1_12' title='bbox 787 481 862 552; x_wconf 86' lang='lat'><strong>8).</strong></span> <span class='ocrx_word' id='word_1_13' title='bbox 891 479 1020 545; x_wconf 79' lang='lat' dir='ltr'><strong>Ter,</strong></span> <span class='ocrx_word' id='word_1_14' title='bbox 1053 479 1105 535; x_wconf 90' lang='lat' dir='ltr'><strong>ld</strong></span> <span class='ocrx_word' id='word_1_15' title='bbox 1131 491 1242 544; x_wconf 84' lang='lat' dir='ltr'><strong>est,</strong></span> <span class='ocrx_word' id='word_1_16' title='bbox 1292 480 1498 534; x_wconf 87' lang='lat' dir='ltr'><strong>vocavit</strong></span> <span class='ocrx_word' id='word_1_17' title='bbox 1548 495 1691 549; x_wconf 71' lang='lat' dir='ltr'><strong>smpe</strong></span> <span class='ocrx_word' id='word_1_18' title='bbox 1739 489 1793 534; x_wconf 87' lang='lat' dir='ltr'><strong>et</strong></span> 
     </span>
    </p>
   </div>
   <div class='ocr_carea' id='block_1_3' title="bbox 218 571 1800 645">
    <p class='ocr_par' dir='ltr' id='par_1_3' title="bbox 218 571 1800 645">
     <span class='ocr_line' id='line_1_3' title="bbox 218 571 1800 645; baseline -0.005 -15"><span class='ocrx_word' id='word_1_19' title='bbox 218 591 316 630; x_wconf 85' lang='lat' dir='ltr'><strong>non</strong></span> <span class='ocrx_word' id='word_1_20' title='bbox 346 575 670 645; x_wconf 85' lang='lat' dir='ltr'><strong>impetravit.</strong></span> <span class='ocrx_word' id='word_1_21' title='bbox 698 575 986 630; x_wconf 80' lang='lat' dir='ltr'><strong>Videamus</strong></span> <span class='ocrx_word' id='word_1_22' title='bbox 1009 589 1136 644; x_wconf 84' lang='lat' dir='ltr'><strong>ergo</strong></span> <span class='ocrx_word' id='word_1_23' title='bbox 1159 573 1428 643; x_wconf 90' lang='lat' dir='ltr'><strong>quomodo</strong></span> <span class='ocrx_word' id='word_1_24' title='bbox 1447 572 1669 626; x_wconf 66' lang='lat' dir='ltr'><strong>allectus</strong></span> <span class='ocrx_word' id='word_1_25' title='bbox 1686 571 1800 626; x_wconf 81' lang='lat' dir='ltr'><strong>fue-</strong></span> 
     </span>
    </p>
   </div>
   <div class='ocr_carea' id='block_1_4' title="bbox 217 661 1800 737">
    <p class='ocr_par' dir='ltr' id='par_1_4' title="bbox 217 661 1800 737">
     <span class='ocr_line' id='line_1_4' title="bbox 217 661 1800 737; baseline -0.003 -18"><span class='ocrx_word' id='word_1_26' title='bbox 217 668 299 720; x_wconf 82' lang='lat' dir='ltr'><strong>rit.</strong></span> <span class='ocrx_word' id='word_1_27' title='bbox 327 665 463 720; x_wconf 81' lang='lat' dir='ltr'><strong>Num</strong></span> <span class='ocrx_word' id='word_1_28' title='bbox 491 665 751 737; x_wconf 73' lang='lat' dir='ltr'><strong>gravatim</strong></span> <span class='ocrx_word' id='word_1_29' title='bbox 782 665 932 719; x_wconf 75' lang='lat' dir='ltr'><strong>tulit?</strong></span> <span class='ocrx_word' id='word_1_30' title='bbox 965 680 1089 719; x_wconf 92' lang='lat' dir='ltr'><strong>num</strong></span> <span class='ocrx_word' id='word_1_31' title='bbox 1115 664 1329 734; x_wconf 88' lang='lat' dir='ltr'><strong>segnior</strong></span> <span class='ocrx_word' id='word_1_32' title='bbox 1357 663 1494 717; x_wconf 79' lang='lat' dir='ltr'><strong>fuit?</strong></span> <span class='ocrx_word' id='word_1_33' title='bbox 1521 678 1649 718; x_wconf 89' lang='lat' dir='ltr'><strong>num</strong></span> <span class='ocrx_word' id='word_1_34' title='bbox 1696 661 1800 716; x_wconf 84' lang='lat' dir='ltr'><strong>ob-</strong></span> 
     </span>
    </p>
   </div>
   <div class='ocr_carea' id='block_1_5' title="bbox 220 751 1801 825">
    <p class='ocr_par' dir='ltr' id='par_1_5' title="bbox 220 751 1801 825">
     <span class='ocr_line' id='line_1_5' title="bbox 220 751 1801 825; baseline -0.004 -14"><span class='ocrx_word' id='word_1_35' title='bbox 220 757 446 824; x_wconf 74' lang='lat' dir='ltr'><strong>torpuit‘.’</strong></span> <span class='ocrx_word' id='word_1_36' title='bbox 485 755 720 811; x_wconf 75' lang='lat' dir='ltr'><strong>Minime.</strong></span> <span class='ocrx_word' id='word_1_37' title='bbox 751 755 858 809; x_wconf 87' lang='lat' dir='ltr'><strong>Sed</strong></span> <span class='ocrx_word' id='word_1_38' title='bbox 884 756 1011 825; x_wconf 89' lang='lat' dir='ltr'><strong>quid</strong></span> <span class='ocrx_word' id='word_1_39' title='bbox 1034 752 1247 824; x_wconf 82' lang='lat' dir='ltr'><strong>inquit?</strong></span> <span class='ocrx_word' id='word_1_40' title='bbox 1282 754 1417 807; x_wconf 67' lang='lat' dir='ltr'><strong>Dixit</strong></span> <span class='ocrx_word' id='word_1_41' title='bbox 1451 772 1463 807; x_wconf 90' lang='lat'>:</span> <span class='ocrx_word' id='word_1_42' title='bbox 1496 751 1692 822; x_wconf 69' lang='lat' dir='ltr'><strong>Sufﬁcit</strong></span> <span class='ocrx_word' id='word_1_43' title='bbox 1714 751 1801 805; x_wconf 79' lang='lat' dir='ltr'><strong>tibi</strong></span> 
     </span>
    </p>
   </div>
   <div class='ocr_carea' id='block_1_6' title="bbox 221 842 1802 915">
    <p class='ocr_par' dir='ltr' id='par_1_6' title="bbox 221 842 1802 915">
     <span class='ocr_line' id='line_1_6' title="bbox 221 842 1802 915; baseline -0.002 -19"><span class='ocrx_word' id='word_1_44' title='bbox 221 847 379 915; x_wconf 71' lang='lat' dir='ltr'><strong>gratia</strong></span> <span class='ocrx_word' id='word_1_45' title='bbox 409 863 542 900; x_wconf 77' lang='lat' dir='ltr'><strong>mea.</strong></span> <span class='ocrx_word' id='word_1_46' title='bbox 597 844 771 900; x_wconf 80' lang='lat' dir='ltr'><strong>Virtus</strong></span> <span class='ocrx_word' id='word_1_47' title='bbox 815 847 948 899; x_wconf 83' lang='lat' dir='ltr'><strong>enim</strong></span> <span class='ocrx_word' id='word_1_48' title='bbox 979 861 1092 897; x_wconf 82' lang='lat' dir='ltr'><strong>mea</strong></span> <span class='ocrx_word' id='word_1_49' title='bbox 1121 845 1172 896; x_wconf 87' lang='lat' dir='ltr'><strong>in</strong></span> <span class='ocrx_word' id='word_1_50' title='bbox 1201 844 1494 912; x_wconf 74' lang='lat' dir='ltr'><strong>inﬁrmitate</strong></span> <span class='ocrx_word' id='word_1_51' title='bbox 1543 842 1802 912; x_wconf 75' lang='lat' dir='ltr'><strong>perﬁcitur</strong></span> 
     </span>
    </p>
   </div>
   <div class='ocr_carea' id='block_1_7' title="bbox 221 935 1804 1006">
    <p class='ocr_par' dir='ltr' id='par_1_7' title="bbox 221 935 1804 1006">
     <span class='ocr_line' id='line_1_7' title="bbox 221 935 1804 1006; baseline -0.001 -16"><span class='ocrx_word' id='word_1_52' title='bbox 221 936 375 1006; x_wconf 85' lang='lat' dir='ltr'><strong>(Ibid.</strong></span> <span class='ocrx_word' id='word_1_53' title='bbox 409 953 460 990; x_wconf 79' lang='lat' dir='ltr'><strong>lt.</strong></span> <span class='ocrx_word' id='word_1_54' title='bbox 485 937 566 1006; x_wconf 85' lang='lat'><strong>9).</strong></span> <span class='ocrx_word' id='word_1_55' title='bbox 597 938 710 992; x_wconf 77' lang='lat' dir='ltr'><strong>Non</strong></span> <span class='ocrx_word' id='word_1_56' title='bbox 735 938 906 992; x_wconf 91' lang='lat' dir='ltr'><strong>solum</strong></span> <span class='ocrx_word' id='word_1_57' title='bbox 937 952 1041 990; x_wconf 89' lang='lat' dir='ltr'><strong>non</strong></span> <span class='ocrx_word' id='word_1_58' title='bbox 1071 935 1313 990; x_wconf 72' lang='lat' dir='ltr'><strong>liberavit</strong></span> <span class='ocrx_word' id='word_1_59' title='bbox 1352 937 1498 989; x_wconf 91' lang='lat' dir='ltr'><strong>illum</strong></span> <span class='ocrx_word' id='word_1_60' title='bbox 1521 936 1804 1004; x_wconf 76' lang='lat' dir='ltr'><strong>przeseuti-</strong></span> 
     </span>
    </p>
   </div>
   <div class='ocr_carea' id='block_1_8' title="bbox 222 1027 1801 1098">
    <p class='ocr_par' dir='ltr' id='par_1_8' title="bbox 222 1027 1801 1098">
     <span class='ocr_line' id='line_1_8' title="bbox 222 1027 1801 1098; baseline -0.001 -16"><span class='ocrx_word' id='word_1_61' title='bbox 222 1028 313 1082; x_wconf 88' lang='lat' dir='ltr'><strong>bus</strong></span> <span class='ocrx_word' id='word_1_62' title='bbox 338 1029 516 1092; x_wconf 84' lang='lat' dir='ltr'><strong>malis,</strong></span> <span class='ocrx_word' id='word_1_63' title='bbox 567 1029 662 1084; x_wconf 86' lang='lat' dir='ltr'><strong>sed</strong></span> <span class='ocrx_word' id='word_1_64' title='bbox 695 1030 746 1083; x_wconf 92' lang='lat' dir='ltr'><strong>in</strong></span> <span class='ocrx_word' id='word_1_65' title='bbox 797 1029 928 1098; x_wconf 85' lang='lat' dir='ltr'><strong>ipsis</strong></span> <span class='ocrx_word' id='word_1_66' title='bbox 960 1043 1301 1097; x_wconf 83' lang='lat' dir='ltr'><strong>perseverare</strong></span> <span class='ocrx_word' id='word_1_67' title='bbox 1337 1027 1596 1097; x_wconf 78' lang='lat' dir='ltr'><strong>permisit.</strong></span> <span class='ocrx_word' id='word_1_68' title='bbox 1635 1027 1801 1081; x_wconf 84' lang='lat' dir='ltr'><strong>Esto:</strong></span> 
     </span>
    </p>
   </div>
   <div class='ocr_carea' id='block_1_9' title="bbox 221 1115 1803 1188">
    <p class='ocr_par' dir='ltr' id='par_1_9' title="bbox 221 1115 1803 1188">
     <span class='ocr_line' id='line_1_9' title="bbox 221 1115 1803 1188; baseline -0.001 -16"><span class='ocrx_word' id='word_1_69' title='bbox 221 1117 311 1172; x_wconf 82' lang='lat' dir='ltr'><strong>sed</strong></span> <span class='ocrx_word' id='word_1_70' title='bbox 360 1119 503 1174; x_wconf 89' lang='lat' dir='ltr'><strong>unde</strong></span> <span class='ocrx_word' id='word_1_71' title='bbox 527 1119 780 1174; x_wconf 78' lang='lat' dir='ltr'><strong>discimus</strong></span> <span class='ocrx_word' id='word_1_72' title='bbox 806 1135 930 1174; x_wconf 90' lang='lat' dir='ltr'><strong>cum</strong></span> <span class='ocrx_word' id='word_1_73' title='bbox 975 1133 1081 1173; x_wconf 90' lang='lat' dir='ltr'><strong>non</strong></span> <span class='ocrx_word' id='word_1_74' title='bbox 1129 1120 1362 1188; x_wconf 78' lang='lat' dir='ltr'><strong>graviter</strong></span> <span class='ocrx_word' id='word_1_75' title='bbox 1404 1118 1627 1173; x_wconf 80' lang='lat' dir='ltr'><strong>tulisse?</strong></span> <span class='ocrx_word' id='word_1_76' title='bbox 1667 1115 1803 1171; x_wconf 82' lang='lat' dir='ltr'><strong>Audi</strong></span> 
     </span>
    </p>
   </div>
   <div class='ocr_carea' id='block_1_10' title="bbox 225 1207 1805 1279">
    <p class='ocr_par' dir='ltr' id='par_1_10' title="bbox 225 1207 1805 1279">
     <span class='ocr_line' id='line_1_10' title="bbox 225 1207 1805 1279; baseline -0.001 -17"><span class='ocrx_word' id='word_1_77' title='bbox 225 1209 440 1264; x_wconf 78' lang='lat' dir='ltr'><strong>Paulum</strong></span> <span class='ocrx_word' id='word_1_78' title='bbox 460 1210 747 1275; x_wconf 86' lang='lat' dir='ltr'><strong>dicentem,</strong></span> <span class='ocrx_word' id='word_1_79' title='bbox 799 1217 1081 1279; x_wconf 81' lang='lat' dir='ltr'><strong>postquam</strong></span> <span class='ocrx_word' id='word_1_80' title='bbox 1112 1209 1295 1264; x_wconf 72' lang='lat' dir='ltr'><strong>didicit</strong></span> <span class='ocrx_word' id='word_1_81' title='bbox 1321 1224 1386 1262; x_wconf 88' lang='lat' dir='ltr'><strong>ea</strong></span> <span class='ocrx_word' id='word_1_82' title='bbox 1409 1224 1531 1278; x_wconf 80' lang='lat' dir='ltr'><strong>qua:</strong></span> <span class='ocrx_word' id='word_1_83' title='bbox 1577 1207 1805 1262; x_wconf 86' lang='lat' dir='ltr'><strong>Domino</strong></span> 
     </span>
    </p>
   </div>
   <div class='ocr_carea' id='block_1_11' title="bbox 223 1298 1803 1370">
    <p class='ocr_par' dir='ltr' id='par_1_11' title="bbox 223 1298 1803 1370">
     <span class='ocr_line' id='line_1_11' title="bbox 223 1298 1803 1370; baseline 0 -19"><span class='ocrx_word' id='word_1_84' title='bbox 223 1299 408 1366; x_wconf 89' lang='lat' dir='ltr'><strong>placita</strong></span> <span class='ocrx_word' id='word_1_85' title='bbox 447 1307 602 1354; x_wconf 85' lang='lat' dir='ltr'><strong>erant</strong></span> <span class='ocrx_word' id='word_1_86' title='bbox 630 1317 644 1354; x_wconf 90' lang='lat'><strong>:</strong></span> <span class='ocrx_word' id='word_1_87' title='bbox 673 1298 909 1352; x_wconf 78' lang='lat' dir='ltr'><strong>Libenter</strong></span> <span class='ocrx_word' id='word_1_88' title='bbox 934 1300 1091 1370; x_wconf 78' lang='lat' dir='ltr'><strong>igitur</strong></span> <span class='ocrx_word' id='word_1_89' title='bbox 1115 1299 1376 1369; x_wconf 78' lang='lat' dir='ltr'><strong>gloriabor</strong></span> <span class='ocrx_word' id='word_1_90' title='bbox 1403 1302 1454 1352; x_wconf 88' lang='lat' dir='ltr'><strong>in</strong></span> <span class='ocrx_word' id='word_1_91' title='bbox 1489 1298 1803 1368; x_wconf 81' lang='lat' dir='ltr'><strong>inﬁrmitati-</strong></span> 
     </span>
    </p>
   </div>
   <div class='ocr_carea' id='block_1_12' title="bbox 224 1388 1802 1459">
    <p class='ocr_par' dir='ltr' id='par_1_12' title="bbox 224 1388 1802 1459">
     <span class='ocr_line' id='line_1_12' title="bbox 224 1388 1802 1459; baseline 0 -18"><span class='ocrx_word' id='word_1_92' title='bbox 224 1390 306 1442; x_wconf 73' lang='lat' dir='ltr'><strong>bus</strong></span> <span class='ocrx_word' id='word_1_93' title='bbox 329 1390 473 1444; x_wconf 83' lang='lat' dir='ltr'><strong>meis.</strong></span> <span class='ocrx_word' id='word_1_94' title='bbox 505 1389 619 1444; x_wconf 80' lang='lat' dir='ltr'><strong>Non</strong></span> <span class='ocrx_word' id='word_1_95' title='bbox 663 1390 856 1452; x_wconf 85' lang='lat' dir='ltr'><strong>soium,</strong></span> <span class='ocrx_word' id='word_1_96' title='bbox 895 1390 1086 1458; x_wconf 84' lang='lat' dir='ltr'><strong>inquit,</strong></span> <span class='ocrx_word' id='word_1_97' title='bbox 1137 1390 1390 1459; x_wconf 78' lang='lat' dir='ltr'><strong>deinceps</strong></span> <span class='ocrx_word' id='word_1_98' title='bbox 1430 1388 1642 1442; x_wconf 88' lang='lat' dir='ltr'><strong>liberari</strong></span> <span class='ocrx_word' id='word_1_99' title='bbox 1698 1403 1802 1442; x_wconf 91' lang='lat' dir='ltr'><strong>non</strong></span> 
     </span>
    </p>
   </div>
   <div class='ocr_carea' id='block_1_13' title="bbox 224 1479 1806 1551">
    <p class='ocr_par' dir='ltr' id='par_1_13' title="bbox 224 1479 1806 1551">
     <span class='ocr_line' id='line_1_13' title="bbox 224 1479 1806 1551; baseline 0.002 -21"><span class='ocrx_word' id='word_1_100' title='bbox 224 1480 451 1548; x_wconf 87' lang='lat' dir='ltr'><strong>requiro,</strong></span> <span class='ocrx_word' id='word_1_101' title='bbox 478 1481 570 1535; x_wconf 84' lang='lat' dir='ltr'><strong>sed</strong></span> <span class='ocrx_word' id='word_1_102' title='bbox 597 1490 651 1534; x_wconf 90' lang='lat' dir='ltr'><strong>et</strong></span> <span class='ocrx_word' id='word_1_103' title='bbox 674 1481 858 1550; x_wconf 79' lang='lat' dir='ltr'><strong>majori</strong></span> <span class='ocrx_word' id='word_1_104' title='bbox 884 1483 1154 1551; x_wconf 79' lang='lat' dir='ltr'><strong>voluptate</strong></span> <span class='ocrx_word' id='word_1_105' title='bbox 1181 1481 1230 1550; x_wconf 74' lang='lat' dir='ltr'><strong>gl</strong></span> <span class='ocrx_word' id='word_1_106' title='bbox 1254 1481 1448 1535; x_wconf 75' lang='lat' dir='ltr'><strong>iriahur</strong></span> <span class='ocrx_word' id='word_1_107' title='bbox 1470 1482 1522 1533; x_wconf 90' lang='lat' dir='ltr'><strong>in</strong></span> <span class='ocrx_word' id='word_1_108' title='bbox 1547 1479 1674 1534; x_wconf 86' lang='lat' dir='ltr'><strong>illis.</strong></span> <span class='ocrx_word' id='word_1_109' title='bbox 1716 1479 1806 1533; x_wconf 87' lang='lat' dir='ltr'><strong>Vi-</strong></span> 
     </span>
    </p>
   </div>
   <div class='ocr_carea' id='block_1_14' title="bbox 223 1567 1806 1638">
    <p class='ocr_par' dir='ltr' id='par_1_14' title="bbox 223 1567 1806 1638">
     <span class='ocr_line' id='line_1_14' title="bbox 223 1567 1806 1638; baseline 0.001 -18"><span class='ocrx_word' id='word_1_110' title='bbox 223 1567 340 1620; x_wconf 87' lang='lat' dir='ltr'><strong>disti</strong></span> <span class='ocrx_word' id='word_1_111' title='bbox 365 1578 567 1638; x_wconf 78' lang='lat' dir='ltr'><strong>gratam</strong></span> <span class='ocrx_word' id='word_1_112' title='bbox 595 1569 867 1623; x_wconf 73' lang='lat' dir='ltr'><strong>animum?</strong></span> <span class='ocrx_word' id='word_1_113' title='bbox 913 1571 1090 1623; x_wconf 89' lang='lat' dir='ltr'><strong>vidisti</strong></span> <span class='ocrx_word' id='word_1_114' title='bbox 1111 1571 1229 1638; x_wconf 87' lang='lat' dir='ltr'><strong>ejus</strong></span> <span class='ocrx_word' id='word_1_115' title='bbox 1256 1571 1306 1624; x_wconf 91' lang='lat' dir='ltr'><strong>in</strong></span> <span class='ocrx_word' id='word_1_116' title='bbox 1340 1570 1502 1623; x_wconf 89' lang='lat' dir='ltr'><strong>Deum</strong></span> <span class='ocrx_word' id='word_1_117' title='bbox 1534 1569 1806 1624; x_wconf 83' lang='lat' dir='ltr'><strong>amorem?</strong></span> 
     </span>
    </p>
   </div>
   <div class='ocr_carea' id='block_1_15' title="bbox 223 1657 1802 1728">
    <p class='ocr_par' dir='ltr' id='par_1_15' title="bbox 223 1657 1802 1728">
     <span class='ocr_line' id='line_1_15' title="bbox 223 1657 1802 1728; baseline 0.001 -18"><span class='ocrx_word' id='word_1_118' title='bbox 223 1657 353 1710; x_wconf 81' lang='lat' dir='ltr'><strong>Audi</strong></span> <span class='ocrx_word' id='word_1_119' title='bbox 372 1659 533 1711; x_wconf 85' lang='lat' dir='ltr'><strong>etiam</strong></span> <span class='ocrx_word' id='word_1_120' title='bbox 553 1660 818 1713; x_wconf 89' lang='lat' dir='ltr'><strong>dicentem</strong></span> <span class='ocrx_word' id='word_1_121' title='bbox 850 1677 863 1712; x_wconf 91' lang='lat'><strong>:</strong></span> <span class='ocrx_word' id='word_1_122' title='bbox 904 1659 1040 1723; x_wconf 80' lang='lat' dir='ltr'><strong>Quid</strong></span> <span class='ocrx_word' id='word_1_123' title='bbox 1070 1662 1202 1712; x_wconf 86' lang='lat' dir='ltr'><strong>enim</strong></span> <span class='ocrx_word' id='word_1_124' title='bbox 1229 1676 1491 1728; x_wconf 78' lang='lat' dir='ltr'><strong>precemur</strong></span> <span class='ocrx_word' id='word_1_125' title='bbox 1513 1668 1565 1712; x_wconf 76' lang='lat' dir='ltr'><strong>ut</strong></span> <span class='ocrx_word' id='word_1_126' title='bbox 1591 1667 1802 1727; x_wconf 82' lang='lat' dir='ltr'><strong>oportet,</strong></span> 
     </span>
    </p>
   </div>
   <div class='ocr_carea' id='block_1_16' title="bbox 224 1749 1805 1822">
    <p class='ocr_par' dir='ltr' id='par_1_16' title="bbox 224 1749 1805 1822">
     <span class='ocr_line' id='line_1_16' title="bbox 224 1749 1805 1822; baseline 0.004 -24"><span class='ocrx_word' id='word_1_127' title='bbox 224 1751 464 1802; x_wconf 74' lang='lat' dir='ltr'><strong>nescimus</strong></span> <span class='ocrx_word' id='word_1_128' title='bbox 491 1749 669 1819; x_wconf 80' lang='lat' dir='ltr'><strong>(Rom.</strong></span> <span class='ocrx_word' id='word_1_129' title='bbox 695 1751 749 1805; x_wconf 90' lang='lat'><strong>8.</strong></span> <span class='ocrx_word' id='word_1_130' title='bbox 772 1751 884 1820; x_wconf 66' lang='lat'><strong>26).</strong></span> <span class='ocrx_word' id='word_1_131' title='bbox 916 1752 1272 1822; x_wconf 85' lang='lat' dir='ltr'><strong>lmpossihilc,</strong></span> <span class='ocrx_word' id='word_1_132' title='bbox 1321 1753 1512 1820; x_wconf 80' lang='lat' dir='ltr'><strong>inquit,</strong></span> <span class='ocrx_word' id='word_1_133' title='bbox 1541 1761 1643 1816; x_wconf 90' lang='lat' dir='ltr'><strong>est,</strong></span> <span class='ocrx_word' id='word_1_134' title='bbox 1685 1767 1805 1806; x_wconf 86' lang='lat' dir='ltr'><strong>cum</strong></span> 
     </span>
    </p>
   </div>
   <div class='ocr_carea' id='block_1_17' title="bbox 225 1840 1808 1910">
    <p class='ocr_par' dir='ltr' id='par_1_17' title="bbox 225 1840 1808 1910">
     <span class='ocr_line' id='line_1_17' title="bbox 225 1840 1808 1910; baseline 0.003 -20"><span class='ocrx_word' id='word_1_135' title='bbox 225 1852 318 1892; x_wconf 85' lang='lat' dir='ltr'><strong>nos</strong></span> <span class='ocrx_word' id='word_1_136' title='bbox 346 1841 589 1894; x_wconf 81' lang='lat' dir='ltr'><strong>homines</strong></span> <span class='ocrx_word' id='word_1_137' title='bbox 645 1843 830 1907; x_wconf 82' lang='lat' dir='ltr'><strong>simus,</strong></span> <span class='ocrx_word' id='word_1_138' title='bbox 878 1842 1057 1896; x_wconf 89' lang='lat' dir='ltr'><strong>omnia</strong></span> <span class='ocrx_word' id='word_1_139' title='bbox 1089 1849 1236 1894; x_wconf 76' lang='lat' dir='ltr'><strong>ctrto</strong></span> <span class='ocrx_word' id='word_1_140' title='bbox 1280 1842 1437 1895; x_wconf 86' lang='lat' dir='ltr'><strong>seire.</strong></span> <span class='ocrx_word' id='word_1_141' title='bbox 1483 1840 1808 1910; x_wconf 81' lang='lat' dir='ltr'><strong>Relinquen-</strong></span> 
     </span>
    </p>
   </div>
   <div class='ocr_carea' id='block_1_18' title="bbox 224 1931 1808 2003">
    <p class='ocr_par' dir='ltr' id='par_1_18' title="bbox 224 1931 1808 2003">
     <span class='ocr_line' id='line_1_18' title="bbox 224 1931 1808 2003; baseline 0.002 -20"><span class='ocrx_word' id='word_1_142' title='bbox 224 1931 342 1984; x_wconf 90' lang='lat' dir='ltr'><strong>dum</strong></span> <span class='ocrx_word' id='word_1_143' title='bbox 375 1947 504 2003; x_wconf 83' lang='lat' dir='ltr'><strong>ergo</strong></span> <span class='ocrx_word' id='word_1_144' title='bbox 545 1933 645 1988; x_wconf 88' lang='lat' dir='ltr'><strong>hoc</strong></span> <span class='ocrx_word' id='word_1_145' title='bbox 668 1943 750 1987; x_wconf 88' lang='lat' dir='ltr'><strong>est</strong></span> <span class='ocrx_word' id='word_1_146' title='bbox 786 1933 1028 1986; x_wconf 88' lang='lat' dir='ltr'><strong>omnium</strong></span> <span class='ocrx_word' id='word_1_147' title='bbox 1076 1931 1392 1995; x_wconf 78' lang='lat' dir='ltr'><strong>Conditori;</strong></span> <span class='ocrx_word' id='word_1_148' title='bbox 1440 1932 1808 1999; x_wconf 80' lang='lat' dir='ltr'><strong>sumcndaque</strong></span> 
     </span>
    </p>
   </div>
   <div class='ocr_carea' id='block_1_19' title="bbox 225 2021 1811 2093">
    <p class='ocr_par' dir='ltr' id='par_1_19' title="bbox 225 2021 1811 2093">
     <span class='ocr_line' id='line_1_19' title="bbox 225 2021 1811 2093; baseline 0 -19"><span class='ocrx_word' id='word_1_149' title='bbox 225 2033 341 2076; x_wconf 78' lang='lat' dir='ltr'><strong>sunt</strong></span> <span class='ocrx_word' id='word_1_150' title='bbox 375 2039 496 2077; x_wconf 91' lang='lat' dir='ltr'><strong>cum</strong></span> <span class='ocrx_word' id='word_1_151' title='bbox 521 2024 714 2092; x_wconf 86' lang='lat' dir='ltr'><strong>gaudio</strong></span> <span class='ocrx_word' id='word_1_152' title='bbox 736 2033 790 2078; x_wconf 91' lang='lat' dir='ltr'><strong>et</strong></span> <span class='ocrx_word' id='word_1_153' title='bbox 830 2024 1100 2093; x_wconf 80' lang='lat' dir='ltr'><strong>voluptate</strong></span> <span class='ocrx_word' id='word_1_154' title='bbox 1119 2036 1470 2090; x_wconf 81' lang='lat' dir='ltr'><strong>qna-cumque.</strong></span> <span class='ocrx_word' id='word_1_155' title='bbox 1493 2022 1607 2090; x_wconf 85' lang='lat' dir='ltr'><strong>ipse</strong></span> <span class='ocrx_word' id='word_1_156' title='bbox 1635 2021 1811 2075; x_wconf 69' lang='lat' dir='ltr'><strong>\olut&#39;-</strong></span> 
     </span>
    </p>
   </div>
   <div class='ocr_carea' id='block_1_20' title="bbox 226 2112 1809 2182">
    <p class='ocr_par' dir='ltr' id='par_1_20' title="bbox 226 2112 1809 2182">
     <span class='ocr_line' id='line_1_20' title="bbox 226 2112 1809 2182; baseline -0.003 -17"><span class='ocrx_word' id='word_1_157' title='bbox 226 2112 334 2178; x_wconf 89' lang='lat' dir='ltr'><strong>rit;</strong></span> <span class='ocrx_word' id='word_1_158' title='bbox 369 2129 468 2167; x_wconf 88' lang='lat' dir='ltr'><strong>nec</strong></span> <span class='ocrx_word' id='word_1_159' title='bbox 514 2114 862 2182; x_wconf 64' lang='lat' dir='ltr'><strong>spectandum</strong></span> <span class='ocrx_word' id='word_1_160' title='bbox 893 2115 958 2168; x_wconf 89' lang='lat' dir='ltr'><strong>ad</strong></span> <span class='ocrx_word' id='word_1_161' title='bbox 1017 2112 1250 2181; x_wconf 88' lang='lat' dir='ltr'><strong>speciem</strong></span> <span class='ocrx_word' id='word_1_162' title='bbox 1293 2127 1480 2165; x_wconf 89' lang='lat' dir='ltr'><strong>eorum</strong></span> <span class='ocrx_word' id='word_1_163' title='bbox 1530 2127 1652 2180; x_wconf 69' lang='lat' dir='ltr'><strong>qua:</strong></span> <span class='ocrx_word' id='word_1_164' title='bbox 1681 2128 1809 2166; x_wconf 68' lang='lat' dir='ltr'><strong>eve-</strong></span> 
     </span>
    </p>
   </div>
   <div class='ocr_carea' id='block_1_21' title="bbox 227 2202 1811 2273">
    <p class='ocr_par' dir='ltr' id='par_1_21' title="bbox 227 2202 1811 2273">
     <span class='ocr_line' id='line_1_21' title="bbox 227 2202 1811 2273; baseline 0.001 -20"><span class='ocrx_word' id='word_1_165' title='bbox 227 2204 393 2266; x_wconf 90' lang='lat' dir='ltr'><strong>niunt,</strong></span> <span class='ocrx_word' id='word_1_166' title='bbox 418 2203 508 2257; x_wconf 80' lang='lat' dir='ltr'><strong>sed</strong></span> <span class='ocrx_word' id='word_1_167' title='bbox 539 2204 666 2273; x_wconf 66' lang='lat' dir='ltr'><strong>quid</strong></span> <span class='ocrx_word' id='word_1_168' title='bbox 695 2215 970 2272; x_wconf 84' lang='lat' dir='ltr'><strong>acceptum</strong></span> <span class='ocrx_word' id='word_1_169' title='bbox 997 2203 1062 2256; x_wconf 86' lang='lat' dir='ltr'><strong>sit</strong></span> <span class='ocrx_word' id='word_1_170' title='bbox 1091 2202 1333 2256; x_wconf 88' lang='lat' dir='ltr'><strong>Domino.</strong></span> <span class='ocrx_word' id='word_1_171' title='bbox 1356 2202 1453 2269; x_wconf 85' lang='lat' dir='ltr'><strong>Qui</strong></span> <span class='ocrx_word' id='word_1_172' title='bbox 1475 2203 1618 2256; x_wconf 88' lang='lat' dir='ltr'><strong>enim</strong></span> <span class='ocrx_word' id='word_1_173' title='bbox 1645 2203 1811 2271; x_wconf 87' lang='lat' dir='ltr'><strong>magis</strong></span> 
     </span>
    </p>
   </div>
   <div class='ocr_carea' id='block_1_22' title="bbox 224 2291 1808 2363">
    <p class='ocr_par' dir='ltr' id='par_1_22' title="bbox 224 2291 1808 2363">
     <span class='ocr_line' id='line_1_22' title="bbox 224 2291 1808 2363; baseline 0.001 -20"><span class='ocrx_word' id='word_1_174' title='bbox 224 2295 320 2345; x_wconf 84' lang='lat' dir='ltr'><strong>ttcit</strong></span> <span class='ocrx_word' id='word_1_175' title='bbox 354 2293 479 2363; x_wconf 85' lang='lat' dir='ltr'><strong>quid</strong></span> <span class='ocrx_word' id='word_1_176' title='bbox 507 2293 658 2348; x_wconf 64' lang='lat' dir='ltr'><strong>nobi;</strong></span> <span class='ocrx_word' id='word_1_177' title='bbox 687 2297 869 2362; x_wconf 72' lang='lat' dir='ltr'><strong>prosit,</strong></span> <span class='ocrx_word' id='word_1_178' title='bbox 899 2309 1054 2362; x_wconf 88' lang='lat' dir='ltr'><strong>quam</strong></span> <span class='ocrx_word' id='word_1_179' title='bbox 1086 2291 1182 2362; x_wconf 85' lang='lat' dir='ltr'><strong>ipsi</strong></span> <span class='ocrx_word' id='word_1_180' title='bbox 1212 2306 1330 2357; x_wconf 85' lang='lat' dir='ltr'><strong>nos,</strong></span> <span class='ocrx_word' id='word_1_181' title='bbox 1353 2293 1467 2361; x_wconf 71' lang='lat' dir='ltr'><strong>ipse</strong></span> <span class='ocrx_word' id='word_1_182' title='bbox 1495 2291 1646 2346; x_wconf 91' lang='lat' dir='ltr'><strong>novit</strong></span> <span class='ocrx_word' id='word_1_183' title='bbox 1675 2307 1808 2360; x_wconf 89' lang='lat' dir='ltr'><strong>quo-</strong></span> 
     </span>
    </p>
   </div>
   <div class='ocr_carea' id='block_1_23' title="bbox 227 2383 1033 2453">
    <p class='ocr_par' dir='ltr' id='par_1_23' title="bbox 227 2383 1033 2453">
     <span class='ocr_line' id='line_1_23' title="bbox 227 2383 1033 2453; baseline 0 -19"><span class='ocrx_word' id='word_1_184' title='bbox 227 2384 380 2436; x_wconf 88' lang='lat' dir='ltr'><strong>modo</strong></span> <span class='ocrx_word' id='word_1_185' title='bbox 409 2384 550 2437; x_wconf 82' lang='lat' dir='ltr'><strong>salus</strong></span> <span class='ocrx_word' id='word_1_186' title='bbox 571 2401 606 2438; x_wconf 80' lang='grc' dir='ltr'><strong><em>η</em></strong></span> <span class='ocrx_word' id='word_1_187' title='bbox 629 2397 752 2438; x_wconf 74' lang='grc' dir='ltr'><strong>»εις-ει</strong></span> <span class='ocrx_word' id='word_1_188' title='bbox 777 2383 1033 2453; x_wconf 81' lang='lat' dir='ltr'><strong>paranda.</strong></span> 
     </span>
    </p>
   </div>
   <div class='ocr_carea' id='block_1_24' title="bbox 293 2471 1811 2541">
    <p class='ocr_par' dir='ltr' id='par_1_24' title="bbox 293 2471 1811 2541">
     <span class='ocr_line' id='line_1_24' title="bbox 293 2471 1811 2541; baseline -0.001 -18"><span class='ocrx_word' id='word_1_189' title='bbox 293 2472 346 2524; x_wconf 81' lang='lat'><strong>6.</strong></span> <span class='ocrx_word' id='word_1_190' title='bbox 386 2472 634 2525; x_wconf 64' lang='lat' dir='ltr'><strong>Nostrum</strong></span> <span class='ocrx_word' id='word_1_191' title='bbox 665 2488 794 2540; x_wconf 90' lang='lat' dir='ltr'><strong>ergo</strong></span> <span class='ocrx_word' id='word_1_192' title='bbox 841 2487 1002 2526; x_wconf 90' lang='lat' dir='ltr'><strong>unum</strong></span> <span class='ocrx_word' id='word_1_193' title='bbox 1050 2473 1117 2525; x_wconf 89' lang='lat' dir='ltr'><strong>sit</strong></span> <span class='ocrx_word' id='word_1_194' title='bbox 1163 2485 1314 2541; x_wconf 88' lang='lat' dir='ltr'><strong>opus,</strong></span> <span class='ocrx_word' id='word_1_195' title='bbox 1344 2471 1616 2523; x_wconf 84' lang='lat' dir='ltr'><strong>centinuis</strong></span> <span class='ocrx_word' id='word_1_196' title='bbox 1679 2471 1811 2523; x_wconf 83' lang='lat' dir='ltr'><strong>insi-</strong></span> 
     </span>
    </p>
   </div>
   <div class='ocr_carea' id='block_1_25' title="bbox 225 2561 1811 2631">
    <p class='ocr_par' dir='ltr' id='par_1_25' title="bbox 225 2561 1811 2631">
     <span class='ocr_line' id='line_1_25' title="bbox 225 2561 1811 2631; baseline 0.001 -18"><span class='ocrx_word' id='word_1_197' title='bbox 225 2571 364 2616; x_wconf 82' lang='lat' dir='ltr'><strong>stere</strong></span> <span class='ocrx_word' id='word_1_198' title='bbox 395 2563 657 2631; x_wconf 81' lang='lat' dir='ltr'><strong>precibus,</strong></span> <span class='ocrx_word' id='word_1_199' title='bbox 691 2573 746 2616; x_wconf 89' lang='lat' dir='ltr'><strong>et</strong></span> <span class='ocrx_word' id='word_1_200' title='bbox 775 2579 880 2616; x_wconf 86' lang='lat' dir='ltr'><strong>non</strong></span> <span class='ocrx_word' id='word_1_201' title='bbox 916 2578 1058 2629; x_wconf 57' lang='lat' dir='ltr'><strong>a‘gre</strong></span> <span class='ocrx_word' id='word_1_202' title='bbox 1101 2562 1240 2615; x_wconf 82' lang='lat' dir='ltr'><strong>lerrc</strong></span> <span class='ocrx_word' id='word_1_203' title='bbox 1278 2562 1322 2614; x_wconf 88' lang='lat' dir='ltr'><strong>si</strong></span> <span class='ocrx_word' id='word_1_204' title='bbox 1353 2561 1628 2615; x_wconf 81' lang='lat' dir='ltr'><strong>tliﬂ&#39;eratttr</strong></span> <span class='ocrx_word' id='word_1_205' title='bbox 1671 2563 1811 2628; x_wconf 88' lang='lat' dir='ltr'><strong>quod</strong></span> 
     </span>
    </p>
   </div>
   <div class='ocr_carea' id='block_1_26' title="bbox 227 2651 1807 2721">
    <p class='ocr_par' dir='ltr' id='par_1_26' title="bbox 227 2651 1807 2721">
     <span class='ocr_line' id='line_1_26' title="bbox 227 2651 1807 2721; baseline 0.001 -18"><span class='ocrx_word' id='word_1_206' title='bbox 227 2653 476 2717; x_wconf 81' lang='lat' dir='ltr'><strong>petimus,</strong></span> <span class='ocrx_word' id='word_1_207' title='bbox 527 2654 620 2705; x_wconf 78' lang='lat' dir='ltr'><strong>sed</strong></span> <span class='ocrx_word' id='word_1_208' title='bbox 673 2652 892 2704; x_wconf 85' lang='lat' dir='ltr'><strong>multam</strong></span> <span class='ocrx_word' id='word_1_209' title='bbox 937 2652 1245 2720; x_wconf 86' lang='lat' dir='ltr'><strong>patientiam</strong></span> <span class='ocrx_word' id='word_1_210' title='bbox 1295 2651 1568 2705; x_wconf 76' lang='lat' dir='ltr'><strong>exhibere.</strong></span> <span class='ocrx_word' id='word_1_211' title='bbox 1623 2651 1807 2721; x_wconf 84' lang='lat' dir='ltr'><strong>Neque</strong></span> 
     </span>
    </p>
   </div>
   <div class='ocr_carea' id='block_1_27' title="bbox 229 2739 1816 2810">
    <p class='ocr_par' dir='ltr' id='par_1_27' title="bbox 229 2739 1816 2810">
     <span class='ocr_line' id='line_1_27' title="bbox 229 2739 1816 2810; baseline 0 -17"><span class='ocrx_word' id='word_1_212' title='bbox 229 2739 368 2793; x_wconf 82' lang='lat' dir='ltr'><strong>enim</strong></span> <span class='ocrx_word' id='word_1_213' title='bbox 416 2742 653 2795; x_wconf 86' lang='lat' dir='ltr'><strong>:buuens</strong></span> <span class='ocrx_word' id='word_1_214' title='bbox 681 2755 866 2810; x_wconf 86' lang='lat' dir='ltr'><strong>preces</strong></span> <span class='ocrx_word' id='word_1_215' title='bbox 911 2751 1120 2796; x_wconf 86' lang='lat' dir='ltr'><strong>nostras</strong></span> <span class='ocrx_word' id='word_1_216' title='bbox 1147 2741 1326 2795; x_wconf 75' lang='lat' dir='ltr'><strong>diilert</strong></span> <span class='ocrx_word' id='word_1_217' title='bbox 1371 2759 1382 2794; x_wconf 93' lang='lat'>:</span> <span class='ocrx_word' id='word_1_218' title='bbox 1425 2741 1519 2796; x_wconf 65' lang='lat' dir='ltr'><strong>sed</strong></span> <span class='ocrx_word' id='word_1_219' title='bbox 1567 2742 1667 2793; x_wconf 87' lang='lat' dir='ltr'><strong>hac</strong></span> <span class='ocrx_word' id='word_1_220' title='bbox 1702 2753 1816 2794; x_wconf 87' lang='lat' dir='ltr'><strong>arte</strong></span> 
     </span>
    </p>
   </div>
   <div class='ocr_carea' id='block_1_28' title="bbox 227 2830 1816 2900">
    <p class='ocr_par' dir='ltr' id='par_1_28' title="bbox 227 2830 1816 2900">
     <span class='ocr_line' id='line_1_28' title="bbox 227 2830 1816 2900; baseline 0 -17"><span class='ocrx_word' id='word_1_221' title='bbox 227 2831 354 2884; x_wconf 82' lang='lat' dir='ltr'><strong>sedu</strong></span> <span class='ocrx_word' id='word_1_222' title='bbox 375 2844 440 2883; x_wconf 84' lang='lat' dir='ltr'><strong>os</strong></span> <span class='ocrx_word' id='word_1_223' title='bbox 462 2845 560 2884; x_wconf 67' lang='lat' dir='ltr'><strong>nos</strong></span> <span class='ocrx_word' id='word_1_224' title='bbox 587 2830 851 2895; x_wconf 73' lang='lat' dir='ltr'><strong>ciliciets,</strong></span> <span class='ocrx_word' id='word_1_225' title='bbox 896 2831 962 2884; x_wconf 90' lang='lat' dir='ltr'><strong>ad</strong></span> <span class='ocrx_word' id='word_1_226' title='bbox 991 2832 1336 2899; x_wconf 78' lang='lat' dir='ltr'><strong>semetipsum</strong></span> <span class='ocrx_word' id='word_1_227' title='bbox 1366 2842 1619 2900; x_wconf 69' lang='lat' dir='ltr'><strong>perpetuo</strong></span> <span class='ocrx_word' id='word_1_228' title='bbox 1645 2841 1816 2884; x_wconf 89' lang='lat' dir='ltr'><strong>attra-</strong></span> 
     </span>
    </p>
   </div>
   <div class='ocr_carea' id='block_1_29' title="bbox 231 2921 1820 2992">
    <p class='ocr_par' dir='ltr' id='par_1_29' title="bbox 231 2921 1820 2992">
     <span class='ocr_line' id='line_1_29' title="bbox 231 2921 1820 2992; baseline 0.001 -18"><span class='ocrx_word' id='word_1_229' title='bbox 231 2921 355 2975; x_wconf 78' lang='lat' dir='ltr'><strong>here</strong></span> <span class='ocrx_word' id='word_1_230' title='bbox 387 2925 514 2976; x_wconf 88' lang='lat' dir='ltr'><strong>vult.</strong></span> <span class='ocrx_word' id='word_1_231' title='bbox 555 2921 688 2976; x_wconf 81' lang='lat' dir='ltr'><strong>Nam</strong></span> <span class='ocrx_word' id='word_1_232' title='bbox 727 2933 778 2977; x_wconf 88' lang='lat' dir='ltr'><strong>et</strong></span> <span class='ocrx_word' id='word_1_233' title='bbox 813 2933 961 2992; x_wconf 77' lang='lat' dir='ltr'><strong>pater</strong></span> <span class='ocrx_word' id='word_1_234' title='bbox 991 2923 1156 2990; x_wconf 83' lang='lat' dir='ltr'><strong>prolis</strong></span> <span class='ocrx_word' id='word_1_235' title='bbox 1197 2936 1384 2975; x_wconf 89' lang='lat' dir='ltr'><strong>atnans</strong></span> <span class='ocrx_word' id='word_1_236' title='bbox 1413 2937 1534 2975; x_wconf 90' lang='lat' dir='ltr'><strong>cum</strong></span> <span class='ocrx_word' id='word_1_237' title='bbox 1582 2937 1612 2976; x_wconf 89' lang='lat' dir='ltr'><strong>a</strong></span> <span class='ocrx_word' id='word_1_238' title='bbox 1652 2935 1820 2991; x_wconf 90' lang='lat' dir='ltr'><strong>puero</strong></span> 
     </span>
    </p>
   </div>
   <div class='ocr_carea' id='block_1_30' title="bbox 227 3012 1815 3083">
    <p class='ocr_par' dir='ltr' id='par_1_30' title="bbox 227 3012 1815 3083">
     <span class='ocr_line' id='line_1_30' title="bbox 227 3012 1815 3083; baseline 0.001 -19"><span class='ocrx_word' id='word_1_239' title='bbox 227 3021 459 3081; x_wconf 74' lang='lat' dir='ltr'><strong>rogatur,</strong></span> <span class='ocrx_word' id='word_1_240' title='bbox 486 3014 693 3079; x_wconf 80' lang='lat' dir='ltr'><strong>abnuit,</strong></span> <span class='ocrx_word' id='word_1_241' title='bbox 719 3029 822 3068; x_wconf 84' lang='lat' dir='ltr'><strong>non</strong></span> <span class='ocrx_word' id='word_1_242' title='bbox 865 3013 1005 3083; x_wconf 89' lang='lat' dir='ltr'><strong>quod</strong></span> <span class='ocrx_word' id='word_1_243' title='bbox 1037 3013 1166 3067; x_wconf 83' lang='lat' dir='ltr'><strong>dare</strong></span> <span class='ocrx_word' id='word_1_244' title='bbox 1207 3013 1359 3076; x_wconf 79' lang='lat' dir='ltr'><strong>ttulit,</strong></span> <span class='ocrx_word' id='word_1_245' title='bbox 1405 3015 1497 3066; x_wconf 87' lang='lat' dir='ltr'><strong>sed</strong></span> <span class='ocrx_word' id='word_1_246' title='bbox 1529 3024 1584 3066; x_wconf 93' lang='lat' dir='ltr'><strong>ttt</strong></span> <span class='ocrx_word' id='word_1_247' title='bbox 1609 3013 1674 3066; x_wconf 93' lang='lat' dir='ltr'><strong>ad</strong></span> <span class='ocrx_word' id='word_1_248' title='bbox 1705 3012 1815 3066; x_wconf 87' lang='lat' dir='ltr'><strong>diu-</strong></span> 
     </span>
    </p>
   </div>
   <div class='ocr_carea' id='block_1_31' title="bbox 229 3102 1817 3173">
    <p class='ocr_par' dir='ltr' id='par_1_31' title="bbox 229 3102 1817 3173">
     <span class='ocr_line' id='line_1_31' title="bbox 229 3102 1817 3173; baseline 0.002 -20"><span class='ocrx_word' id='word_1_249' title='bbox 229 3103 330 3155; x_wconf 88' lang='lat' dir='ltr'><strong>tius</strong></span> <span class='ocrx_word' id='word_1_250' title='bbox 351 3102 666 3157; x_wconf 83' lang='lat' dir='ltr'><strong>adstandum</strong></span> <span class='ocrx_word' id='word_1_251' title='bbox 695 3105 986 3173; x_wconf 87' lang='lat' dir='ltr'><strong>pcrtrahat.</strong></span> <span class='ocrx_word' id='word_1_252' title='bbox 1017 3102 1143 3156; x_wconf 71' lang='lat' dir='ltr'><strong>llaec</strong></span> <span class='ocrx_word' id='word_1_253' title='bbox 1169 3105 1345 3171; x_wconf 83' lang='lat' dir='ltr'><strong>itaque</strong></span> <span class='ocrx_word' id='word_1_254' title='bbox 1379 3103 1608 3156; x_wconf 90' lang='lat' dir='ltr'><strong>scientes</strong></span> <span class='ocrx_word' id='word_1_255' title='bbox 1630 3117 1697 3156; x_wconf 86' lang='lat' dir='ltr'><strong>ne</strong></span> <span class='ocrx_word' id='word_1_256' title='bbox 1717 3103 1817 3156; x_wconf 89' lang='lat' dir='ltr'><strong>de-</strong></span> 
     </span>
    </p>
   </div>
   <div class='ocr_carea' id='block_1_32' title="bbox 229 3194 1816 3264">
    <p class='ocr_par' dir='ltr' id='par_1_32' title="bbox 229 3194 1816 3264">
     <span class='ocr_line' id='line_1_32' title="bbox 229 3194 1816 3264; baseline 0.001 -18"><span class='ocrx_word' id='word_1_257' title='bbox 229 3209 526 3263; x_wconf 84' lang='lat' dir='ltr'><strong>speremus,</strong></span> <span class='ocrx_word' id='word_1_258' title='bbox 546 3211 613 3249; x_wconf 90' lang='lat' dir='ltr'><strong>ne</strong></span> <span class='ocrx_word' id='word_1_259' title='bbox 635 3211 907 3250; x_wconf 80' lang='lat' dir='ltr'><strong>cessemus</strong></span> <span class='ocrx_word' id='word_1_260' title='bbox 924 3210 1046 3250; x_wconf 90' lang='lat' dir='ltr'><strong>enm</strong></span> <span class='ocrx_word' id='word_1_261' title='bbox 1069 3194 1245 3260; x_wconf 85' lang='lat' dir='ltr'><strong>adire,</strong></span> <span class='ocrx_word' id='word_1_262' title='bbox 1277 3206 1331 3249; x_wconf 88' lang='lat' dir='ltr'><strong>et</strong></span> <span class='ocrx_word' id='word_1_263' title='bbox 1359 3209 1545 3264; x_wconf 84' lang='lat' dir='ltr'><strong>preces</strong></span> <span class='ocrx_word' id='word_1_264' title='bbox 1575 3195 1816 3250; x_wconf 81' lang='lat' dir='ltr'><strong>fundere.</strong></span> 
     </span>
    </p>
   </div>
   <div class='ocr_carea' id='block_1_33' title="bbox 228 3288 1816 3358">
    <p class='ocr_par' dir='ltr' id='par_1_33' title="bbox 228 3288 1816 3358">
     <span class='ocr_line' id='line_1_33' title="bbox 228 3288 1816 3358; baseline -0.001 -16"><span class='ocrx_word' id='word_1_265' title='bbox 228 3289 434 3343; x_wconf 75' lang='lat' dir='ltr'><strong>Etenim</strong></span> <span class='ocrx_word' id='word_1_266' title='bbox 460 3289 504 3340; x_wconf 90' lang='lat' dir='ltr'><strong>si</strong></span> <span class='ocrx_word' id='word_1_267' title='bbox 525 3289 796 3344; x_wconf 88' lang='lat' dir='ltr'><strong>crudelem</strong></span> <span class='ocrx_word' id='word_1_268' title='bbox 819 3300 872 3343; x_wconf 88' lang='lat' dir='ltr'><strong>et</strong></span> <span class='ocrx_word' id='word_1_269' title='bbox 899 3289 1247 3343; x_wconf 89' lang='lat' dir='ltr'><strong>inhumanum</strong></span> <span class='ocrx_word' id='word_1_270' title='bbox 1273 3289 1419 3342; x_wconf 82' lang='lat' dir='ltr'><strong>illum</strong></span> <span class='ocrx_word' id='word_1_271' title='bbox 1447 3289 1705 3358; x_wconf 71' lang='lat' dir='ltr'><strong>iudicem,</strong></span> <span class='ocrx_word' id='word_1_272' title='bbox 1727 3288 1816 3357; x_wconf 86' lang='lat' dir='ltr'><strong>qui</strong></span> 
     </span>
    </p>
   </div>
   <div class='ocr_carea' id='block_1_34' title="bbox 225 3382 1820 3460">
    <p class='ocr_par' dir='ltr' id='par_1_34' title="bbox 225 3382 1820 3460">
     <span class='ocr_line' id='line_1_34' title="bbox 225 3382 1820 3460; baseline -0.006 -18"><span class='ocrx_word' id='word_1_273' title='bbox 225 3405 396 3460; x_wconf 85' lang='lat' dir='ltr'><strong>neque</strong></span> <span class='ocrx_word' id='word_1_274' title='bbox 420 3391 584 3446; x_wconf 84' lang='lat' dir='ltr'><strong>Deum</strong></span> <span class='ocrx_word' id='word_1_275' title='bbox 605 3389 843 3454; x_wconf 82' lang='lat' dir='ltr'><strong>timebat,</strong></span> <span class='ocrx_word' id='word_1_276' title='bbox 867 3389 1104 3443; x_wconf 87' lang='lat' dir='ltr'><strong>mulieris</strong></span> <span class='ocrx_word' id='word_1_277' title='bbox 1119 3385 1375 3440; x_wconf 81' lang='lat' dir='ltr'><strong>sedulitas</strong></span> <span class='ocrx_word' id='word_1_278' title='bbox 1393 3382 1589 3451; x_wconf 88' lang='lat' dir='ltr'><strong>coegit,</strong></span> <span class='ocrx_word' id='word_1_279' title='bbox 1615 3393 1664 3434; x_wconf 91' lang='lat' dir='ltr'><strong>et</strong></span> <span class='ocrx_word' id='word_1_280' title='bbox 1695 3395 1820 3449; x_wconf 89' lang='lat' dir='ltr'><strong>pro-</strong></span> 
     </span>
    </p>
   </div>
   <div class='ocr_carea' id='block_1_35' title="bbox 225 3474 1820 3550">
    <p class='ocr_par' dir='ltr' id='par_1_35' title="bbox 225 3474 1820 3550">
     <span class='ocr_line' id='line_1_35' title="bbox 225 3474 1820 3550; baseline -0.008 -15"><span class='ocrx_word' id='word_1_281' title='bbox 225 3483 430 3535; x_wconf 81' lang='lat' dir='ltr'><strong>vocavit</strong></span> <span class='ocrx_word' id='word_1_282' title='bbox 451 3490 506 3534; x_wconf 92' lang='lat' dir='ltr'><strong>ut</strong></span> <span class='ocrx_word' id='word_1_283' title='bbox 532 3480 632 3535; x_wconf 88' lang='lat' dir='ltr'><strong>sibi</strong></span> <span class='ocrx_word' id='word_1_284' title='bbox 659 3489 993 3534; x_wconf 83' lang='lat' dir='ltr'><strong>succurreret</strong></span> <span class='ocrx_word' id='word_1_285' title='bbox 1021 3477 1173 3550; x_wconf 86' lang='lat' dir='ltr'><strong>(Luc.</strong></span> <span class='ocrx_word' id='word_1_286' title='bbox 1199 3476 1287 3531; x_wconf 66' lang='grc'><strong>18.</strong></span> <span class='ocrx_word' id='word_1_287' title='bbox 1305 3474 1361 3528; x_wconf 69' lang='lat'><strong>2.</strong></span> <span class='ocrx_word' id='word_1_288' title='bbox 1389 3490 1494 3542; x_wconf 91' lang='lat' dir='ltr'><strong>sqq.</strong></span> <span class='ocrx_word' id='word_1_289' title='bbox 1522 3477 1539 3541; x_wconf 93' lang='lat'><strong>)</strong></span> <span class='ocrx_word' id='word_1_290' title='bbox 1575 3491 1588 3525; x_wconf 90' lang='lat'><strong>:</strong></span> <span class='ocrx_word' id='word_1_291' title='bbox 1621 3481 1820 3540; x_wconf 89' lang='lat' dir='ltr'><strong>quanto</strong></span> 
     </span>
    </p>
   </div>
   <div class='ocr_carea' id='block_1_36' title="bbox 224 3564 1817 3644">
    <p class='ocr_par' dir='ltr' id='par_1_36' title="bbox 224 3564 1817 3644">
     <span class='ocr_line' id='line_1_36' title="bbox 224 3564 1817 3644; baseline -0.008 -18"><span class='ocrx_word' id='word_1_292' title='bbox 224 3575 392 3644; x_wconf 82' lang='lat' dir='ltr'><strong>magis</strong></span> <span class='ocrx_word' id='word_1_293' title='bbox 436 3587 570 3637; x_wconf 87' lang='lat' dir='ltr'><strong>nos,</strong></span> <span class='ocrx_word' id='word_1_294' title='bbox 616 3573 660 3626; x_wconf 90' lang='lat' dir='ltr'><strong>si</strong></span> <span class='ocrx_word' id='word_1_295' title='bbox 703 3573 1030 3626; x_wconf 75' lang='lat' dir='ltr'><strong>voluerimus</strong></span> <span class='ocrx_word' id='word_1_296' title='bbox 1079 3571 1220 3624; x_wconf 85' lang='lat' dir='ltr'><strong>illam</strong></span> <span class='ocrx_word' id='word_1_297' title='bbox 1268 3566 1460 3621; x_wconf 82' lang='lat' dir='ltr'><strong>imitari</strong></span> <span class='ocrx_word' id='word_1_298' title='bbox 1514 3564 1817 3626; x_wconf 87' lang='lat' dir='ltr'><strong>mulierem,</strong></span> 
     </span>
    </p>
   </div>
   <div class='ocr_carea' id='block_1_37' title="bbox 226 3660 1820 3732">
    <p class='ocr_par' dir='ltr' id='par_1_37' title="bbox 226 3660 1820 3732">
     <span class='ocr_line' id='line_1_37' title="bbox 226 3660 1820 3732; baseline -0.006 -17"><span class='ocrx_word' id='word_1_299' title='bbox 226 3662 292 3717; x_wconf 86' lang='lat' dir='ltr'><strong>ad</strong></span> <span class='ocrx_word' id='word_1_300' title='bbox 339 3663 711 3732; x_wconf 84' lang='lat' dir='ltr'><strong>opitulandum</strong></span> <span class='ocrx_word' id='word_1_301' title='bbox 757 3663 911 3716; x_wconf 89' lang='lat' dir='ltr'><strong>nobis</strong></span> <span class='ocrx_word' id='word_1_302' title='bbox 940 3660 1350 3729; x_wconf 81' lang='lat' dir='ltr'><strong>provocabimus</strong></span> <span class='ocrx_word' id='word_1_303' title='bbox 1381 3665 1716 3710; x_wconf 88' lang='lat' dir='ltr'><strong>mansuetum</strong></span> <span class='ocrx_word' id='word_1_304' title='bbox 1764 3662 1820 3706; x_wconf 90' lang='lat' dir='ltr'><strong>et</strong></span> 
     </span>
    </p>
   </div>
   <div class='ocr_carea' id='block_1_38' title="bbox 223 3749 1823 3818">
    <p class='ocr_par' dir='ltr' id='par_1_38' title="bbox 223 3749 1823 3818">
     <span class='ocr_line' id='line_1_38' title="bbox 223 3749 1823 3818; baseline -0.006 -11"><span class='ocrx_word' id='word_1_305' title='bbox 223 3755 627 3812; x_wconf 86' lang='lat' dir='ltr'><strong>misericordem</strong></span> <span class='ocrx_word' id='word_1_306' title='bbox 660 3765 900 3810; x_wconf 79' lang='lat' dir='ltr'><strong>nestrum</strong></span> <span class='ocrx_word' id='word_1_307' title='bbox 947 3753 1251 3815; x_wconf 84' lang='lat' dir='ltr'><strong>Dominum,</strong></span> <span class='ocrx_word' id='word_1_308' title='bbox 1287 3749 1718 3818; x_wconf 87' lang='lat' dir='ltr'><strong>compatientem,</strong></span> <span class='ocrx_word' id='word_1_309' title='bbox 1768 3753 1823 3798; x_wconf 90' lang='lat' dir='ltr'><strong>et</strong></span> 
     </span>
    </p>
   </div>
   <div class='ocr_carea' id='block_1_39' title="bbox 221 3839 1817 3910">
    <p class='ocr_par' dir='ltr' id='par_1_39' title="bbox 221 3839 1817 3910">
     <span class='ocr_line' id='line_1_39' title="bbox 221 3839 1817 3910; baseline -0.006 -12"><span class='ocrx_word' id='word_1_310' title='bbox 221 3845 288 3900; x_wconf 87' lang='lat' dir='ltr'><strong>ad</strong></span> <span class='ocrx_word' id='word_1_311' title='bbox 315 3847 548 3900; x_wconf 86' lang='lat' dir='ltr'><strong>salutem</strong></span> <span class='ocrx_word' id='word_1_312' title='bbox 580 3855 814 3900; x_wconf 88' lang='lat' dir='ltr'><strong>nostram</strong></span> <span class='ocrx_word' id='word_1_313' title='bbox 839 3843 1246 3899; x_wconf 81' lang='lat' dir='ltr'><strong>occurrentem?</strong></span> <span class='ocrx_word' id='word_1_314' title='bbox 1274 3840 1383 3896; x_wconf 82' lang='lat' dir='ltr'><strong>Nos</strong></span> <span class='ocrx_word' id='word_1_315' title='bbox 1412 3855 1542 3910; x_wconf 87' lang='lat' dir='ltr'><strong>ergo</strong></span> <span class='ocrx_word' id='word_1_316' title='bbox 1568 3839 1817 3892; x_wconf 85' lang='lat' dir='ltr'><strong>institua-</strong></span> 
     </span>
    </p>
   </div>
   <div class='ocr_carea' id='block_1_40' title="bbox 223 3930 1822 4004">
    <p class='ocr_par' dir='ltr' id='par_1_40' title="bbox 223 3930 1822 4004">
     <span class='ocr_line' id='line_1_40' title="bbox 223 3930 1822 4004; baseline -0.004 -14"><span class='ocrx_word' id='word_1_317' title='bbox 223 3951 362 4002; x_wconf 88' lang='lat' dir='ltr'><strong>mus,</strong></span> <span class='ocrx_word' id='word_1_318' title='bbox 417 3946 474 3991; x_wconf 89' lang='lat' dir='ltr'><strong>ttt</strong></span> <span class='ocrx_word' id='word_1_319' title='bbox 508 3936 725 3992; x_wconf 84' lang='lat' dir='ltr'><strong>diliicile</strong></span> <span class='ocrx_word' id='word_1_320' title='bbox 772 3937 1099 4004; x_wconf 82' lang='lat' dir='ltr'><strong>avellamur,</strong></span> <span class='ocrx_word' id='word_1_321' title='bbox 1156 3945 1210 3990; x_wconf 85' lang='lat' dir='ltr'><strong>et</strong></span> <span class='ocrx_word' id='word_1_322' title='bbox 1257 3943 1514 4004; x_wconf 86' lang='lat' dir='ltr'><strong>perpetuo</strong></span> <span class='ocrx_word' id='word_1_323' title='bbox 1571 3930 1822 4001; x_wconf 87' lang='lat' dir='ltr'><strong>precibus</strong></span> 
     </span>
    </p>
   </div>
   <div class='ocr_carea' id='block_1_41' title="bbox 225 4023 1824 4097">
    <p class='ocr_par' dir='ltr' id='par_1_41' title="bbox 225 4023 1824 4097">
     <span class='ocr_line' id='line_1_41' title="bbox 225 4023 1824 4097; baseline -0.004 -17"><span class='ocrx_word' id='word_1_324' title='bbox 225 4028 618 4090; x_wconf 81' lang='lat' dir='ltr'><strong>incumbamus,</strong></span> <span class='ocrx_word' id='word_1_325' title='bbox 649 4037 754 4081; x_wconf 83' lang='lat' dir='ltr'><strong>tam</strong></span> <span class='ocrx_word' id='word_1_326' title='bbox 781 4028 888 4091; x_wconf 91' lang='lat' dir='ltr'><strong>die,</strong></span> <span class='ocrx_word' id='word_1_327' title='bbox 914 4042 1072 4097; x_wconf 90' lang='lat' dir='ltr'><strong>quam</strong></span> <span class='ocrx_word' id='word_1_328' title='bbox 1099 4034 1288 4090; x_wconf 88' lang='lat' dir='ltr'><strong>noctu;</strong></span> <span class='ocrx_word' id='word_1_329' title='bbox 1313 4024 1422 4078; x_wconf 90' lang='lat' dir='ltr'><strong>imo</strong></span> <span class='ocrx_word' id='word_1_330' title='bbox 1443 4023 1610 4090; x_wconf 72' lang='lat' dir='ltr'><strong>magis</strong></span> <span class='ocrx_word' id='word_1_331' title='bbox 1637 4031 1824 4088; x_wconf 83' lang='lat' dir='ltr'><strong>noctu,</strong></span> 
     </span>
    </p>
   </div>
   <div class='ocr_carea' id='block_1_42' title="bbox 219 4114 1821 4188">
    <p class='ocr_par' dir='ltr' id='par_1_42' title="bbox 219 4114 1821 4188">
     <span class='ocr_line' id='line_1_42' title="bbox 219 4114 1821 4188; baseline -0.006 -15"><span class='ocrx_word' id='word_1_332' title='bbox 219 4120 440 4188; x_wconf 81' lang='lat' dir='ltr'><strong>quando</strong></span> <span class='ocrx_word' id='word_1_333' title='bbox 463 4119 644 4172; x_wconf 82' lang='lat' dir='ltr'><strong>nullus</strong></span> <span class='ocrx_word' id='word_1_334' title='bbox 671 4119 1008 4184; x_wconf 85' lang='lat' dir='ltr'><strong>interturbat,</strong></span> <span class='ocrx_word' id='word_1_335' title='bbox 1041 4117 1254 4187; x_wconf 88' lang='lat' dir='ltr'><strong>quando</strong></span> <span class='ocrx_word' id='word_1_336' title='bbox 1297 4130 1488 4184; x_wconf 88' lang='lat' dir='ltr'><strong>magna</strong></span> <span class='ocrx_word' id='word_1_337' title='bbox 1541 4114 1821 4183; x_wconf 81' lang='lat' dir='ltr'><strong>cogitatio-</strong></span> 
     </span>
    </p>
   </div>
   <div class='ocr_carea' id='block_1_43' title="bbox 224 4204 1816 4279">
    <p class='ocr_par' dir='ltr' id='par_1_43' title="bbox 224 4204 1816 4279">
     <span class='ocr_line' id='line_1_43' title="bbox 224 4204 1816 4279; baseline -0.004 -15"><span class='ocrx_word' id='word_1_338' title='bbox 224 4226 350 4264; x_wconf 91' lang='lat' dir='ltr'><strong>num</strong></span> <span class='ocrx_word' id='word_1_339' title='bbox 400 4210 792 4279; x_wconf 66' lang='lat' dir='ltr'><strong>tranquillitas,</strong></span> <span class='ocrx_word' id='word_1_340' title='bbox 845 4209 1061 4279; x_wconf 84' lang='lat' dir='ltr'><strong>quando</strong></span> <span class='ocrx_word' id='word_1_341' title='bbox 1107 4208 1284 4263; x_wconf 90' lang='lat' dir='ltr'><strong>nullus</strong></span> <span class='ocrx_word' id='word_1_342' title='bbox 1337 4206 1481 4261; x_wconf 90' lang='lat' dir='ltr'><strong>domi</strong></span> <span class='ocrx_word' id='word_1_343' title='bbox 1533 4204 1816 4268; x_wconf 86' lang='lat' dir='ltr'><strong>tumultus,</strong></span> 
     </span>
    </p>
   </div>
   <div class='ocr_carea' id='block_1_44' title="bbox 223 4297 1820 4372">
    <p class='ocr_par' dir='ltr' id='par_1_44' title="bbox 223 4297 1820 4372">
     <span class='ocr_line' id='line_1_44' title="bbox 223 4297 1820 4372; baseline -0.004 -18"><span class='ocrx_word' id='word_1_344' title='bbox 223 4303 438 4370; x_wconf 82' lang='lat' dir='ltr'><strong>quando</strong></span> <span class='ocrx_word' id='word_1_345' title='bbox 496 4304 670 4358; x_wconf 90' lang='lat' dir='ltr'><strong>nullus</strong></span> <span class='ocrx_word' id='word_1_346' title='bbox 708 4310 793 4358; x_wconf 89' lang='lat' dir='ltr'><strong>est</strong></span> <span class='ocrx_word' id='word_1_347' title='bbox 819 4303 906 4372; x_wconf 91' lang='lat' dir='ltr'><strong>qui</strong></span> <span class='ocrx_word' id='word_1_348' title='bbox 937 4303 1006 4355; x_wconf 87' lang='lat' dir='ltr'><strong>ab</strong></span> <span class='ocrx_word' id='word_1_349' title='bbox 1033 4297 1249 4356; x_wconf 82' lang='lat' dir='ltr'><strong>accessu</strong></span> <span class='ocrx_word' id='word_1_350' title='bbox 1274 4300 1547 4369; x_wconf 89' lang='lat' dir='ltr'><strong>prohibeat</strong></span> <span class='ocrx_word' id='word_1_351' title='bbox 1574 4309 1626 4352; x_wconf 91' lang='lat' dir='ltr'><strong>et</strong></span> <span class='ocrx_word' id='word_1_352' title='bbox 1650 4297 1820 4350; x_wconf 87' lang='lat' dir='ltr'><strong>abdu-</strong></span> 
     </span>
    </p>
   </div>
   <div class='ocr_carea' id='block_1_45' title="bbox 222 4389 1823 4465">
    <p class='ocr_par' dir='ltr' id='par_1_45' title="bbox 222 4389 1823 4465">
     <span class='ocr_line' id='line_1_45' title="bbox 222 4389 1823 4465; baseline -0.005 -18"><span class='ocrx_word' id='word_1_353' title='bbox 222 4405 326 4461; x_wconf 84' lang='lat' dir='ltr'><strong>cat,</strong></span> <span class='ocrx_word' id='word_1_354' title='bbox 357 4395 576 4465; x_wconf 84' lang='lat' dir='ltr'><strong>quando</strong></span> <span class='ocrx_word' id='word_1_355' title='bbox 597 4405 781 4450; x_wconf 90' lang='lat' dir='ltr'><strong>erecta</strong></span> <span class='ocrx_word' id='word_1_356' title='bbox 803 4411 955 4448; x_wconf 88' lang='lat' dir='ltr'><strong>mens</strong></span> <span class='ocrx_word' id='word_1_357' title='bbox 977 4394 1153 4448; x_wconf 87' lang='lat' dir='ltr'><strong>omnia</strong></span> <span class='ocrx_word' id='word_1_358' title='bbox 1189 4394 1472 4462; x_wconf 81' lang='lat' dir='ltr'><strong>diligenter</strong></span> <span class='ocrx_word' id='word_1_359' title='bbox 1500 4389 1703 4444; x_wconf 79' lang='lat' dir='ltr'><strong>referre</strong></span> <span class='ocrx_word' id='word_1_360' title='bbox 1727 4405 1823 4458; x_wconf 81' lang='lat' dir='ltr'><strong>po-</strong></span> 
     </span>
    </p>
   </div>
   <div class='ocr_carea' id='block_1_46' title="bbox 227 4481 1823 4562">
    <p class='ocr_par' dir='ltr' id='par_1_46' title="bbox 227 4481 1823 4562">
     <span class='ocr_line' id='line_1_46' title="bbox 227 4481 1823 4562; baseline -0.004 -24"><span class='ocrx_word' id='word_1_361' title='bbox 227 4495 331 4540; x_wconf 89' lang='lat' dir='ltr'><strong>test</strong></span> <span class='ocrx_word' id='word_1_362' title='bbox 357 4485 661 4539; x_wconf 86' lang='lat' dir='ltr'><strong>animarum</strong></span> <span class='ocrx_word' id='word_1_363' title='bbox 693 4485 1009 4562; x_wconf 34' lang='lat' dir='ltr'><strong>medico.‘Si</strong></span> <span class='ocrx_word' id='word_1_364' title='bbox 1059 4485 1200 4538; x_wconf 87' lang='lat' dir='ltr'><strong>enim</strong></span> <span class='ocrx_word' id='word_1_365' title='bbox 1254 4485 1439 4536; x_wconf 83' lang='lat' dir='ltr'><strong>beatus</strong></span> <span class='ocrx_word' id='word_1_366' title='bbox 1491 4481 1677 4544; x_wconf 83' lang='lat' dir='ltr'><strong>David,</strong></span> <span class='ocrx_word' id='word_1_367' title='bbox 1731 4496 1823 4532; x_wconf 83' lang='lat' dir='ltr'><strong>rex</strong></span> 
     </span>
    </p>
   </div>
   <div class='ocr_carea' id='block_1_47' title="bbox 225 4574 1822 4647">
    <p class='ocr_par' dir='ltr' id='par_1_47' title="bbox 225 4574 1822 4647">
     <span class='ocr_line' id='line_1_47' title="bbox 225 4574 1822 4647; baseline -0.004 -16"><span class='ocrx_word' id='word_1_368' title='bbox 225 4580 382 4632; x_wconf 83' lang='lat' dir='ltr'><strong>simul</strong></span> <span class='ocrx_word' id='word_1_369' title='bbox 400 4593 465 4633; x_wconf 85' lang='lat' dir='ltr'><strong>ac</strong></span> <span class='ocrx_word' id='word_1_370' title='bbox 493 4578 771 4647; x_wconf 88' lang='lat' dir='ltr'><strong>propheta,</strong></span> <span class='ocrx_word' id='word_1_371' title='bbox 791 4580 951 4633; x_wconf 89' lang='lat' dir='ltr'><strong>tantis</strong></span> <span class='ocrx_word' id='word_1_372' title='bbox 982 4577 1266 4646; x_wconf 89' lang='lat' dir='ltr'><strong>implicitus</strong></span> <span class='ocrx_word' id='word_1_373' title='bbox 1302 4574 1550 4644; x_wconf 69' lang='lat' dir='ltr'><strong>negotiis,</strong></span> <span class='ocrx_word' id='word_1_374' title='bbox 1587 4587 1822 4642; x_wconf 86' lang='lat' dir='ltr'><strong>purpura</strong></span> 
     </span>
    </p>
   </div>
   <div class='ocr_carea' id='block_1_48' title="bbox 225 4662 1824 4732">
    <p class='ocr_par' dir='ltr' id='par_1_48' title="bbox 225 4662 1824 4732">
     <span class='ocr_line' id='line_1_48' title="bbox 225 4662 1824 4732; baseline -0.006 -8"><span class='ocrx_word' id='word_1_375' title='bbox 225 4679 280 4724; x_wconf 84' lang='lat' dir='ltr'><strong>et</strong></span> <span class='ocrx_word' id='word_1_376' title='bbox 305 4669 615 4723; x_wconf 85' lang='lat' dir='ltr'><strong>diademate</strong></span> <span class='ocrx_word' id='word_1_377' title='bbox 643 4671 868 4722; x_wconf 87' lang='lat' dir='ltr'><strong>atnit-tus</strong></span> <span class='ocrx_word' id='word_1_378' title='bbox 891 4709 905 4732; x_wconf 94' lang='lat'><strong>,</strong></span> <span class='ocrx_word' id='word_1_379' title='bbox 940 4669 1080 4722; x_wconf 82' lang='lat' dir='ltr'><strong>dicat</strong></span> <span class='ocrx_word' id='word_1_380' title='bbox 1111 4687 1125 4723; x_wconf 91' lang='lat'><strong>:</strong></span> <span class='ocrx_word' id='word_1_381' title='bbox 1155 4667 1326 4721; x_wconf 78' lang='lat' dir='ltr'><strong>Media</strong></span> <span class='ocrx_word' id='word_1_382' title='bbox 1371 4675 1514 4718; x_wconf 83' lang='lat' dir='ltr'><strong>nocte</strong></span> <span class='ocrx_word' id='word_1_383' title='bbox 1559 4662 1824 4732; x_wconf 74' lang='lat' dir='ltr'><strong>surgebam</strong></span> 
     </span>
    </p>
   </div>
   <div class='ocr_carea' id='block_1_49' title="bbox 225 4753 1822 4829">
    <p class='ocr_par' dir='ltr' id='par_1_49' title="bbox 225 4753 1822 4829">
     <span class='ocr_line' id='line_1_49' title="bbox 225 4753 1822 4829; baseline -0.004 -16"><span class='ocrx_word' id='word_1_384' title='bbox 225 4763 292 4813; x_wconf 84' lang='lat' dir='ltr'><strong>ad</strong></span> <span class='ocrx_word' id='word_1_385' title='bbox 310 4760 658 4828; x_wconf 80' lang='lat' dir='ltr'><strong>conﬁtendum</strong></span> <span class='ocrx_word' id='word_1_386' title='bbox 684 4759 769 4812; x_wconf 85' lang='lat' dir='ltr'><strong>tibi</strong></span> <span class='ocrx_word' id='word_1_387' title='bbox 790 4776 938 4829; x_wconf 81' lang='lat' dir='ltr'><strong>super</strong></span> <span class='ocrx_word' id='word_1_388' title='bbox 944 4760 1146 4828; x_wconf 84' lang='lat' dir='ltr'><strong>judicia</strong></span> <span class='ocrx_word' id='word_1_389' title='bbox 1161 4759 1491 4829; x_wconf 74' lang='lat' dir='ltr'><strong>justitiwtua:</strong></span> <span class='ocrx_word' id='word_1_390' title='bbox 1519 4753 1721 4824; x_wconf 77' lang='lat' dir='ltr'><strong>(PsaM</strong></span> <span class='ocrx_word' id='word_1_391' title='bbox 1740 4753 1822 4807; x_wconf 78' lang='grc'><strong>18.</strong></span> 
     </span>
    </p>
   </div>
   <div class='ocr_carea' id='block_1_50' title="bbox 227 4847 1824 4919">
    <p class='ocr_par' dir='ltr' id='par_1_50' title="bbox 227 4847 1824 4919">
     <span class='ocr_line' id='line_1_50' title="bbox 227 4847 1824 4919; baseline -0.007 -15"><span class='ocrx_word' id='word_1_392' title='bbox 227 4850 317 4919; x_wconf 70' lang='lat'><strong>02)</strong></span> <span class='ocrx_word' id='word_1_393' title='bbox 356 4869 370 4904; x_wconf 90' lang='lat'>:</span> <span class='ocrx_word' id='word_1_394' title='bbox 399 4849 534 4919; x_wconf 87' lang='lat' dir='ltr'><strong>quid</strong></span> <span class='ocrx_word' id='word_1_395' title='bbox 564 4864 661 4902; x_wconf 85' lang='lat' dir='ltr'><strong>nos</strong></span> <span class='ocrx_word' id='word_1_396' title='bbox 689 4849 926 4904; x_wconf 89' lang='lat' dir='ltr'><strong>dicemus</strong></span> <span class='ocrx_word' id='word_1_397' title='bbox 951 4851 1042 4917; x_wconf 88' lang='lat' dir='ltr'><strong>qui</strong></span> <span class='ocrx_word' id='word_1_398' title='bbox 1073 4849 1326 4917; x_wconf 79' lang='lat' dir='ltr'><strong>privatam</strong></span> <span class='ocrx_word' id='word_1_399' title='bbox 1372 4856 1426 4900; x_wconf 91' lang='lat' dir='ltr'><strong>et</strong></span> <span class='ocrx_word' id='word_1_400' title='bbox 1474 4847 1698 4897; x_wconf 84' lang='lat' dir='ltr'><strong>otiosam</strong></span> <span class='ocrx_word' id='word_1_401' title='bbox 1745 4850 1824 4894; x_wconf 86' lang='lat' dir='ltr'><strong>vi-</strong></span> 
     </span>
    </p>
   </div>
   <div class='ocr_carea' id='block_1_51' title="bbox 230 4931 1824 5008">
    <p class='ocr_par' dir='ltr' id='par_1_51' title="bbox 230 4931 1824 5008">
     <span class='ocr_line' id='line_1_51' title="bbox 230 4931 1824 5008; baseline -0.005 -16"><span class='ocrx_word' id='word_1_402' title='bbox 230 4949 338 4994; x_wconf 73' lang='lat' dir='ltr'><strong>tam</strong></span> <span class='ocrx_word' id='word_1_403' title='bbox 365 4940 596 5008; x_wconf 82' lang='lat' dir='ltr'><strong>agimus,</strong></span> <span class='ocrx_word' id='word_1_404' title='bbox 656 4952 828 5006; x_wconf 89' lang='lat' dir='ltr'><strong>neque</strong></span> <span class='ocrx_word' id='word_1_405' title='bbox 879 4937 1066 4991; x_wconf 80' lang='lat' dir='ltr'><strong>eadem</strong></span> <span class='ocrx_word' id='word_1_406' title='bbox 1097 4952 1214 5005; x_wconf 75' lang='lat' dir='ltr'><strong>qua:</strong></span> <span class='ocrx_word' id='word_1_407' title='bbox 1266 4937 1353 4989; x_wconf 89' lang='lat' dir='ltr'><strong>ile</strong></span> <span class='ocrx_word' id='word_1_408' title='bbox 1391 4933 1654 4987; x_wconf 81' lang='lat' dir='ltr'><strong>facimus?</strong></span> <span class='ocrx_word' id='word_1_409' title='bbox 1693 4931 1748 4985; x_wconf 85' lang='grc' dir='ltr'><strong>Ν.</strong></span> <span class='ocrx_word' id='word_1_410' title='bbox 1773 4948 1824 4985; x_wconf 92' lang='lat' dir='ltr'><strong>m</strong></span> 
     </span>
    </p>
   </div>
   <div class='ocr_carea' id='block_1_52' title="bbox 240 5025 1829 5093">
    <p class='ocr_par' dir='ltr' id='par_1_52' title="bbox 240 5025 1829 5093">
     <span class='ocr_line' id='line_1_52' title="bbox 240 5025 1829 5093; baseline -0.004 -11"><span class='ocrx_word' id='word_1_411' title='bbox 240 5043 361 5082; x_wconf 87' lang='lat' dir='ltr'><strong>cum</strong></span> <span class='ocrx_word' id='word_1_412' title='bbox 386 5031 439 5082; x_wconf 88' lang='lat' dir='ltr'><strong>itt</strong></span> <span class='ocrx_word' id='word_1_413' title='bbox 469 5027 558 5082; x_wconf 89' lang='lat' dir='ltr'><strong>die</strong></span> <span class='ocrx_word' id='word_1_414' title='bbox 587 5027 768 5081; x_wconf 88' lang='lat' dir='ltr'><strong>multis</strong></span> <span class='ocrx_word' id='word_1_415' title='bbox 791 5029 1214 5082; x_wconf 87' lang='lat' dir='ltr'><strong>circumtlaretur</strong></span> <span class='ocrx_word' id='word_1_416' title='bbox 1255 5026 1418 5086; x_wconf 87' lang='lat' dir='ltr'><strong>curis,</strong></span> <span class='ocrx_word' id='word_1_417' title='bbox 1468 5025 1693 5093; x_wconf 87' lang='lat' dir='ltr'><strong>negotiis</strong></span> <span class='ocrx_word' id='word_1_418' title='bbox 1713 5066 1727 5087; x_wconf 94' lang='lat'><strong>,</strong></span> <span class='ocrx_word' id='word_1_419' title='bbox 1775 5033 1829 5077; x_wconf 88' lang='lat' dir='ltr'><strong>et</strong></span> 
     </span>
    </p>
   </div>
   <div class='ocr_carea' id='block_1_53' title="bbox 234 5120 1827 5190">
    <p class='ocr_par' dir='ltr' id='par_1_53' title="bbox 234 5120 1827 5190">
     <span class='ocr_line' id='line_1_53' title="bbox 234 5120 1827 5190; baseline -0.003 -16"><span class='ocrx_word' id='word_1_420' title='bbox 234 5123 575 5186; x_wconf 84' lang='lat' dir='ltr'><strong>tumultibus,</strong></span> <span class='ocrx_word' id='word_1_421' title='bbox 601 5136 696 5175; x_wconf 90' lang='lat' dir='ltr'><strong>nec</strong></span> <span class='ocrx_word' id='word_1_422' title='bbox 721 5129 930 5190; x_wconf 89' lang='lat' dir='ltr'><strong>tempus</strong></span> <span class='ocrx_word' id='word_1_423' title='bbox 955 5123 1218 5176; x_wconf 86' lang='lat' dir='ltr'><strong>inveniret</strong></span> <span class='ocrx_word' id='word_1_424' title='bbox 1245 5131 1422 5189; x_wconf 89' lang='lat' dir='ltr'><strong>aptum</strong></span> <span class='ocrx_word' id='word_1_425' title='bbox 1445 5135 1542 5173; x_wconf 88' lang='lat' dir='ltr'><strong>suo</strong></span> <span class='ocrx_word' id='word_1_426' title='bbox 1565 5122 1630 5172; x_wconf 89' lang='lat' dir='ltr'><strong>ad</strong></span> <span class='ocrx_word' id='word_1_427' title='bbox 1661 5120 1827 5172; x_wconf 86' lang='lat' dir='ltr'><strong>Deum</strong></span> 
     </span>
    </p>
   </div>
   <div class='ocr_carea' id='block_1_54' title="bbox 232 5210 1826 5282">
    <p class='ocr_par' dir='ltr' id='par_1_54' title="bbox 232 5210 1826 5282">
     <span class='ocr_line' id='line_1_54' title="bbox 232 5210 1826 5282; baseline -0.001 -17"><span class='ocrx_word' id='word_1_428' title='bbox 232 5213 498 5273; x_wconf 83' lang='lat' dir='ltr'><strong>accessui,</strong></span> <span class='ocrx_word' id='word_1_429' title='bbox 535 5210 928 5282; x_wconf 87' lang='lat' dir='ltr'><strong>tranquillitatis</strong></span> <span class='ocrx_word' id='word_1_430' title='bbox 959 5224 1183 5282; x_wconf 87' lang='lat' dir='ltr'><strong>tempus,</strong></span> <span class='ocrx_word' id='word_1_431' title='bbox 1225 5213 1364 5280; x_wconf 87' lang='lat' dir='ltr'><strong>quod</strong></span> <span class='ocrx_word' id='word_1_432' title='bbox 1391 5213 1478 5264; x_wconf 88' lang='lat' dir='ltr'><strong>alii</strong></span> <span class='ocrx_word' id='word_1_433' title='bbox 1507 5227 1696 5266; x_wconf 88' lang='lat' dir='ltr'><strong>somno</strong></span> <span class='ocrx_word' id='word_1_434' title='bbox 1725 5213 1826 5265; x_wconf 89' lang='lat' dir='ltr'><strong>im-</strong></span> 
     </span>
    </p>
   </div>
   <div class='ocr_carea' id='block_1_55' title="bbox 236 5304 1830 5371">
    <p class='ocr_par' dir='ltr' id='par_1_55' title="bbox 236 5304 1830 5371">
     <span class='ocr_line' id='line_1_55' title="bbox 236 5304 1830 5371; baseline 0 -12"><span class='ocrx_word' id='word_1_435' title='bbox 236 5305 478 5371; x_wconf 86' lang='lat' dir='ltr'><strong>pendunt</strong></span> <span class='ocrx_word' id='word_1_436' title='bbox 506 5304 557 5355; x_wconf 92' lang='lat' dir='ltr'><strong>in</strong></span> <span class='ocrx_word' id='word_1_437' title='bbox 607 5305 853 5358; x_wconf 88' lang='lat' dir='ltr'><strong>mollibus</strong></span> <span class='ocrx_word' id='word_1_438' title='bbox 889 5307 1070 5359; x_wconf 84' lang='lat' dir='ltr'><strong>stratis</strong></span> <span class='ocrx_word' id='word_1_439' title='bbox 1097 5306 1488 5369; x_wconf 87' lang='lat' dir='ltr'><strong>recumbentcs,</strong></span> <span class='ocrx_word' id='word_1_440' title='bbox 1521 5315 1574 5357; x_wconf 90' lang='lat' dir='ltr'><strong>et</strong></span> <span class='ocrx_word' id='word_1_441' title='bbox 1604 5304 1727 5358; x_wconf 87' lang='lat' dir='ltr'><strong>hinc</strong></span> <span class='ocrx_word' id='word_1_442' title='bbox 1775 5315 1830 5359; x_wconf 89' lang='lat' dir='ltr'><strong>et</strong></span> 
     </span>
    </p>
   </div>
   <div class='ocr_carea' id='block_1_56' title="bbox 239 5395 1826 5462">
    <p class='ocr_par' dir='ltr' id='par_1_56' title="bbox 239 5395 1826 5462">
     <span class='ocr_line' id='line_1_56' title="bbox 239 5395 1826 5462; baseline 0.002 -14"><span class='ocrx_word' id='word_1_443' title='bbox 239 5395 359 5450; x_wconf 91' lang='lat' dir='ltr'><strong>inde</strong></span> <span class='ocrx_word' id='word_1_444' title='bbox 400 5411 460 5450; x_wconf 89' lang='lat' dir='ltr'><strong>sc</strong></span> <span class='ocrx_word' id='word_1_445' title='bbox 491 5407 786 5462; x_wconf 84' lang='lat' dir='ltr'><strong>versantes,</strong></span> <span class='ocrx_word' id='word_1_446' title='bbox 827 5413 921 5451; x_wconf 78' lang='lat' dir='ltr'><strong>rex</strong></span> <span class='ocrx_word' id='word_1_447' title='bbox 967 5399 1126 5451; x_wconf 87' lang='lat' dir='ltr'><strong>tantis</strong></span> <span class='ocrx_word' id='word_1_448' title='bbox 1167 5399 1440 5451; x_wconf 87' lang='lat' dir='ltr'><strong>districtus</strong></span> <span class='ocrx_word' id='word_1_449' title='bbox 1469 5398 1632 5456; x_wconf 84' lang='lat' dir='ltr'><strong>curis,</strong></span> <span class='ocrx_word' id='word_1_450' title='bbox 1670 5413 1826 5451; x_wconf 80' lang='lat' dir='ltr'><strong>acce-</strong></span> 
     </span>
    </p>
   </div>
   <div class='ocr_carea' id='block_1_57' title="bbox 239 5476 1825 5554">
    <p class='ocr_par' dir='ltr' id='par_1_57' title="bbox 239 5476 1825 5554">
     <span class='ocr_line' id='line_1_57' title="bbox 239 5476 1825 5554; baseline 0.003 -18"><span class='ocrx_word' id='word_1_451' title='bbox 239 5484 397 5539; x_wconf 88' lang='lat' dir='ltr'><strong>dendi</strong></span> <span class='ocrx_word' id='word_1_452' title='bbox 425 5484 494 5539; x_wconf 87' lang='lat' dir='ltr'><strong>ad</strong></span> <span class='ocrx_word' id='word_1_453' title='bbox 521 5485 686 5538; x_wconf 87' lang='lat' dir='ltr'><strong>Deum</strong></span> <span class='ocrx_word' id='word_1_454' title='bbox 710 5496 917 5554; x_wconf 88' lang='lat' dir='ltr'><strong>tempus</strong></span> <span class='ocrx_word' id='word_1_455' title='bbox 939 5486 1185 5550; x_wconf 61' lang='lat' dir='ltr'><strong>faciebat,</strong></span> <span class='ocrx_word' id='word_1_456' title='bbox 1212 5488 1432 5540; x_wconf 86' lang='lat' dir='ltr'><strong>scorsim</strong></span> <span class='ocrx_word' id='word_1_457' title='bbox 1460 5476 1565 5539; x_wconf 73' lang='lat' dir='ltr'><strong>lico</strong></span> <span class='ocrx_word' id='word_1_458' title='bbox 1583 5486 1825 5554; x_wconf 81' lang='lat' dir='ltr'><strong>loquens,</strong></span> 
     </span>
    </p>
   </div>
   <div class='ocr_carea' id='block_1_58' title="bbox 240 5576 1828 5646">
    <p class='ocr_par' dir='ltr' id='par_1_58' title="bbox 240 5576 1828 5646">
     <span class='ocr_line' id='line_1_58' title="bbox 240 5576 1828 5646; baseline 0.003 -21"><span class='ocrx_word' id='word_1_459' title='bbox 240 5585 293 5626; x_wconf 86' lang='lat' dir='ltr'><strong>et</strong></span> <span class='ocrx_word' id='word_1_460' title='bbox 335 5578 565 5629; x_wconf 63' lang='lat' dir='ltr'><strong>sincera:</strong></span> <span class='ocrx_word' id='word_1_461' title='bbox 613 5576 932 5645; x_wconf 79' lang='lat' dir='ltr'><strong>intenta-que</strong></span> <span class='ocrx_word' id='word_1_462' title='bbox 963 5578 1250 5646; x_wconf 88' lang='lat' dir='ltr'><strong>precationi</strong></span> <span class='ocrx_word' id='word_1_463' title='bbox 1295 5577 1525 5640; x_wconf 88' lang='lat' dir='ltr'><strong>deditus,</strong></span> <span class='ocrx_word' id='word_1_464' title='bbox 1582 5579 1828 5645; x_wconf 79' lang='lat' dir='ltr'><strong>perlicie-</strong></span> 
     </span>
    </p>
   </div>
   <div class='ocr_carea' id='block_1_59' title="bbox 245 5665 1826 5735">
    <p class='ocr_par' dir='ltr' id='par_1_59' title="bbox 245 5665 1826 5735">
     <span class='ocr_line' id='line_1_59' title="bbox 245 5665 1826 5735; baseline 0.002 -18"><span class='ocrx_word' id='word_1_465' title='bbox 245 5665 712 5735; x_wconf 65' lang='lat' dir='ltr'><strong>liatqttzrcumque</strong></span> <span class='ocrx_word' id='word_1_466' title='bbox 759 5667 1003 5733; x_wconf 76' lang='lat' dir='ltr'><strong>tolebat;</strong></span> <span class='ocrx_word' id='word_1_467' title='bbox 1043 5678 1097 5721; x_wconf 91' lang='lat' dir='ltr'><strong>et</strong></span> <span class='ocrx_word' id='word_1_468' title='bbox 1146 5669 1476 5721; x_wconf 80' lang='lat' dir='ltr'><strong>orationibus</strong></span> <span class='ocrx_word' id='word_1_469' title='bbox 1529 5668 1640 5720; x_wconf 86' lang='lat' dir='ltr'><strong>suis</strong></span> <span class='ocrx_word' id='word_1_470' title='bbox 1687 5668 1826 5720; x_wconf 84' lang='lat' dir='ltr'><strong>bella</strong></span> 
     </span>
    </p>
   </div>
   <div class='ocr_carea' id='block_1_60' title="bbox 244 5759 1828 5830">
    <p class='ocr_par' dir='ltr' id='par_1_60' title="bbox 244 5759 1828 5830">
     <span class='ocr_line' id='line_1_60' title="bbox 244 5759 1828 5830; baseline 0.003 -18"><span class='ocrx_word' id='word_1_471' title='bbox 244 5759 584 5829; x_wconf 80' lang='lat' dir='ltr'><strong>conﬁciebat,</strong></span> <span class='ocrx_word' id='word_1_472' title='bbox 637 5768 938 5830; x_wconf 82' lang='lat' dir='ltr'><strong>troptcaquc</strong></span> <span class='ocrx_word' id='word_1_473' title='bbox 962 5769 1228 5830; x_wconf 85' lang='lat' dir='ltr'><strong>statuens,</strong></span> <span class='ocrx_word' id='word_1_474' title='bbox 1283 5761 1558 5818; x_wconf 79' lang='lat' dir='ltr'><strong>victoriam</strong></span> <span class='ocrx_word' id='word_1_475' title='bbox 1595 5760 1828 5817; x_wconf 76' lang='lat' dir='ltr'><strong>victoria:</strong></span> 
     </span>
    </p>
   </div>
   <div class='ocr_carea' id='block_1_61' title="bbox 3388 347 3502 403">
    <p class='ocr_par' dir='ltr' id='par_1_61' title="bbox 3388 347 3502 403">
     <span class='ocr_line' id='line_1_61' title="bbox 3388 347 3502 403; baseline 0 -2"><span class='ocrx_word' id='word_1_476' title='bbox 3388 347 3502 403; x_wconf 65' lang='grc'><strong>98⁸3</strong></span> 
     </span>
    </p>
   </div>
   <div class='ocr_carea' id='block_1_62' title="bbox 1908 463 3504 549">
    <p class='ocr_par' dir='ltr' id='par_1_62' title="bbox 1908 463 3504 549">
     <span class='ocr_line' id='line_1_62' title="bbox 1908 463 3504 549; baseline -0.013 -14"><span class='ocrx_word' id='word_1_477' title='bbox 1908 479 2210 549; x_wconf 80' lang='lat' dir='ltr'><strong>copulabat.</strong></span> <span class='ocrx_word' id='word_1_478' title='bbox 2258 475 2452 532; x_wconf 87' lang='lat' dir='ltr'><strong>Ilabuit</strong></span> <span class='ocrx_word' id='word_1_479' title='bbox 2475 473 2618 530; x_wconf 88' lang='lat' dir='ltr'><strong>enim</strong></span> <span class='ocrx_word' id='word_1_480' title='bbox 2647 471 2843 526; x_wconf 85' lang='lat' dir='ltr'><strong>invicta</strong></span> <span class='ocrx_word' id='word_1_481' title='bbox 2864 479 3034 535; x_wconf 83' lang='lat' dir='ltr'><strong>artua,</strong></span> <span class='ocrx_word' id='word_1_482' title='bbox 3083 475 3314 536; x_wconf 80' lang='lat' dir='ltr'><strong>superna</strong></span> <span class='ocrx_word' id='word_1_483' title='bbox 3359 463 3504 517; x_wconf 86' lang='lat' dir='ltr'><strong>scili-</strong></span> 
     </span>
    </p>
   </div>
   <div class='ocr_carea' id='block_1_63' title="bbox 1905 554 3501 639">
    <p class='ocr_par' dir='ltr' id='par_1_63' title="bbox 1905 554 3501 639">
     <span class='ocr_line' id='line_1_63' title="bbox 1905 554 3501 639; baseline -0.014 -13"><span class='ocrx_word' id='word_1_484' title='bbox 1905 581 1994 626; x_wconf 89' lang='lat' dir='ltr'><strong>cet</strong></span> <span class='ocrx_word' id='word_1_485' title='bbox 2018 568 2286 639; x_wconf 63' lang='lat' dir='ltr'><strong>prscsidia,</strong></span> <span class='ocrx_word' id='word_1_486' title='bbox 2320 583 2438 636; x_wconf 74' lang='lat' dir='ltr'><strong>qua:</strong></span> <span class='ocrx_word' id='word_1_487' title='bbox 2485 580 2591 620; x_wconf 91' lang='lat' dir='ltr'><strong>non</strong></span> <span class='ocrx_word' id='word_1_488' title='bbox 2618 564 2790 618; x_wconf 89' lang='lat' dir='ltr'><strong>solum</strong></span> <span class='ocrx_word' id='word_1_489' title='bbox 2816 561 2883 615; x_wconf 86' lang='lat' dir='ltr'><strong>ad</strong></span> <span class='ocrx_word' id='word_1_490' title='bbox 2909 561 3140 615; x_wconf 87' lang='lat' dir='ltr'><strong>humana</strong></span> <span class='ocrx_word' id='word_1_491' title='bbox 3169 556 3303 611; x_wconf 88' lang='lat' dir='ltr'><strong>bella</strong></span> <span class='ocrx_word' id='word_1_492' title='bbox 3335 554 3501 608; x_wconf 81' lang='lat' dir='ltr'><strong>conit-</strong></span> 
     </span>
    </p>
   </div>
   <div class='ocr_carea' id='block_1_64' title="bbox 1906 644 3503 724">
    <p class='ocr_par' dir='ltr' id='par_1_64' title="bbox 1906 644 3503 724">
     <span class='ocr_line' id='line_1_64' title="bbox 1906 644 3503 724; baseline -0.014 -7"><span class='ocrx_word' id='word_1_493' title='bbox 1906 659 2094 717; x_wconf 84' lang='lat' dir='ltr'><strong>cicnda</strong></span> <span class='ocrx_word' id='word_1_494' title='bbox 2123 658 2413 724; x_wconf 81' lang='lat' dir='ltr'><strong>sufﬁciunt,</strong></span> <span class='ocrx_word' id='word_1_495' title='bbox 2439 655 2533 713; x_wconf 86' lang='lat' dir='ltr'><strong>sed</strong></span> <span class='ocrx_word' id='word_1_496' title='bbox 2548 658 2710 711; x_wconf 87' lang='lat' dir='ltr'><strong>etiam</strong></span> <span class='ocrx_word' id='word_1_497' title='bbox 2728 654 2794 709; x_wconf 86' lang='lat' dir='ltr'><strong>ad</strong></span> <span class='ocrx_word' id='word_1_498' title='bbox 2815 654 3120 709; x_wconf 66' lang='lat' dir='ltr'><strong>daemonum</strong></span> <span class='ocrx_word' id='word_1_499' title='bbox 3145 649 3394 704; x_wconf 73' lang='lat' dir='ltr'><strong>cohortes</strong></span> <span class='ocrx_word' id='word_1_500' title='bbox 3418 644 3503 696; x_wconf 76' lang='grc' dir='ltr'><strong>[ιι-</strong></span> 
     </span>
    </p>
   </div>
   <div class='ocr_carea' id='block_1_65' title="bbox 1909 736 3500 823">
    <p class='ocr_par' dir='ltr' id='par_1_65' title="bbox 1909 736 3500 823">
     <span class='ocr_line' id='line_1_65' title="bbox 1909 736 3500 823; baseline -0.013 -16"><span class='ocrx_word' id='word_1_501' title='bbox 1909 751 2132 823; x_wconf 84' lang='lat' dir='ltr'><strong>gandas.</strong></span> <span class='ocrx_word' id='word_1_502' title='bbox 2165 749 2329 820; x_wconf 84' lang='lat' dir='ltr'><strong>Igitur</strong></span> <span class='ocrx_word' id='word_1_503' title='bbox 2355 757 2410 803; x_wconf 88' lang='lat' dir='ltr'><strong>et</strong></span> <span class='ocrx_word' id='word_1_504' title='bbox 2433 762 2531 802; x_wconf 92' lang='lat' dir='ltr'><strong>nos</strong></span> <span class='ocrx_word' id='word_1_505' title='bbox 2559 747 2702 801; x_wconf 88' lang='lat' dir='ltr'><strong>hunc</strong></span> <span class='ocrx_word' id='word_1_506' title='bbox 2726 745 3006 813; x_wconf 88' lang='lat' dir='ltr'><strong>imitemur</strong></span> <span class='ocrx_word' id='word_1_507' title='bbox 3023 740 3217 812; x_wconf 87' lang='lat' dir='ltr'><strong>privati</strong></span> <span class='ocrx_word' id='word_1_508' title='bbox 3240 747 3288 793; x_wconf 88' lang='lat' dir='ltr'><strong>et</strong></span> <span class='ocrx_word' id='word_1_509' title='bbox 3322 736 3500 789; x_wconf 71' lang='lat' dir='ltr'><strong>idiutze</strong></span> 
     </span>
    </p>
   </div>
   <div class='ocr_carea' id='block_1_66' title="bbox 1906 831 3500 912">
    <p class='ocr_par' dir='ltr' id='par_1_66' title="bbox 1906 831 3500 912">
     <span class='ocr_line' id='line_1_66' title="bbox 1906 831 3500 912; baseline -0.013 -15"><span class='ocrx_word' id='word_1_510' title='bbox 1906 857 2109 912; x_wconf 85' lang='lat' dir='ltr'><strong>regem,</strong></span> <span class='ocrx_word' id='word_1_511' title='bbox 2149 843 2239 911; x_wconf 86' lang='lat' dir='ltr'><strong>qui</strong></span> <span class='ocrx_word' id='word_1_512' title='bbox 2265 841 2489 894; x_wconf 86' lang='lat' dir='ltr'><strong>otiosam</strong></span> <span class='ocrx_word' id='word_1_513' title='bbox 2523 845 2580 893; x_wconf 88' lang='lat' dir='ltr'><strong>et</strong></span> <span class='ocrx_word' id='word_1_514' title='bbox 2620 837 2856 907; x_wconf 87' lang='lat' dir='ltr'><strong>quietam</strong></span> <span class='ocrx_word' id='word_1_515' title='bbox 2903 837 3066 886; x_wconf 86' lang='lat' dir='ltr'><strong>vitam</strong></span> <span class='ocrx_word' id='word_1_516' title='bbox 3121 831 3500 898; x_wconf 83' lang='lat' dir='ltr'><strong>agimus,eum</strong></span> 
     </span>
    </p>
   </div>
   <div class='ocr_carea' id='block_1_67' title="bbox 1903 921 3502 1005">
    <p class='ocr_par' dir='ltr' id='par_1_67' title="bbox 1903 921 3502 1005">
     <span class='ocr_line' id='line_1_67' title="bbox 1903 921 3502 1005; baseline -0.014 -16"><span class='ocrx_word' id='word_1_517' title='bbox 1903 932 2000 1005; x_wconf 86' lang='lat' dir='ltr'><strong>qui</strong></span> <span class='ocrx_word' id='word_1_518' title='bbox 2056 934 2110 988; x_wconf 88' lang='lat' dir='ltr'><strong>in</strong></span> <span class='ocrx_word' id='word_1_519' title='bbox 2155 944 2390 1001; x_wconf 81' lang='lat' dir='ltr'><strong>purpura</strong></span> <span class='ocrx_word' id='word_1_520' title='bbox 2439 936 2497 984; x_wconf 87' lang='lat' dir='ltr'><strong>ct</strong></span> <span class='ocrx_word' id='word_1_521' title='bbox 2539 926 2844 983; x_wconf 85' lang='lat' dir='ltr'><strong>diademate</strong></span> <span class='ocrx_word' id='word_1_522' title='bbox 2896 921 3284 978; x_wconf 82' lang='lat' dir='ltr'><strong>monachorum</strong></span> <span class='ocrx_word' id='word_1_523' title='bbox 3337 921 3502 968; x_wconf 85' lang='lat' dir='ltr'><strong>vitam</strong></span> 
     </span>
    </p>
   </div>
   <div class='ocr_carea' id='block_1_68' title="bbox 1907 1008 3500 1080">
    <p class='ocr_par' dir='ltr' id='par_1_68' title="bbox 1907 1008 3500 1080">
     <span class='ocr_line' id='line_1_68' title="bbox 1907 1008 3500 1080; baseline -0.014 0"><span class='ocrx_word' id='word_1_524' title='bbox 1907 1023 2338 1080; x_wconf 86' lang='lat' dir='ltr'><strong>transcendebat.</strong></span> <span class='ocrx_word' id='word_1_525' title='bbox 2363 1021 2502 1077; x_wconf 78' lang='lat' dir='ltr'><strong>Audi</strong></span> <span class='ocrx_word' id='word_1_526' title='bbox 2528 1021 2672 1076; x_wconf 83' lang='lat' dir='ltr'><strong>enim</strong></span> <span class='ocrx_word' id='word_1_527' title='bbox 2693 1032 2814 1074; x_wconf 88' lang='lat' dir='ltr'><strong>eum</strong></span> <span class='ocrx_word' id='word_1_528' title='bbox 2837 1017 3029 1071; x_wconf 82' lang='lat' dir='ltr'><strong>iterum</strong></span> <span class='ocrx_word' id='word_1_529' title='bbox 3055 1011 3181 1065; x_wconf 86' lang='lat' dir='ltr'><strong>alibi</strong></span> <span class='ocrx_word' id='word_1_530' title='bbox 3211 1008 3500 1064; x_wconf 85' lang='lat' dir='ltr'><strong>dicentem:</strong></span> 
     </span>
    </p>
   </div>
   <div class='ocr_carea' id='block_1_69' title="bbox 1908 1105 3507 1184">
    <p class='ocr_par' dir='ltr' id='par_1_69' title="bbox 1908 1105 3507 1184">
     <span class='ocr_line' id='line_1_69' title="bbox 1908 1105 3507 1184; baseline -0.013 -12"><span class='ocrx_word' id='word_1_531' title='bbox 1908 1116 2088 1171; x_wconf 70' lang='lat' dir='ltr'><strong>Facta</strong></span> <span class='ocrx_word' id='word_1_532' title='bbox 2134 1125 2254 1170; x_wconf 79' lang='lat' dir='ltr'><strong>sunt</strong></span> <span class='ocrx_word' id='word_1_533' title='bbox 2299 1115 2425 1168; x_wconf 79' lang='lat' dir='ltr'><strong>milii</strong></span> <span class='ocrx_word' id='word_1_534' title='bbox 2465 1113 2706 1184; x_wconf 67' lang='lat' dir='ltr'><strong>lacrgmc</strong></span> <span class='ocrx_word' id='word_1_535' title='bbox 2745 1124 2872 1163; x_wconf 70' lang='lat' dir='ltr'><strong>mea</strong></span> <span class='ocrx_word' id='word_1_536' title='bbox 2922 1122 3078 1178; x_wconf 83' lang='lat' dir='ltr'><strong>panes</strong></span> <span class='ocrx_word' id='word_1_537' title='bbox 3123 1105 3208 1158; x_wconf 73' lang='lat' dir='ltr'><strong>die</strong></span> <span class='ocrx_word' id='word_1_538' title='bbox 3250 1119 3312 1155; x_wconf 85' lang='lat' dir='ltr'><strong>ac</strong></span> <span class='ocrx_word' id='word_1_539' title='bbox 3361 1109 3507 1171; x_wconf 75' lang='lat' dir='ltr'><strong>nocte</strong></span> 
     </span>
    </p>
   </div>
   <div class='ocr_carea' id='block_1_70' title="bbox 1909 1199 3502 1278">
    <p class='ocr_par' dir='ltr' id='par_1_70' title="bbox 1909 1199 3502 1278">
     <span class='ocr_line' id='line_1_70' title="bbox 1909 1199 3502 1278; baseline -0.011 -18"><span class='ocrx_word' id='word_1_540' title='bbox 1909 1206 2083 1277; x_wconf 83' lang='lat' dir='ltr'><strong>(Psal.</strong></span> <span class='ocrx_word' id='word_1_541' title='bbox 2111 1208 2202 1262; x_wconf 74' lang='grc'><strong>41.</strong></span> <span class='ocrx_word' id='word_1_542' title='bbox 2233 1207 2312 1278; x_wconf 73' lang='grc' dir='ltr'><strong>ιι).</strong></span> <span class='ocrx_word' id='word_1_543' title='bbox 2365 1204 2554 1259; x_wconf 85' lang='lat' dir='ltr'><strong>Vidisti</strong></span> <span class='ocrx_word' id='word_1_544' title='bbox 2587 1203 2822 1258; x_wconf 85' lang='lat' dir='ltr'><strong>animam</strong></span> <span class='ocrx_word' id='word_1_545' title='bbox 2853 1201 2906 1254; x_wconf 91' lang='lat' dir='ltr'><strong>in</strong></span> <span class='ocrx_word' id='word_1_546' title='bbox 2934 1199 3187 1253; x_wconf 84' lang='lat' dir='ltr'><strong>continua</strong></span> <span class='ocrx_word' id='word_1_547' title='bbox 3239 1207 3502 1262; x_wconf 89' lang='lat' dir='ltr'><strong>compun-</strong></span> 
     </span>
    </p>
   </div>
   <div class='ocr_carea' id='block_1_71' title="bbox 1907 1285 3502 1366">
    <p class='ocr_par' dir='ltr' id='par_1_71' title="bbox 1907 1285 3502 1366">
     <span class='ocr_line' id='line_1_71' title="bbox 1907 1285 3502 1366; baseline -0.014 -10"><span class='ocrx_word' id='word_1_548' title='bbox 1907 1301 2124 1356; x_wconf 83' lang='lat' dir='ltr'><strong>ctione?</strong></span> <span class='ocrx_word' id='word_1_549' title='bbox 2153 1298 2414 1354; x_wconf 80' lang='lat' dir='ltr'><strong>Alimonia</strong></span> <span class='ocrx_word' id='word_1_550' title='bbox 2441 1310 2580 1363; x_wconf 87' lang='lat' dir='ltr'><strong>mea,</strong></span> <span class='ocrx_word' id='word_1_551' title='bbox 2607 1295 2796 1366; x_wconf 87' lang='lat' dir='ltr'><strong>inquit,</strong></span> <span class='ocrx_word' id='word_1_552' title='bbox 2825 1291 2974 1362; x_wconf 86' lang='lat' dir='ltr'><strong>panis</strong></span> <span class='ocrx_word' id='word_1_553' title='bbox 2999 1303 3172 1351; x_wconf 90' lang='lat' dir='ltr'><strong>meus,</strong></span> <span class='ocrx_word' id='word_1_554' title='bbox 3199 1285 3502 1340; x_wconf 83' lang='lat' dir='ltr'><strong>convivium</strong></span> 
     </span>
    </p>
   </div>
   <div class='ocr_carea' id='block_1_72' title="bbox 1909 1377 3503 1456">
    <p class='ocr_par' dir='ltr' id='par_1_72' title="bbox 1909 1377 3503 1456">
     <span class='ocr_line' id='line_1_72' title="bbox 1909 1377 3503 1456; baseline -0.013 -9"><span class='ocrx_word' id='word_1_555' title='bbox 1909 1403 2090 1447; x_wconf 74' lang='lat' dir='ltr'><strong>meum</strong></span> <span class='ocrx_word' id='word_1_556' title='bbox 2126 1390 2258 1444; x_wconf 89' lang='lat' dir='ltr'><strong>nihil</strong></span> <span class='ocrx_word' id='word_1_557' title='bbox 2288 1388 2430 1444; x_wconf 84' lang='lat' dir='ltr'><strong>aliud</strong></span> <span class='ocrx_word' id='word_1_558' title='bbox 2451 1396 2788 1456; x_wconf 88' lang='lat' dir='ltr'><strong>erantquam</strong></span> <span class='ocrx_word' id='word_1_559' title='bbox 2820 1384 3069 1454; x_wconf 66' lang='lat' dir='ltr'><strong>lacrymre</strong></span> <span class='ocrx_word' id='word_1_560' title='bbox 3095 1391 3202 1434; x_wconf 90' lang='lat' dir='ltr'><strong>tam</strong></span> <span class='ocrx_word' id='word_1_561' title='bbox 3233 1377 3319 1432; x_wconf 90' lang='lat' dir='ltr'><strong>die</strong></span> <span class='ocrx_word' id='word_1_562' title='bbox 3343 1389 3503 1446; x_wconf 87' lang='lat' dir='ltr'><strong>quam</strong></span> 
     </span>
    </p>
   </div>
   <div class='ocr_carea' id='block_1_73' title="bbox 1909 1466 3505 1545">
    <p class='ocr_par' dir='ltr' id='par_1_73' title="bbox 1909 1466 3505 1545">
     <span class='ocr_line' id='line_1_73' title="bbox 1909 1466 3505 1545; baseline -0.013 -9"><span class='ocrx_word' id='word_1_563' title='bbox 1909 1490 2086 1537; x_wconf 88' lang='lat' dir='ltr'><strong>nocte.</strong></span> <span class='ocrx_word' id='word_1_564' title='bbox 2117 1479 2185 1535; x_wconf 86' lang='lat' dir='ltr'><strong>Et</strong></span> <span class='ocrx_word' id='word_1_565' title='bbox 2207 1481 2400 1535; x_wconf 88' lang='lat' dir='ltr'><strong>iterum</strong></span> <span class='ocrx_word' id='word_1_566' title='bbox 2437 1497 2449 1532; x_wconf 89' lang='lat'>:</span> <span class='ocrx_word' id='word_1_567' title='bbox 2476 1477 2724 1532; x_wconf 60' lang='lat' dir='ltr'><strong>laboravi</strong></span> <span class='ocrx_word' id='word_1_568' title='bbox 2754 1476 2806 1528; x_wconf 84' lang='lat' dir='ltr'><strong>in</strong></span> <span class='ocrx_word' id='word_1_569' title='bbox 2828 1474 3015 1545; x_wconf 80' lang='lat' dir='ltr'><strong>gemitu</strong></span> <span class='ocrx_word' id='word_1_570' title='bbox 3040 1485 3170 1534; x_wconf 85' lang='lat' dir='ltr'><strong>meo,</strong></span> <span class='ocrx_word' id='word_1_571' title='bbox 3203 1466 3380 1521; x_wconf 72' lang='lat' dir='ltr'><strong>hvabo</strong></span> <span class='ocrx_word' id='word_1_572' title='bbox 3416 1479 3505 1534; x_wconf 71' lang='lat' dir='ltr'><strong>per</strong></span> 
     </span>
    </p>
   </div>
   <div class='ocr_carea' id='block_1_74' title="bbox 1909 1555 3507 1643">
    <p class='ocr_par' dir='ltr' id='par_1_74' title="bbox 1909 1555 3507 1643">
     <span class='ocr_line' id='line_1_74' title="bbox 1909 1555 3507 1643; baseline -0.011 -16"><span class='ocrx_word' id='word_1_573' title='bbox 1909 1572 2138 1643; x_wconf 82' lang='lat' dir='ltr'><strong>singulas</strong></span> <span class='ocrx_word' id='word_1_574' title='bbox 2185 1581 2352 1626; x_wconf 79' lang='lat' dir='ltr'><strong>noctes</strong></span> <span class='ocrx_word' id='word_1_575' title='bbox 2382 1571 2560 1624; x_wconf 74' lang='lat' dir='ltr'><strong>lectam</strong></span> <span class='ocrx_word' id='word_1_576' title='bbox 2601 1583 2768 1622; x_wconf 80' lang='lat' dir='ltr'><strong>meum</strong></span> <span class='ocrx_word' id='word_1_577' title='bbox 2795 1564 2971 1636; x_wconf 84' lang='lat' dir='ltr'><strong>(Psal.</strong></span> <span class='ocrx_word' id='word_1_578' title='bbox 3003 1563 3056 1616; x_wconf 84' lang='lat'><strong>6.</strong></span> <span class='ocrx_word' id='word_1_579' title='bbox 3085 1561 3161 1631; x_wconf 88' lang='lat'><strong>7).</strong></span> <span class='ocrx_word' id='word_1_580' title='bbox 3181 1555 3316 1627; x_wconf 81' lang='lat' dir='ltr'><strong>Quid</strong></span> <span class='ocrx_word' id='word_1_581' title='bbox 3359 1556 3507 1611; x_wconf 86' lang='lat' dir='ltr'><strong>dice-</strong></span> 
     </span>
    </p>
   </div>
   <div class='ocr_carea' id='block_1_75' title="bbox 1911 1653 3508 1731">
    <p class='ocr_par' dir='ltr' id='par_1_75' title="bbox 1911 1653 3508 1731">
     <span class='ocr_line' id='line_1_75' title="bbox 1911 1653 3508 1731; baseline -0.011 -16"><span class='ocrx_word' id='word_1_582' title='bbox 1911 1675 2052 1726; x_wconf 88' lang='lat' dir='ltr'><strong>mus,</strong></span> <span class='ocrx_word' id='word_1_583' title='bbox 2085 1662 2164 1715; x_wconf 87' lang='lat' dir='ltr'><strong>vel</strong></span> <span class='ocrx_word' id='word_1_584' title='bbox 2197 1661 2322 1731; x_wconf 85' lang='lat' dir='ltr'><strong>qnid</strong></span> <span class='ocrx_word' id='word_1_585' title='bbox 2353 1657 2816 1728; x_wconf 77' lang='lat' dir='ltr'><strong>respondebimus,</strong></span> <span class='ocrx_word' id='word_1_586' title='bbox 2849 1653 2937 1724; x_wconf 89' lang='lat' dir='ltr'><strong>qui</strong></span> <span class='ocrx_word' id='word_1_587' title='bbox 2969 1667 3142 1720; x_wconf 86' lang='lat' dir='ltr'><strong>neque</strong></span> <span class='ocrx_word' id='word_1_588' title='bbox 3195 1664 3314 1704; x_wconf 89' lang='lat' dir='ltr'><strong>eam</strong></span> <span class='ocrx_word' id='word_1_589' title='bbox 3357 1662 3508 1700; x_wconf 84' lang='lat' dir='ltr'><strong>cont-</strong></span> 
     </span>
    </p>
   </div>
   <div class='ocr_carea' id='block_1_76' title="bbox 1911 1739 3510 1822">
    <p class='ocr_par' dir='ltr' id='par_1_76' title="bbox 1911 1739 3510 1822">
     <span class='ocr_line' id='line_1_76' title="bbox 1911 1739 3510 1822; baseline -0.011 -14"><span class='ocrx_word' id='word_1_590' title='bbox 1911 1753 2254 1822; x_wconf 86' lang='lat' dir='ltr'><strong>punctionem</strong></span> <span class='ocrx_word' id='word_1_591' title='bbox 2282 1751 2536 1805; x_wconf 78' lang='lat' dir='ltr'><strong>exhibere</strong></span> <span class='ocrx_word' id='word_1_592' title='bbox 2557 1749 2824 1811; x_wconf 85' lang='lat' dir='ltr'><strong>volumus,</strong></span> <span class='ocrx_word' id='word_1_593' title='bbox 2849 1759 3009 1815; x_wconf 87' lang='lat' dir='ltr'><strong>quam</strong></span> <span class='ocrx_word' id='word_1_594' title='bbox 3034 1759 3127 1797; x_wconf 82' lang='lat' dir='ltr'><strong>rex</strong></span> <span class='ocrx_word' id='word_1_595' title='bbox 3155 1749 3234 1795; x_wconf 87' lang='lat' dir='ltr'><strong>tot</strong></span> <span class='ocrx_word' id='word_1_596' title='bbox 3253 1739 3510 1805; x_wconf 85' lang='lat' dir='ltr'><strong>obseptus</strong></span> 
     </span>
    </p>
   </div>
   <div class='ocr_carea' id='block_1_77' title="bbox 1913 1829 3507 1912">
    <p class='ocr_par' dir='ltr' id='par_1_77' title="bbox 1913 1829 3507 1912">
     <span class='ocr_line' id='line_1_77' title="bbox 1913 1829 3507 1912; baseline -0.011 -14"><span class='ocrx_word' id='word_1_597' title='bbox 1913 1844 2140 1912; x_wconf 87' lang='lat' dir='ltr'><strong>negotiis</strong></span> <span class='ocrx_word' id='word_1_598' title='bbox 2167 1843 2448 1897; x_wconf 66' lang='lat' dir='ltr'><strong>exhibuit?</strong></span> <span class='ocrx_word' id='word_1_599' title='bbox 2475 1841 2764 1907; x_wconf 86' lang='lat' dir='ltr'><strong>Quidnam,</strong></span> <span class='ocrx_word' id='word_1_600' title='bbox 2789 1837 2896 1902; x_wconf 90' lang='lat' dir='ltr'><strong>die,</strong></span> <span class='ocrx_word' id='word_1_601' title='bbox 2925 1850 3044 1899; x_wconf 85' lang='lat' dir='ltr'><strong>om,</strong></span> <span class='ocrx_word' id='word_1_602' title='bbox 3067 1835 3236 1888; x_wconf 82' lang='lat' dir='ltr'><strong>oculis</strong></span> <span class='ocrx_word' id='word_1_603' title='bbox 3269 1832 3373 1884; x_wconf 85' lang='lat' dir='ltr'><strong>illis</strong></span> <span class='ocrx_word' id='word_1_604' title='bbox 3396 1829 3507 1883; x_wconf 81' lang='lat' dir='ltr'><strong>for—</strong></span> 
     </span>
    </p>
   </div>
   <div class='ocr_carea' id='block_1_78' title="bbox 1913 1923 3510 2002">
    <p class='ocr_par' dir='ltr' id='par_1_78' title="bbox 1913 1923 3510 2002">
     <span class='ocr_line' id='line_1_78' title="bbox 1913 1923 3510 2002; baseline -0.009 -14"><span class='ocrx_word' id='word_1_605' title='bbox 1913 1935 2113 1988; x_wconf 80' lang='lat' dir='ltr'><strong>mosius</strong></span> <span class='ocrx_word' id='word_1_606' title='bbox 2145 1943 2403 2002; x_wconf 87' lang='lat' dir='ltr'><strong>perpetuo</strong></span> <span class='ocrx_word' id='word_1_607' title='bbox 2430 1933 2785 2002; x_wconf 84' lang='lat' dir='ltr'><strong>lacrymarum</strong></span> <span class='ocrx_word' id='word_1_608' title='bbox 2815 1929 3008 1987; x_wconf 83' lang='lat' dir='ltr'><strong>imbre,</strong></span> <span class='ocrx_word' id='word_1_609' title='bbox 3037 1935 3091 1981; x_wconf 90' lang='lat' dir='ltr'><strong>et</strong></span> <span class='ocrx_word' id='word_1_610' title='bbox 3117 1923 3269 1996; x_wconf 87' lang='lat' dir='ltr'><strong>quasi</strong></span> <span class='ocrx_word' id='word_1_611' title='bbox 3301 1937 3510 1990; x_wconf 87' lang='lat' dir='ltr'><strong>marga-</strong></span> 
     </span>
    </p>
   </div>
   <div class='ocr_carea' id='block_1_79' title="bbox 1914 2014 3512 2091">
    <p class='ocr_par' dir='ltr' id='par_1_79' title="bbox 1914 2014 3512 2091">
     <span class='ocr_line' id='line_1_79' title="bbox 1914 2014 3512 2091; baseline -0.009 -9"><span class='ocrx_word' id='word_1_612' title='bbox 1914 2029 2134 2082; x_wconf 89' lang='lat' dir='ltr'><strong>ritarum</strong></span> <span class='ocrx_word' id='word_1_613' title='bbox 2156 2029 2354 2081; x_wconf 84' lang='lat' dir='ltr'><strong>decore</strong></span> <span class='ocrx_word' id='word_1_614' title='bbox 2379 2025 2614 2079; x_wconf 77' lang='lat' dir='ltr'><strong>ornatis?</strong></span> <span class='ocrx_word' id='word_1_615' title='bbox 2648 2023 2836 2077; x_wconf 83' lang='lat' dir='ltr'><strong>Vidisti</strong></span> <span class='ocrx_word' id='word_1_616' title='bbox 2869 2035 3091 2091; x_wconf 84' lang='lat' dir='ltr'><strong>regem,</strong></span> <span class='ocrx_word' id='word_1_617' title='bbox 3122 2019 3211 2088; x_wconf 88' lang='lat' dir='ltr'><strong>qui</strong></span> <span class='ocrx_word' id='word_1_618' title='bbox 3264 2014 3512 2068; x_wconf 88' lang='lat' dir='ltr'><strong>noctibus</strong></span> 
     </span>
    </p>
   </div>
   <div class='ocr_carea' id='block_1_80' title="bbox 1912 2106 3514 2188">
    <p class='ocr_par' dir='ltr' id='par_1_80' title="bbox 1912 2106 3514 2188">
     <span class='ocr_line' id='line_1_80' title="bbox 1912 2106 3514 2188; baseline -0.009 -15"><span class='ocrx_word' id='word_1_619' title='bbox 1912 2128 2073 2188; x_wconf 88' lang='lat' dir='ltr'><strong>atque</strong></span> <span class='ocrx_word' id='word_1_620' title='bbox 2098 2119 2287 2173; x_wconf 88' lang='lat' dir='ltr'><strong>diebus</strong></span> <span class='ocrx_word' id='word_1_621' title='bbox 2308 2118 2562 2188; x_wconf 85' lang='lat' dir='ltr'><strong>lacrymis</strong></span> <span class='ocrx_word' id='word_1_622' title='bbox 2591 2114 2945 2185; x_wconf 88' lang='lat' dir='ltr'><strong>precibusque</strong></span> <span class='ocrx_word' id='word_1_623' title='bbox 2979 2109 3193 2165; x_wconf 84' lang='lat' dir='ltr'><strong>deditus</strong></span> <span class='ocrx_word' id='word_1_624' title='bbox 3220 2106 3316 2160; x_wconf 76' lang='lat' dir='ltr'><strong>fuit</strong></span> <span class='ocrx_word' id='word_1_625' title='bbox 3344 2123 3357 2160; x_wconf 90' lang='lat'><strong><em>:</em></strong></span> <span class='ocrx_word' id='word_1_626' title='bbox 3389 2119 3514 2174; x_wconf 86' lang='lat' dir='ltr'><strong>spe-</strong></span> 
     </span>
    </p>
   </div>
   <div class='ocr_carea' id='block_1_81' title="bbox 1913 2199 3510 2269">
    <p class='ocr_par' dir='ltr' id='par_1_81' title="bbox 1913 2199 3510 2269">
     <span class='ocr_line' id='line_1_81' title="bbox 1913 2199 3510 2269; baseline -0.01 -4"><span class='ocrx_word' id='word_1_627' title='bbox 1913 2218 1997 2265; x_wconf 89' lang='lat' dir='ltr'><strong>cta</strong></span> <span class='ocrx_word' id='word_1_628' title='bbox 2025 2219 2080 2264; x_wconf 90' lang='lat' dir='ltr'><strong>et</strong></span> <span class='ocrx_word' id='word_1_629' title='bbox 2127 2210 2403 2263; x_wconf 86' lang='lat' dir='ltr'><strong>doctorem</strong></span> <span class='ocrx_word' id='word_1_630' title='bbox 2449 2208 2595 2262; x_wconf 88' lang='lat' dir='ltr'><strong>orbis</strong></span> <span class='ocrx_word' id='word_1_631' title='bbox 2643 2207 2697 2260; x_wconf 92' lang='lat' dir='ltr'><strong>in</strong></span> <span class='ocrx_word' id='word_1_632' title='bbox 2742 2219 2959 2259; x_wconf 88' lang='lat' dir='ltr'><strong>carcere</strong></span> <span class='ocrx_word' id='word_1_633' title='bbox 3003 2199 3363 2269; x_wconf 86' lang='lat' dir='ltr'><strong>compeditum</strong></span> <span class='ocrx_word' id='word_1_634' title='bbox 3406 2211 3510 2250; x_wconf 90' lang='lat' dir='ltr'><strong>una</strong></span> 
     </span>
    </p>
   </div>
   <div class='ocr_carea' id='block_1_82' title="bbox 1913 2291 3514 2366">
    <p class='ocr_par' dir='ltr' id='par_1_82' title="bbox 1913 2291 3514 2366">
     <span class='ocr_line' id='line_1_82' title="bbox 1913 2291 3514 2366; baseline -0.009 -10"><span class='ocrx_word' id='word_1_635' title='bbox 1913 2315 2034 2356; x_wconf 88' lang='lat' dir='ltr'><strong>cum</strong></span> <span class='ocrx_word' id='word_1_636' title='bbox 2060 2301 2191 2366; x_wconf 90' lang='lat' dir='ltr'><strong>Sila,</strong></span> <span class='ocrx_word' id='word_1_637' title='bbox 2220 2310 2274 2354; x_wconf 90' lang='lat' dir='ltr'><strong>et</strong></span> <span class='ocrx_word' id='word_1_638' title='bbox 2301 2307 2543 2354; x_wconf 84' lang='lat' dir='ltr'><strong>orantem</strong></span> <span class='ocrx_word' id='word_1_639' title='bbox 2567 2307 2674 2352; x_wconf 85' lang='lat' dir='ltr'><strong>tota</strong></span> <span class='ocrx_word' id='word_1_640' title='bbox 2703 2305 2880 2361; x_wconf 89' lang='lat' dir='ltr'><strong>nocte,</strong></span> <span class='ocrx_word' id='word_1_641' title='bbox 2914 2309 3088 2363; x_wconf 86' lang='lat' dir='ltr'><strong>neque</strong></span> <span class='ocrx_word' id='word_1_642' title='bbox 3115 2291 3318 2352; x_wconf 85' lang='lat' dir='ltr'><strong>dolore,</strong></span> <span class='ocrx_word' id='word_1_643' title='bbox 3338 2303 3514 2356; x_wconf 87' lang='lat' dir='ltr'><strong>neque</strong></span> 
     </span>
    </p>
   </div>
   <div class='ocr_carea' id='block_1_83' title="bbox 1916 2379 3512 2459">
    <p class='ocr_par' dir='ltr' id='par_1_83' title="bbox 1916 2379 3512 2459">
     <span class='ocr_line' id='line_1_83' title="bbox 1916 2379 3512 2459; baseline -0.008 -15"><span class='ocrx_word' id='word_1_644' title='bbox 1916 2391 2144 2444; x_wconf 89' lang='lat' dir='ltr'><strong>vinculis</strong></span> <span class='ocrx_word' id='word_1_645' title='bbox 2174 2390 2463 2459; x_wconf 90' lang='lat' dir='ltr'><strong>prohiberi,</strong></span> <span class='ocrx_word' id='word_1_646' title='bbox 2507 2389 2602 2444; x_wconf 87' lang='lat' dir='ltr'><strong>sed</strong></span> <span class='ocrx_word' id='word_1_647' title='bbox 2633 2401 2699 2442; x_wconf 85' lang='lat' dir='ltr'><strong>eo</strong></span> <span class='ocrx_word' id='word_1_648' title='bbox 2727 2386 2897 2456; x_wconf 86' lang='lat' dir='ltr'><strong>magis</strong></span> <span class='ocrx_word' id='word_1_649' title='bbox 2923 2385 3191 2454; x_wconf 76' lang='lat' dir='ltr'><strong>ingentem</strong></span> <span class='ocrx_word' id='word_1_650' title='bbox 3223 2379 3512 2434; x_wconf 77' lang='lat' dir='ltr'><strong>fervidum-</strong></span> 
     </span>
    </p>
   </div>
   <div class='ocr_carea' id='block_1_84' title="bbox 1915 2471 3512 2552">
    <p class='ocr_par' dir='ltr' id='par_1_84' title="bbox 1915 2471 3512 2552">
     <span class='ocr_line' id='line_1_84' title="bbox 1915 2471 3512 2552; baseline -0.011 -16"><span class='ocrx_word' id='word_1_651' title='bbox 1915 2498 2022 2552; x_wconf 90' lang='lat' dir='ltr'><strong>que</strong></span> <span class='ocrx_word' id='word_1_652' title='bbox 2047 2497 2285 2537; x_wconf 89' lang='lat' dir='ltr'><strong>amorem</strong></span> <span class='ocrx_word' id='word_1_653' title='bbox 2305 2482 2580 2537; x_wconf 86' lang='lat' dir='ltr'><strong>declarare</strong></span> <span class='ocrx_word' id='word_1_654' title='bbox 2610 2495 2733 2549; x_wconf 82' lang='lat' dir='ltr'><strong>erga</strong></span> <span class='ocrx_word' id='word_1_655' title='bbox 2767 2477 3049 2532; x_wconf 90' lang='lat' dir='ltr'><strong>Dominum</strong></span> <span class='ocrx_word' id='word_1_656' title='bbox 3081 2493 3094 2527; x_wconf 90' lang='lat'><strong>:</strong></span> <span class='ocrx_word' id='word_1_657' title='bbox 3125 2473 3321 2527; x_wconf 73' lang='grc' dir='ltr'><strong>Ραιιιαε</strong></span> <span class='ocrx_word' id='word_1_658' title='bbox 3346 2471 3512 2534; x_wconf 89' lang='lat' dir='ltr'><strong>enim,</strong></span> 
     </span>
    </p>
   </div>
   <div class='ocr_carea' id='block_1_85' title="bbox 1919 2560 3517 2642">
    <p class='ocr_par' dir='ltr' id='par_1_85' title="bbox 1919 2560 3517 2642">
     <span class='ocr_line' id='line_1_85' title="bbox 1919 2560 3517 2642; baseline -0.011 -15"><span class='ocrx_word' id='word_1_659' title='bbox 1919 2575 2118 2642; x_wconf 86' lang='lat' dir='ltr'><strong>inquit,</strong></span> <span class='ocrx_word' id='word_1_660' title='bbox 2159 2582 2207 2626; x_wconf 86' lang='lat' dir='ltr'><strong>et</strong></span> <span class='ocrx_word' id='word_1_661' title='bbox 2233 2573 2562 2626; x_wconf 75' lang='lat' dir='ltr'><strong>Silus-media</strong></span> <span class='ocrx_word' id='word_1_662' title='bbox 2605 2581 2748 2624; x_wconf 87' lang='lat' dir='ltr'><strong>nocte</strong></span> <span class='ocrx_word' id='word_1_663' title='bbox 2793 2577 2996 2622; x_wconf 84' lang='lat' dir='ltr'><strong>orantes</strong></span> <span class='ocrx_word' id='word_1_664' title='bbox 3031 2563 3306 2618; x_wconf 77' lang='lat' dir='ltr'><strong>laudabant</strong></span> <span class='ocrx_word' id='word_1_665' title='bbox 3354 2560 3517 2613; x_wconf 82' lang='lat' dir='ltr'><strong>Deum</strong></span> 
     </span>
    </p>
   </div>
   <div class='ocr_carea' id='block_1_86' title="bbox 1918 2649 3517 2732">
    <p class='ocr_par' dir='ltr' id='par_1_86' title="bbox 1918 2649 3517 2732">
     <span class='ocr_line' id='line_1_86' title="bbox 1918 2649 3517 2732; baseline -0.01 -12"><span class='ocrx_word' id='word_1_666' title='bbox 1918 2665 2050 2732; x_wconf 69' lang='lat' dir='ltr'><strong>(Act.</strong></span> <span class='ocrx_word' id='word_1_667' title='bbox 2081 2665 2168 2718; x_wconf 77' lang='lat'><strong>16.</strong></span> <span class='ocrx_word' id='word_1_668' title='bbox 2197 2663 2311 2731; x_wconf 73' lang='lat'><strong>25).</strong></span> <span class='ocrx_word' id='word_1_669' title='bbox 2345 2661 2508 2717; x_wconf 88' lang='lat' dir='ltr'><strong>David</strong></span> <span class='ocrx_word' id='word_1_670' title='bbox 2534 2663 2587 2716; x_wconf 91' lang='lat' dir='ltr'><strong>in</strong></span> <span class='ocrx_word' id='word_1_671' title='bbox 2629 2674 2794 2731; x_wconf 86' lang='lat' dir='ltr'><strong>regno</strong></span> <span class='ocrx_word' id='word_1_672' title='bbox 2814 2667 2871 2714; x_wconf 89' lang='lat' dir='ltr'><strong>et</strong></span> <span class='ocrx_word' id='word_1_673' title='bbox 2920 2656 3222 2711; x_wconf 85' lang='lat' dir='ltr'><strong>diademate</strong></span> <span class='ocrx_word' id='word_1_674' title='bbox 3266 2649 3517 2723; x_wconf 83' lang='lat' dir='ltr'><strong>lacrymis</strong></span> 
     </span>
    </p>
   </div>
   <div class='ocr_carea' id='block_1_87' title="bbox 1917 2745 3513 2828">
    <p class='ocr_par' dir='ltr' id='par_1_87' title="bbox 1917 2745 3513 2828">
     <span class='ocr_line' id='line_1_87' title="bbox 1917 2745 3513 2828; baseline -0.009 -18"><span class='ocrx_word' id='word_1_675' title='bbox 1917 2767 1973 2810; x_wconf 88' lang='lat' dir='ltr'><strong>et</strong></span> <span class='ocrx_word' id='word_1_676' title='bbox 2001 2757 2246 2824; x_wconf 75' lang='lat' dir='ltr'><strong>precibus</strong></span> <span class='ocrx_word' id='word_1_677' title='bbox 2273 2765 2436 2810; x_wconf 91' lang='lat' dir='ltr'><strong>totam</strong></span> <span class='ocrx_word' id='word_1_678' title='bbox 2459 2757 2616 2808; x_wconf 83' lang='lat' dir='ltr'><strong>vitam</strong></span> <span class='ocrx_word' id='word_1_679' title='bbox 2646 2753 2982 2815; x_wconf 79' lang='lat' dir='ltr'><strong>insumebat;</strong></span> <span class='ocrx_word' id='word_1_680' title='bbox 3006 2746 3312 2828; x_wconf 84' lang='lat' dir='ltr'><strong>Apostolus,</strong></span> <span class='ocrx_word' id='word_1_681' title='bbox 3341 2745 3430 2825; x_wconf 88' lang='lat' dir='ltr'><strong>qui</strong></span> <span class='ocrx_word' id='word_1_682' title='bbox 3461 2745 3513 2796; x_wconf 89' lang='lat' dir='ltr'><strong>in</strong></span> 
     </span>
    </p>
   </div>
   <div class='ocr_carea' id='block_1_88' title="bbox 1922 2839 3518 2913">
    <p class='ocr_par' dir='ltr' id='par_1_88' title="bbox 1922 2839 3518 2913">
     <span class='ocr_line' id='line_1_88' title="bbox 1922 2839 3518 2913; baseline -0.008 -14"><span class='ocrx_word' id='word_1_683' title='bbox 1922 2847 2136 2900; x_wconf 90' lang='lat' dir='ltr'><strong>tertium</strong></span> <span class='ocrx_word' id='word_1_684' title='bbox 2167 2846 2359 2900; x_wconf 68' lang='lat' dir='ltr'><strong>cmlum</strong></span> <span class='ocrx_word' id='word_1_685' title='bbox 2389 2854 2593 2913; x_wconf 90' lang='lat' dir='ltr'><strong>raptus,</strong></span> <span class='ocrx_word' id='word_1_686' title='bbox 2613 2845 2699 2899; x_wconf 92' lang='lat' dir='ltr'><strong>cui</strong></span> <span class='ocrx_word' id='word_1_687' title='bbox 2745 2856 2940 2897; x_wconf 81' lang='lat' dir='ltr'><strong>arcana</strong></span> <span class='ocrx_word' id='word_1_688' title='bbox 2979 2848 3104 2894; x_wconf 88' lang='lat' dir='ltr'><strong>sunt</strong></span> <span class='ocrx_word' id='word_1_689' title='bbox 3131 2839 3362 2892; x_wconf 87' lang='lat' dir='ltr'><strong>revelata</strong></span> <span class='ocrx_word' id='word_1_690' title='bbox 3401 2851 3518 2905; x_wconf 77' lang='lat' dir='ltr'><strong>my-</strong></span> 
     </span>
    </p>
   </div>
   <div class='ocr_carea' id='block_1_89' title="bbox 1921 2927 3520 3002">
    <p class='ocr_par' dir='ltr' id='par_1_89' title="bbox 1921 2927 3520 3002">
     <span class='ocr_line' id='line_1_89' title="bbox 1921 2927 3520 3002; baseline -0.005 -14"><span class='ocrx_word' id='word_1_691' title='bbox 1921 2937 2296 3001; x_wconf 87' lang='lat' dir='ltr'><strong>steria,media</strong></span> <span class='ocrx_word' id='word_1_692' title='bbox 2315 2949 2476 2995; x_wconf 87' lang='lat' dir='ltr'><strong>nocte</strong></span> <span class='ocrx_word' id='word_1_693' title='bbox 2493 2937 2545 2990; x_wconf 90' lang='lat' dir='ltr'><strong>in</strong></span> <span class='ocrx_word' id='word_1_694' title='bbox 2560 2934 2787 2989; x_wconf 81' lang='lat' dir='ltr'><strong>vinculis</strong></span> <span class='ocrx_word' id='word_1_695' title='bbox 2815 2946 3003 3002; x_wconf 86' lang='lat' dir='ltr'><strong>preces</strong></span> <span class='ocrx_word' id='word_1_696' title='bbox 3028 2941 3083 2986; x_wconf 86' lang='lat' dir='ltr'><strong>et</strong></span> <span class='ocrx_word' id='word_1_697' title='bbox 3110 2929 3296 2984; x_wconf 88' lang='lat' dir='ltr'><strong>laudes</strong></span> <span class='ocrx_word' id='word_1_698' title='bbox 3323 2927 3520 2982; x_wconf 75' lang='lat' dir='ltr'><strong>oﬂ&#39;ere-</strong></span> 
     </span>
    </p>
   </div>
   <div class='ocr_carea' id='block_1_90' title="bbox 1921 3018 3519 3090">
    <p class='ocr_par' dir='ltr' id='par_1_90' title="bbox 1921 3018 3519 3090">
     <span class='ocr_line' id='line_1_90' title="bbox 1921 3018 3519 3090; baseline -0.004 -14"><span class='ocrx_word' id='word_1_699' title='bbox 1921 3023 2013 3077; x_wconf 85' lang='lat' dir='ltr'><strong>bat</strong></span> <span class='ocrx_word' id='word_1_700' title='bbox 2037 3025 2295 3089; x_wconf 88' lang='lat' dir='ltr'><strong>Domino;</strong></span> <span class='ocrx_word' id='word_1_701' title='bbox 2324 3033 2379 3078; x_wconf 88' lang='lat' dir='ltr'><strong>et</strong></span> <span class='ocrx_word' id='word_1_702' title='bbox 2420 3039 2518 3078; x_wconf 77' lang='lat' dir='ltr'><strong>rex</strong></span> <span class='ocrx_word' id='word_1_703' title='bbox 2561 3023 2736 3078; x_wconf 87' lang='lat' dir='ltr'><strong>media</strong></span> <span class='ocrx_word' id='word_1_704' title='bbox 2766 3032 2925 3077; x_wconf 88' lang='lat' dir='ltr'><strong>nocte</strong></span> <span class='ocrx_word' id='word_1_705' title='bbox 2953 3018 3358 3090; x_wconf 80' lang='lat' dir='ltr'><strong>expergeiactus</strong></span> <span class='ocrx_word' id='word_1_706' title='bbox 3386 3032 3519 3071; x_wconf 86' lang='lat' dir='ltr'><strong>con-</strong></span> 
     </span>
    </p>
   </div>
   <div class='ocr_carea' id='block_1_91' title="bbox 1926 3113 3522 3185">
    <p class='ocr_par' dir='ltr' id='par_1_91' title="bbox 1926 3113 3522 3185">
     <span class='ocr_line' id='line_1_91' title="bbox 1926 3113 3522 3185; baseline -0.004 -17"><span class='ocrx_word' id='word_1_707' title='bbox 1926 3115 2196 3179; x_wconf 82' lang='lat' dir='ltr'><strong>ﬁtebatur,</strong></span> <span class='ocrx_word' id='word_1_708' title='bbox 2225 3125 2279 3169; x_wconf 89' lang='lat' dir='ltr'><strong>et</strong></span> <span class='ocrx_word' id='word_1_709' title='bbox 2304 3116 2530 3185; x_wconf 87' lang='lat' dir='ltr'><strong>apostoli</strong></span> <span class='ocrx_word' id='word_1_710' title='bbox 2557 3114 2732 3168; x_wconf 89' lang='lat' dir='ltr'><strong>media</strong></span> <span class='ocrx_word' id='word_1_711' title='bbox 2767 3122 2926 3167; x_wconf 88' lang='lat' dir='ltr'><strong>nocte</strong></span> <span class='ocrx_word' id='word_1_712' title='bbox 2945 3113 3226 3166; x_wconf 87' lang='lat' dir='ltr'><strong>continuas</strong></span> <span class='ocrx_word' id='word_1_713' title='bbox 3258 3122 3442 3178; x_wconf 87' lang='lat' dir='ltr'><strong>preces</strong></span> <span class='ocrx_word' id='word_1_714' title='bbox 3467 3117 3522 3162; x_wconf 84' lang='lat' dir='ltr'><strong>et</strong></span> 
     </span>
    </p>
   </div>
   <div class='ocr_carea' id='block_1_92' title="bbox 1924 3205 3510 3268">
    <p class='ocr_par' dir='ltr' id='par_1_92' title="bbox 1924 3205 3510 3268">
     <span class='ocr_line' id='line_1_92' title="bbox 1924 3205 3510 3268; baseline -0.004 -9"><span class='ocrx_word' id='word_1_715' title='bbox 1924 3206 2107 3259; x_wconf 79' lang='lat' dir='ltr'><strong>laudes</strong></span> <span class='ocrx_word' id='word_1_716' title='bbox 2129 3206 2438 3260; x_wconf 89' lang='lat' dir='ltr'><strong>reddebant.</strong></span> <span class='ocrx_word' id='word_1_717' title='bbox 2478 3205 2600 3259; x_wconf 86' lang='lat' dir='ltr'><strong>Illos</strong></span> <span class='ocrx_word' id='word_1_718' title='bbox 2630 3205 2901 3259; x_wconf 87' lang='lat' dir='ltr'><strong>imitemur</strong></span> <span class='ocrx_word' id='word_1_719' title='bbox 2950 3210 3005 3256; x_wconf 88' lang='lat' dir='ltr'><strong>ct</strong></span> <span class='ocrx_word' id='word_1_720' title='bbox 3042 3216 3160 3266; x_wconf 92' lang='lat' dir='ltr'><strong>nos,</strong></span> <span class='ocrx_word' id='word_1_721' title='bbox 3208 3211 3262 3255; x_wconf 90' lang='lat' dir='ltr'><strong>et</strong></span> <span class='ocrx_word' id='word_1_722' title='bbox 3289 3213 3510 3268; x_wconf 83' lang='lat' dir='ltr'><strong>precum</strong></span> 
     </span>
    </p>
   </div>
   <div class='ocr_carea' id='block_1_93' title="bbox 1894 3291 3524 3357">
    <p class='ocr_par' dir='ltr' id='par_1_93' title="bbox 1894 3291 3524 3357">
     <span class='ocr_line' id='line_1_93' title="bbox 1894 3291 3524 3357; baseline -0.007 -5"><span class='ocrx_word' id='word_1_723' title='bbox 1894 3297 2238 3352; x_wconf 49' lang='lat' dir='ltr'><strong>Iassiduitate</strong></span> <span class='ocrx_word' id='word_1_724' title='bbox 2265 3298 2425 3351; x_wconf 88' lang='lat' dir='ltr'><strong>vitam</strong></span> <span class='ocrx_word' id='word_1_725' title='bbox 2457 3306 2694 3351; x_wconf 90' lang='lat' dir='ltr'><strong>nostram</strong></span> <span class='ocrx_word' id='word_1_726' title='bbox 2744 3295 3070 3357; x_wconf 88' lang='lat' dir='ltr'><strong>muniamus,</strong></span> <span class='ocrx_word' id='word_1_727' title='bbox 3103 3302 3155 3346; x_wconf 90' lang='lat' dir='ltr'><strong>et</strong></span> <span class='ocrx_word' id='word_1_728' title='bbox 3179 3291 3383 3347; x_wconf 91' lang='lat' dir='ltr'><strong>nullum</strong></span> <span class='ocrx_word' id='word_1_729' title='bbox 3425 3307 3524 3343; x_wconf 84' lang='lat' dir='ltr'><strong>no-</strong></span> 
     </span>
    </p>
   </div>
   <div class='ocr_carea' id='block_1_94' title="bbox 1925 3381 3522 3462">
    <p class='ocr_par' dir='ltr' id='par_1_94' title="bbox 1925 3381 3522 3462">
     <span class='ocr_line' id='line_1_94' title="bbox 1925 3381 3522 3462; baseline -0.008 -17"><span class='ocrx_word' id='word_1_730' title='bbox 1925 3390 2005 3445; x_wconf 85' lang='lat' dir='ltr'><strong>bis</strong></span> <span class='ocrx_word' id='word_1_731' title='bbox 2048 3403 2299 3458; x_wconf 88' lang='lat' dir='ltr'><strong>umquam</strong></span> <span class='ocrx_word' id='word_1_732' title='bbox 2341 3390 2445 3444; x_wconf 91' lang='lat' dir='ltr'><strong>erit</strong></span> <span class='ocrx_word' id='word_1_733' title='bbox 2472 3388 2830 3442; x_wconf 90' lang='lat' dir='ltr'><strong>obstaculum.</strong></span> <span class='ocrx_word' id='word_1_734' title='bbox 2862 3385 3015 3462; x_wconf 41' lang='lat' dir='ltr'><strong>.Nihil</strong></span> <span class='ocrx_word' id='word_1_735' title='bbox 3059 3384 3202 3438; x_wconf 88' lang='lat' dir='ltr'><strong>enim</strong></span> <span class='ocrx_word' id='word_1_736' title='bbox 3249 3394 3332 3436; x_wconf 87' lang='lat' dir='ltr'><strong>est</strong></span> <span class='ocrx_word' id='word_1_737' title='bbox 3379 3381 3522 3451; x_wconf 87' lang='lat' dir='ltr'><strong>quod</strong></span> 
     </span>
    </p>
   </div>
   <div class='ocr_carea' id='block_1_95' title="bbox 1924 3473 3524 3548">
    <p class='ocr_par' dir='ltr' id='par_1_95' title="bbox 1924 3473 3524 3548">
     <span class='ocr_line' id='line_1_95' title="bbox 1924 3473 3524 3548; baseline -0.006 -13"><span class='ocrx_word' id='word_1_738' title='bbox 1924 3483 2116 3535; x_wconf 86' lang='lat' dir='ltr'><strong>obesse</strong></span> <span class='ocrx_word' id='word_1_739' title='bbox 2143 3479 2298 3534; x_wconf 87' lang='lat' dir='ltr'><strong>nobis</strong></span> <span class='ocrx_word' id='word_1_740' title='bbox 2336 3479 2523 3548; x_wconf 88' lang='lat' dir='ltr'><strong>possit,</strong></span> <span class='ocrx_word' id='word_1_741' title='bbox 2557 3476 2718 3530; x_wconf 89' lang='lat' dir='ltr'><strong>modo</strong></span> <span class='ocrx_word' id='word_1_742' title='bbox 2748 3475 2912 3530; x_wconf 89' lang='lat' dir='ltr'><strong>sobrii</strong></span> <span class='ocrx_word' id='word_1_743' title='bbox 2943 3475 3131 3528; x_wconf 90' lang='lat' dir='ltr'><strong>simus.</strong></span> <span class='ocrx_word' id='word_1_744' title='bbox 3172 3473 3307 3526; x_wconf 84' lang='lat' dir='ltr'><strong>Num</strong></span> <span class='ocrx_word' id='word_1_745' title='bbox 3329 3473 3445 3526; x_wconf 86' lang='lat' dir='ltr'><strong>loco</strong></span> <span class='ocrx_word' id='word_1_746' title='bbox 3467 3480 3524 3526; x_wconf 91' lang='lat' dir='ltr'><strong>et</strong></span> 
     </span>
    </p>
   </div>
   <div class='ocr_carea' id='block_1_96' title="bbox 1928 3567 3524 3641">
    <p class='ocr_par' dir='ltr' id='par_1_96' title="bbox 1928 3567 3524 3641">
     <span class='ocr_line' id='line_1_96' title="bbox 1928 3567 3524 3641; baseline -0.006 -14"><span class='ocrx_word' id='word_1_747' title='bbox 1928 3583 2166 3641; x_wconf 87' lang='lat' dir='ltr'><strong>tempore</strong></span> <span class='ocrx_word' id='word_1_748' title='bbox 2193 3573 2348 3627; x_wconf 90' lang='lat' dir='ltr'><strong>nobis</strong></span> <span class='ocrx_word' id='word_1_749' title='bbox 2366 3585 2502 3641; x_wconf 88' lang='lat' dir='ltr'><strong>opus</strong></span> <span class='ocrx_word' id='word_1_750' title='bbox 2530 3569 2652 3624; x_wconf 83' lang='lat' dir='ltr'><strong>est?</strong></span> <span class='ocrx_word' id='word_1_751' title='bbox 2678 3569 2865 3623; x_wconf 88' lang='lat' dir='ltr'><strong>Otnnis</strong></span> <span class='ocrx_word' id='word_1_752' title='bbox 2896 3567 3066 3633; x_wconf 69' lang='lat' dir='ltr'><strong>locus,</strong></span> <span class='ocrx_word' id='word_1_753' title='bbox 3106 3581 3267 3620; x_wconf 88' lang='lat' dir='ltr'><strong>omne</strong></span> <span class='ocrx_word' id='word_1_754' title='bbox 3312 3575 3524 3632; x_wconf 87' lang='lat' dir='ltr'><strong>tempus</strong></span> 
     </span>
    </p>
   </div>
   <div class='ocr_carea' id='block_1_97' title="bbox 1927 3656 3522 3726">
    <p class='ocr_par' dir='ltr' id='par_1_97' title="bbox 1927 3656 3522 3726">
     <span class='ocr_line' id='line_1_97' title="bbox 1927 3656 3522 3726; baseline -0.005 -8"><span class='ocrx_word' id='word_1_755' title='bbox 1927 3665 2051 3718; x_wconf 91' lang='lat' dir='ltr'><strong>huic</strong></span> <span class='ocrx_word' id='word_1_756' title='bbox 2074 3664 2310 3718; x_wconf 91' lang='lat' dir='ltr'><strong>accessui</strong></span> <span class='ocrx_word' id='word_1_757' title='bbox 2340 3662 2610 3718; x_wconf 89' lang='lat' dir='ltr'><strong>convenit.</strong></span> <span class='ocrx_word' id='word_1_758' title='bbox 2642 3659 2774 3714; x_wconf 86' lang='lat' dir='ltr'><strong>Nam</strong></span> <span class='ocrx_word' id='word_1_759' title='bbox 2807 3660 2998 3712; x_wconf 89' lang='lat' dir='ltr'><strong>iterum</strong></span> <span class='ocrx_word' id='word_1_760' title='bbox 3036 3656 3161 3710; x_wconf 91' lang='lat' dir='ltr'><strong>audi</strong></span> <span class='ocrx_word' id='word_1_761' title='bbox 3203 3656 3522 3726; x_wconf 84' lang='lat' dir='ltr'><strong>magistrum</strong></span> 
     </span>
    </p>
   </div>
   <div class='ocr_carea' id='block_1_98' title="bbox 1925 3751 3525 3811">
    <p class='ocr_par' dir='ltr' id='par_1_98' title="bbox 1925 3751 3525 3811">
     <span class='ocr_line' id='line_1_98' title="bbox 1925 3751 3525 3811; baseline -0.007 -1"><span class='ocrx_word' id='word_1_762' title='bbox 1925 3757 2073 3811; x_wconf 90' lang='lat' dir='ltr'><strong>orbis</strong></span> <span class='ocrx_word' id='word_1_763' title='bbox 2113 3756 2380 3810; x_wconf 86' lang='lat' dir='ltr'><strong>dicentem</strong></span> <span class='ocrx_word' id='word_1_764' title='bbox 2409 3772 2422 3808; x_wconf 74' lang='grc' dir='ltr'><strong>ε</strong></span> <span class='ocrx_word' id='word_1_765' title='bbox 2457 3753 2520 3806; x_wconf 85' lang='grc' dir='ltr'><strong>1η</strong></span> <span class='ocrx_word' id='word_1_766' title='bbox 2548 3753 2685 3806; x_wconf 82' lang='grc' dir='ltr'><strong>οηιηὶ</strong></span> <span class='ocrx_word' id='word_1_767' title='bbox 2715 3753 2825 3805; x_wconf 87' lang='lat' dir='ltr'><strong>loco</strong></span> <span class='ocrx_word' id='word_1_768' title='bbox 2851 3751 3070 3803; x_wconf 81' lang='lat' dir='ltr'><strong>levantes</strong></span> <span class='ocrx_word' id='word_1_769' title='bbox 3113 3757 3316 3802; x_wconf 83' lang='lat' dir='ltr'><strong>sanctas</strong></span> <span class='ocrx_word' id='word_1_770' title='bbox 3342 3763 3525 3799; x_wconf 82' lang='lat' dir='ltr'><strong>manus</strong></span> 
     </span>
    </p>
   </div>
   <div class='ocr_carea' id='block_1_99' title="bbox 1923 3837 3522 3916">
    <p class='ocr_par' dir='ltr' id='par_1_99' title="bbox 1923 3837 3522 3916">
     <span class='ocr_line' id='line_1_99' title="bbox 1923 3837 3522 3916; baseline -0.007 -16"><span class='ocrx_word' id='word_1_771' title='bbox 1923 3848 2108 3916; x_wconf 80' lang='lat' dir='ltr'><strong>absque</strong></span> <span class='ocrx_word' id='word_1_772' title='bbox 2150 3847 2227 3899; x_wconf 85' lang='lat' dir='ltr'><strong>ira</strong></span> <span class='ocrx_word' id='word_1_773' title='bbox 2263 3856 2308 3899; x_wconf 87' lang='lat' dir='ltr'><strong>et</strong></span> <span class='ocrx_word' id='word_1_774' title='bbox 2335 3844 2694 3913; x_wconf 79' lang='lat' dir='ltr'><strong>disceptatione</strong></span> <span class='ocrx_word' id='word_1_775' title='bbox 2724 3841 2800 3911; x_wconf 82' lang='lat' dir='ltr'><strong>(l.</strong></span> <span class='ocrx_word' id='word_1_776' title='bbox 2837 3840 2970 3894; x_wconf 84' lang='lat' dir='ltr'><strong>Tim.</strong></span> <span class='ocrx_word' id='word_1_777' title='bbox 3002 3838 3056 3891; x_wconf 73' lang='grc'><strong>2.</strong></span> <span class='ocrx_word' id='word_1_778' title='bbox 3079 3839 3156 3906; x_wconf 82' lang='grc'><strong>8).</strong></span> <span class='ocrx_word' id='word_1_779' title='bbox 3184 3837 3240 3890; x_wconf 90' lang='lat' dir='ltr'><strong>Si</strong></span> <span class='ocrx_word' id='word_1_780' title='bbox 3283 3845 3522 3890; x_wconf 87' lang='lat' dir='ltr'><strong>mentem</strong></span> 
     </span>
    </p>
   </div>
   <div class='ocr_carea' id='block_1_100' title="bbox 1928 3929 3526 4008">
    <p class='ocr_par' dir='ltr' id='par_1_100' title="bbox 1928 3929 3526 4008">
     <span class='ocr_line' id='line_1_100' title="bbox 1928 3929 3526 4008; baseline -0.006 -16"><span class='ocrx_word' id='word_1_781' title='bbox 1928 3939 2180 3994; x_wconf 73' lang='lat' dir='ltr'><strong>habueris</strong></span> <span class='ocrx_word' id='word_1_782' title='bbox 2211 3947 2484 4008; x_wconf 81' lang='lat' dir='ltr'><strong>purgatam</strong></span> <span class='ocrx_word' id='word_1_783' title='bbox 2516 3936 2584 3989; x_wconf 93' lang='lat' dir='ltr'><strong>ab</strong></span> <span class='ocrx_word' id='word_1_784' title='bbox 2615 3934 2813 3990; x_wconf 88' lang='lat' dir='ltr'><strong>illicitis</strong></span> <span class='ocrx_word' id='word_1_785' title='bbox 2853 3932 3227 3986; x_wconf 79' lang='lat' dir='ltr'><strong>aﬂ‘ectionibus</strong></span> <span class='ocrx_word' id='word_1_786' title='bbox 3248 3972 3262 3994; x_wconf 93' lang='lat'><strong>,</strong></span> <span class='ocrx_word' id='word_1_787' title='bbox 3313 3931 3425 3983; x_wconf 88' lang='lat' dir='ltr'><strong>sive</strong></span> <span class='ocrx_word' id='word_1_788' title='bbox 3471 3929 3526 3982; x_wconf 91' lang='lat' dir='ltr'><strong>itt</strong></span> 
     </span>
    </p>
   </div>
   <div class='ocr_carea' id='block_1_101' title="bbox 1931 4021 3529 4096">
    <p class='ocr_par' dir='ltr' id='par_1_101' title="bbox 1931 4021 3529 4096">
     <span class='ocr_line' id='line_1_101' title="bbox 1931 4021 3529 4096; baseline -0.007 -11"><span class='ocrx_word' id='word_1_789' title='bbox 1931 4033 2066 4096; x_wconf 81' lang='lat' dir='ltr'><strong>foro,</strong></span> <span class='ocrx_word' id='word_1_790' title='bbox 2096 4031 2211 4085; x_wconf 90' lang='lat' dir='ltr'><strong>sive</strong></span> <span class='ocrx_word' id='word_1_791' title='bbox 2241 4030 2407 4094; x_wconf 90' lang='lat' dir='ltr'><strong>domi,</strong></span> <span class='ocrx_word' id='word_1_792' title='bbox 2439 4031 2554 4084; x_wconf 88' lang='lat' dir='ltr'><strong>sive</strong></span> <span class='ocrx_word' id='word_1_793' title='bbox 2583 4030 2634 4082; x_wconf 92' lang='lat' dir='ltr'><strong>in</strong></span> <span class='ocrx_word' id='word_1_794' title='bbox 2665 4027 2766 4091; x_wconf 86' lang='lat' dir='ltr'><strong>via,</strong></span> <span class='ocrx_word' id='word_1_795' title='bbox 2789 4027 2872 4080; x_wconf 89' lang='lat' dir='ltr'><strong>vel</strong></span> <span class='ocrx_word' id='word_1_796' title='bbox 2895 4025 2946 4078; x_wconf 91' lang='lat' dir='ltr'><strong>in</strong></span> <span class='ocrx_word' id='word_1_797' title='bbox 2973 4039 3212 4087; x_wconf 83' lang='lat' dir='ltr'><strong>carcere,</strong></span> <span class='ocrx_word' id='word_1_798' title='bbox 3235 4023 3318 4075; x_wconf 83' lang='lat' dir='ltr'><strong>vel</strong></span> <span class='ocrx_word' id='word_1_799' title='bbox 3343 4021 3394 4074; x_wconf 93' lang='lat' dir='ltr'><strong>in</strong></span> <span class='ocrx_word' id='word_1_800' title='bbox 3423 4035 3529 4074; x_wconf 89' lang='lat' dir='ltr'><strong>ma-</strong></span> 
     </span>
    </p>
   </div>
   <div class='ocr_carea' id='block_1_102' title="bbox 1928 4113 3531 4188">
    <p class='ocr_par' dir='ltr' id='par_1_102' title="bbox 1928 4113 3531 4188">
     <span class='ocr_line' id='line_1_102' title="bbox 1928 4113 3531 4188; baseline -0.006 -12"><span class='ocrx_word' id='word_1_801' title='bbox 1928 4123 1996 4188; x_wconf 89' lang='lat' dir='ltr'><strong>ri,</strong></span> <span class='ocrx_word' id='word_1_802' title='bbox 2027 4121 2110 4175; x_wconf 84' lang='lat' dir='ltr'><strong>vel</strong></span> <span class='ocrx_word' id='word_1_803' title='bbox 2142 4122 2196 4175; x_wconf 88' lang='lat' dir='ltr'><strong>iti</strong></span> <span class='ocrx_word' id='word_1_804' title='bbox 2244 4120 2561 4185; x_wconf 87' lang='lat' dir='ltr'><strong>diversorio,</strong></span> <span class='ocrx_word' id='word_1_805' title='bbox 2598 4119 2682 4173; x_wconf 89' lang='lat' dir='ltr'><strong>vel</strong></span> <span class='ocrx_word' id='word_1_806' title='bbox 2714 4119 2766 4171; x_wconf 90' lang='lat' dir='ltr'><strong>in</strong></span> <span class='ocrx_word' id='word_1_807' title='bbox 2796 4114 3010 4169; x_wconf 86' lang='lat' dir='ltr'><strong>ol&#39;licina</strong></span> <span class='ocrx_word' id='word_1_808' title='bbox 3031 4155 3047 4180; x_wconf 94' lang='lat'><strong>,</strong></span> <span class='ocrx_word' id='word_1_809' title='bbox 3096 4123 3151 4169; x_wconf 89' lang='lat' dir='ltr'><strong>et</strong></span> <span class='ocrx_word' id='word_1_810' title='bbox 3206 4113 3531 4180; x_wconf 80' lang='lat' dir='ltr'><strong>ubicumque</strong></span> 
     </span>
    </p>
   </div>
   <div class='ocr_carea' id='block_1_103' title="bbox 1929 4205 3531 4282">
    <p class='ocr_par' dir='ltr' id='par_1_103' title="bbox 1929 4205 3531 4282">
     <span class='ocr_line' id='line_1_103' title="bbox 1929 4205 3531 4282; baseline -0.008 -13"><span class='ocrx_word' id='word_1_811' title='bbox 1929 4215 2094 4269; x_wconf 78' lang='lat' dir='ltr'><strong>fueris</strong></span> <span class='ocrx_word' id='word_1_812' title='bbox 2124 4218 2465 4277; x_wconf 87' lang='lat' dir='ltr'><strong>constitutus,</strong></span> <span class='ocrx_word' id='word_1_813' title='bbox 2494 4212 2695 4282; x_wconf 91' lang='lat' dir='ltr'><strong>poteris</strong></span> <span class='ocrx_word' id='word_1_814' title='bbox 2713 4211 2958 4264; x_wconf 85' lang='lat' dir='ltr'><strong>invocato</strong></span> <span class='ocrx_word' id='word_1_815' title='bbox 2983 4208 3093 4261; x_wconf 90' lang='lat' dir='ltr'><strong>Deo</strong></span> <span class='ocrx_word' id='word_1_816' title='bbox 3113 4207 3217 4259; x_wconf 88' lang='lat' dir='ltr'><strong>voti</strong></span> <span class='ocrx_word' id='word_1_817' title='bbox 3239 4205 3353 4258; x_wconf 87' lang='lat' dir='ltr'><strong>iieri</strong></span> <span class='ocrx_word' id='word_1_818' title='bbox 3381 4219 3531 4256; x_wconf 81' lang='lat' dir='ltr'><strong>com-</strong></span> 
     </span>
    </p>
   </div>
   <div class='ocr_carea' id='block_1_104' title="bbox 1930 4298 3529 4377">
    <p class='ocr_par' dir='ltr' id='par_1_104' title="bbox 1930 4298 3529 4377">
     <span class='ocr_line' id='line_1_104' title="bbox 1930 4298 3529 4377; baseline -0.008 -15"><span class='ocrx_word' id='word_1_819' title='bbox 1930 4320 2046 4377; x_wconf 85' lang='lat' dir='ltr'><strong>pos.</strong></span> <span class='ocrx_word' id='word_1_820' title='bbox 2078 4305 2233 4372; x_wconf 85' lang='lat' dir='ltr'><strong>Quod</strong></span> <span class='ocrx_word' id='word_1_821' title='bbox 2264 4320 2384 4359; x_wconf 87' lang='lat' dir='ltr'><strong>eum</strong></span> <span class='ocrx_word' id='word_1_822' title='bbox 2415 4305 2667 4368; x_wconf 86' lang='lat' dir='ltr'><strong>sciamus,</strong></span> <span class='ocrx_word' id='word_1_823' title='bbox 2693 4302 2918 4356; x_wconf 83' lang='lat' dir='ltr'><strong>obsecro</strong></span> <span class='ocrx_word' id='word_1_824' title='bbox 2943 4308 2997 4352; x_wconf 91' lang='lat' dir='ltr'><strong>ut</strong></span> <span class='ocrx_word' id='word_1_825' title='bbox 3027 4313 3148 4352; x_wconf 90' lang='lat' dir='ltr'><strong>cum</strong></span> <span class='ocrx_word' id='word_1_826' title='bbox 3171 4298 3377 4366; x_wconf 84' lang='lat' dir='ltr'><strong>jejunio</strong></span> <span class='ocrx_word' id='word_1_827' title='bbox 3408 4312 3529 4364; x_wconf 78' lang='lat' dir='ltr'><strong>prc-</strong></span> 
     </span>
    </p>
   </div>
   <div class='ocr_carea' id='block_1_105' title="bbox 1928 4385 3532 4464">
    <p class='ocr_par' dir='ltr' id='par_1_105' title="bbox 1928 4385 3532 4464">
     <span class='ocr_line' id='line_1_105' title="bbox 1928 4385 3532 4464; baseline -0.007 -12"><span class='ocrx_word' id='word_1_828' title='bbox 1928 4398 2082 4452; x_wconf 92' lang='lat' dir='ltr'><strong>cibus</strong></span> <span class='ocrx_word' id='word_1_829' title='bbox 2109 4395 2438 4464; x_wconf 78' lang='lat' dir='ltr'><strong>diligentiam</strong></span> <span class='ocrx_word' id='word_1_830' title='bbox 2481 4393 2852 4456; x_wconf 88' lang='lat' dir='ltr'><strong>adhibeamus,</strong></span> <span class='ocrx_word' id='word_1_831' title='bbox 2888 4389 3184 4444; x_wconf 88' lang='lat' dir='ltr'><strong>subsidium</strong></span> <span class='ocrx_word' id='word_1_832' title='bbox 3213 4388 3368 4441; x_wconf 90' lang='lat' dir='ltr'><strong>nobis</strong></span> <span class='ocrx_word' id='word_1_833' title='bbox 3405 4385 3532 4440; x_wconf 88' lang='lat' dir='ltr'><strong>inde</strong></span> 
     </span>
    </p>
   </div>
   <div class='ocr_carea' id='block_1_106' title="bbox 1930 4480 3529 4558">
    <p class='ocr_par' dir='ltr' id='par_1_106' title="bbox 1930 4480 3529 4558">
     <span class='ocr_line' id='line_1_106' title="bbox 1930 4480 3529 4558; baseline -0.008 -17"><span class='ocrx_word' id='word_1_834' title='bbox 1930 4499 2182 4558; x_wconf 88' lang='lat' dir='ltr'><strong>parantes</strong></span> <span class='ocrx_word' id='word_1_835' title='bbox 2215 4505 2228 4541; x_wconf 89' lang='lat'><strong><em>:</em></strong></span> <span class='ocrx_word' id='word_1_836' title='bbox 2263 4503 2370 4558; x_wconf 89' lang='lat' dir='ltr'><strong>quo</strong></span> <span class='ocrx_word' id='word_1_837' title='bbox 2395 4501 2682 4556; x_wconf 87' lang='lat' dir='ltr'><strong>supernam</strong></span> <span class='ocrx_word' id='word_1_838' title='bbox 2710 4483 2982 4552; x_wconf 87' lang='lat' dir='ltr'><strong>assequuti</strong></span> <span class='ocrx_word' id='word_1_839' title='bbox 3013 4480 3260 4550; x_wconf 78' lang='lat' dir='ltr'><strong>gratiam,</strong></span> <span class='ocrx_word' id='word_1_840' title='bbox 3291 4491 3342 4533; x_wconf 88' lang='lat' dir='ltr'><strong>et</strong></span> <span class='ocrx_word' id='word_1_841' title='bbox 3391 4493 3529 4546; x_wconf 71' lang='lat' dir='ltr'><strong>prte-</strong></span> 
     </span>
    </p>
   </div>
   <div class='ocr_carea' id='block_1_107' title="bbox 1931 4569 3530 4650">
    <p class='ocr_par' dir='ltr' id='par_1_107' title="bbox 1931 4569 3530 4650">
     <span class='ocr_line' id='line_1_107' title="bbox 1931 4569 3530 4650; baseline -0.01 -15"><span class='ocrx_word' id='word_1_842' title='bbox 1931 4592 2140 4636; x_wconf 87' lang='lat' dir='ltr'><strong>sentem</strong></span> <span class='ocrx_word' id='word_1_843' title='bbox 2169 4584 2330 4633; x_wconf 86' lang='lat' dir='ltr'><strong>vitam</strong></span> <span class='ocrx_word' id='word_1_844' title='bbox 2364 4581 2432 4634; x_wconf 87' lang='lat' dir='ltr'><strong>ita</strong></span> <span class='ocrx_word' id='word_1_845' title='bbox 2462 4593 2683 4649; x_wconf 86' lang='lat' dir='ltr'><strong>agamus</strong></span> <span class='ocrx_word' id='word_1_846' title='bbox 2706 4588 2763 4630; x_wconf 93' lang='lat' dir='ltr'><strong>ut</strong></span> <span class='ocrx_word' id='word_1_847' title='bbox 2793 4578 2902 4630; x_wconf 85' lang='lat' dir='ltr'><strong>Deo</strong></span> <span class='ocrx_word' id='word_1_848' title='bbox 2931 4576 3210 4644; x_wconf 83' lang='lat' dir='ltr'><strong>probetur,</strong></span> <span class='ocrx_word' id='word_1_849' title='bbox 3232 4581 3284 4625; x_wconf 89' lang='lat' dir='ltr'><strong>et</strong></span> <span class='ocrx_word' id='word_1_850' title='bbox 3314 4572 3366 4624; x_wconf 92' lang='lat' dir='ltr'><strong>in</strong></span> <span class='ocrx_word' id='word_1_851' title='bbox 3383 4569 3530 4650; x_wconf 46' lang='lat' dir='ltr'><strong>.intn-</strong></span> 
     </span>
    </p>
   </div>
   <div class='ocr_carea' id='block_1_108' title="bbox 1933 4663 3534 4739">
    <p class='ocr_par' dir='ltr' id='par_1_108' title="bbox 1933 4663 3534 4739">
     <span class='ocr_line' id='line_1_108' title="bbox 1933 4663 3534 4739; baseline -0.011 -9"><span class='ocrx_word' id='word_1_852' title='bbox 1933 4692 1995 4730; x_wconf 91' lang='lat' dir='ltr'><strong>ro</strong></span> <span class='ocrx_word' id='word_1_853' title='bbox 2022 4673 2444 4729; x_wconf 89' lang='lat' dir='ltr'><strong>miscricordiam</strong></span> <span class='ocrx_word' id='word_1_854' title='bbox 2476 4672 2706 4739; x_wconf 84' lang='lat' dir='ltr'><strong>aliquant</strong></span> <span class='ocrx_word' id='word_1_855' title='bbox 2731 4667 3123 4736; x_wconf 83' lang='lat' dir='ltr'><strong>adipiscamur,</strong></span> <span class='ocrx_word' id='word_1_856' title='bbox 3152 4664 3318 4734; x_wconf 83' lang='lat' dir='ltr'><strong>gratia</strong></span> <span class='ocrx_word' id='word_1_857' title='bbox 3346 4672 3400 4715; x_wconf 92' lang='lat' dir='ltr'><strong>et</strong></span> <span class='ocrx_word' id='word_1_858' title='bbox 3432 4663 3534 4714; x_wconf 81' lang='lat' dir='ltr'><strong>nti-</strong></span> 
     </span>
    </p>
   </div>
   <div class='ocr_carea' id='block_1_109' title="bbox 1932 4755 3534 4821">
    <p class='ocr_par' dir='ltr' id='par_1_109' title="bbox 1932 4755 3534 4821">
     <span class='ocr_line' id='line_1_109' title="bbox 1932 4755 3534 4821; baseline -0.01 -1"><span class='ocrx_word' id='word_1_859' title='bbox 1932 4765 2290 4820; x_wconf 73' lang='lat' dir='ltr'><strong>serationilius</strong></span> <span class='ocrx_word' id='word_1_860' title='bbox 2347 4761 2552 4817; x_wconf 88' lang='lat' dir='ltr'><strong>Domini</strong></span> <span class='ocrx_word' id='word_1_861' title='bbox 2604 4759 2773 4814; x_wconf 87' lang='lat' dir='ltr'><strong>nostri</strong></span> <span class='ocrx_word' id='word_1_862' title='bbox 2808 4757 2937 4813; x_wconf 70' lang='lat' dir='ltr'><strong>Iesu</strong></span> <span class='ocrx_word' id='word_1_863' title='bbox 2971 4755 3199 4818; x_wconf 88' lang='lat' dir='ltr'><strong>Christi,</strong></span> <span class='ocrx_word' id='word_1_864' title='bbox 3251 4769 3370 4807; x_wconf 90' lang='lat' dir='ltr'><strong>cum</strong></span> <span class='ocrx_word' id='word_1_865' title='bbox 3427 4768 3534 4821; x_wconf 87' lang='lat' dir='ltr'><strong>quo</strong></span> 
     </span>
    </p>
   </div>
   <div class='ocr_carea' id='block_1_110' title="bbox 1934 4845 3534 4922">
    <p class='ocr_par' dir='ltr' id='par_1_110' title="bbox 1934 4845 3534 4922">
     <span class='ocr_line' id='line_1_110' title="bbox 1934 4845 3534 4922; baseline -0.009 -12"><span class='ocrx_word' id='word_1_866' title='bbox 1934 4856 2075 4911; x_wconf 84' lang='lat' dir='ltr'><strong>Patri</strong></span> <span class='ocrx_word' id='word_1_867' title='bbox 2123 4864 2177 4909; x_wconf 89' lang='lat' dir='ltr'><strong>et</strong></span> <span class='ocrx_word' id='word_1_868' title='bbox 2205 4853 2423 4922; x_wconf 82' lang='lat' dir='ltr'><strong>Spiritui</strong></span> <span class='ocrx_word' id='word_1_869' title='bbox 2451 4860 2635 4906; x_wconf 89' lang='lat' dir='ltr'><strong>sancto</strong></span> <span class='ocrx_word' id='word_1_870' title='bbox 2661 4851 2730 4904; x_wconf 89' lang='lat' dir='ltr'><strong>sit</strong></span> <span class='ocrx_word' id='word_1_871' title='bbox 2759 4849 2926 4920; x_wconf 87' lang='lat' dir='ltr'><strong>gloria</strong></span> <span class='ocrx_word' id='word_1_872' title='bbox 2948 4888 2963 4914; x_wconf 88' lang='lat'><strong>,</strong></span> <span class='ocrx_word' id='word_1_873' title='bbox 3019 4848 3322 4916; x_wconf 85' lang='lat' dir='ltr'><strong>imperium,</strong></span> <span class='ocrx_word' id='word_1_874' title='bbox 3351 4856 3403 4897; x_wconf 89' lang='lat' dir='ltr'><strong>et</strong></span> <span class='ocrx_word' id='word_1_875' title='bbox 3438 4845 3534 4896; x_wconf 79' lang='lat' dir='ltr'><strong>lio-</strong></span> 
     </span>
    </p>
   </div>
   <div class='ocr_carea' id='block_1_111' title="bbox 1933 4937 3524 5014">
    <p class='ocr_par' dir='ltr' id='par_1_111' title="bbox 1933 4937 3524 5014">
     <span class='ocr_line' id='line_1_111' title="bbox 1933 4937 3524 5014; baseline -0.009 -13"><span class='ocrx_word' id='word_1_876' title='bbox 1933 4963 2052 5012; x_wconf 86' lang='lat' dir='ltr'><strong>nor,</strong></span> <span class='ocrx_word' id='word_1_877' title='bbox 2083 4959 2222 4998; x_wconf 89' lang='lat' dir='ltr'><strong>nunc</strong></span> <span class='ocrx_word' id='word_1_878' title='bbox 2243 4953 2296 4998; x_wconf 90' lang='lat' dir='ltr'><strong>et</strong></span> <span class='ocrx_word' id='word_1_879' title='bbox 2320 4959 2557 5014; x_wconf 87' lang='lat' dir='ltr'><strong>semper,</strong></span> <span class='ocrx_word' id='word_1_880' title='bbox 2581 4952 2634 4996; x_wconf 89' lang='lat' dir='ltr'><strong>et</strong></span> <span class='ocrx_word' id='word_1_881' title='bbox 2653 4943 2704 4996; x_wconf 92' lang='lat' dir='ltr'><strong>in</strong></span> <span class='ocrx_word' id='word_1_882' title='bbox 2732 4939 2925 4995; x_wconf 68' lang='lat' dir='ltr'><strong>stecula</strong></span> <span class='ocrx_word' id='word_1_883' title='bbox 2955 4939 3294 4992; x_wconf 66' lang='lat' dir='ltr'><strong>saeculorum.</strong></span> <span class='ocrx_word' id='word_1_884' title='bbox 3328 4937 3524 4989; x_wconf 79' lang='lat' dir='ltr'><strong>Anien.</strong></span> 
     </span>
    </p>
   </div>
   <div class='ocr_carea' id='block_1_112' title="bbox 2471 5068 2990 5130">
    <p class='ocr_par' dir='ltr' id='par_1_112' title="bbox 2471 5068 2990 5130">
     <span class='ocr_line' id='line_1_112' title="bbox 2471 5068 2990 5130; baseline -0.012 0"><span class='ocrx_word' id='word_1_885' title='bbox 2471 5072 2753 5130; x_wconf 79' lang='lat' dir='ltr'><strong>llOMlLlA</strong></span> <span class='ocrx_word' id='word_1_886' title='bbox 2791 5068 2990 5126; x_wconf 78' lang='lat' dir='ltr'><strong>XXXI.</strong></span> 
     </span>
    </p>
   </div>
   <div class='ocr_carea' id='block_1_113' title="bbox 1937 5177 3535 5264">
    <p class='ocr_par' dir='ltr' id='par_1_113' title="bbox 1937 5177 3535 5264">
     <span class='ocr_line' id='line_1_113' title="bbox 1937 5177 3535 5264; baseline -0.01 -17"><span class='ocrx_word' id='word_1_887' title='bbox 1937 5192 2002 5246; x_wconf 83' lang='lat' dir='ltr'><strong>Et</strong></span> <span class='ocrx_word' id='word_1_888' title='bbox 2050 5194 2242 5264; x_wconf 83' lang='lat' dir='ltr'><strong>accepit</strong></span> <span class='ocrx_word' id='word_1_889' title='bbox 2291 5192 2467 5246; x_wconf 76' lang='lat' dir='ltr'><strong>Thura</strong></span> <span class='ocrx_word' id='word_1_890' title='bbox 2497 5192 2683 5243; x_wconf 84' lang='lat' dir='ltr'><strong>Abram</strong></span> <span class='ocrx_word' id='word_1_891' title='bbox 2731 5197 2776 5241; x_wconf 88' lang='lat' dir='ltr'><strong>et</strong></span> <span class='ocrx_word' id='word_1_892' title='bbox 2821 5185 3028 5239; x_wconf 83' lang='lat' dir='ltr'><strong>Nachor</strong></span> <span class='ocrx_word' id='word_1_893' title='bbox 3050 5183 3183 5251; x_wconf 75' lang='lat' dir='ltr'><strong>ﬁlios</strong></span> <span class='ocrx_word' id='word_1_894' title='bbox 3204 5177 3535 5246; x_wconf 81' lang='lat' dir='ltr'><strong>suos,etLot</strong></span> 
     </span>
    </p>
   </div>
   <div class='ocr_carea' id='block_1_114' title="bbox 2006 5278 3530 5354">
    <p class='ocr_par' dir='ltr' id='par_1_114' title="bbox 2006 5278 3530 5354">
     <span class='ocr_line' id='line_1_114' title="bbox 2006 5278 3530 5354; baseline -0.011 -16"><span class='ocrx_word' id='word_1_895' title='bbox 2006 5286 2169 5354; x_wconf 72' lang='lat' dir='ltr'><strong>ﬁlium</strong></span> <span class='ocrx_word' id='word_1_896' title='bbox 2213 5286 2369 5337; x_wconf 84' lang='lat' dir='ltr'><strong>Aram</strong></span> <span class='ocrx_word' id='word_1_897' title='bbox 2403 5282 2497 5350; x_wconf 82' lang='lat' dir='ltr'><strong>ﬁlii</strong></span> <span class='ocrx_word' id='word_1_898' title='bbox 2536 5281 2652 5344; x_wconf 85' lang='lat' dir='ltr'><strong>sui;</strong></span> <span class='ocrx_word' id='word_1_899' title='bbox 2683 5289 2729 5333; x_wconf 84' lang='lat' dir='ltr'><strong>et</strong></span> <span class='ocrx_word' id='word_1_900' title='bbox 2759 5278 2948 5332; x_wconf 88' lang='lat' dir='ltr'><strong>Saram</strong></span> <span class='ocrx_word' id='word_1_901' title='bbox 2981 5291 3163 5327; x_wconf 84' lang='lat' dir='ltr'><strong>nurum</strong></span> <span class='ocrx_word' id='word_1_902' title='bbox 3191 5288 3368 5334; x_wconf 81' lang='lat' dir='ltr'><strong>suam,</strong></span> <span class='ocrx_word' id='word_1_903' title='bbox 3402 5286 3530 5322; x_wconf 72' lang='lat' dir='ltr'><strong>uxo-</strong></span> 
     </span>
    </p>
   </div>
   <div class='ocr_carea' id='block_1_115' title="bbox 2005 5367 3532 5440">
    <p class='ocr_par' dir='ltr' id='par_1_115' title="bbox 2005 5367 3532 5440">
     <span class='ocr_line' id='line_1_115' title="bbox 2005 5367 3532 5440; baseline -0.01 -10"><span class='ocrx_word' id='word_1_904' title='bbox 2005 5393 2110 5430; x_wconf 91' lang='lat' dir='ltr'><strong>rem</strong></span> <span class='ocrx_word' id='word_1_905' title='bbox 2151 5386 2318 5428; x_wconf 81' lang='lat' dir='ltr'><strong>autem</strong></span> <span class='ocrx_word' id='word_1_906' title='bbox 2343 5375 2529 5428; x_wconf 86' lang='lat' dir='ltr'><strong>Abram</strong></span> <span class='ocrx_word' id='word_1_907' title='bbox 2569 5372 2664 5440; x_wconf 81' lang='lat' dir='ltr'><strong>ﬁlii</strong></span> <span class='ocrx_word' id='word_1_908' title='bbox 2704 5372 2782 5423; x_wconf 85' lang='lat' dir='ltr'><strong>sui</strong></span> <span class='ocrx_word' id='word_1_909' title='bbox 2828 5387 2848 5434; x_wconf 88' lang='lat'><strong><em>;</em></strong></span> <span class='ocrx_word' id='word_1_910' title='bbox 2897 5377 2941 5421; x_wconf 85' lang='lat' dir='ltr'><strong>et</strong></span> <span class='ocrx_word' id='word_1_911' title='bbox 2986 5367 3155 5420; x_wconf 70' lang='lat' dir='ltr'><strong>eduxit</strong></span> <span class='ocrx_word' id='word_1_912' title='bbox 3204 5380 3287 5416; x_wconf 84' lang='lat' dir='ltr'><strong>eos</strong></span> <span class='ocrx_word' id='word_1_913' title='bbox 3310 5378 3373 5415; x_wconf 70' lang='lat' dir='ltr'><strong>ex</strong></span> <span class='ocrx_word' id='word_1_914' title='bbox 3403 5374 3532 5414; x_wconf 87' lang='lat' dir='ltr'><strong>terra</strong></span> 
     </span>
    </p>
   </div>
   <div class='ocr_carea' id='block_1_116' title="bbox 2007 5453 3528 5532">
    <p class='ocr_par' dir='ltr' id='par_1_116' title="bbox 2007 5453 3528 5532">
     <span class='ocr_line' id='line_1_116' title="bbox 2007 5453 3528 5532; baseline -0.013 -10"><span class='ocrx_word' id='word_1_915' title='bbox 2007 5466 2393 5532; x_wconf 65' lang='lat' dir='ltr'><strong>Chaldaeorum,</strong></span> <span class='ocrx_word' id='word_1_916' title='bbox 2436 5474 2490 5517; x_wconf 85' lang='lat' dir='ltr'><strong>ut</strong></span> <span class='ocrx_word' id='word_1_917' title='bbox 2527 5463 2964 5532; x_wconf 80' lang='lat' dir='ltr'><strong>proﬁciscerentur</strong></span> <span class='ocrx_word' id='word_1_918' title='bbox 3005 5459 3059 5510; x_wconf 88' lang='lat' dir='ltr'><strong>in</strong></span> <span class='ocrx_word' id='word_1_919' title='bbox 3105 5467 3288 5509; x_wconf 83' lang='lat' dir='ltr'><strong>terram</strong></span> <span class='ocrx_word' id='word_1_920' title='bbox 3328 5453 3528 5507; x_wconf 84' lang='lat' dir='ltr'><strong>Chana-</strong></span> 
     </span>
    </p>
   </div>
   <div class='ocr_carea' id='block_1_117' title="bbox 2007 5543 3530 5623">
    <p class='ocr_par' dir='ltr' id='par_1_117' title="bbox 2007 5543 3530 5623">
     <span class='ocr_line' id='line_1_117' title="bbox 2007 5543 3530 5623; baseline -0.012 -11"><span class='ocrx_word' id='word_1_921' title='bbox 2007 5575 2231 5612; x_wconf 81' lang='lat' dir='ltr'><strong>nteorum</strong></span> <span class='ocrx_word' id='word_1_922' title='bbox 2281 5574 2300 5611; x_wconf 92' lang='lat'><em>:</em></span> <span class='ocrx_word' id='word_1_923' title='bbox 2343 5567 2389 5610; x_wconf 87' lang='lat' dir='ltr'><strong>et</strong></span> <span class='ocrx_word' id='word_1_924' title='bbox 2433 5558 2562 5609; x_wconf 83' lang='lat' dir='ltr'><strong>venit</strong></span> <span class='ocrx_word' id='word_1_925' title='bbox 2591 5571 2748 5623; x_wconf 81' lang='lat' dir='ltr'><strong>usque</strong></span> <span class='ocrx_word' id='word_1_926' title='bbox 2786 5552 3052 5616; x_wconf 86' lang='lat' dir='ltr'><strong>Cltarran,</strong></span> <span class='ocrx_word' id='word_1_927' title='bbox 3094 5545 3399 5603; x_wconf 83' lang='lat' dir='ltr'><strong>etltabt‘tavit</strong></span> <span class='ocrx_word' id='word_1_928' title='bbox 3425 5543 3530 5596; x_wconf 83' lang='lat' dir='ltr'><strong>illic</strong></span> 
     </span>
    </p>
   </div>
   <div class='ocr_carea' id='block_1_118' title="bbox 2013 5649 2831 5720">
    <p class='ocr_par' dir='ltr' id='par_1_118' title="bbox 2013 5649 2831 5720">
     <span class='ocr_line' id='line_1_118' title="bbox 2013 5649 2831 5720; baseline 0.001 -18"><span class='ocrx_word' id='word_1_929' title='bbox 2013 5649 2163 5720; x_wconf 73' lang='lat' dir='ltr'><strong>(Cen.</strong></span> <span class='ocrx_word' id='word_1_930' title='bbox 2193 5651 2275 5703; x_wconf 79' lang='lat' dir='ltr'><strong>ll.</strong></span> <span class='ocrx_word' id='word_1_931' title='bbox 2303 5650 2413 5717; x_wconf 73' lang='grc'><strong>31).</strong></span> <span class='ocrx_word' id='word_1_932' title='bbox 2827 5694 2831 5703; x_wconf 97' lang='grc'><strong>.</strong></span> 
     </span>
    </p>
   </div>
   <div class='ocr_carea' id='block_1_119' title="bbox 2011 5749 3536 5833">
    <p class='ocr_par' dir='ltr' id='par_1_119' title="bbox 2011 5749 3536 5833">
     <span class='ocr_line' id='line_1_119' title="bbox 2011 5749 3536 5833; baseline -0.007 -17"><span class='ocrx_word' id='word_1_933' title='bbox 2011 5763 2062 5816; x_wconf 79' lang='lat' dir='ltr'><strong>t.</strong></span> <span class='ocrx_word' id='word_1_934' title='bbox 2109 5761 2351 5833; x_wconf 82' lang='lat' dir='ltr'><strong>Ingentes</strong></span> <span class='ocrx_word' id='word_1_935' title='bbox 2384 5758 2536 5816; x_wconf 81' lang='lat' dir='ltr'><strong>vobis</strong></span> <span class='ocrx_word' id='word_1_936' title='bbox 2570 5757 2744 5816; x_wconf 83' lang='lat' dir='ltr'><strong>habeo</strong></span> <span class='ocrx_word' id='word_1_937' title='bbox 2783 5754 3014 5829; x_wconf 75' lang='lat' dir='ltr'><strong>gratias,</strong></span> <span class='ocrx_word' id='word_1_938' title='bbox 3057 5749 3200 5823; x_wconf 85' lang='lat' dir='ltr'><strong>quod</strong></span> <span class='ocrx_word' id='word_1_939' title='bbox 3224 5749 3536 5808; x_wconf 76' lang='lat' dir='ltr'><strong>hesternum</strong></span> 
     </span>
    </p>
   </div>
  </div>
