4054 6312
557 415 626 470 de
649 411 890 467 oratione
913 424 1218 467 sermonem
1239 425 1361 464 cum
1389 410 1661 476 voluptate
1680 405 2022 476 susceperitis
2040 446 2055 468 ,
2083 415 2138 460 et

561 514 710 560 tanto
732 503 910 559 studio
935 503 1003 560 ad
1032 501 1354 559 audiendqu
1382 499 1682 555 conbustis.
1715 487 1844 554 illud
1873 497 2014 551 enim
2042 511 2139 550 nos

558 594 735 650 reddit
761 596 1052 650 alacriores
1073 636 1090 659 ,
1115 603 1178 650 ut
1196 592 1296 647 hoc
1317 592 1592 661 spirituale
1618 589 1917 644 convivium
1946 587 2139 656 largius

557 687 712 740 vobis
753 700 1133 756 preponamus.
1172 684 1304 751 Quia
1345 690 1400 737 ct
1427 682 1656 752 agricola
1684 681 1732 736 si
1760 679 1972 750 quando
1998 677 2140 731 videt

557 791 745 844 agrum
771 786 825 830 et
845 775 985 844 iacta
1012 775 1219 829 semina
1249 775 1513 828 virescere
1536 782 1589 826 et
1617 769 1916 838 germinare
1936 808 1952 835 ,
1984 781 2138 836 sege-

560 873 775 933 temque
801 876 1024 918 vernare
1041 902 1060 929 ,
1087 862 1219 917 nihil
1247 861 1389 932 quod
1413 860 1481 915 ad
1509 861 1775 914 seattinet
1803 856 2136 921 intermittit,

557 941 793 1020 quotidie
834 961 1214 1022 congruentem
1254 951 1394 1006 illius
1437 964 1620 1004 curam
1661 963 1861 1019 agens,
1901 957 1956 1002 et
1983 955 2140 1000 nocte

556 1041 746 1110 dieque
773 1041 1116 1097 considerans
1134 1082 1150 1108 ,
1177 1057 1246 1097 ne
1269 1041 1407 1095 forte
1427 1040 1553 1110 quid
1575 1039 1786 1094 labores
1804 1051 1929 1093 suos
1947 1035 2137 1090 laedat:

557 1131 716 1185 simili
760 1131 922 1187 modo
960 1140 1016 1187 et
1039 1146 1142 1203 ego
1168 1132 1499 1202 spiritualem
1529 1132 1668 1185 hunc
1696 1143 1881 1200 agrum
1900 1137 2139 1182 vestrum

556 1220 788 1288 ï¬‚orere,
831 1229 889 1276 et
932 1236 1116 1276 semen
1160 1221 1262 1277 hoc
1305 1220 1584 1290 spirituale
1623 1219 1675 1275 in
1717 1217 1922 1274 sinibus
1949 1224 2140 1271 vestra:

557 1312 755 1365 mentis
793 1312 1011 1367 recondi
1035 1311 1224 1368 videns
1246 1352 1262 1377 ,
1298 1313 1505 1382 gaudeo
1535 1318 1590 1365 et
1615 1311 1789 1376 lator,
1812 1308 2141 1376 multumque

556 1412 675 1452 sum
707 1400 898 1454 anxius
919 1440 935 1463 .
967 1417 1075 1455 non
1102 1400 1352 1470 ignorans
1377 1416 1534 1470 quam
1562 1400 1824 1469 malignus
1850 1399 1920 1453 sit
1946 1396 2136 1463 hostis,

557 1489 647 1556 qui
676 1498 868 1544 vestra:
908 1491 1062 1546 saluti
1093 1490 1388 1546 insidiatur.
1417 1489 1550 1546 Nam
1580 1487 2024 1560 quemadmodum
2055 1487 2141 1558 pi-

560 1589 692 1634 rata:
732 1581 946 1649 quando
989 1581 1174 1636 vident
1215 1595 1406 1636 navem
1443 1581 1625 1635 multis
1650 1579 1920 1636 mercibus
1942 1593 2139 1634 onera-

559 1679 696 1732 tam,
735 1682 790 1725 et
832 1671 1081 1739 plurimas
1121 1671 1475 1727 advehentem
1501 1672 1713 1728 divitias
1734 1713 1751 1736 ,
1782 1679 1909 1726 tunc
1929 1673 2144 1740 potissi-

558 1774 703 1813 mttm
749 1763 924 1815 varias
966 1763 1257 1818 moliuntur
1300 1763 1552 1827 insidias,
1592 1771 1652 1817 ut
1696 1763 1900 1831 possint
1935 1776 2144 1818 merces

555 1863 746 1905 omnes
770 1849 1102 1921 demergere,
1129 1867 1194 1907 ac
1210 1863 1456 1908 vectores
1480 1853 1599 1908 illos
1619 1853 1851 1922 spoliare
1880 1871 1892 1906 :
1921 1854 1992 1906 ita
2014 1867 2144 1908 sane

557 1949 614 1994 et
658 1941 935 2009 diabolus,
983 1957 1106 1998 cum
1142 1944 1337 1999 viderit
1373 1943 1675 2013 spirituales
1709 1944 1905 2000 multas
1930 1943 2143 1999 divitias

559 2041 935 2098 coacervatas,
968 2033 1296 2089 alacritatem
1320 2033 1578 2088 fervidam
1600 2075 1617 2101 ,
1643 2042 1876 2090 mentem
1897 2033 2107 2103 vigilem
2122 2072 2139 2099 ,

559 2129 616 2173 et
665 2121 901 2189 quotidie
941 2121 1154 2177 divitias
1198 2123 1417 2193 augeri,
1458 2125 1724 2178 cruciatur
1777 2138 1840 2177 ac
1893 2124 2142 2179 dentibus

558 2209 798 2276 lrendet,
841 2221 898 2265 et
932 2212 1080 2280 quasi
1108 2212 1279 2282 pirata
1306 2214 1584 2279 circumit,
1611 2213 2020 2284 innumerasque
2044 2230 2141 2270 ex-

555 2298 756 2368 cogitat
782 2308 926 2356 artes
949 2340 970 2366 ,
999 2311 1056 2356 ut
1080 2304 1127 2359 si
1155 2319 1257 2373 qua
1278 2303 1361 2358 vel
1388 2319 1610 2374 parvum
1642 2303 1874 2359 inveniat
1901 2305 2100 2360 aditum
2122 2345 2140 2370 ,

559 2403 658 2444 nos
695 2387 929 2445 denudet
967 2407 1032 2448 ac
1069 2393 1300 2464 spoliet,
1340 2403 1395 2449 et
1420 2394 1674 2465 quidquid
1703 2396 1856 2450 nobis
1875 2405 1960 2451 est
1985 2395 2142 2466 spiri-

559 2479 778 2535 tualium
815 2481 1117 2538 divitiarum
1157 2483 1514 2552 deprazdetur.
1555 2487 1719 2557 Igitur
1745 2488 1910 2542 sobrii
1936 2488 2139 2556 simus,

557 2585 773 2638 quaeso,
817 2579 871 2627 et
913 2581 1113 2643 quanto
1161 2575 1332 2645 magis
1370 2577 1669 2646 spirituales
1700 2586 1901 2632 nostra:
1925 2578 2144 2633 laculla-

557 2669 639 2714 tes
673 2671 953 2730 crescunt,
1001 2672 1149 2718 tanto
1183 2667 1352 2736 magis
1388 2675 1445 2721 et
1470 2667 1660 2736 vigilias
1699 2677 1895 2723 nostra:
1911 2684 2144 2738 augean-

557 2759 659 2814 tur,
683 2759 742 2806 ut
758 2751 992 2822 undique
1011 2755 1355 2810 excludamus
1371 2755 1611 2822 insidias,
1635 2767 1690 2813 et
1715 2758 2138 2814 benevolentiam

557 2841 652 2896 Dei
697 2843 804 2897 vita
853 2845 1054 2913 optima
1093 2846 1248 2902 nobis
1285 2849 1668 2916 oonciliantes,
1715 2852 1976 2920 superiori
2022 2853 2142 2909 loco

554 2942 793 2996 stemus,
833 2948 992 3003 quam
1035 2944 1095 2990 ut
1139 2936 1279 2992 illius
1315 2937 1488 3006 jacula
1535 2954 1729 2996 nocere
1763 2951 1976 3011 queant.
2007 2942 2140 2998 Mala

555 3021 701 3076 enim
729 3022 895 3078 bestia
924 3033 1041 3091 est,
1071 3036 1124 3080 et
1150 3025 1473 3096 multiplices
1499 3030 1918 3086 machinationes
1944 3035 2139 3089 struit:

557 3119 614 3166 et
652 3112 864 3182 quando
907 3130 1015 3170 non
1057 3125 1235 3186 potest
1261 3126 1405 3172 recta
1436 3135 1533 3174 nos
1561 3120 1628 3173 ad
1655 3121 1778 3174 vitia
1804 3121 2021 3177 allicere
2041 3164 2057 3189 ,
2087 3133 2143 3178 et

554 3202 669 3256 suis
701 3202 837 3258 dolis
878 3202 1157 3269 inescare;
1198 3221 1308 3261 non
1348 3208 1490 3262 enim
1529 3211 1702 3279 cogit,
1736 3211 1816 3266 vel
1843 3213 1949 3267 vim
1979 3213 2137 3280 facit,

559 3291 699 3347 absit
723 3309 736 3346 :
761 3293 854 3349 sed
873 3294 1071 3365 decipit
1097 3307 1300 3351 tantum
1319 3338 1335 3364 ,
1358 3307 1412 3353 et
1432 3288 1567 3369 quos
1594 3301 1925 3372 negligentes
1953 3304 2097 3360 videt
2121 3345 2138 3372 ,

559 3383 902 3452 supplantat;
943 3387 1156 3456 quando
1192 3389 1350 3459 igitur
1383 3392 1608 3447 salutem
1638 3402 1874 3448 nostram
1904 3396 2139 3466 nequitia

556 3490 652 3528 sua
696 3477 975 3533 manifeste
1019 3478 1214 3536 [ardere
1252 3483 1470 3552 nequit,
1512 3499 1657 3554 sepe
1695 3499 1789 3555 per
1826 3486 1938 3557 ipsa
1976 3505 2139 3558 opera

555 3564 798 3629 virtutis,
827 3582 946 3638 qua:
971 3568 1175 3638 agimus
1197 3611 1214 3638 ,
1244 3573 1543 3630 clanculum
1573 3590 1695 3632 esca
1721 3577 1894 3645 illata,
1927 3579 2140 3636 divitias

559 3665 767 3710 nostras
791 3657 964 3727 perdit
982 3673 1189 3714 omnes.

632 3747 715 3800 Ea:
751 3749 892 3803 bonis
922 3752 1154 3821 operibus
1180 3767 1308 3807 cana
1327 3754 1490 3824 gloria
1515 3758 1756 3812 cavenda.
1785 3788 1855 3798 â€”
1881 3759 2016 3825 Quid
2043 3759 2137 3829 igi-

559 3848 647 3891 tur
679 3848 762 3893 est
797 3839 931 3906 hoc,
972 3842 1112 3911 quod
1151 3843 1314 3898 dico?
1341 3860 1517 3914 opera:
1547 3848 1773 3916 pretium
1816 3851 1959 3905 enim
1987 3851 2143 3906 fuerit

557 3930 889 3984 manifestius
927 3933 1237 4001 explicare,
1269 3943 1327 3987 ut
1352 3935 1499 3990 illius
1525 3937 1753 4007 cognitis
1780 3939 1983 3994 insidiis
2003 3982 2018 4005 ,
2049 3941 2141 3994 da-

557 4035 739 4075 mnum
774 4022 915 4090 quod
944 4021 1066 4078 inde
1092 4024 1327 4079 nascitur
1351 4065 1366 4090 ,
1399 4026 1568 4082 vitare
1600 4029 1885 4097 possimus.
1918 4031 2142 4096 Quando

558 4113 700 4165 videt
738 4129 836 4168 nos
863 4114 1001 4168 nuda
1031 4115 1158 4167 vitia
1194 4116 1276 4170 vix
1307 4117 1590 4173 admittere
1609 4159 1625 4183 ,
1651 4129 1706 4173 et
1734 4120 1918 4191 lugere
1946 4123 2141 4177 intem-

559 4206 883 4272 perantiam,
928 4206 1307 4260 continentiam
1351 4223 1479 4262 vero
1520 4211 1810 4278 amplexari
1858 4231 1872 4266 :
1923 4213 1989 4266 ad
2029 4213 2143 4267 bare

557 4294 791 4347 aversari
822 4295 1122 4362 avaritiam,
1152 4297 1276 4352 odio
1305 4296 1502 4352 habere
1531 4300 1860 4368 iniustitiam,
1888 4304 2062 4358 ridere
2089 4314 2142 4359 et

555 4393 904 4440 contemnere
943 4386 1202 4455 delicias,
1239 4387 1457 4457 jejuuiis
1495 4402 1671 4446 autem
1698 4401 1751 4446 et
1780 4396 2021 4461 precibus
2048 4413 2142 4449 va-

557 4490 681 4529 care
705 4516 721 4540 ,
745 4490 807 4530 ac
825 4475 1180 4548 eleemosyuis
1207 4478 1337 4533 dare
1361 4494 1578 4548 operam
1611 4499 1625 4535 :
1653 4490 1777 4536 tunc
1806 4483 1964 4538 alium
1997 4500 2142 4539 com-

560 4565 860 4620 tniniscitur
908 4566 1088 4620 dolum
1121 4605 1136 4630 ,
1182 4582 1290 4637 quo
1335 4571 1644 4639 pessumdet
1689 4587 1878 4628 omnes
1932 4585 2143 4630 nostras

557 4670 690 4724 opes
710 4696 727 4721 ,
762 4663 946 4726 totque
974 4657 1112 4712 bona
1135 4673 1297 4728 opera
1325 4671 1507 4716 nostra
1533 4664 1722 4718 reddat
1752 4665 1976 4720 inutilia.
2007 4666 2138 4722 Nam

559 4745 648 4813 qui
678 4761 861 4815 magna
899 4751 1197 4804 constantia
1232 4752 1651 4810 machinationes
1675 4756 1840 4826 ipsius
1865 4759 2105 4813 vicerunt
2125 4803 2140 4826 ,

561 4836 684 4889 facit
704 4846 760 4889 ut
786 4836 936 4892 bonis
956 4841 1209 4908 Operibus
1231 4841 1482 4898 inï¬‚entur
1498 4887 1513 4911 ,
1541 4856 1593 4901 et
1616 4847 1684 4902 ad
1711 4847 1998 4903 humanam
2023 4868 2144 4920 Spe-

559 4937 701 4981 ctent
723 4929 943 4997 gloriam
962 4971 977 4996 ,
1008 4948 1113 5000 quo
1135 4935 1339 4990 scilicet
1358 4952 1389 4990 a
1411 4953 1532 4993 vera
1560 4954 1653 4994 eos
1680 4940 1846 5010 gloria
1873 4943 2140 4997 deturbet.

564 5019 774 5075 Etenim
809 5023 894 5091 qui
923 5025 1195 5092 spirituale
1221 5027 1349 5096 qttid
1381 5027 1578 5084 faciens
1608 5031 1893 5086 humanam
1925 5035 2144 5102 respicit

559 5111 814 5180 gloriam,
857 5117 1153 5171 mercedem
1193 5134 1344 5173 suam
1391 5120 1475 5175 hic
1516 5124 1747 5192 accipit,
1794 5135 1845 5179 et
1875 5125 1981 5195 jam
2006 5128 2140 5180 ultra

563 5206 728 5261 Deum
765 5222 868 5262 non
914 5207 1075 5264 habet
1102 5211 1423 5268 debitorem.
1460 5215 1501 5268 Î‘
1533 5216 1723 5285 quibus
1750 5217 1891 5272 enim
1919 5221 2140 5286 gloriam

563 5299 752 5366 quaerit
776 5342 791 5366 ,
815 5301 881 5355 ab
904 5301 967 5354 iis
989 5301 1173 5377 laudes
1203 5314 1388 5359 nactus
1413 5314 1516 5373 est,
1542 5317 1595 5361 et
1620 5321 1677 5362 se
1697 5310 1869 5378 privat
1891 5311 1989 5365 illis
2011 5328 2144 5382 quas

564 5389 820 5444 Dominus
856 5393 1096 5460 promisit
1115 5435 1131 5461 ,
1169 5405 1351 5463 utpote
1377 5397 1591 5466 majoris
1619 5398 1818 5453 faciens
1845 5414 2108 5456 momenta
2127 5431 2141 5440 -

565 5494 718 5534 neam
757 5483 1028 5538 hominum
1065 5467 1295 5553 laudem,
1326 5503 1483 5556 quam
1509 5490 1599 5545 Dei
1630 5508 1866 5546 omnium
1897 5495 2143 5548 conditoa

564 5572 638 5624 ris
671 5588 683 5622 :
715 5572 765 5625 id
805 5575 944 5644 quod
987 5575 1229 5631 Christus
1261 5579 1327 5631 de
1357 5580 1599 5646 precibus
1620 5623 1633 5646 ,
1667 5584 2023 5653 clcemosyuis
2045 5626 2058 5647 ,
2088 5594 2141 5637 et

564 5661 775 5732 ieiuniis
813 5673 966 5720 antea
1002 5665 1217 5738 docuit,
1258 5669 1335 5724 sic
1371 5669 1557 5728 dicens
1597 5691 1610 5729 :
1656 5674 1871 5739 Quando
1889 5675 1922 5742 j
1942 5677 2094 5744 junos
2119 5713 2139 5742 ,

1298 316 1361 374 S.
1397 312 1676 375 JOANNIS
1711 309 2186 369 CIIRYSOSTOMI
2226 303 2546 365 ARtleiEP.
2576 305 3114 364 CONSTANTINOP.

3717 304 3830 363 28â€˜

2243 418 2379 471 tinge
2415 410 2567 468 caput
2605 412 2777 467 tuum,
2817 411 2868 454 et
2908 400 3020 453 lava
3052 398 3232 468 facient
3255 403 3390 450 latam
3413 436 3429 463 ,
3457 405 3513 449 ul
3538 412 3602 450 ns
3620 397 3833 452 uidearis

2242 492 2523 546 hominibus
2557 493 2804 558 jejunum
2825 531 2841 553 ,
2883 490 2973 544 sed
3012 489 3159 543 Patri
3187 498 3272 541 tuo
3298 489 3383 550 qui
3408 496 3482 541 est
3505 487 3560 541 iu
3589 490 3786 542 octauo
3813 503 3834 553 ,Â°

2240 593 2286 634 et
2313 575 2466 636 Pater
2504 593 2618 635 tuus
2635 623 2649 645 ,
2675 583 2763 651 qui
2791 583 2921 636 videt
2949 583 3002 635 in
3035 583 3260 646 occulto,
3299 581 3474 635 reddet
3497 579 3586 634 tibi
3613 580 3830 649 (Humi.

2241 672 2294 727 6.
2343 673 2431 728 l7.
2483 674 2595 741 l8).
2630 672 2696 726 Et
2736 676 2968 727 iterum:
3001 672 3218 738 Quando
3243 673 3398 742 facies
3425 669 3831 739 deonosynam,

2243 780 2305 817 rte
2325 765 2441 817 tuba
2491 780 2676 829 canas,
2700 765 2902 829 inquit,
2923 773 3041 816 ante
3063 771 3141 828 te,
3168 764 3296 816 sicut
3323 763 3599 832 hypocrita
3634 763 3833 826 faciunt

2242 853 2295 907 in
2331 856 2603 924 synagogis
2634 865 2680 906 et
2720 854 2898 922 plateis
2916 894 2932 918 ,
2974 863 3031 906 ut
3057 852 3404 921 gloriï¬ceutur
3433 853 3495 905 ab
3521 851 3830 905 hominibus.

2243 944 2400 998 Amen
2429 947 2543 999 dico
2571 946 2705 999 vobis
2723 985 2738 1011 ,
2769 953 3065 1013 acceperunt
3096 944 3374 996 mercedem
3402 961 3545 996 suam
3575 944 3743 1012 (Ibid.
3782 959 3834 998 Ï….

2241 1033 2320 1103 2).
2353 1034 2570 1088 Vidistis
2609 1034 2910 1103 quomodo,
2957 1033 3042 1101 qui
3072 1031 3209 1086 hanc
3235 1031 3455 1102 gloriam
3485 1032 3705 1100 inquirit
3724 1072 3740 1098 ,
3770 1031 3836 1085 il-

2245 1121 2353 1176 lam
2378 1123 2573 1176 amittit
2590 1123 2625 1175 á¼µ
2642 1123 2742 1186 Qui
2764 1133 2942 1176 autem
2967 1121 3216 1175 virtutem
3245 1121 3312 1173 ita
3339 1130 3595 1188 operatur
3615 1162 3632 1187 ,
3661 1131 3722 1173 ut
3754 1120 3829 1173 la-

2245 1222 2360 1268 tere
2402 1213 2529 1267 velit
2568 1213 2852 1276 homines,
2895 1213 2948 1266 in
2989 1211 3079 1266 die
3123 1211 3212 1264 illo
3237 1209 3454 1263 terribili
3485 1211 3660 1278 palam
3688 1209 3832 1263 acci-

2246 1303 2354 1372 piet
2389 1317 2420 1356 a
2465 1302 2688 1356 Domino
2730 1301 3158 1356 retributionem.
3200 1300 3330 1354 Nam
3379 1299 3533 1355 Pater
3563 1309 3680 1353 tuus
3704 1340 3720 1360 ,
3752 1300 3834 1366 qui

2245 1393 2374 1446 ridet
2403 1393 2456 1445 in
2492 1392 2720 1458 occulto,
2758 1393 2932 1446 reddet
2959 1392 3047 1445 tibi
3079 1393 3132 1444 in
3164 1392 3429 1460 mnifesto
3454 1389 3620 1460 (Ibid.
3663 1406 3714 1442 tt.
3757 1390 3830 1457 Î¹Î¹).

2244 1481 2321 1536 Ne
2355 1480 2589 1550 cogites,
2635 1480 2837 1550 inquit,
2879 1480 3084 1535 nullum
3111 1479 3380 1533 hominem
3414 1488 3465 1532 te
3494 1478 3748 1539 laudare,
3782 1485 3833 1533 et

2246 1580 2298 1626 te
2322 1571 2573 1625 virtutem
2615 1571 2753 1624 clam
2787 1585 3042 1625 exercere
3074 1588 3088 1623 :
3121 1571 3215 1624 sed
3263 1569 3361 1624 hoc
3389 1571 3562 1638 cogita
3583 1611 3598 1634 ,
3637 1580 3833 1623 tantam

2245 1660 2357 1715 fore
2383 1661 2540 1731 paulo
2562 1669 2682 1729 post
2703 1661 2907 1715 Domini
2934 1660 3303 1714 liberalitatem
3323 1702 3340 1724 ,
3364 1669 3419 1712 ttt
3439 1674 3545 1712 non
3567 1660 3714 1712 sinat
3739 1659 3836 1714 hoc

2243 1752 2381 1806 clam
2422 1752 2507 1806 vel
2548 1751 2602 1805 in
2641 1751 2850 1806 occulto
2878 1766 2999 1805 esse
3030 1768 3044 1805 :
3072 1750 3166 1805 sed
3194 1761 3458 1819 pnesente
3483 1751 3635 1804 onmi
3665 1751 3832 1804 homi-

2245 1857 2373 1897 num
2414 1856 2644 1912 genere,
2689 1842 2756 1895 ab
2793 1842 2960 1895 Adam
3009 1856 3175 1909 usque
3216 1840 3283 1894 ad
3310 1840 3828 1894 consummationem

2245 1935 2428 1988 szecull
2471 1943 2523 1989 te
2569 1934 2823 2003 praedicet
2868 1941 2922 1988 et
2958 1942 3212 1997 coronet,
3263 1944 3750 2002 susceptorumque
3785 1935 3832 1988 in

2244 2023 2542 2079 exercenda
2569 2024 2765 2079 virtute
2791 2023 3031 2078 laborum
3064 2025 3278 2093 pnetnia
3305 2024 3519 2076 tribuat.
3542 2024 3658 2090 Qua
3685 2025 3834 2092 igitur

2244 2118 2585 2170 excusatione
2621 2117 2765 2185 digni
2811 2115 3002 2170 fuerint
3031 2117 3062 2169 ii
3090 2117 3179 2184 qui
3211 2116 3444 2170 laborem
3471 2117 3690 2169 virtutis
3720 2131 3833 2169 sus-

2246 2207 2452 2271 tinent,
2491 2215 2544 2260 et
2589 2216 2805 2275 propter
2846 2217 3273 2260 momentaneam
3315 2213 3369 2260 et
3416 2207 3574 2260 vilem
3605 2207 3836 2260 futiletn-

2244 2315 2349 2370 que
2396 2299 2671 2354 hominum
2711 2298 2937 2369 gloriam
2962 2339 2978 2366 ,
3023 2308 3224 2352 retenta
3254 2299 3342 2352 illa
3372 2299 3697 2369 semetipsos
3729 2298 3834 2368 pri-

2244 2402 2370 2445 vant
2394 2389 2418 2442 á¼²

2313 2480 2368 2533 2.
2400 2481 2637 2535 Obsecro
2667 2480 2842 2551 igitur,
2866 2489 2922 2534 ut
2945 2494 3045 2534 nos
3072 2480 3206 2534 bene
3235 2480 3558 2544 muniamus,
3584 2489 3640 2534 et
3665 2481 3837 2550 quod-

2242 2587 2470 2641 cumque
2514 2573 2788 2642 spirituale
2831 2587 2968 2642 Opus
3009 2573 3402 2642 aggrediemur,
3459 2575 3562 2628 hoc
3615 2573 3837 2627 studea-

2245 2683 2364 2720 mus
2418 2667 2467 2719 in
2513 2666 2892 2735 promptuariis
2939 2666 3101 2718 animi
3173 2665 3338 2718 nostri
3390 2666 3733 2731 recondere,
3785 2676 3840 2718 ut

2246 2755 2425 2811 laudet
2468 2771 2566 2811 nos
2603 2758 2787 2810 oculus
2832 2757 2921 2811 ille
2965 2757 3054 2825 qui
3092 2771 3381 2826 numquam
3415 2756 3720 2810 dormitat:
3774 2772 3840 2810 ne

2245 2858 2465 2919 propter
2503 2848 2775 2902 hominum
2823 2848 3036 2912 laudes,
3082 2862 3226 2917 stupe
3255 2847 3321 2899 ad
3357 2847 3584 2915 gratiam
3612 2858 3837 2917 captau-

2243 2939 2365 2993 dam
2404 2938 2556 2993 datas
2581 2981 2594 3004 ,
2626 2938 2822 3009 indigni
2850 2937 3151 2993 emciamur
3179 2938 3385 2990 Domini
3413 2937 3682 2992 laudibus.
3715 2938 3840 2993 llaec

2243 3033 2388 3087 enim
2428 3032 2586 3086 ambo
2626 3031 2924 3101 perniciosa
2950 3039 3111 3095 sunt,
3142 3039 3196 3084 et
3226 3029 3382 3082 saluti
3412 3039 3611 3084 nostrte
3636 3030 3796 3084 noxia
3823 3048 3837 3094 ;

2246 3123 2519 3193 spiritualc
2566 3121 2761 3191 aliquid
2811 3120 3083 3190 Operattdo
3139 3121 3204 3173 ad
3259 3120 3545 3174 humanam
3591 3131 3842 3189 speetare

2245 3214 2498 3282 gloriam,
2547 3222 2600 3267 et
2639 3213 2774 3266 bene
2817 3211 3024 3281 agendo
3061 3210 3291 3265 sublime
3331 3213 3398 3266 de
3425 3225 3486 3266 se
3509 3226 3723 3281 sapere.
3759 3211 3842 3267 ld-

2247 3309 2390 3361 circo
2409 3305 2618 3360 sobrios
2639 3319 2760 3359 esse
2786 3319 2885 3360 nos
2914 3314 3124 3374 oportet
3154 3318 3216 3358 ac
3243 3304 3426 3372 vigiles
3449 3344 3464 3366 ,
3490 3312 3544 3358 et
3563 3319 3841 3374 apponere

2244 3397 2400 3451 nobis
2439 3396 2747 3467 quotidiana
2791 3411 2823 3451 e
2860 3395 3026 3450 sacris
3065 3395 3255 3450 [.itcris
3294 3395 3613 3464 pharmaca,
3660 3398 3732 3450 ita
3785 3406 3841 3450 ut

2246 3486 2558 3555 perniciosis
2605 3485 2976 3539 aï¬‚'ectionibus
3021 3485 3136 3538 istis
3188 3501 3293 3539 non
3342 3485 3672 3540 irretiunur.
3707 3486 3838 3541 Nam

2243 3577 2344 3631 etsi
2387 3577 2506 3646 quis
2551 3577 2826 3631 innumera
2873 3577 3008 3630 bona
3038 3591 3202 3644 Opera
3234 3576 3451 3641 fecerit,
3478 3576 3839 3648 virtutemque

2241 3683 2456 3722 omnem
2485 3667 2794 3732 absolverit,
2823 3669 2866 3722 si
2900 3676 3074 3722 tamen
3105 3683 3353 3737 maguum
3380 3667 3506 3737 quid
3535 3667 3605 3722 de
3629 3683 3692 3723 se
3713 3684 3835 3724 sen-

2245 3759 2375 3823 tiat,
2405 3760 2644 3813 omnium
2672 3758 3004 3813 miserrimus
3033 3757 3208 3812 luerit.
3239 3756 3391 3824 Quod
3424 3757 3578 3811 nobis
3610 3760 3839 3813 manife-

2245 3859 2385 3904 stum
2432 3861 2514 3904 est
2557 3865 2620 3904 ex
2659 3849 2721 3903 iis
2759 3865 2878 3919 quae
2918 3848 3188 3903 Pharismo
3213 3847 3519 3902 acciderunt
3544 3888 3559 3911 ,
3591 3850 3682 3916 qui
3713 3850 3836 3903 dum

2248 3957 2435 4011 magna
2472 3942 2540 3996 de
2569 3957 2626 3995 sc
2654 3943 2854 4006 sensit,
2884 3948 2936 3994 et
2969 3941 3306 4007 publicanum
3332 3940 3661 4009 contempsit
3688 3940 3833 4011 (Luc.

2248 4032 2373 4101 i8),
2420 4033 2598 4087 subito
2633 4031 2866 4087 deterior
2907 4032 3075 4085 lactus
3118 4039 3202 4085 est
3225 4031 3536 4099 publicano,
3563 4039 3621 4083 et
3651 4045 3838 4084 omnes

2248 4125 2503 4177 virtutum
2549 4122 2759 4176 divitias
2806 4123 2977 4191 lingua
3021 4137 3114 4176 sua
3160 4121 3347 4176 effudit
3390 4139 3403 4174 :
3449 4136 3599 4176 sese
3629 4123 3836 4176 nudans

2247 4230 2579 4284 vacuumque
2616 4215 2943 4268 consdtuens
2967 4252 2982 4278 ,
3025 4214 3342 4282 stupendum
3386 4221 3441 4266 et
3480 4229 3678 4266 novum
3708 4231 3836 4266 nau-

2248 4305 2470 4373 fragium
2514 4305 2747 4372 pertulit.
2792 4303 2921 4357 Cum
2963 4304 3106 4357 cuitu
3135 4302 3200 4356 ad
3230 4311 3438 4372 portum
3468 4305 3833 4370 pervenisset,

2246 4410 2433 4450 omnes
2474 4409 2683 4449 merces
2723 4409 2848 4447 suas
2875 4392 3183 4448 submersit.
3215 4392 3346 4448 Nam
3386 4395 3430 4446 si
3473 4394 3523 4446 id
3565 4395 3833 4449 infortunii

2250 4499 2465 4559 propter
2512 4501 2698 4555 preces
2744 4485 2956 4555 indigne
2986 4485 3208 4538 emissas
3235 4486 3437 4539 accidat
3459 4526 3475 4548 ,
3506 4486 3736 4553 perinde
3760 4498 3835 4540 est

2247 4595 2308 4632 ac
2331 4580 2373 4633 si
2399 4577 2516 4646 quis
2543 4578 2593 4630 in
2621 4576 2795 4630 medio
2821 4586 2970 4643 portu
2994 4575 3322 4642 naufragium
3348 4576 3503 4627 faciat
3552 4573 3837 4644 Pmpterca

2247 4681 2302 4726 et
2332 4670 2573 4725 Christus
2601 4669 2872 4736 discipulis
2899 4669 3008 4721 suis
3041 4668 3352 4734 prwcipiens
3375 4709 3390 4731 ,
3422 4667 3638 4720 dicebat
3669 4685 3681 4720 :
3717 4667 3836 4721 Cum

2249 4762 2418 4814 onmia
2445 4761 2657 4830 [cca-itis
2681 4799 2694 4820 ,
2723 4758 2871 4810 dicite
2921 4773 2939 4810 .'
2978 4756 3120 4811 Servi
3151 4756 3350 4808 inutiles
3367 4773 3541 4810 sumus
3565 4756 3722 4827 (Luc.
3756 4758 3834 4812 l7.

2252 4851 2360 4920 10).
2389 4852 2505 4916 Quo
2531 4849 2672 4903 dicto
2699 4849 2905 4901 munire
2930 4862 3022 4901 eos
3046 4847 3155 4898 vult
3179 4888 3192 4907 ,
3221 4854 3274 4900 et
3293 4862 3451 4914 quam
3477 4847 3792 4916 longissime
3809 4863 3838 4901 a

2252 4943 2550 5012 pernicioso
2591 4941 2682 4993 illo
2728 4940 2915 4991 morbo
2949 4939 3202 4991 alienare.
3236 4936 3486 4999 Vidistis,
3530 4939 3798 4993 carissimi
3823 4982 3836 5002 ,

2248 5033 2513 5102 quomodo
2560 5030 2602 5084 is
2647 5030 2734 5098 qui
2781 5029 3063 5081 humanum
3113 5029 3332 5096 gloriam
3370 5029 3571 5092 ambit,
3616 5031 3838 5100 ejusque

2248 5126 2413 5193 gratia
2444 5123 2650 5176 virtutis
2680 5121 2931 5175 exercitia
2964 5119 3102 5184 adit,
3135 5119 3414 5172 utilitatem
3438 5119 3642 5174 nullam
3673 5125 3836 5188 perci-

2251 5218 2322 5286 pit
2356 5234 2366 5268 :
2397 5226 2450 5269 et
2496 5224 2614 5283 post
2652 5213 2946 5265 cxantlatos
2974 5224 3160 5264 omnes
3186 5211 3394 5263 virtutis
3420 5209 3635 5265 labores
3664 5255 3676 5274 ,
3706 5215 3749 5267 si
3776 5214 3837 5267 de

2251 5309 2312 5360 iis
2349 5307 2590 5360 videatur
2627 5305 2790 5356 altum
2822 5318 3007 5369 sapere
3028 5344 3040 5364 ,
3068 5316 3304 5354 omnium
3333 5316 3528 5355 vacuus
3562 5303 3836 5372 nudusth

2248 5399 2476 5452 evadat?
2520 5396 2804 5463 Fugiatnus
2845 5395 3032 5461 igitur,
3067 5393 3324 5454 obsecro,
3364 5392 3697 5459 perniciosas
3727 5395 3836 5448 illas

2247 5490 2586 5554 allectiunes,
2618 5497 2672 5540 et
2705 5487 2769 5538 ad
2808 5486 2951 5538 illum
2987 5500 3199 5551 semper
3234 5484 3442 5553 vigilem
3470 5485 3685 5537 oeulntn
3717 5501 3833 5554 spe-

2249 5590 2455 5634 ctemus
2498 5589 2742 5632 tantum:
2784 5592 2845 5632 ac
2893 5578 3022 5631 nihil
3061 5591 3343 5629 commune
3387 5575 3682 5631 habeamus
3720 5593 3831 5630 cunt

2252 5674 2416 5728 nostri
2439 5674 2649 5743 generis
2671 5671 2968 5727 hominibus
2989 5712 3000 5737 ,
3025 5684 3196 5740 neque
3219 5668 3285 5723 ab
3310 5668 3388 5724 eis
3413 5668 3616 5724 laudari
3636 5683 3830 5741 quara-
