4054 6312
612 424 710 478 ιε’.
1315 413 1370 468 S.
1410 408 1697 468 JOANNIS
1733 398 2192 461 CHRYSOSTOM

2309 399 2578 457 RCHIEP.
2614 386 3166 452 CONSTANTINOP.

611 542 846 595 ἔπαινον,
885 533 1000 586 ἀλλ’
1031 529 1324 603 ἀρκώμεθα
1349 527 1428 596 τῷ
1456 526 1605 596 παρὰ
1633 525 1724 578 τοῦ
1763 523 2048 576 Δεσπότου.

610 623 643 672 δ
676 619 922 681 ἔπαινος
946 602 1080 684 γὰρ,
1103 613 1285 683 φησὶν,
1314 613 1423 664 οὐκ
1456 609 1523 672 ἐξ
1553 607 1894 674 ἀνθρώπων,
1934 602 2069 659 ἀλλ’
2103 602 2173 654 ἐκ

611 699 780 753 Θεοῦ.
805 699 914 750 Kal
952 698 1059 764 ὅσῳ
1089 688 1324 761 ἀν’πρὸς
1354 692 1572 762 μείζονα
1605 687 1930 758 ἐπιδιδῶμεν
1954 684 2171 755 ἀρετὴν,

611 780 846 849 τοσούτῳ
870 778 1065 848 μᾶλλον
1082 775 1304 836 ἑαυτοὺς
1330 772 1636 843 μετριάζειν
1652 767 2170 849 παρασκευάζωμεν,

611 866 704 917 καὶ
724 846 1093 914 συνεστάλθαι.
1131 856 1247 908 Κάν
1274 855 1380 924 γάρ
1401 854 1537 924 πρὸς
1567 853 1738 923 αὐτὴν
1765 851 2055 919 φθάσωμεν
2077 846 2176 914 τῆς

610 947 808 1018 ἀρετῆς
838 943 935 1014 τὴν
991 940 1256 1010 κορυφὴν,
1307 937 1402 991 ἐὰν
1435 935 1740 1004 ἀντιθῶμεν
1768 934 1864 998 τὰς
1901 932 2051 1018 παρά
2081 930 2175 984 τοῦ

608 1015 876 1080 Δεσπότου
934 1023 1246 1092 εὐεργεσίας
1309 1020 1445 1089 μετὰ
1499 1019 1697 1088 πολλῆς
1743 1015 2175 1086 εὐγνωμοσύνης,

608 1111 725 1162 τότε
753 1107 932 1169 καλῶς
957 1104 1216 1172 ὀψόμεθα,
1240 1104 1319 1154 ὅτι
1341 1102 1462 1154 ούδέ
1489 1102 1549 1154 τὸ
1576 1099 1860 1154 πολλοστὸν
1888 1100 2050 1167 μέρος
2069 1096 2178 1149 τῶν

609 1190 760 1260 παρά
787 1190 879 1241 τοῦ
913 1187 1047 1239 Θεοῦ
1081 1188 1160 1247 είς
1187 1186 1332 1254 ήμᾶς
1360 1183 1725 1253 ὑπηργμένων
1761 1181 2174 1249 εἰσηνέγκαμεν.

610 1275 720 1324 Kal
761 1271 868 1341 γὰρ
905 1271 1135 1329 ἕκαστος
1180 1266 1286 1318 τῶν
1326 1267 1496 1332 ἁγίων
1544 1264 1790 1317 ἐντεῦθεν
1823 1261 2174 1330 ηὐδοκίμησε.

611 1355 722 1408 Kal
755 1355 842 1406 ἵνα
867 1351 1062 1422 μάθῃς,
1082 1350 1244 1402 ἄκουε
1264 1347 1355 1400 τοῦ
1387 1349 1484 1416 τῆς
1498 1346 1816 1414 οἰκουμένης
1839 1342 2177 1401 διδασκάλου,

611 1440 709 1508 τῆς
731 1435 1137 1504 οὐρανομήκους
1160 1431 1370 1500 ἐκείνης
1398 1430 1593 1508 ψυχῆς,
1625 1428 1743 1488 πῶς
1784 1428 1921 1494 μετὰ
1946 1424 2179 1508 τοσαῦτα

615 1504 1032 1587 κατορθώματα,
1065 1513 1203 1584 μετά
1226 1514 1322 1582 τὴν
1348 1506 1613 1577 τοσαύτην
1639 1508 1840 1561 ἀνωθεν
1877 1504 2182 1587 μαρτυρίαν

616 1586 874 1667 (Σκεῦος
893 1599 1018 1666 γὰρ,
1043 1596 1224 1665 φησὶν,
1251 1593 1508 1661 ἐκλοῄς
1545 1590 1678 1644 ἐστι
1699 1610 1800 1659 μοι
1830 1586 2046 1654 οὗτος),
2084 1588 2183 1640 οὑκ

614 1681 1021 1734 ἐπιλανθάνεται
1053 1677 1160 1730 τῶν
1186 1677 1401 1728 οἰκείων
1425 1672 1925 1742 πλημμελημάτων,
1951 1671 2062 1722 ἀλλ’
2086 1672 2185 1739 ἀμ-

614 1765 733 1830 φοῖν
753 1761 922 1815 ταῦτα
957 1757 1328 1830 περιστρέφει,
1369 1757 1461 1809 καὶ
1498 1757 1639 1826 ὑπὲρ
1690 1749 1764 1806 ὧν
1807 1754 2038 1824 μάλιστα
2084 1770 2184 1804 πε-

617 1846 1015 1915 πληροφόρητο,
1067 1842 1147 1893 ὅτι
1203 1839 1299 1910 τὴν
1331 1838 1679 1907 συγχώρησιν
1709 1838 1925 1902 ἐδέξατο
1958 1837 2043 1888 διὰ
2090 1834 2185 1888 τοῦ

619 1927 1008 1996 βαπτίσματος,
1038 1923 1157 1975 ούδέ
1191 1922 1393 1974 τούτων
1439 1919 1884 1974 ἐπιλανθάνεσθαι
1913 1919 2184 1986 ἀνέχεται,

618 2009 754 2062 ἀλλά
780 2009 874 2076 βοᾷ
909 2007 1001 2059 καὶ
1025 2006 1192 2071 λέγει,
1221 2004 1302 2055 ὅτι
1349 2003 1704 2069 Ἐλάχιστος
1745 2002 1857 2067 εἰμι
1896 1999 2011 2052 τῶν
2043 2000 2189 2052 ἀπο-

618 2093 875 2150 στόλων,
931 2088 1026 2140 καί
1059 2089 1167 2138 οὐκ
1197 2085 1311 2152 εἰμί
1348 2083 1553 2146 ἱκανὸς
1585 2081 1892 2133 καλεῖσθαι
1930 2078 2190 2132 ἀπόστο-

618 2177 746 2236 λος.
775 2168 903 2223 Εἶτα
928 2171 1015 2222 ἴνα
1041 2168 1138 2238 τὴν
1174 2165 1476 2239 ὑπερϐολὴν
1501 2162 1665 2216 αὑτοῦ
1697 2161 2070 2239 παιδευθῶμεν
2090 2157 2187 2229 τῆς

617 2236 1133 2320 ταπεινοφροσύνης,
1163 2236 1493 2318 προσέθηκε,
1513 2246 1665 2296 Διότι
1691 2243 1903 2307 ἐδίωξα
1927 2236 2042 2309 τὴν
2061 2244 2190 2296 Ἐκ-

619 2335 882 2399 κλησίαν
913 2332 1018 2384 τοῦ
1054 2331 1219 2384 Θεοῦ.
1255 2329 1318 2380 Τί
1357 2331 1548 2391 ποιεῖς,
1579 2321 1623 2379 ὦ
1648 2327 1858 2389 Παῦλε;
1900 2327 1956 2378 '0
1989 2325 2189 2378 Δεσπό-

618 2431 719 2485 της
746 2415 832 2468 διά
856 2414 951 2484 τὴν
973 2412 1178 2465 οἰκείαν
1202 2411 1509 2479 φιλοτιμίαν
1543 2408 1882 2479 συνεχώρησε
1899 2449 1914 2471 ,
1959 2409 2053 2460 καὶ
2086 2409 2190 2460 ἀπ-

622 2495 838 2565 ήλειψεν
887 2496 1100 2548 ᾶπαντα
1136 2493 1209 2544 τά
1242 2491 1603 2562 ἡμαρτημένα
1649 2507 1750 2552 σοι,
1781 2490 1873 2541 καὶ
1909 2489 1973 2541 σὺ
2022 2487 2190 2540 ταῦτα

625 2577 910 2648 στρέφεις;
940 2574 1083 2636 Nal,
1117 2570 1230 2626 οἶδα
1251 2613 1265 2636 ,
1302 2574 1466 2641 φησὶ,
1500 2572 1594 2625 καὶ
1627 2573 1724 2624 οὐκ
1764 2571 1942 2637 ἀγνοῶ
1969 2569 2062 2622 τοῦ
2093 2573 2190 2622 Δε-

627 2661 822 2712 σπότου
858 2657 952 2709 τοῦ
1008 2655 1140 2725 ἐμοῦ
1182 2656 1279 2724 τὴν
1311 2655 1463 2706 λύσιν
1487 2671 1500 2682 ·
1537 2654 1651 2708 ἀλλ’
1691 2655 1815 2706 ὅταν
1858 2654 2091 2719 ἐννοήσω
2124 2651 2193 2704 τά

624 2741 746 2808 ἐμοὶ
778 2738 1131 2807 εἰργασμένα,
1166 2738 1258 2788 καὶ
1313 2736 1404 2788 ίδω
1443 2736 1504 2788 τὸ
1549 2735 1781 2803 πέλαγος
1813 2735 1910 2803 τῆς
1936 2733 2028 2786 τοῦ
2060 2732 2192 2786 Θεοῦ

625 2819 1048 2890 φιλανθρωπίας,
1084 2818 1204 2870 τότε
1238 2816 1491 2886 μανθάνω
1523 2817 1737 2880 καλῶς,
1768 2817 1850 2868 ὅτι
1885 2816 2061 2884 χάριτι
2099 2815 2193 2866 αύ-

625 2904 716 2957 τοῦ
748 2904 839 2955 καὶ
861 2900 1236 2971 φιλανθρωπίᾳ
1265 2899 1379 2968 εἰμὶ
1407 2900 1434 2950 ὃ
1457 2900 1590 2966 εἰμι.
1622 2896 1804 2950 Εἰπὼν
1823 2897 1952 2966 γάρ,
1978 2897 2058 2947 ὅτι
2071 2897 2191 2948 Οὐκ

628 2987 742 3051 εἰμὶ
771 2985 975 3047 ἱκανὸς
1024 2981 1332 3033 καλεῖσθαι
1383 2981 1743 3043 ἀπόστολος,
1805 2977 1950 3030 διότι
1981 2975 2194 3039 ἐδίωξα

627 3068 742 3134 τὴν
778 3068 1146 3130 Ἐκκλησίαν
1185 3063 1288 3115 τοῦ
1340 3060 1508 3123 Θεοῦ,
1563 3061 1806 3129 ἐπήγαγε
1830 3075 1844 3090 ·
1882 3058 2076 3125 Χάριτι
2127 3056 2195 3109 δὲ

631 3151 778 3204 Θεοῦ
808 3152 921 3216 εἰμι
953 3146 986 3199 ὅ
1018 3148 1150 3213 εἰμι.
1191 3143 1327 3207 Ἐγὼ
1366 3144 1483 3210 μὲν,
1516 3143 1668 3210 φησί,
1702 3139 1965 3210 τοσαύτην
1991 3139 2196 3191 ἐπεδει-

632 3232 809 3301 ξάμην
839 3230 935 3297 τὴν
960 3229 1156 3296 μανίαν
1176 3242 1188 3255 ’
1221 3227 1252 3292 ἡ
1279 3225 1334 3276 δὲ
1368 3224 1571 3291 ἀφατος
1597 3222 1764 3301 αὐτοῦ
1804 3222 2076 3290 ἀγαθότης
2102 3222 2196 3274 καὶ

627 3317 660 3383 ἠ
690 3300 844 3382 χάρις
871 3311 969 3379 τὴν
1000 3307 1342 3375 συγχώρησιν
1371 3305 1678 3374 ἐχαρίσατο.
1710 3300 1860 3365 Εἶδες
1880 3303 2054 3373 ψυχὴν
2080 3320 2198 3355 συν-

626 3392 1014 3464 τετριμμένην,
1041 3390 1133 3442 xal
1163 3388 1270 3439 τῶν
1299 3386 1404 3457 πρὸ
1421 3385 1516 3439 τοῦ
1550 3384 1921 3455 βαπτίσματος
1947 3387 2196 3454 ἡμαρτη-

633 3477 807 3547 μένων
855 3471 1110 3541 διηνεκῶς
1141 3470 1237 3540 τήν
1271 3470 1486 3539 μνήμην
1524 3467 1959 3537 περιφέρουσανς
1997 3465 2194 3519 Τοῦτον

629 3556 694 3627 δὴ
716 3557 809 3609 καὶ
839 3556 995 3623 ἡμεῖς
1028 3549 1412 3621 μιμησώμεθα,
1439 3550 1532 3602 καὶ
1560 3549 1628 3601 τὰ
1664 3549 1796 3616 μετά
1827 3548 1887 3601 τὸ
1916 3549 2196 3618 βάπτισμα

632 3640 762 3708 ἡμῖν
807 3634 1187 3706 ἡμαρτημένα,
1229 3630 1398 3684 ταῦτα
1441 3630 1560 3682 καθ’
1594 3629 1828 3700 ἑκάστην
1867 3631 2074 3700 ἡμέραν
2109 3649 2197 3699 μι-

635 3720 1015 3790 μνησκόμενοι,
1052 3715 1144 3768 καὶ
1170 3714 1430 3782 διηνεκῶς
1461 3714 1518 3766 ἐν
1552 3713 1615 3784 τῇ
1666 3713 1875 3782 διανοίᾳ.
1919 3715 2199 3785 περιστρέ-

632 3819 840 3869 φοντες,
876 3797 1143 3869 μηδέποτε
1176 3795 1542 3864 συγχωρῶμεν
1563 3797 1642 3856 εἰς
1668 3795 1834 3863 λήθην
1855 3797 2000 3865 ἡμᾶς
2023 3795 2196 3848 αὐτῶν

632 3886 911 3954 ἐμπεσεῖν.
955 3878 1160 3941 Ἱκανὸς
1188 3877 1295 3947 γάρ
1323 3879 1453 3947 ἡμῖν
1498 3877 1709 3946 χαλινὸς
1733 3877 1890 3930 τοῦτο
1915 3881 2198 3947 γενήσεται

633 3966 769 4034 πρὸς
801 3964 859 4016 τὸ
910 3959 1260 4014 συνεστάλθαι
1312 3961 1406 4012 καὶ
1448 3957 1775 4030 μετριάζειν.
1831 3960 1938 4012 Kal
1969 3959 2018 4012 τί
2060 3960 2200 4028 λέγω

636 4045 866 4106 Παῦλον,
899 4043 989 4096 τὸν
1027 4041 1277 4094 τοσοῦτον
1315 4041 1408 4093 καὶ
1459 4039 1803 4108 τηλικοῦτον;
1838 4037 2023 4102 Θέλεις
2076 4041 2200 4094 ἰδεῖν

633 4127 869 4188 καὶτοὺς
906 4126 963 4176 ἐν
988 4127 1052 4192 τῇ
1085 4123 1292 4191 Παλαιᾷ
1342 4119 1588 4173 ἐντεῦθεν
1627 4120 1859 4190 μάλιστα
1911 4121 2199 4192 εὐδοκιμή-

635 4225 853 4269 σαντας,
883 4206 990 4258 ἀπὸ
1017 4203 1110 4257 τοῦ
1145 4205 1450 4273 μετριάζειν
1483 4202 1617 4270 μετά
1644 4203 1813 4273 μυρία
1847 4193 2200 4273 κατορθώμα-

632 4308 718 4349 τα,
735 4289 826 4341 καὶ
840 4289 937 4358 τὴν
958 4287 1160 4355 ἀφατον
1181 4285 1491 4355 παρρησίαν
1511 4300 1525 4347 ;
1545 4284 1738 4335 Ἀκουε
1753 4283 1845 4336 τοῦ
1864 4285 2198 4354 πατριάρχου

633 4371 898 4434 λέγοντος,
926 4368 1062 4440 μετά
1088 4367 1184 4435 τὴν
1221 4365 1432 4435 ὁμιλίαν
1461 4364 1556 4434 τὴν
1583 4365 1717 4434 πρὸς
1745 4365 1836 4417 τὸν
1867 4365 2018 4427 Θεὸν,
2065 4367 2199 4434 μετά

635 4453 731 4522 τὴν
760 4448 1085 4518 ἐπαγγελίαν
1114 4448 1208 4517 τὴν
1237 4448 1315 4509 εἰς
1342 4447 1500 4500 αὑτὸν
1519 4446 1892 4516 γεγενημένην
1911 4462 1924 4476 ·
1963 4446 2103 4516 Ἐγὼ
2133 4446 2201 4500 δέ

635 4537 749 4603 εἰμι
787 4531 863 4601 γῆ
899 4530 995 4584 καὶ
1027 4529 1274 4594 σποδός.

705 4628 774 4682 7'.
805 4613 949 4685 [508]
993 4611 1129 4664 Ἀλλ’
1155 4611 1338 4680 ἐπειδὴ
1359 4611 1451 4662 τοῦ
1473 4610 1810 4680 πατριάρχου
1838 4609 2130 4680 ἐμνήσθην,
2153 4613 2200 4661 εί

633 4698 800 4759 δοκεῖ,
837 4695 906 4747 τὰ
941 4695 1177 4763 σήμερον
1205 4693 1617 4760 ἀναγνωσθέντα
1647 4691 1936 4763 προθῶμεν
1982 4692 2074 4742 ἐπὶ
2105 4694 2203 4760 τῆς

637 4779 905 4848 ὑμετέρας
961 4776 1179 4845 ἀγάπης
1201 4815 1216 4836 ,
1249 4775 1332 4828 ἵνα
1365 4774 1537 4827 ταῦτα
1570 4774 1974 4840 ἀναπτύξαντες
2005 4775 2202 4840 ἴδωμεν

636 4861 736 4930 τῆς
763 4859 961 4928 ἀρετῆς
992 4857 1084 4909 τοῦ
1117 4857 1323 4908 δικαίου
1353 4855 1450 4926 τὴν
1485 4856 1812 4925 ὑπερϐολήν.
1850 4857 1961 4909 Καὶ
2005 4855 2201 4917 ἔλαϐε,

640 4943 793 5010 φησι,
821 4939 1015 5005 Θάρῤα
1032 4938 1136 4990 τὸν
1159 4939 1370 5005 Ἀϐραμ
1393 4937 1488 4990 καί
1513 4937 1618 4990 τὸν
1638 4937 1848 5004 Ναχώρ
1873 4937 2013 5001 τοὺς
2037 4936 2205 5000 υἱοὺς

636 5021 839 5078 αὐτοῦ,
875 5020 970 5072 καὶ
1003 5018 1106 5071 τὸν
1131 5016 1259 5071 Λὼτ
1291 5019 1396 5070 τὸν
1415 5019 1548 5071 υἱὸν
1568 5019 1672 5072 τοῦ
1696 5018 1827 5072 υἰοῦ
1860 5018 2067 5079 αὑτοῦ,
2102 5017 2202 5070 καὶ

637 5105 752 5169 τὴν
782 5103 978 5169 Σάραν
1004 5099 1116 5163 τὴν
1134 5100 1375 5167 νύμφην
1396 5099 1602 5161 αὑτοῦ,
1634 5099 1884 5168 γυναῖκα
1908 5098 1976 5150 δὲ
1990 5100 2205 5166 Ἀϐραμ

637 5184 746 5239 τοῦ
778 5183 910 5237 υἱοῦ
941 5180 1123 5233 αὑτοῦ
1148 5196 1160 5208 ·
1190 5179 1592 5248 καὶέεήγαγεν
1610 5180 1832 5245 αὐτοὺς
1865 5180 1932 5231 ἐκ
1964 5178 2072 5247 τῆς
2094 5179 2206 5248 χώ-

639 5284 748 5333 ρας
773 5266 892 5318 τῶν
921 5263 1248 5322 Χαλδαίων,
1283 5260 1639 5329 πορευθῆναι
1675 5264 1762 5325 εἰς
1809 5262 1922 5327 τὴν
1949 5261 2064 5329 γῆν
2089 5261 2207 5313 τῶν

641 5345 1005 5404 Χαναναίων,
1026 5342 1122 5395 καὶ
1143 5337 1326 5410 ἦλθεν
1353 5343 1457 5407 ἕως
1480 5342 1714 5410 Χαρῤὰν
1735 5343 1829 5395 καί
1863 5342 2208 5409 κατῴκησεν

641 5429 789 5481 ἐκεῖ·
827 5427 922 5479 καί
974 5425 1250 5494 ἐγένοντο
1303 5423 1489 5478 πᾶσαι
1543 5428 1603 5476 αἰ
1648 5423 1857 5492 ἡμέραι
1908 5424 2101 5491 Θάρῤα
2138 5425 2208 5477 ἐν

644 5511 876 5575 Χαρῤὰν
925 5509 1028 5574 ἐτη
1077 5506 1354 5558 διακόσια
1391 5505 1566 5558 πέντε
1589 5546 1603 5567 ,
1666 5507 1762 5558 καί
1812 5506 2108 5560 ἀπέθανεν
2138 5509 2208 5560 ἐν

643 5593 898 5661 Χαρῤἁν.
929 5590 1082 5642 Μετά
1125 5589 1408 5660 ἀκριϐείας
1460 5589 1831 5658 προσέχωμεν,
1883 5590 2204 5659 παρακαλῶ,

641 5679 755 5738 τοῖς
793 5672 1233 5740 ἀναγνωσθεῖσιν,
1286 5673 1372 5724 ἴνα
1402 5669 1717 5740 δυνηθῶμεν
1769 5671 2087 5724 καταλαϐεῖν
2117 5673 2208 5726 τὸν

643 5755 769 5808 νοῦν
817 5755 924 5806 τῶν
963 5753 1440 5822 ἐγγεγραμμένων,
1493 5752 1620 5804 ’ἰδοὺ
1654 5753 1760 5820 γὰρ
1813 5753 1868 5803 ἐν
1909 5753 2207 5822 προοιμίοις

646 5839 790 5891 δοκεῖ
819 5837 1035 5906 ζήτημα
1055 5829 1192 5886 εἶναι
1214 5837 1270 5886 ἐν
1288 5837 1399 5896 τοῖς
1423 5834 1749 5903 εἰρημένοις.
1776 5833 1879 5885 Τοῦ
1907 5835 2013 5905 γὰρ
2038 5853 2204 5904 μακασ

653 5921 769 5994 ρίου
797 5917 985 5972 τούτου
1014 5918 1310 5988 προφήτου,
1334 5915 1425 5969 τοῦ
1460 5916 1732 5977 Μωῦσέως
1758 5915 1920 5985 λέγω,
1944 5918 2204 5981 εἰπόντος,

3750 387 3863 442 286

2281 518 2362 570 ὅτι
2394 515 2611 569 "Eluas
2645 512 2841 578 Θιίῤῥα
2862 509 2970 563 τὸν
2989 505 3214 571 Ἀϐραμ
3241 501 3339 555 καί
3370 500 3478 553 τὸν
3503 501 3745 569 Ναχώρ.
3770 505 3874 556 και

2279 597 2570 666 ἐξήγαγεν
2600 594 2667 646 ἐκ
2703 577 2815 662 γῆς
2853 586 3200 666 Χαλδαίων,
3237 577 3599 666 πορευθῆναι
3630 583 3722 666 είς
3755 583 3875 646 τὴν

2281 664 2540 749 τῆν-τῶν
2568 675 2936 737 Χαναναίων,
2975 669 3076 728 καὶ
3104 664 3294 737 ἦλθεν
3317 665 3429 732 ἓως
3464 665 3749 749 Χαρῤὰννγ
3770 667 3870 749 καί

2281 747 2631 826 ἐιατῴκησεν
2657 757 2810 812 ἑκεῖ’
2851 757 2879 808 6
2906 755 3178 825 μακάριος
3207 749 3479 818 Στέφανος
3502 747 3874 816 ἐγκωμιάζων

2280 847 2406 908 τοὺς
2444 843 2727 904 Ἰουδαίους
2755 841 2938 911 φησίν·
3066 834 3214 901 Θεὸς
3246 830 3354 899 τῆς
3383 831 3569 896 δόξης
3596 830 3769 897 ὤφθη
3792 829 3875 916 τῷ

2283 928 2458 994 πατρί
2488 926 2656 995 ἡμῶν
2689 924 2942 991 Ἀϐραὰμ
2979 913 3106 974 ὄντι
3139 920 3209 972 ἐν
3242 916 3697 982 Μεσοποταμίᾳ,
3731 913 3876 995 πρὶν

2282 1011 2321 1075 ἢ
2342 994 2693 1073 κατοικῆσαι
2725 1007 2910 1060 αὐτὸν
2932 1006 3001 1060 ὲν
3027 1002 3280 1070 Χαρῤὰν,
3305 997 3605 1059 κάκεῖθεν,
3625 997 3782 1063 μετὰ
3807 994 3875 1047 τὸ

2283 1091 2611 1146 ἀποθανεῖν
2645 1091 2751 1142 τὸν
2787 1088 3011 1153 πατέρα
3041 1086 3257 1145 αὑτοῦ,
3286 1080 3624 1150 μετῴκισεν
3660 1081 3871 1132 αὐτόν.

2284 1177 2350 1228 Τί
2373 1169 2465 1227 οὗν
2494 1176 2676 1234 ἐστιν;
2719 1171 3056 1224 ἐναντιοῦται
3095 1170 3260 1237 ἐαυτῇ
3298 1169 3330 1236 ή
3361 1164 3480 1218 θεία
3513 1163 3710 1233 Γραφή
3739 1179 3754 1221 ;
3787 1160 3876 1230 Μὴ

2285 1259 2491 1326 γένοιτο
2510 1275 2521 1285 ·
2557 1255 2692 1309 ἀλλά
2734 1254 2960 1306 συνιδεῖν
2989 1255 3054 1305 ἐκ
3079 1251 3269 1304 τούτου
3318 1248 3606 1319 προσήκει,
3644 1246 3728 1298 δτι
3753 1245 3874 1297 θεο-

2287 1340 2472 1408 φιλοῦς
2500 1339 2650 1401 ὄντος
2676 1336 2768 1389 τοῦ
2800 1335 2989 1396 παιδὸς
3015 1375 3028 1394 ,
3067 1333 3256 1402 ὀφθεὶς
3299 1329 3449 1399 αὐτῷ
3472 1329 3501 1380 6
3529 1327 3663 1390 Θεὸς
3705 1342 3876 1394 προσ-

2288 1423 2440 1484 έταξε
2467 1419 2858 1490 μεταναστῆναι
2879 1417 3107 1469 ἐκεῖθεν.
3134 1416 3242 1468 Kal
3258 1413 3413 1466 τοῦτο
3434 1410 3596 1480 γνοὺς
3633 1411 3662 1462 6
3681 1409 3875 1480 Θάρρα

2286 1505 2314 1555 6
2341 1504 2528 1555 τούτου
2559 1503 2758 1571 πατὴρ.
2783 1502 2831 1552 εἰ
2861 1500 2951 1552 καὶ
2979 1500 3204 1558 ἄπιστος
3230 1494 3544 1563 ἐτύγχανεν,
3583 1491 3703 1543 ἀλλ’
3724 1492 3878 1559 ὅμως

2290 1587 2393 1638 ὑπὸ
2431 1585 2521 1637 τοῦ
2554 1584 2686 1653 πρὸς
2731 1583 2823 1634 τὸν
2876 1581 3040 1633 παῖδα
3095 1578 3323 1647 φίλτρου
3361 1573 3692 1642 κοινωνῆσαι
3723 1571 3878 1639 αὐτῷ

2289 1667 2609 1730 κατεδέξατο
2645 1667 2743 1735 τῆς
2774 1662 3104 1731 ἀποδημίας,
3145 1661 3239 1712 κα)⁵
3269 1657 3438 1710 ἐλθὼν
3474 1657 3554 1718 είς
3593 1655 3693 1724 τὴν
3722 1655 3874 1722 Χαρ-

2293 1752 2409 1821 ρἀ,
2461 1750 2620 1801 κάκεῖ
2665 1750 3014 1814 κατοικήσας,
3067 1743 3208 1795 οὕτω
3245 1739 3546 1810 μετήλλαξε
3591 1738 3686 1789 τὸν
3728 1737 3871 1821 βίον·

2291 1820 2383 1887 καὶ
2406 1835 2526 1884 τότε
2555 1831 2907 1888 κελεύσαντος
2935 1827 3030 1879 τοῦ
3068 1825 3202 1878 Θεοῦ
3231 1823 3622 1894 μετανίσταται
3659 1823 3742 1881 εἰς
3778 1820 3878 1887 τὴν

2292 1913 2599 1968 Χαναναίαν
2621 1913 2649 1963 6
2676 1912 3039 1980 πατριάρχης.
3075 1908 3290 1977 Ἀμέλει
3325 1907 3383 1958 ού
3417 1906 3681 1974 πρότερον
3713 1901 3879 1954 αὑτὸν

2292 2001 2320 2051 6
2345 1996 2475 2058 Θεὸς
2518 1995 2728 2047 ἐκεῖθεν
2777 1993 3064 2060 ἀνέστησε,
3103 1992 3294 2060 μέχρις
3314 1991 3403 2042 ὅτε
3428 1990 3624 2059 Θάρῤα
3662 1983 3881 2038 ἐτελεύ-

2292 2095 2440 2146 τησε.
2475 2077 2603 2128 Τότε
2628 2077 2735 2144 γὰρ
2759 2075 2897 2143 μετά
2914 2075 3014 2142 τὴν
3045 2073 3251 2124 ἐκείνου
3282 2071 3556 2139 τελευτὴν,
3587 2069 3745 2139 φησὶ,
3765 2068 3879 2120 Καὶ

2291 2156 2420 2213 εἶπε
2453 2161 2665 2223 Κύριος
2689 2156 2767 2220 τῷ
2793 2157 3007 2221 Ἀϐραμ
3031 2172 3044 2186 ·
3083 2155 3334 2217 Ἔξελθε
3362 2154 3431 2206 ἐκ
3458 2153 3568 2218 τῆς
3593 2152 3710 2220 τῆς
3733 2167 3880 2209 σου,

2294 2245 2388 2296 καί
2421 2242 2487 2295 ἐκ
2515 2240 2623 2308 τῆς
2651 2238 3002 2306 συγγενείας
3026 2252 3164 2297 σου,
3192 2237 3287 2290 καὶ
3314 2236 3384 2289 ἐκ
3433 2236 3539 2288 τοῦ
3562 2235 3732 2287 οἷκου
3771 2230 3884 2285 τοῦ

2295 2325 2516 2390 πατρός
2537 2337 2675 2382 σου,
2707 2321 2805 2374 καί
2839 2319 3016 2387 δεῦρο
3044 2322 3129 2384 είς
3159 2317 3298 2386 γῆν,
3336 2317 3417 2383 ἧν
3445 2317 3521 2369 ἄν
3550 2333 3646 2370 σοι
3672 2316 3878 2378 δείξω.

2295 2408 2401 2461 Καὶ
2436 2405 2670 2469 ποιήσω
2696 2417 2771 2457 σε
2800 2406 2888 2468 εἰς
2919 2403 3088 2467 ἔθνος
3110 2400 3282 2471 μέτα,
3314 2403 3410 2454 καί
3438 2399 3758 2470 εὐλογήσω
3784 2415 3884 2460 σε,

2295 2489 2391 2544 καί
2413 2487 2731 2557 μεγαλυνῶ
2776 2486 2841 2538 τὸ
2880 2487 3067 2554 ὄνομα
3096 2500 3235 2548 σου,
3270 2485 3366 2538 καί
3412 2485 3530 2550 ἔσῃ
3559 2481 3890 2551 εὐλογημέ-

2296 2589 2433 2638 νος·
2468 2568 2566 2624 καί
2621 2567 2936 2638 εὐλογήσω
2991 2567 3133 2632 τοὺς
3175 2565 3580 2634 εὐλογοῦντὰς
3610 2580 3724 2629 σε,
3782 2564 3886 2618 καί

2297 2654 2436 2719 τοὺς
2461 2651 2912 2719 καταρωμένους
2937 2664 3010 2703 σε
3038 2649 3444 2717 καταράσομαι
3463 2665 3477 2678 ·
3509 2649 3606 2701 καί
3630 2648 3889 2700 Mulo-

2297 2735 2661 2805 τηθήσονται
2690 2733 2760 2786 ἐν
2780 2732 2877 2787 σοί
2901 2732 3090 2786 πᾶσαι
3121 2734 3181 2784 αἰ
3213 2732 3396 2799 φυλαί
3422 2729 3531 2796 τῆς
3549 2729 3678 2799 γῆς.
3700 2729 3891 2781 Ἐκα-

2301 2834 2423 2870 στον
2448 2815 2554 2869 τῶν
2575 2815 2879 2886 εἰρημένων
2905 2813 3041 2884 μετὰ
3065 2813 3349 2882 ἀκριϐείας
3376 2809 3889 2883 διερευνησώμεθα,

2300 2899 2387 2950 ῖνα
2416 2898 2614 2966 ἴδωμεν
2641 2895 2744 2963 τῆς
2774 2896 2999 2964 γνώμης
3025 2890 3117 2947 τοῦ
3146 2895 3484 2964 πατριάρχου
3516 2893 3578 2946 τὸ
3609 2890 3889 2960 φιλόθεον.

2370 2979 2458 3049 Μὴ
2489 2977 2596 3048 γὰρ
2627 2977 2810 3039 ἀτελῶς
2841 2976 3291 3047 παραδράμωμεν
3313 2977 3375 3028 τὸ
3423 2975 3729 3045 εἰρημένον,
3765 2971 3891 3027 ἀλλ’

2300 3061 2639 3130 ἐννοήσωμεν
2674 3056 2795 3122 ὅσος
2822 3055 2916 3110 τοῦ
2945 3056 3315 3128 ἐπιτάγματος
3335 3059 3363 3111 6
3383 3058 3568 3125 δγκος.
3603 3056 3890 3118 Ἔξελθε.

2302 3142 2484 3210 φησὶν,
2533 3142 2596 3195 ἐκ
2654 3140 2763 3207 τῆς
2795 3139 2906 3208 γῆς
2935 3156 3072 3200 σου,
3133 3139 3230 3194 καί
3264 3140 3332 3192 ἐκ
3368 3134 3477 3203 τῆς
3525 3139 3894 3205 συγγενείας

2303 3238 2438 3287 σου,
2475 3223 2571 3276 καί
2605 3224 2676 3275 ἐκ
2699 3223 2806 3276 τοῦ
2834 3223 3002 3275 οἴκου
3025 3222 3131 3275 τοῦ
3163 3222 3387 3288 πατρός
3410 3237 3548 3282 σου,
3577 3221 3674 3274 καί
3700 3220 3894 3287 δεῦρο

2302 3309 2389 3370 εἰς
2412 3305 2527 3373 τὴν
2555 3304 2690 3373 γῆν,
2718 3302 2795 3371 ἣν
2827 3304 2906 3357 ἂν
2932 3320 3029 3357 σοι
3062 3303 3255 3366 δείξω.
3292 3301 3597 3366 Κατάλιπε,
3625 3301 3785 3369 φησὶ,
3825 3302 3892 3354 τὰ

2303 3387 2434 3455 δῆλα
2455 3388 2548 3440 καὶ
2575 3388 2645 3441 τά
2664 3386 3079 3456 ὡμολογημένα.
3109 3385 3204 3438 καὶ
3237 3383 3571 3455 προείμησον
3602 3383 3670 3436 τά
3709 3384 3893 3453 ἄδηλα

2303 3470 2395 3523 καί
2428 3470 2494 3523 τά
2530 3469 2604 3540 μὴ
2635 3470 2954 3539 φαινόμενα.
2974 3468 3175 3522 Σκόπει
3210 3467 3326 3529 πῶς
3362 3465 3422 3530 ἐξ
3463 3469 3638 3536 ἀρχῆς
3686 3470 3792 3520 καὶ
3828 3469 3892 3522 ἐκ

2303 3551 2601 3622 προοιμίων
2624 3548 2961 3621 ἐγυμνάζετο
2988 3553 3016 3604 6
3036 3551 3242 3613 δίκαιος
3270 3551 3337 3603 τά
3364 3547 3437 3619 μὴ
3455 3549 3752 3620 φαινόμενα
3779 3552 3894 3604 τῶν

2303 3633 2643 3702 φαινομένων
2673 3634 2962 3703 προτιμᾷν,
2992 3632 3085 3685 καὶ
3117 3633 3186 3685 τὰ
3222 3631 3478 3699 μέλλοντα
3525 3630 3634 3684 τῶν
3661 3633 3717 3683 ἐν
3757 3650 3892 3702 χερ-

2305 3717 2388 3768 σὶν
2436 3716 2623 3768 δντων.
2675 3714 2809 3768 Οὑδέ
2840 3713 2948 3784 γὰρ
2979 3713 3040 3766 τὸ
3071 3714 3234 3783 τυχὸν
3264 3709 3331 3784 ἦν
3386 3711 3523 3783 ὅπερ
3557 3713 3891 3767 ἐπετάττετο

2304 3800 2544 3869 ποιῆσαι,
2599 3796 2751 3868 [509]
2805 3795 3126 3851 καταλιπεῖν
3151 3796 3250 3867 τὴν
3289 3795 3414 3865 γῆν,
3448 3795 3577 3848 ἔνθα
3628 3797 3890 3850 τοσοῦτον

2303 3881 2485 3950 ᾤκησε
2514 3880 2724 3949 χρόνον,
2753 3878 2848 3932 καὶ
2867 3881 2966 3950 τὴν
2990 3878 3307 3946 συγγένειαν
3325 3879 3562 3941 ἃπασαν,
3589 3880 3684 3930 καὶ
3709 3880 3891 3934 πάντα

2304 3961 2397 4013 τοῦ
2432 3960 2637 4030 πατρὸς
2661 3961 2752 4012 τὸν
2779 3954 2947 4023 οἷκον,
2980 3962 3074 4014 καὶ
3106 3961 3283 4014 ἐλθεῖν
3305 3957 3431 4013 ἔνθα
3470 3960 3542 4030 μὴ
3571 3960 3712 4030 ᾔδει,
3751 3962 3889 4030 μηδέ

2305 4043 2589 4110 ἠπίστατο.
2627 4042 2701 4094 Οὐ
2730 4042 2838 4112 γὰρ
2862 4039 3014 4095 εἶπεν
3043 4045 3120 4104 είς
3150 4044 3309 4095 ποίαν
3345 4041 3508 4095 αὑτὸν
3539 4040 3722 4110 χώραν
3759 4042 3890 4111 βού-

2305 4124 2455 4176 λεται
2498 4127 2847 4194 μεταστῆσαι.
2880 4125 3014 4176 ἀλλὰ
3039 4126 3117 4193 τῷ
3139 4126 3430 4196 ἀδιορίστῳ
3455 4124 3549 4177 τοῦ
3581 4126 3890 4194 ἐπιτάγμα-

2306 4223 2395 4268 τος
2429 4205 2699 4276 ἐγύμναζε
2738 4205 2830 4257 τοῦ
2878 4204 3222 4276 πατριάρχου
3261 4207 3321 4259 τὸ
3376 4206 3645 4274 φιλόθεον.
3709 4206 3890 4274 Δεῦρο

2305 4285 2435 4356 γὰρ,
2469 4287 2650 4356 φησιν.
2679 4287 2766 4350 εἰς
2794 4284 2906 4351 τὴν
2941 4286 3076 4352 τὴν,
3111 4285 3191 4351 ἦν
3218 4287 3295 4338 ἄν
3321 4299 3420 4340 σοι
3444 4287 3639 4351 δείξω.
3672 4291 3888 4359 Ἐννόη-

2307 4367 2398 4420 σόν
2443 4384 2551 4437 μοι,
2601 4368 2872 4436 άγαπητέ,
2907 4368 3055 4430 ὅπως
3092 4367 3301 4437 ὑψηλῆς
3360 4367 3530 4420 ἐδεῖτο
3561 4369 3794 4440 γνώμης
3832 4372 3889 4424 τὸ

2306 4447 2602 4518 ἐπίταγμα,
2640 4450 2733 4501 καὶ
2763 4449 3003 4518 μηδεμιᾷ
3033 4449 3375 4520 προσπαθείᾳ
3404 4450 3435 4519 ἢ
3468 4451 3732 4522 συνηθείᾳ
3763 4471 3890 4506 κατ-

2307 4530 2587 4599 εχομένης.
2627 4532 2689 4582 Εἰ
2712 4532 2819 4600 γὰρ
2854 4528 2947 4581 νῦν
2986 4532 3122 4597 μετὰ
3177 4529 3236 4581 τὸ
3287 4531 3561 4583 ἐπιδοῦναι
3606 4535 3709 4601 τὴν
3737 4535 3890 4586 εὐσέ-

2307 4613 2479 4673 ϐειαν,
2513 4608 2683 4673 οὕτως
2712 4613 2820 4663 είσί
2853 4612 3034 4663 πολλοὶ
3067 4614 3132 4681 τῇ
3164 4611 3421 4681 συνηθείᾳ
3446 4613 3884 4684 προσδεδεμένοι,

2306 4693 2382 4755 ώς
2413 4693 2507 4744 καὶ
2541 4691 2796 4762 μυριάκις
2827 4693 2893 4745 ἂν
2922 4693 3143 4755 ἕλοιντο,
3175 4692 3278 4744 κᾶν
3305 4693 3520 4763 ἀνάγκη
3557 4697 3883 4768 κατεπείγῃ,

2308 4775 2483 4826 πάντα
2513 4775 2819 4843 ὑπομεῖναι,
2847 4774 2877 4842 ἦ
2901 4773 3008 4825 τῶν
3027 4769 3206 4826 τόπων
3229 4775 3577 4844 μεταστῆναι,
3598 4776 3731 4830 ἔνθα
3759 4781 3888 4849 πρό·

2306 4873 2461 4927 τερον
2484 4856 2582 4915 τὴν
2613 4856 2823 4926 οἴκησιν
2849 4856 3025 4925 ἔσχον,
3065 4858 3156 4908 καὶ
3181 4856 3351 4909 ταῦτα
3392 4858 3493 4911 οὐκ
3529 4859 3622 4912 ἐπὶ
3660 4860 3772 4912 τῶν
3798 4878 3886 4913 τυ-

2308 4939 2510 5008 χόντων
2537 4938 2694 5006 μόνον
2724 4937 2933 5006 ἀνδρῶν
2963 4938 3109 4988 ἐστιν
3155 4937 3301 4997 ἰδεῖν,
3344 4937 3481 4990 ἀλλά
3524 4943 3617 4992 καὶ
3670 4943 3768 4993 ἐπὶ
3796 4961 3884 5010 φυ-

2309 5021 2510 5089 γόντων
2539 5022 2664 5078 τοὺς
2690 5022 2748 5071 ἐν
2779 5020 2929 5088 μέσῳ
2956 5016 3234 5085 θορύϐους,
3271 5020 3477 5073 καὶτὸν
3504 5021 3614 5074 τῶν
3639 5024 3887 5093 μοναχῶν

2311 5103 2578 5172 ἑλομένων
2619 5100 2762 5170 βίονε
2806 5099 2985 5167 πολλῷ
3026 5100 3090 5168 δὴ
3149 5097 3347 5169 μᾶλλον
3393 5103 3513 5155 τότε
3560 5103 3656 5157 τὸν
3680 5105 3885 5159 δίκαιον

2309 5183 2490 5236 τοῦτον
2545 5182 2691 5244 εἰκὸς
2745 5176 2813 5250 ἦν
2839 5180 3159 5251 δυσχερᾶναι
3193 5181 3329 5251 πρὸς
3361 5182 3422 5235 τὸ
3455 5185 3758 5258 ἐπίταγμα,
3794 5189 3885 5242 καὶ

2309 5265 2662 5335 ὀκνηρότερον
2687 5262 3042 5331 καταστῆναι.
3065 5263 3305 5328 Ἔξελθε,
3322 5264 3476 5334 φησὶ,
3499 5267 3592 5319 καὶ
3616 5270 3882 5322 κατάλιπε

2309 5348 2433 5409 τοὺς
2454 5347 2754 5413 συγγενεῖς,
2773 5344 2971 5397 καὶτὸν
2991 5339 3137 5397 οἷκον
3154 5345 3242 5398 τὸν
3265 5345 3553 5416 πατρικὸν,
3584 5350 3682 5401 καὶ
3702 5351 3887 5418 Δεῦρο

2310 5431 2396 5494 εἰς
2421 5427 2554 5496 γῆν.
2582 5425 2662 5493 ἣν
2675 5426 2753 5479 ἄν
2776 5443 2873 5481 σοι
2896 5427 3088 5492 δείξω.
3113 5428 3245 5480 Τίνα
3261 5424 3355 5481 οὖν
3369 5428 3470 5481 οὐκ
3497 5430 3564 5483 ἂν
3583 5430 3883 5501 ἐθορύϐησε

2310 5511 2467 5563 ταυτὶ
2499 5510 2566 5563 τά
2603 5510 2856 5578 ρήματα;
2908 5510 3041 5562 Οὔτε
3069 5509 3160 5562 τὸν
3186 5509 3371 5576 τόπον,
3408 5509 3532 5564 οὔτε
3573 5511 3673 5582 τὴν
3703 5515 3886 5586 χώραν

2310 5593 2474 5663 δήλην
2518 5591 2664 5660 αὑτῷ
2693 5593 2852 5656 ποιεῖ,
2885 5591 3022 5645 ἀλλά
3047 5590 3125 5661 τῷ
3158 5591 3446 5662 ἀδιορίστῳ
3475 5593 3756 5663 βασανίζει
3794 5597 3885 5650 τοῦ

2309 5674 2518 5727 δικαίου
2546 5674 2644 5743 τήν
2677 5672 2921 5745 γνώμην.
2966 5673 3029 5727 Εἰ
3055 5673 3163 5744 γὰρ
3199 5675 3385 5745 ἕτερός
3415 5693 3500 5739 τις
3547 5673 3616 5746 ἦν
3641 5680 3671 5730 6
3702 5679 3887 5732 κελευ-

2314 5756 2480 5818 σθεὶς,
2512 5755 2604 5808 καὶ
2625 5749 2705 5818 εἷς
2737 5755 2843 5809 τῶν
2867 5755 3095 5818 πολλῶν,
3126 5753 3277 5809 εἷπεν
3296 5757 3381 5809 ἀν·
3412 5752 3611 5811 Ἐστωο
3643 5761 3887 5821 κελεύεις

2315 5853 2382 5907 με
2399 5836 2713 5890 καταλιπεῖν
2729 5837 2826 5908 τὴν
2851 5839 2955 5906 γῆν
2977 5837 3103 5891 ἔνθα
3125 5837 3220 5891 νῦν
3243 5839 3398 5903 οίκῶ,
3421 5841 3521 5909 τὴν
3545 5843 3882 5910 συγγένειαν,

2311 5919 2403 5972 τὸν
2447 5915 2594 5972 οἶκον
2641 5919 2731 5974 τὸν
2764 5920 3056 5989 πατρικόν·
3108 5919 3250 5984 τίνος
3281 5920 3467 5975 ἕνεκεν
3515 5922 3634 5989 οὐχὶ
3667 5924 3763 5981 καὶ
3796 5923 3883 5980 τὸν
