4054 6312
151 435 253 490 I85
1106 418 1171 475 IN
1208 414 1371 472 CAP.
1404 414 1498 468 XI.
1542 412 1627 467 ET
1669 407 1758 466 XII

150 562 266 600 mus
295 560 310 598 :
342 541 437 599 sed
463 540 701 597 contenti
723 539 889 593 simus
913 530 1176 590 dominica
1204 528 1381 584 laude.
1415 527 1573 597 Cujus
1596 527 1712 578 laus
1732 564 1748 589 ,

149 637 356 708 inquit,
401 652 503 690 non
541 650 606 688 ea:
645 630 960 693 hominibus,
989 624 1081 680 sed
1107 638 1174 678 ea:
1199 621 1307 676 Deo
1348 616 1605 691 (Romi.
1631 615 1752 685 29).

151 729 214 784 Et
253 742 368 798 quo
411 727 578 795 magis
611 721 896 777 virtutibus
922 715 1314 785 locupletamur
1337 719 1392 766 et
1419 708 1712 765 crescimus
1736 746 1752 770 ,

149 821 248 875 hoc
278 819 454 890 magis
483 815 711 872 modesti
741 814 909 868 simus
929 821 984 866 et
1005 807 1365 864 humiliemur.
1397 802 1529 857 Nam
1556 800 1656 856 etsi
1686 798 1754 853 ad

146 926 419 967 summum
461 908 672 962 virtutis
717 906 923 974 apicem
967 899 1372 971 pertigerimus,
1413 894 1460 948 si
1505 892 1558 947 id
1605 898 1757 961 grato

148 1003 337 1057 animo
362 1015 484 1056 cum
519 998 611 1053 Dei
635 996 909 1052 beneﬁciis
935 1004 1308 1060 comparemus
1325 1028 1340 1051 ,
1370 985 1527 1040 facile
1554 982 1759 1038 videbi-

148 1108 267 1147 mus
286 1134 304 1159 ,
357 1107 425 1147 ne
465 1091 741 1145 minimam
785 1085 999 1156 quidem
1027 1091 1232 1152 partem
1262 1092 1361 1134 nos
1385 1091 1571 1132 eorum
1591 1116 1608 1141 ,
1639 1087 1758 1142 quas

147 1188 200 1240 in
233 1200 339 1240 nos
378 1181 647 1245 contulit,
675 1178 1012 1247 aquuasse.
1042 1173 1176 1228 Hinc
1203 1171 1348 1226 enim
1375 1180 1566 1222 omnes
1587 1163 1758 1219 sancti

148 1275 361 1345 probati
406 1274 653 1335 fuerunt,
693 1278 748 1324 et
783 1268 893 1322 Deo
918 1264 1142 1334 accepti.
1173 1261 1286 1316 Hoc
1317 1266 1374 1314 ιιι
1394 1258 1601 1322 discas,
1630 1255 1755 1309 audi

147 1367 434 1420 doctorem
475 1361 652 1423 orbis,
696 1358 927 1413 animam
967 1355 1109 1410 illam
1140 1368 1259 1422 qua:
1287 1351 1342 1404 in
1371 1349 1563 1404 emtum
1594 1357 1761 1416 usque

150 1458 442 1529 mrtiitgit,
484 1453 755 1526 quomodo
803 1459 925 1521 post
969 1456 1048 1502 tut
1093 1444 1348 1516 prmclara
1392 1455 1591 1511 Opera,
1642 1445 1764 1506 post

150 1560 361 1608 tantum
380 1549 448 1603 de
465 1549 598 1602 cmlo
629 1541 987 1601 testimonium
1010 1537 1146 1610 (Vas
1161 1536 1326 1600 enim,
1353 1532 1544 1602 inquit,
1564 1530 1765 1584 electio;-

146 1646 225 1700 nis
252 1654 330 1699 est
352 1642 478 1695 mihi
502 1641 584 1693 hic
613 1638 749 1711 [Αει.
776 1636 828 1691 9.
857 1627 1019 1704 15]),
1051 1645 1158 1684 non
1189 1627 1520 1682 obliviscitur
1544 1633 1762 1678 sutorum

145 1736 474 1792 delictorum
497 1775 512 1800 ,
543 1732 636 1788 sed
658 1727 918 1784 ambabus
947 1722 1224 1786 manibus,
1251 1726 1311 1774 ut
1337 1719 1519 1782 aiunt,
1547 1729 1606 1769 ea
1641 1728 1762 1766 ver-

145 1837 268 1894 sat,
303 1836 360 1882 et
390 1839 565 1895 neque
589 1836 774 1878 eorum
805 1817 1120 1874 memoriam
1149 1810 1420 1868 obliterari
1452 1808 1672 1879 patitur,
1695 1804 1764 1859 de

145 1919 349 1987 quibus
393 1914 727 1970 certissimus
761 1917 912 1974 erat,
958 1907 1071 1975 ipsa
1118 1919 1214 1972 per
1253 1901 1574 1970 baptismum
1603 1897 1766 1951 fuisse

144 2010 397 2072 dimissa,
421 2007 514 2062 sed
531 2005 723 2059 clamat
740 2011 794 2058 et
808 1999 937 2056 dicit
961 2015 976 2053 :
1005 1995 1248 2050 Minimus
1267 2009 1380 2049 sum
1399 1989 1764 2062 apostolorum,

145 2110 197 2154 et
231 2115 338 2153 non
377 2113 491 2152 sum
527 2096 712 2165 dignus
739 2091 911 2146 uocari
941 2087 1201 2158 apostolus
1229 2083 1306 2157 (Ι.
1334 2082 1451 2138 Cor.
1484 2081 1570 2136 15.
1595 2077 1674 2153 9).
1702 2080 1768 2133 Et

146 2202 363 2258 postea,
382 2196 442 2241 ut
461 2189 729 2257 ingentem
753 2183 870 2252 ejus
898 2179 1169 2234 discamus
1193 2174 1566 2238 humilitatem,
1587 2170 1763 2225 addit:

147 2279 232 2333 Eo
261 2279 400 2347 quod
424 2284 754 2348 persequutus
779 2289 887 2326 sum
924 2268 1204 2323 Ecclesiam
1235 2265 1348 2319 Dei.
1381 2263 1517 2332 Quid
1546 2263 1660 2332 agis
1679 2304 1693 2326 ,
1724 2276 1758 2316 ο

149 2369 364 2425 Paule?
410 2358 668 2423 Dominus
710 2379 807 2434 per
847 2357 1267 2416 misericordiam
1306 2370 1458 2410 suam
1491 2353 1686 2408 delevit
1713 2358 1768 2407 ct

147 2462 358 2517 dimisit
401 2459 582 2514 omnia
625 2465 840 2527 peccata
885 2463 994 2517 tua,
1039 2459 1093 2505 et
1134 2459 1189 2502 tu
1239 2461 1299 2502 ea
1337 2445 1511 2500 adhuc
1537 2442 1766 2498 subinde

151 2567 344 2608 versas
363 2594 379 2615 .
423 2561 479 2606 et
517 2546 830 2604 memoras?
876 2544 1052 2598 Etiam
1083 2559 1096 2594 :
1125 2539 1237 2594 scio
1266 2538 1409 2593 enim
1431 2578 1446 2602 ,
1479 2535 1685 2604 inquit,
1714 2542 1768 2587 et

151 2662 268 2702 non
310 2645 501 2715 ignoro
528 2640 817 2694 Dominum
843 2649 1021 2690 meum
1053 2631 1142 2687 illa
1168 2629 1438 2685 dimisisse
1471 2645 1483 2679 :
1512 2626 1607 2682 sed
1639 2627 1763 2678 dunt

150 2752 368 2792 mecum
395 2733 681 2790 considero
704 2743 823 2798 quae
846 2726 1060 2782 fecerint
1081 2754 1098 2788 δ
1124 2731 1179 2777 et
1202 2721 1360 2775 video
1383 2719 1575 2774 divinae
1599 2721 1769 2771 mise-

151 2828 405 2884 ricordia:
444 2827 668 2896 pelagus
697 2839 710 2874 ε
745 2827 871 2875 tunc
903 2815 1072 2888 probe
1091 2814 1241 2869 disco
1266 2827 1352 2866 me
1378 2809 1548 2880 gratia
1579 2821 1635 2863 et
1661 2807 1764 2860 mi-

150 2918 452 2975 sericordia
501 2916 592 2970 Dei
626 2920 749 2970 esse
778 2911 829 2965 id
857 2907 998 2979 quod
1027 2920 1168 2961 sum.
1197 2903 1329 2959 Nam
1361 2916 1482 2956 cum
1511 2899 1766 2968 dixisset,

151 3013 285 3068 Non
328 3027 441 3066 sunt
487 3009 677 3078 dignus
708 3005 876 3058 vocari
901 3002 1165 3070 apostolus
1185 3037 1200 3063 ,
1228 3013 1286 3050 eo
1316 2994 1451 3065 quod
1486 2992 1764 3046 Ecclesium

150 3105 253 3159 Dei
283 3121 396 3158 sum
426 3109 754 3171 persequutus
773 3138 788 3161 ,
813 3088 1051 3151 subdidit
1083 3109 1095 3145 :
1130 3089 1311 3145 Gratia
1335 3091 1509 3140 autem
1538 3082 1635 3138 Dei
1654 3099 1766 3136 sum

148 3200 208 3254 id
252 3198 390 3270 quod
433 3213 546 3252 sunt
589 3192 750 3263 (Ibid.
774 3206 823 3243 υ.
864 3189 975 3256 ιθ).
1017 3174 1131 3255 Ego
1152 3181 1390 3253 quidem,
1413 3175 1601 3270 inquit,
1625 3178 1766 3228 tanta

149 3289 374 3345 ferebar
396 3287 642 3350 insania;
673 3279 955 3337 ineffabilia
985 3285 1165 3332 autem
1197 3273 1315 3342 ejus
1336 3269 1549 3325 bonitas
1570 3275 1625 3321 et
1643 3272 1767 3336 gra-

147 3385 225 3438 tia
261 3380 634 3436 remissionem
660 3373 828 3430 dedit.
854 3368 1073 3425 Vidistis
1093 3366 1326 3419 animam
1351 3361 1638 3416 contritam
1667 3398 1683 3422 ,
1714 3365 1769 3411 ct

147 3476 474 3533 memoriam
521 3475 898 3540 peccatorum,
944 3475 1064 3531 qua:
1107 3465 1232 3512 ante
1260 3454 1582 3524 baptismum
1613 3464 1766 3540 com-

150 3569 408 3631 miserat,
441 3538 700 3634 perpetuo
731 3553 1198 3612 circumferentem
1224 3548 1247 3601 τ
1272 3546 1422 3600 Illum
1444 3538 1765 3634 etnosimi-

149 3668 373 3721 temur,
422 3632 478 3708 et
520 3665 709 3706 eorum
751 3663 872 3718 quae
920 3651 1040 3714 post
1083 3639 1407 3709 baptismum
1450 3632 1768 3688 admisimus

147 3748 401 3820 quotidie
447 3756 717 3799 memores
735 3779 750 3806 ,
783 3737 1146 3803 continuoque
1173 3746 1232 3785 ea
1264 3731 1315 3783 in
1342 3734 1525 3820 mente
1544 3739 1766 3778 versan-

147 3816 236 3894 tes
262 3879 277 3904 ,
308 3848 602 3904 numquam
632 3830 1003 3901 permittamus
1029 3833 1086 3879 ut
1110 3823 1347 3892 ipsorum
1365 3816 1766 3873 obliviscamur.

148 3930 273 3987 Hoc
303 3928 449 3984 enim
478 3925 689 3980 frenum
714 3921 944 3977 sufficiet
969 3916 1036 3971 ad
1063 3910 1457 3970 humiliandum
1479 3922 1600 3974 nos,
1625 3915 1680 3962 et
1699 3904 1766 3960 ad

148 4018 484 4077 modestiam
526 4011 967 4085 ingencrandam.
997 4008 1066 4062 Et
1093 4004 1220 4076 quid
1247 4003 1370 4058 dico
1396 3997 1619 4056 Paulum
1648 4007 1768 4052 tana-

149 4124 271 4168 tum
300 4121 358 4166 et
387 4109 548 4163 talem
579 4107 752 4160 virum
776 4105 798 4157 ‘l
831 4093 924 4157 Vis
955 4100 1139 4155 videre
1168 4096 1328 4151 etiam
1354 4109 1449 4150 eos
1475 4093 1564 4162 qui
1592 4093 1648 4146 in
1671 4105 1768 4146 ve-

148 4206 258 4262 teri
307 4204 426 4273 lege
471 4201 597 4254 hinc
640 4200 872 4252 maxime
910 4194 1251 4254 claruerunt,
1282 4185 1424 4258 quod
1456 4193 1578 4273 post
1607 4185 1768 4238 innu-

149 4311 310 4352 mera
343 4269 481 4347 bona
505 4304 668 4362 opera
685 4322 702 4357 ,
730 4296 787 4343 et
810 4283 1134 4341 ineil’abilem
1164 4279 1305 4351 apud
1330 4280 1497 4334 Deum
1521 4269 1768 4332 fiduciam

150 4385 394 4443 modesti
445 4382 681 4438 fuerint?
722 4377 862 4434 Audi
896 4374 1024 4447 quid
1070 4373 1215 4428 dicat
1253 4367 1590 4440 patriarcha,
1615 4370 1767 4438 post-

148 4493 323 4550 quam
353 4471 802 4531 consuetudinem
824 4483 945 4523 cum
979 4467 1086 4519 Deo
1114 4463 1334 4527 habuit,
1370 4459 1586 4514 etfacta
1612 4467 1696 4550 est
1715 4458 1766 4550 ei

150 4548 454 4642 promissio
494 4582 510 4619 :
557 4563 670 4637 Ego
710 4570 879 4616 autem
908 4599 925 4625 ,
971 4556 1179 4627 inquit,
1229 4563 1364 4607 terra
1401 4567 1514 4606 sum
1554 4556 1604 4604 et
1641 4548 1768 4603 cinis

150 4655 319 4727 (Gen.
357 4651 446 4707 18.
475 4650 591 4720 27).

231 4749 289 4802 3.
334 4746 606 4800 Cancrum
648 4738 772 4810 quia
799 4736 851 4791 in
879 4732 1196 4803 patriarelne
1220 4727 1547 4783 mentionem
1575 4720 1768 4778 incidi-

153 4857 286 4900 mus
308 4881 322 4905 ,
349 4838 394 4893 si
419 4836 594 4906 placet
610 4873 625 4897 ,
650 4846 713 4886 ea
735 4844 857 4898 quae
880 4824 1039 4879 hodie
1066 4825 1201 4876 lecta
1226 4827 1385 4884 sunt,
1407 4827 1770 4906 proponamus

153 4904 382 4991 caritati
421 4904 617 4982 vestra:
639 4962 656 4990 ,
702 4933 809 4989 quo
853 4915 956 4970 illis
982 4911 1262 4983 esplicatis
1288 4909 1563 4962 videamus
1591 4904 1770 4991 excel-

157 4989 372 5082 lentem
400 5017 530 5091 justi
554 5015 825 5069 virtutem.
854 5009 943 5064 ⁸51.
975 5005 1044 5059 Et
1070 5003 1262 5071 accepit
1286 5043 1301 5068 ,
1331 4999 1496 5069 inquit
1520 5038 1544 5091 ,γ
1570 4989 1770 5091 Tharra

158 5119 367 5173 Abram
401 5089 450 5166 et
478 5108 690 5164 Nacltor
720 5103 852 5173 ﬁlios
880 5113 998 5154 suos
1021 5139 1039 5163 ,
1064 5107 1110 5151 et
1137 5092 1232 5150 Lat
1260 5090 1427 5164 ﬁlium
1454 5090 1548 5159 ﬁlii
1574 5089 1652 5143 sui
1682 5103 1700 5142 :
1724 5096 1772 5141 et

162 5209 367 5265 Suram
405 5216 594 5257 nurum
630 5213 776 5252 suam
794 5235 810 5260 ,
851 5205 1061 5245 uxorem
1084 5196 1252 5240 autem
1280 5183 1429 5238 Abi-ce
1457 5182 1551 5248 ﬁlii
1581 5181 1661 5233 sui
1679 5219 1693 5241 ,
1724 5187 1773 5232 et

163 5295 356 5352 eduxit
393 5308 477 5345 eos
507 5305 570 5344 ea:
593 5296 730 5342 terra
755 5283 1135 5342 Chaldaei-um,
1178 5284 1231 5327 ut
1258 5273 1693 5343 proﬁciscerentur
1719 5269 1773 5322 in

165 5400 365 5445 terram
387 5382 813 5438 Chananteorum,
839 5382 884 5427 et
906 5371 1039 5427 venit
1059 5382 1214 5436 usque
1232 5364 1298 5417 ad
1324 5361 1575 5426 Chanan,
1607 5369 1653 5413 et
1683 5359 1774 5411 tta-

166 5481 354 5537 bitaeit
381 5476 507 5529 illic.
536 5472 625 5525 δί.
660 5469 727 5522 Et
754 5471 956 5531 fuerunt
975 5476 1146 5516 omnes
1173 5458 1280 5511 dies
1309 5454 1518 5508 That-ra:
1536 5453 1590 5503 in
1612 5449 1776 5505 Char-

167 5588 292 5630 ron.
335 5566 457 5620 anni
492 5561 693 5615 ducenti
733 5557 951 5622 quinque
969 5592 986 5618 ,
1013 5560 1059 5605 et
1091 5558 1318 5602 mortuus
1345 5552 1417 5598 est
1447 5543 1499 5595 in
1524 5541 1771 5595 Cherron.

173 5663 434 5720 Animum
462 5630 767 5723 diligenter,
793 5647 1040 5705 obsecro.
1071 5643 1136 5696 iis
1164 5654 1284 5710 quae
1309 5638 1445 5692 lecta
1470 5641 1594 5688 sunt
1617 5632 1775 5686 adhi-

170 5757 404 5811 beamus
427 5789 445 5814 ,
491 5757 550 5802 ut
590 5750 825 5798 mentem
871 5750 1054 5792 eorum
1073 5775 1088 5797 ,
1118 5745 1238 5800 quae
1259 5731 1310 5784 in
1334 5726 1544 5795 scriptis
1571 5724 1736 5814 latent
1759 5762 1774 5784 .

177 5812 672 5916 deprehendamus.
706 5824 844 5886 Ecce
874 5827 1016 5883 enim
1049 5831 1178 5877 mox
1202 5822 1254 5874 in
1284 5816 1545 5890 principio
1567 5812 1776 5868 videtur

1769 447 1784 463 .
1825 408 2073 465 GENES.
2116 407 2347 466 lIOMIL.
2389 406 2584 463 XXXI.

3359 408 3466 464 286

1865 537 1988 576 esse
2034 522 2280 592 quaestio.
2314 514 2446 576 Nam
2477 531 2600 576 cum
2630 519 2719 576 ille
2745 520 2934 576 beatus
2963 517 3220 592 propheta
3242 563 3260 587 ,
3298 511 3474 577 δίοδος

1862 613 2076 682 inquam
2103 653 2119 678 ,
2144 612 2338 666 dixerit
2368 629 2382 666 :
2410 612 2616 682 Accepit
2635 603 2845 666 ‘Tltarra
2874 612 3063 666 Abram
3082 623 3129 666 et
3153 612 3387 679 Nachar,
3425 624 3473 668 et

1860 704 2031 758 eduxit
2067 719 2131 757 ex
2157 713 2290 756 terra
2329 703 2709 765 Claaldtcorum,
2740 714 2796 756 ut
2824 703 3264 772 proﬁciscerentur
3289 706 3342 758 in
3369 715 3471 759 ter-

1859 810 1969 847 ram
1990 793 2402 848 Cltananworum
2433 809 2452 846 :
2480 803 2527 846 et
2553 792 2685 847 venit
2712 811 2870 862 usque
2892 795 2962 847 ad
2984 793 3239 862 Chanan,
3260 794 3308 849 et
3330 796 3475 850 habi-

1863 884 1983 936 tavit
2006 883 2115 937 illic
2137 899 2156 936 :
2187 883 2378 938 beatus
2406 883 2711 952 Stephanus
2738 883 2957 940 Judzcos
2990 885 3237 952 laudans,
3265 887 3470 956 inquit:

1863 974 2001 1030 Deus
2037 975 2218 1046 gloria:
2253 977 2388 1030 visus
2422 985 2496 1030 est
2523 976 2655 1043 patri
2681 987 2855 1030 nostra
2882 977 3140 1031 Abraham
3157 1014 3173 1044 ,
3203 995 3320 1032 cum
3347 990 3475 1034 esset

1865 1068 1917 1121 in
1949 1066 2338 1136 HesOpotamia,
2365 1069 2665 1138 priusquam
2687 1069 2935 1122 habitaret
2961 1071 3013 1123 in
3035 1068 3292 1135 Charran,
3319 1081 3366 1125 et
3394 1073 3474 1126 il—
3533 1135 3536 1138 ,

1865 1159 1997 1224 linc,
2041 1168 2307 1228 postquam
2335 1170 2562 1214 mortuus
2589 1171 2663 1214 est
2696 1170 2840 1224 pater
2865 1163 2976 1233 ejus
2995 1202 3010 1225 ,
3040 1163 3295 1232 proﬁcisci
3314 1164 3483 1234 jussit

1865 1247 2005 1320 (Act.
2050 1250 2102 1304 7.
2145 1249 2200 1303 2.
2231 1250 2312 1320 4).
2342 1250 2480 1317 Quid
2521 1252 2713 1320 igitur?
2743 1252 3077 1309 dissidentne
3105 1269 3136 1308 a
3169 1255 3361 1324 seipsis
3387 1257 3474 1309 di-

1865 1343 2002 1397 vina:
2044 1342 2379 1412 Scriptum?
2421 1343 2611 1408 Absit;
2653 1344 2748 1398 sed
2800 1360 2865 1400 ex
2907 1345 3010 1400 hoc
3046 1345 3478 1402 animadvertere

1870 1433 2031 1501 licet,
2061 1436 2205 1503 quod
2234 1449 2355 1489 eum
2385 1434 2524 1487 illius
2551 1434 2833 1505 religiosus
2862 1445 3041 1502 esset,
3070 1436 3216 1492 visus
3241 1438 3293 1492 ei
3326 1438 3468 1492 Deus

1868 1523 2152 1593 imperavit
2191 1533 2247 1578 ut
2290 1524 2414 1579 inde
2451 1525 2724 1594 migraret.
2752 1525 2905 1595 Quod
2936 1535 2995 1580 ut
3017 1528 3233 1596 agnovit
3263 1527 3472 1582 Tharra

1872 1623 2020 1684 pater
2039 1616 2178 1685 ejus,
2209 1616 2333 1671 licet
2361 1616 2592 1692 infidelis
2618 1628 2784 1683 esset,
2807 1627 3041 1673 attamen
3069 1619 3140 1672 ob
3159 1634 3399 1674 amorem
3421 1620 3474 1674 in

1871 1706 2036 1761 lilium
2079 1708 2258 1762 socius
2299 1707 2372 1762 illi
2417 1709 2863 1778 peregrinationis
2907 1723 3028 1764 esse
3069 1709 3258 1763 voluit.
3303 1710 3369 1765 Et
3417 1721 3475 1763 ιιι

1868 1799 2016 1853 venit
2032 1799 2084 1853 in
2107 1799 2367 1864 Cliarran,
2385 1815 2449 1853 ac
2473 1799 2578 1855 illic
2596 1799 2852 1855 habitavit
2873 1800 3220 1871 aliquamdiu,
3242 1802 3349 1856 vita
3373 1803 3475 1856 hac

1869 1889 2101 1944 est-assit
2133 1906 2145 1941 :
2180 1889 2480 1958 patriarcha
2509 1900 2686 1946 autem
2717 1901 2842 1946 tunc
2863 1890 3087 1960 jubente
3117 1892 3226 1946 Deo
3253 1893 3303 1945 in
3330 1891 3474 1947 Cha-

1871 1994 2115 2034 nanmam
2130 1980 2418 2036 concessit.
2446 1981 2682 2051 Denique
2711 1992 2818 2036 non
2849 1993 3004 2038 antea
3032 1996 3158 2037 eum
3190 1983 3328 2037 Deus
3353 1984 3477 2037 inde

1869 2070 2132 2137 evocavit,
2147 2070 2318 2125 donec
2337 2081 2580 2126 mortuus
2597 2083 2680 2128 est
2692 2072 2917 2127 Tharra.
2936 2073 3089 2128 Tunc
3101 2074 3248 2129 enim
3273 2075 3362 2128 illo
3383 2074 3478 2128 dc-

1869 2161 2072 2230 functn,
2087 2163 2261 2233 inquit
2277 2163 2610 2236 :1.(Cap.te)
2632 2164 2696 2218 Et
2711 2167 2841 2220 dixit
2862 2166 3105 2221 Dominus
3118 2166 3296 2221 Abrte:
3314 2165 3476 2237 Egre-

1869 2251 1988 2306 dere
2007 2252 2071 2306 de
2092 2261 2226 2306 terra
2257 2263 2365 2320 tua,
2395 2262 2443 2307 et
2473 2254 2534 2306 de
2559 2259 2857 2324 cognatione
2884 2264 2974 2308 tua
2996 2295 3011 2320 ,
3043 2265 3089 2309 et
3114 2255 3178 2310 de
3203 2256 3355 2309 domo
3381 2273 3477 2324 pa-

1870 2345 1960 2398 tris
1983 2346 2088 2409 tui,
2123 2356 2169 2398 et
2197 2347 2306 2398 veni
2334 2348 2388 2400 in
2419 2355 2605 2399 terram
2630 2364 2781 2413 quam
2813 2359 3157 2402 monstrat-ero
3183 2350 3289 2402 tibi.
3321 2348 3376 2402 2.
3415 2348 3478 2403 Et

1871 2436 2060 2506 faciam
2086 2446 2133 2489 te
2160 2437 2212 2489 in
2233 2447 2430 2507 gentem
2455 2453 2693 2507 magnam
2717 2451 2737 2491 :
2756 2448 2802 2490 et
2825 2438 3115 2492 benedicam
3141 2438 3265 2506 tibi,
3288 2449 3337 2493 et
3363 2456 3478 2493 nta-

1871 2527 2124 2597 gniﬁcabo
2162 2543 2343 2582 nomen
2374 2537 2546 2595 tuum,
2587 2537 2633 2583 et
2664 2529 2763 2583 eris
2791 2528 3130 2594 benedictus;
3160 2530 3215 2586 5.
3249 2540 3296 2584 et
3324 2531 3468 2585 benc-

1871 2619 2037 2671 dicam
2064 2619 2467 2674 benedicentibu’s
2491 2629 2564 2686 te,
2599 2629 2644 2675 et
2674 2620 3029 2675 maledicentes
3056 2631 3101 2674 te
3129 2621 3433 2675 maledicam
3458 2639 3477 2687 ,-

1870 2717 1917 2762 et
1939 2709 2293 2763 benedicentur
2322 2711 2374 2763 in
2402 2719 2450 2763 te
2475 2725 2647 2764 omnes
2671 2711 2833 2764 tribus
2861 2720 3027 2765 teme.
3069 2709 3290 2781 Singula
3331 2711 3474 2767 dicta

1870 2797 2156 2869 diligenter
2197 2807 2628 2870 perscrutemur,
2672 2810 2730 2855 ut
2776 2802 3081 2872 religiosam
3120 2812 3176 2857 et
3211 2803 3354 2873 piam
3386 2819 3480 2873 pa-

1872 2889 2118 2943 triarcbzn
2148 2899 2385 2945 mentem
2410 2891 2706 2946 videamus.

1944 2978 2204 3044 Quantum
2238 2981 2301 3034 sit
2331 2982 2549 3050 patriam
2577 2998 2724 3034 suam
2748 2982 3123 3053 relinquere.-—
3140 2983 3222 3038 Ne
3252 2995 3479 3055 praster-

1870 3085 2058 3124 eamus
2101 3070 2278 3125 obiter
2318 3071 2495 3137 dicta,
2545 3072 2639 3126 sed
2683 3073 3174 3131 animadvertamus
3221 3085 3480 3142 quantum

1872 3159 2079 3229 imperii
2124 3159 2355 3231 pondus.
2385 3159 2676 3228 Egredere,
2707 3162 2914 3233 inquit,
2941 3164 3006 3218 de
3030 3173 3163 3217 terra
3193 3174 3320 3233 tua,
3349 3177 3396 3219 et
3417 3169 3482 3220 de

1871 3251 2170 3320 Cognatione
2193 3259 2280 3305 tua
2299 3293 2313 3316 ,
2339 3261 2387 3305 et
2416 3253 2479 3305 de
2501 3254 2650 3306 domo
2677 3255 2839 3323 patris
2863 3255 2966 3321 tui,
2997 3266 3044 3308 et
3070 3256 3182 3310 ueni
3215 3257 3270 3310 in
3294 3267 3482 3312 terram

1869 3361 2020 3415 quam
2053 3357 2397 3401 monstravero
2425 3346 2532 3400 tibi.
2565 3347 2727 3414 Quasi
2753 3347 2960 3403 diceret
2990 3364 3004 3402 :
3035 3348 3300 3420 Relinque
3329 3361 3474 3408 certa

1870 3448 1926 3493 et
1952 3440 2202 3494 omnibus
2239 3449 2422 3509 aperta
2442 3481 2458 3505 ,
2490 3447 2545 3495 et
2572 3439 2712 3510 elige
2736 3441 2906 3510 magis
2940 3443 3140 3497 incerta
3167 3453 3224 3498 et
3252 3458 3357 3498 non
3385 3461 3478 3515 ap-

1872 3529 2134 3600 parentia.
2192 3527 2486 3584 Considera
2539 3531 2811 3600 quomodo
2863 3531 2932 3586 ab
2983 3533 3134 3588 initio
3186 3544 3477 3590 exercetur

1864 3620 2063 3688 justus,
2089 3629 2147 3674 ut
2174 3620 2445 3690 praeeligat
2469 3636 2575 3675 non
2601 3623 2910 3690 apparentia
2937 3638 3046 3692 pra:
3066 3627 3469 3693 apparentibus.

1870 3722 1926 3767 et
1953 3711 2125 3767 futura
2173 3725 2282 3782 prie
2331 3712 2396 3766 iis
2423 3726 2542 3784 quia
2566 3712 2617 3765 in
2651 3714 2897 3768 manibus
2941 3725 3086 3768 sunt.
3117 3715 3303 3785 Neque
3334 3719 3477 3774 enim

1873 3804 2093 3873 vulgare
2119 3814 2172 3858 et
2200 3812 2418 3873 parvum
2460 3802 2659 3874 aliquid
2685 3812 2802 3858 erat
2831 3804 2903 3868 id,
2932 3806 3075 3876 quod
3105 3807 3155 3862 ei
3188 3817 3244 3863 ut
3275 3809 3477 3866 laceret

1870 3894 2208 3967 przecipiebat
2237 3895 2376 3950 Deus
2396 3911 2408 3945 :
2429 3910 2621 3964 nempe
2638 3902 2696 3948 ut
2716 3902 2912 3949 terram
2937 3895 3285 3967 relinqueret,
3309 3913 3474 3970 quam

1872 3986 2194 4042 inhabitarat
2232 3994 2380 4039 tanto
2419 3995 2680 4055 tempore,
2712 3995 2767 4042 et
2809 4002 3024 4042 omnem
3069 3993 3474 4061 cognationem.

1870 4087 1925 4134 et
1951 4085 2116 4132 totam
2160 4076 2324 4148 patris
2349 4076 2588 4142 domum,
2633 4078 2837 4148 iretque
2863 4081 3110 4135 nesciens
3138 4090 3194 4136 et
3221 4082 3476 4155 ignorans

1872 4176 2152 4240 quarsum.
2178 4168 2294 4223 Non
2321 4170 2462 4224 enim
2490 4169 2626 4224 dixit
2644 4171 2716 4235 ei,
2740 4169 2972 4242 inquam
2993 4173 3266 4242 regionem
3298 4179 3478 4231 trans-

1871 4259 2017 4316 ferre
2056 4273 2178 4315 eum
2223 4261 2403 4326 vellet,
2433 4260 2528 4316 sed
2557 4261 2807 4315 mandato
2832 4262 3112 4318 indeﬁnito
3135 4265 3280 4335 piunt
3311 4268 3478 4336 patri-

1871 4353 2088 4408 archam
2129 4354 2389 4408 exercuit.
2430 4351 2555 4407 Veni
2596 4351 2763 4417 enim,
2801 4352 2993 4423 inquit,
3024 4353 3080 4408 in
3108 4365 3293 4408 terram
3323 4372 3478 4426 quant

1872 4450 2214 4500 monstravere
2245 4444 2352 4497 tibi.
2384 4443 2592 4514 Cagita,
2623 4457 2829 4514 quaso,
2862 4445 3078 4512 dilecte,
3106 4461 3268 4515 quam
3307 4447 3478 4502 subli-

1870 4551 2013 4590 mem
2055 4534 2292 4588 animum
2324 4533 2631 4603 requirebat
2659 4535 2762 4590 hoc
2795 4534 3144 4589 mandatum:
3189 4537 3279 4606 qui
3321 4536 3480 4607 plana

1873 4625 2014 4679 nulla
2039 4625 2125 4680 vel
2149 4622 2454 4689 affectione,
2483 4623 2569 4679 vel
2595 4624 2982 4680 consuetudine
3009 4625 3258 4695 impediri
3288 4637 3474 4696 potue-

1873 4717 1962 4771 rit.
2003 4714 2059 4770 Si
2086 4714 2229 4770 enim
2260 4728 2423 4781 nunc,
2457 4722 2577 4783 post
2612 4723 2756 4768 tanta
2804 4714 3079 4784 religionis
3125 4715 3475 4779 incrementa,

1874 4808 2027 4862 multi
2055 4807 2192 4862 adeo
2218 4813 2340 4863 sunt
2383 4806 2753 4860 consuetudini
2801 4821 2915 4860 sua:
2954 4806 3175 4876 alligati,
3206 4817 3264 4861 ut
3305 4809 3482 4876 potius

1874 4899 2061 4961 multa,
2089 4898 2190 4953 etsi
2232 4896 2522 4952 necessitas
2569 4907 2775 4966 urgeat,
2799 4897 3088 4968 omniaque
3117 4898 3260 4955 ferre
3287 4899 3480 4967 velint,

1875 5005 2033 5058 quam
2061 4989 2175 5042 loca
2205 4997 2410 5042 mutare
2451 4987 2503 5040 in
2548 4987 2742 5056 quibus
2772 4988 2920 5057 prius
2946 4988 3214 5044 habebant
3253 4992 3471 5046 domicio

1877 5079 2004 5134 lium
2028 5095 2043 5132 :
2065 5077 2118 5132 id
2141 5078 2282 5148 quod
2313 5083 2414 5132 nan
2439 5078 2612 5131 solum
2638 5095 2668 5132 a
2699 5079 3007 5148 vulgaribus
3030 5079 3338 5137 hominibus
3361 5083 3481 5138 ﬁeri

1875 5171 2141 5233 videmus,
2164 5169 2256 5224 sed
2279 5169 2442 5224 etiam
2469 5171 2536 5224 ab
2557 5170 2620 5223 iis
2646 5169 2736 5239 qui
2753 5185 2785 5223 e
2807 5171 2987 5225 medio
3014 5174 3246 5227 tumultu
3272 5175 3482 5244 fugere,

1877 5273 1934 5317 et
1959 5261 2306 5316 monasticam
2338 5261 2499 5314 vitam
2522 5261 2834 5331 delegerunt
2861 5280 2873 5314 :
2898 5275 3100 5333 quanto
3125 5267 3294 5336 magis
3333 5268 3480 5324 veri—

1877 5354 2052 5409 simile
2079 5363 2195 5407 erat
2214 5353 2414 5420 justum
2445 5351 2591 5406 illum
2619 5351 2688 5406 ad
2728 5352 2831 5407 hoc
2851 5353 3162 5409 mandatum
3188 5356 3481 5412 tardiorem

1881 5445 2036 5501 fore?
2063 5444 2353 5514 Egredere,
2389 5444 2578 5512 inquit,
2611 5453 2664 5499 et
2702 5445 2946 5516 relinque
2980 5455 3257 5516 cognatos,
3297 5457 3352 5503 et
3379 5447 3481 5505 do-

1881 5544 2026 5591 mum
2058 5540 2354 5604 paternam,
2387 5543 2441 5588 et
2466 5535 2584 5588 veni
2613 5535 2663 5589 in
2695 5544 2890 5590 terram
2921 5552 3082 5607 quam
3110 5549 3485 5594 monstravero

1882 5627 1996 5681 tibi.
2035 5621 2206 5693 Quem
2236 5633 2342 5677 non
2379 5624 2659 5679 turbarent
2684 5626 2848 5681 verba
2894 5627 3036 5681 ista?
3061 5626 3245 5697 Neque
3284 5629 3483 5694 locum,

1884 5733 2055 5788 itaque
2095 5717 2365 5786 regiunem
2396 5725 2598 5770 certam
2644 5717 2693 5770 ei
2740 5716 3006 5787 designat,
3051 5718 3146 5773 sed
3201 5717 3483 5773 indeﬁnito

1888 5814 2157 5880 praecepto
2186 5815 2420 5861 mentem
2457 5807 2699 5878 explorat
2738 5808 2887 5878 justi.
2934 5809 3068 5865 Nam
3104 5810 3148 5865 si
3175 5811 3295 5884 quis
3321 5809 3484 5877 alius,
