4054 6312
687 421 789 472 ρκ’]

683 542 738 586 et
763 545 795 586 e
834 529 989 598 vulgo
1029 527 1214 582 fuisset
1258 525 1302 581 is
1327 524 1415 595 qui
1442 522 1743 577 mandatum
1769 521 1995 591 accepit,
2030 520 2250 575 dixisset

685 622 903 690 utique:
950 619 1115 685 Esto;
1143 617 1402 688 μαίνει,
1443 623 1504 670 ut
1529 614 1820 682 relinquam
1866 621 2062 668 terram
2089 626 2247 682 quam

683 712 942 777 inhabito,
969 709 1352 781 originationem,
1381 706 1596 761 domum
1618 713 1892 774 paternam
1918 723 1931 758 :
1955 718 2118 774 quare
2143 717 2247 757 nou

681 804 842 858 etiam
868 803 1039 857 locum
1058 799 1315 864 declaras,
1337 799 1390 852 in
1413 812 1570 866 quem
1589 810 1675 851 me
1703 795 1964 864 proficisci
1987 795 2159 864 jubes,
2190 803 2249 847 ut

681 894 961 948 certiorem
1021 906 1108 947 me
1161 888 1354 944 reddas
1392 897 1648 958 quantum
1691 889 1760 942 sit
1800 888 1898 940 iter
1945 886 2248 956 agendum?

681 984 834 1043 Unde
856 985 998 1038 enim
1027 995 1181 1037 nosse
1206 981 1407 1036 valeam
1432 980 1550 1046 hac,
1571 994 1730 1050 quam
1757 980 2020 1050 relinquo,
2041 977 2246 1032 uberio-

680 1089 791 1128 rem
814 1082 869 1128 et
897 1073 1315 1142 pra-stantiorem
1343 1073 1486 1126 illm
1512 1069 1670 1125 esse?
1701 1070 1770 1125 At
1789 1070 1962 1138 justus
1994 1067 2122 1122 nihil
2152 1069 2246 1121 ho-

678 1177 797 1216 rum
819 1163 901 1218 vel
929 1162 1081 1223 dixit,
1105 1160 1187 1216 vel
1217 1160 1461 1229 cogitavit
1487 1178 1500 1213 :
1531 1160 1625 1214 sed
1653 1159 1939 1229 respiciens
1958 1157 2025 1212 ad
2044 1157 2246 1226 magni—

679 1252 913 1307 tudinem
941 1265 1126 1306 eorum
1150 1265 1267 1319 quae
1295 1251 1549 1318 imperata
1578 1258 1749 1314 erant,
1785 1249 1849 1302 iis
1890 1263 2007 1317 qua:
2045 1248 2097 1301 in
2127 1262 2243 1300 ma-

678 1343 833 1396 nibus
861 1341 1086 1395 habebat
1129 1341 1325 1396 incerta
1356 1338 1687 1410 prazferebat.
1717 1339 1873 1407 Atqui
1915 1338 1961 1393 si
2000 1353 2105 1392 non
2136 1346 2241 1392 tam

675 1444 990 1498 generosum
1015 1429 1280 1498 spiritum,
1312 1445 1410 1484 nec
1437 1439 1540 1483 tam
1567 1427 1983 1497 philosophicam
2011 1437 2240 1482 mentem

677 1520 983 1584 habuisset,
1023 1534 1122 1574 nec
1163 1519 1426 1573 didicisset
1463 1532 1558 1587 per
1592 1517 1766 1569 omnia
1805 1516 1914 1569 Deo
1951 1515 2241 1585 parendum

674 1624 827 1673 csse;
867 1609 1054 1664 fuisset
1081 1617 1254 1662 tamen
1283 1609 1331 1662 ei
1360 1615 1415 1661 et
1438 1606 1578 1661 aliud
1605 1608 1766 1661 etiam
1793 1606 1964 1674 ipsum
1988 1621 2092 1659 non
2116 1620 2241 1674 par-

676 1714 797 1754 vum
823 1699 1287 1768 impedimentum;
1316 1712 1506 1765 nempe
1529 1711 1673 1751 mors
1701 1697 1884 1766 patris.
1910 1696 2068 1749 Scitis
2094 1696 2238 1751 enim

674 1789 866 1843 multos
893 1803 1258 1858 sapenumero
1297 1797 1512 1858 propter
1548 1787 1789 1857 sepulcra
1813 1796 2155 1855 cognatorum
2186 1788 2238 1843 in

672 1879 776 1933 illis
811 1879 940 1932 locis
965 1879 1101 1933 mori
1128 1878 1384 1948 deligere,
1427 1877 1514 1932 ubi
1554 1887 1804 1948 parentes
1829 1893 2014 1932 eorum
2043 1878 2239 1932 mortui

670 1980 724 2023 ct
749 1969 936 2039 sepulti
961 1976 1104 2023 sunt.

739 2060 793 2116 4.
829 2057 1121 2114 Verisimile
1142 2057 1297 2128 igitur
1314 2065 1428 2112 erat
1450 2064 1504 2112 et
1526 2061 1725 2124 justum
1747 2055 1887 2110 hunc
1906 2097 1924 2122 ,
1947 2055 2046 2109 nisi
2072 2055 2238 2110 Deum

667 2148 952 2218 plurimum
972 2155 1232 2211 amasset,
1267 2146 1385 2200 talia
1416 2145 1649 2215 potuisse
1675 2145 1906 2214 cogitare
1931 2161 1945 2197 :
1973 2144 2112 2199 Ecce
2139 2159 2238 2214 pa-

669 2249 751 2293 ter
774 2246 989 2309 propter
1027 2251 1178 2291 suum
1206 2237 1260 2291 in
1290 2251 1376 2290 me
1418 2249 1654 2291 amorem
1681 2250 1713 2291 e
1736 2235 1897 2291 domo
1923 2249 2018 2290 sua
2057 2236 2236 2306 profe-

665 2337 815 2394 ctus,
837 2327 1088 2398 pristinas
1116 2326 1526 2382 consuetudines
1550 2325 1809 2396 despexit,
1840 2335 1896 2382 et
1918 2327 2237 2397 contemptis

665 2415 912 2471 erunibus
937 2415 1042 2471 huc
1070 2430 1235 2486 usque
1257 2416 1438 2482 venit;
1467 2418 1617 2487 quasi
1642 2417 1840 2472 diceret
1865 2434 1878 2471 :
1909 2417 2128 2488 Propter
2151 2434 2237 2474 me

664 2508 720 2562 in
746 2508 914 2563 aliena
942 2515 1081 2563 terra
1106 2509 1210 2562 vita
1231 2507 1509 2563 defunctus
1529 2517 1612 2562 est
1638 2525 1653 2566 :
1682 2523 1782 2578 ego
1804 2519 1982 2563 autem
2008 2524 2112 2563 non
2135 2509 2230 2565 da-

663 2605 818 2652 turus
840 2609 957 2650 sum
997 2611 1236 2668 operam,
1280 2605 1338 2651 ut
1367 2605 1482 2666 post
1511 2607 1733 2653 mortem
1771 2613 1866 2667 par
1890 2599 1938 2653 ei
1979 2599 2193 2654 reddam
2215 2642 2230 2666 ,

664 2688 762 2743 sed
808 2689 996 2744 relicto
1043 2703 1163 2744 cum
1212 2689 1525 2759 cognatione
1572 2691 1737 2759 patris
1782 2692 2062 2759 sepulcro,
2113 2693 2236 2748 hinc

663 2780 891 2835 abeam?
918 2781 1074 2850 Atqui
1103 2780 1231 2835 nihil
1259 2780 1446 2835 horum
1485 2781 1808 2836 alacritatem
1835 2782 1951 2852 ejus
1981 2787 2234 2840 remorari

663 2870 830 2939 potuit
862 2887 876 2924 :
921 2870 1012 2925 sed
1043 2870 1220 2925 omnia
1259 2870 1393 2926 levia
1436 2879 1490 2925 et
1531 2869 1702 2926 facilia
1744 2873 1794 2926 ei
1823 2876 2235 2942 repracsentabat

661 2977 788 3016 suus
816 2962 870 3016 in
900 2961 1064 3016 Deum
1089 2977 1261 3016 amor.
1283 2960 1551 3017 Fortassis
1575 2971 1629 3016 et
1655 2961 1781 3016 illud
1812 2972 1988 3018 mente
2015 2973 2235 3018 “'30le

661 3058 778 3117 set,
807 3050 1066 3120 siquidem
1105 3050 1350 3105 humanis
1378 3049 1671 3106 rationibus
1697 3066 1784 3106 res
1821 3066 1943 3107 suas
1971 3053 2234 3108 moderari

663 3140 914 3193 voluisset
938 3157 953 3194 :
983 3138 1042 3193 in
1073 3138 1171 3194 hac
1194 3145 1498 3208 aetate,lqua
1535 3153 1675 3193 nunc
1702 3139 1771 3193 ad
1801 3149 2116 3208 postremam
2147 3158 2233 3198 se-

663 3237 872 3284 nectam
913 3229 1093 3294 tendo,
1116 3244 1366 3300 quorsum
1409 3230 1651 3286 abiturus
1687 3231 1845 3285 sum?
1873 3247 1977 3286 non
2019 3233 2232 3287 fratrem

661 3333 870 3374 mecura
911 3319 1132 3384 ducens,
1161 3333 1332 3388 neque
1360 3328 1612 3389 cognatos
1639 3334 1844 3374 mecum
1877 3320 2076 3378 habens
2094 3361 2110 3387 ,
2141 3325 2233 3377 sed

657 3408 728 3464 ab
750 3407 994 3463 omnibus
1017 3407 1420 3478 consanguineis
1448 3416 1828 3478 sequestratus.
1851 3411 2122 3478 quomodo
2145 3427 2235 3465 so—

661 3501 866 3556 litarius
895 3508 949 3556 et
972 3500 1279 3570 peregrinus
1305 3500 1356 3554 in
1388 3509 1584 3555 terram
1610 3501 1835 3555 alienam
1864 3516 2102 3572 pergam,
2134 3517 2228 3557 ne-

662 3591 805 3646 scius
847 3589 934 3646 ubi
964 3589 1175 3644 errandi
1215 3589 1337 3644 finis
1363 3589 1567 3644 futurus
1590 3590 1701 3645 sit?
1724 3590 1874 3656 Quod
1903 3592 1949 3646 si
1979 3592 2157 3647 medio
2179 3594 2235 3646 in

661 3680 852 3734 itinere
876 3679 1146 3748 contingat
1166 3694 1250 3733 me
1276 3679 1381 3733 vita
1406 3678 1642 3750 defungi,
1670 3695 1786 3748 qua:
1817 3689 1976 3735 tanta:
2005 3683 2231 3737 miseria:

662 3771 818 3824 fuerit
847 3770 1084 3824 utilitas?
1109 3771 1226 3839 quis
1251 3785 1336 3823 me
1357 3777 1620 3824 mortuum
1645 3771 1848 3824 curabit
1872 3786 2077 3838 senem,
2108 3787 2230 3842 per-

659 3862 1206 3928 egrinum,carenlem
1251 3859 1499 3920 civitate.
1558 3870 1827 3913 carentem
1864 3861 2062 3916 domo?
2103 3861 2235 3916 For-

664 3950 818 4002 tassis
869 3964 1002 4002 uxor
1049 3948 1251 4002 vicinos
1294 3947 1567 4013 exorabit,
1618 3957 1674 4002 ut
1721 3951 2231 4007 commiserationem

659 4039 942 4107 quamdam
966 4040 1127 4093 inme
1153 4039 1455 4105 exhibeant,
1484 4048 1537 4093 et
1553 4039 1692 4108 justa
1723 4055 1789 4094 ex
1820 4041 2067 4097 collatitia
2099 4045 2234 4114 stipe

661 4129 835 4183 faciet.
853 4128 1061 4195 Quanto
1087 4130 1249 4183 satius
1280 4128 1455 4194 fuerit,
1477 4139 1532 4183 ut
1560 4132 1672 4199 ipse
1703 4132 1845 4186 brevi
1875 4134 2013 4203 quod
2043 4150 2229 4204 super-

663 4227 740 4270 rst
767 4227 1004 4286 tempore
1042 4217 1128 4271 hic
1158 4219 1396 4272 residens
1445 4219 1605 4273 vitam
1649 4221 1950 4288 lerntiuem,
1989 4238 2148 4293 quam
2186 4227 2231 4279 si

661 4323 821 4362 senex
855 4309 978 4362 hinc
1019 4316 1073 4362 et
1099 4307 1220 4362 inde
1261 4324 1436 4378 vager.
1468 4318 1522 4363 et
1547 4311 1782 4364 omnium
1814 4314 2116 4369 scommatis
2147 4314 2230 4368 in-

663 4409 861 4460 cessar,
890 4396 979 4465 qui
997 4411 1167 4465 neque
1193 4398 1241 4449 in
1267 4408 1422 4452 mute
1443 4397 1531 4452 illa
1556 4400 1763 4468 quietus
1786 4401 1978 4461 vivam,
2001 4402 2094 4457 sed
2115 4403 2230 4458 loca

665 4486 794 4540 locis
819 4496 1047 4547 mutans,
1077 4487 1260 4540 nullibi
1288 4487 1608 4541 subsistam?
1637 4487 1898 4544 Cancrum
1933 4491 2106 4561 justus
2133 4494 2232 4548 iste

664 4576 794 4629 nihil
826 4575 1015 4628 horum
1055 4575 1333 4643 cogitavit.
1363 4575 1456 4630 sed
1495 4578 1816 4647 prmclpienti
1843 4580 2058 4636 obedire
2091 4583 2233 4635 festi-

662 4665 826 4719 navit.
863 4663 969 4718 Sed
999 4665 1130 4718 forte
1168 4665 1359 4718 dixerit
1386 4666 1682 4736 quispiam:
1722 4667 1801 4720 Ad
1841 4669 2230 4725 incitamentum

664 4755 791 4808 eatis
821 4753 917 4807 fuit
940 4755 1012 4819 ei,
1053 4752 1172 4806 Veni
1202 4755 1252 4806 in
1279 4763 1463 4808 terram
1491 4772 1643 4824 quam
1670 4756 1755 4808 tibi
1785 4766 2160 4822 monstrarem;
2187 4771 2234 4815 ct

663 4842 851 4908 faciam
891 4852 936 4896 te
959 4843 1008 4896 in
1037 4853 1231 4912 gentem
1258 4861 1522 4914 magnam,
1556 4856 1600 4898 et
1631 4846 1914 4900 benedicam
1939 4857 2004 4901 te.
2041 4849 2231 4906 Verum

661 4929 800 4984 istud
831 4929 1020 4999 ipsum,
1045 4932 1140 4986 nisi
1164 4933 1280 5000 pius
1301 4932 1501 5000 fuisset,
1528 4936 1655 4988 satis
1675 4948 1790 4991 erat
1815 4937 1880 4992 ad
1906 4939 2230 4998 reddendum

663 5034 787 5073 eum
817 5021 1138 5089 segniorem,
1170 5033 1222 5076 et
1255 5022 1320 5076 ad
1343 5023 1694 5080 obedientiam
1719 5027 1882 5096 magis
1907 5030 2234 5085 cunctabun-

662 5111 809 5164 dum.
842 5110 974 5165 Nam
1004 5112 1048 5166 si
1076 5127 1214 5166 unus
1243 5113 1441 5184 aliquis
1461 5130 1492 5169 e
1518 5116 1675 5184 vulgo
1701 5117 1908 5184 fuisset,
1934 5120 2109 5175 dicere
2135 5138 2233 5191 po-

663 5202 884 5257 tuisset:
911 5202 1084 5270 Quare
1112 5220 1197 5258 me
1227 5220 1445 5274 peregre
1471 5205 1731 5274 proficisci
1747 5209 1922 5275 jubes,
1952 5220 2007 5264 et
2031 5212 2080 5265 in
2103 5213 2232 5266 alie-

664 5304 786 5344 nam
815 5299 1005 5345 terram
1030 5292 1282 5356 abducis?
1309 5309 1470 5361 quare
1492 5298 1534 5347 si
1561 5310 1645 5348 me
1666 5311 1909 5366 magnum
1933 5299 2108 5356 facere
2129 5302 2226 5369 vis,

664 5395 771 5435 non
799 5381 884 5436 hic
911 5398 1152 5453 magnum
1193 5383 1362 5437 facis?
1395 5400 1559 5452 quare
1586 5387 1636 5439 in
1667 5388 1824 5442 domo
1863 5398 2076 5457 paterna
2110 5408 2229 5447 ver-

665 5479 894 5535 santem,
931 5481 1017 5525 tua
1045 5471 1409 5526 benedictione
1433 5488 1539 5526 non
1567 5475 1797 5543 dignaris
1815 5479 1838 5526 ?
1862 5479 2011 5543 Quod
2036 5481 2080 5535 si
2105 5497 2231 5535 con-

665 5560 832 5630 tingat
878 5562 1174 5631 priusquam
1221 5563 1522 5629 perveniam
1564 5563 1614 5615 in
1645 5565 1812 5617 locum
1851 5581 2007 5635 quem
2042 5569 2227 5636 iubes,

667 5651 1008 5719 defatigatum
1037 5666 1120 5706 me
1149 5654 1352 5707 itineris
1381 5654 1650 5708 laboribus
1679 5657 1868 5723 perire,
1897 5667 1950 5711 et
1979 5659 2135 5714 vitam
2167 5661 2229 5713 ii-

670 5741 804 5807 nire,
831 5754 948 5810 qua:
977 5739 1102 5794 mihi
1132 5757 1194 5794 ex
1225 5742 1496 5811 promissis
1523 5742 1762 5798 utilitas?
1789 5745 1861 5799 At
1885 5743 2015 5802 nihil
2038 5747 2228 5806 horum

1390 411 1446 465 S.
1484 405 1758 463 JOANNIS
1795 403 2262 460 CliliYSOSTOMI
2303 402 2614 456 AiiCHlEP.
2655 401 3185 458 CONSTANTINOP.
3827 405 3922 462 983

2353 514 2437 569 vel
2465 515 2517 568 in
2548 525 2727 570 mente
2763 515 3155 585 suscipiendum
3180 518 3407 580 censuit,
3437 517 3556 582 sed,
3595 519 3735 572 sicut
3764 521 3924 576 tidelis

2353 618 2560 671 servus,
2605 604 2672 660 ad
2717 605 2890 660 solum
2931 605 3213 676 imperium
3254 608 3506 676 obedivit,
3549 609 3680 664 nihil
3722 611 3926 667 criose

2351 711 2620 765 quaerens,
2650 696 2966 766 rmilumque‘
2980 697 3123 752 aliud
3163 699 3427 768 negotium
3460 707 3802 768 pnetexens;
3837 703 3924 756 sed

2351 785 2754 856 obtemperavit,
2799 795 3007 842 certum
3036 787 3258 852 habens,
3307 791 3612 860 neutiquam
3658 792 3924 847 mendacia

2350 891 2472 933 esse
2506 878 2597 933 Dei
2625 879 2919 948 promissa:
2953 877 3018 933 Et
3054 881 3244 950 faciant
3270 891 3319 933 te
3349 881 3404 934 in
3440 892 3634 952 gentem
3671 899 3923 953 magnam,

2349 967 2539 1038 inquit,
2564 977 2610 1023 ct
2635 970 2921 1024 benedicam
2947 983 3012 1036 te,
3048 982 3096 1025 et
3125 971 3458 1041 magniﬁcabo
3482 988 3665 1026 nomen
3696 983 3857 1034 tuum.
3883 985 3925 1026 ct

2347 1059 2445 1112 cria
2472 1058 2775 1113 benedictus.
2802 1060 3044 1130 Magnum
3073 1062 3438 1130 promissionis
3462 1063 3693 1131 pondus.
3721 1062 3924 1116 Faciam

2348 1156 2414 1211 te,
2465 1148 2652 1218 inquit,
2701 1150 2755 1204 in
2798 1162 2993 1219 gentem
3036 1168 3292 1223 magnam,
3337 1162 3383 1206 et
3426 1152 3715 1208 benedicens
3762 1164 3837 1215 te,
3879 1167 3921 1207 ct

2347 1237 2684 1307 magniﬁca»
2710 1255 2892 1293 nomen
2919 1251 3080 1293 tuum.
3112 1240 3227 1294 Non
3271 1241 3441 1295 solum
3464 1244 3606 1311 genti
3638 1257 3847 1311 magnze
3875 1254 3921 1297 te

2346 1327 2651 1396 proficiam.
2667 1336 2724 1383 et
2748 1343 2939 1383 nomen
2962 1339 3109 1382 tuum
3125 1330 3376 1384 extollam
3400 1347 3415 1382 :
3437 1331 3529 1384 sed
3549 1341 3600 1386 et
3624 1329 3920 1384 Benedictus

2345 1424 2412 1480 te,
2439 1425 2485 1469 et
2513 1418 2610 1472 cria
2635 1417 2939 1471 benedictus.
2971 1417 3048 1472 Ne
3080 1428 3252 1486 putes,
3291 1419 3503 1485 dilecte,
3540 1437 3742 1475 meram
3774 1438 3920 1490 repe-

2346 1506 2583 1562 titionem
2606 1521 2745 1574 case,
2773 1516 2829 1579 et
2858 1507 2997 1561 idem
3017 1508 3098 1562 bis
3126 1507 3373 1576 proferri,
3396 1524 3517 1563 cum
3546 1509 3745 1565 dicitur
3763 1511 3918 1565 Beneh

2344 1599 2512 1652 dicata
2554 1609 2635 1664 te,
2663 1608 2714 1654 et
2754 1600 2855 1654 eris
2904 1601 3203 1654 benedictus.
3239 1600 3400 1654 Tanta
3431 1602 3570 1656 enim
3601 1611 3677 1667 te,
3721 1603 3914 1673 inquit,

2343 1689 2708 1781 brtiedictione
2742 1690 3027 1781 dignabor,
3077 1691 3246 1781 utrilla
3275 1691 3328 1746 in
3370 1707 3528 1747 omne
3551 1695 3813 1748 saeculum
3854 1695 3918 1747 sit

2343 1778 2615 1834 duratura.
2658 1777 2778 1833 Erit
2814 1781 2960 1835 enim
2987 1777 3294 1845 benedictus,
3320 1782 3391 1835 ita
3418 1790 3476 1836 ut
3511 1797 3703 1838 omnes
3731 1786 3916 1838 summi

2345 1865 2563 1921 honoris
2603 1868 2721 1922 loco
2759 1867 2989 1923 habituri
3034 1870 3161 1934 sint,
3190 1871 3236 1925 si
3279 1871 3359 1925 eis
3386 1879 3560 1925 tecum
3590 1871 3917 1926 familiaritas

2341 1960 2630 2029 contingat.
2651 1958 2807 2014 Vides
2831 1960 3099 2029 quomodo
3121 1970 3276 2016 antea
3301 1969 3356 2016 et
3381 1960 3449 2015 ab
3473 1962 3622 2016 initio
3652 1962 3704 2016 ei
3736 1963 3916 2031 pradi-

2341 2048 2414 2101 cit
2455 2050 2747 2104 claritatem
2775 2063 2932 2119 quam
2972 2049 3046 2105 illi
3072 2051 3294 2106 daturus
3320 2059 3453 2105 erat.
3488 2049 3710 2105 Faciant
3738 2062 3807 2114 te,
3840 2053 3916 2107 in-

2341 2138 2477 2205 quit,
2505 2139 2558 2191 in
2585 2148 2779 2209 gentem
2808 2155 3065 2210 magnam,
3094 2150 3142 2193 et
3171 2139 3502 2211 magniﬁcabo
3530 2158 3713 2195 nomen
3745 2154 3884 2196 tuum
3901 2185 3914 2207 ,

2341 2237 2388 2281 st
2415 2227 2702 2282 bcncdicam
2728 2237 2796 2292 te,
2823 2239 2872 2283 et
2897 2232 2996 2284 eris
3018 2230 3320 2283 benedictus.
3352 2229 3553 2286 idcirco
3574 2242 3629 2286 et
3655 2227 3830 2287 Judaei
3857 2233 3918 2284 de

2341 2317 2638 2386 patriarcha
2660 2316 3028 2388 superbientes
3068 2317 3396 2374 volebantse
3432 2319 3486 2374 in
3524 2319 3645 2392 ejus
3671 2319 3920 2376 familiam

2340 2408 2634 2475 intrudere,
2659 2420 2713 2465 et
2738 2409 2984 2468 dicebant
3014 2428 3028 2464 :
3059 2409 3186 2466 Filii
3215 2410 3470 2464 Abraham
3493 2427 3688 2466 sumus.
3720 2410 3830 2467 Sed
3869 2418 3922 2466 ut

2339 2499 2545 2553 discant
2571 2515 2631 2555 se
2659 2510 2877 2571 propter
2905 2502 3073 2556 malos
3096 2515 3274 2557 mores
3301 2502 3546 2572 indignos
3571 2515 3697 2557 esse
3722 2501 3815 2556 ilia
3843 2501 3917 2556 fa-

2341 2591 2483 2644 milia
2511 2600 2567 2645 et
2591 2605 2804 2661 genere,
2823 2589 2951 2646 dicit
2969 2592 3048 2646 eis
3072 2590 3352 2648 Christus:
3385 2591 3446 2648 Si
3464 2593 3560 2661 ﬁlii
3588 2592 3816 2646 Δι’-ιη
3839 2608 3915 2648 ct-

2339 2681 2478 2746 setis,
2519 2697 2674 2751 opera
2717 2680 2934 2736 Abrahte
2973 2682 3205 2750 faceretis
3246 2683 3416 2752 utique
3461 2682 3652 2754 (Joan.
3686 2682 3744 2738 8.
3791 2681 3918 2751 59).

2338 2769 2570 2826 Joannes
2609 2783 2839 2841 quoque,
2884 2770 3156 2827 Zacharia
3185 2771 3342 2837 filius,
3371 2763 3493 2827 cum
3525 2772 3593 2825 atl
3632 2772 3921 2830 Jordanem

2337 2833 2944 2935 conﬂuereni‘baptisari
2972 2865 3265 2934 cupientes,
3305 2833 3518 2920 dicebat
3559 2866 3680 2919 eis:
3727 2863 3920 2935 Proge-

2338 2955 2446 3009 nies
2482 2956 2785 3025 stipam-um,
2828 2955 2940 3026 quis
2965 2955 3259 3009 monstrarit
3303 2954 3439 3009 vobis
3472 2955 3650 3026 fugere
3678 2972 3712 3008 α
3752 2956 3921 3026 futura

2337 3043 2458 3098 ira?
2499 3041 2676 3098 Facite
2708 3045 2864 3114 igitur
2901 3045 3121 3114 fructum
3165 3045 3374 3114 dignum
3414 3043 3745 3115 pcnitcntic,
3791 3052 3840 3100 et
3866 3062 3921 3098 ut

2339 3139 2656 3206 prmumtis
2699 3137 2880 3202 dicere,
2930 3133 3140 3190 Patrem
3183 3136 3424 3190 habent“
3468 3135 3752 3190 Abraham.
3800 3133 3920 3190 Dico

2338 3226 2470 3278 enim
2494 3224 2651 3288 vobis,
2681 3225 2816 3295 quod
2843 3234 3001 3295 potest
3030 3223 3170 3278 Deus
3195 3240 3258 3278 ea:
3282 3224 3536 3295 lapidibus
3565 3226 3676 3279 istis
3700 3228 3919 3280 excitare

2339 3316 2474 3384 ﬁlios
2523 3315 2740 3369 Abram
2804 3315 3033 3386 (ιιαιιιι.
3075 3316 3130 3369 3.
3171 3316 3265 3370 7-9
3284 3315 3325 3385 ).
3387 3314 3602 3371 Vidistis
3646 3315 3918 3385 quomodo

2339 3418 2588 3474 magnum
2626 3403 2766 3474 apud
2801 3418 2990 3459 omnes
3026 3404 3146 3474 ejus
3192 3418 3384 3460 nomen
3424 3402 3620 3459 fuerit?
3661 3405 3775 3462 Sed
3804 3415 3918 3460 ante

2337 3502 2587 3549 eventum
2607 3494 2737 3564 justi
2763 3496 2933 3564 pietas
2970 3502 3315 3559 monstratur,
3352 3494 3618 3564 quomodo
3643 3495 3807 3552 dictis
3835 3497 3917 3552 Dei

2337 3583 2647 3649 crediderit,
2696 3592 2753 3640 et
2799 3585 2980 3640 omnia
3020 3599 3140 3653 qua:
3188 3585 3499 3641 videbantur
3543 3601 3666 3642 esse
3703 3589 3914 3659 gravia.

2339 3687 2528 3742 magna
2550 3671 2806 3731 facilitate
2827 3673 3141 3742 susceperit.
3170 3673 3232 3728 Et
3255 3675 3565 3741 benedicens,
3596 3677 3806 3747 inquit,
3829 3679 3913 3731 bc-

2336 3761 2625 3818 nediccntes
2649 3768 2716 3825 te,
2735 3769 2785 3816 ct
2814 3762 3162 3818 maledicentes
3187 3774 3234 3818 te
3263 3765 3559 3820 maledicam
3588 3783 3609 3819 :
3634 3777 3682 3821 et
3709 3769 3910 3822 benedi-

2338 3862 2511 3905 centur
2533 3853 2586 3904 in
2615 3860 2663 3906 ω
2685 3869 2859 3908 omnes
2884 3855 3040 3910 tribus
3068 3865 3232 3910 terra.
3263 3857 3393 3914 Vide
3425 3859 3698 3929 quomodo
3727 3871 3911 3916 attem-

2339 3951 2490 4010 perat
2514 3953 2814 3997 sermonem
2844 3944 3004 4012 Deus,
3025 3956 3348 4016 ctquantum
3379 3951 3630 4005 amicitize
3658 3962 3913 4007 monstrat

2338 4041 2728 4099 argumentum.
2763 4033 2903 4100 illos,
2934 4037 3122 4104 inquit,
3153 4041 3353 4093 amicos
3381 4041 3608 4107 habebo,
3639 4044 3732 4112 qui
3761 4044 3913 4098 benc-

2339 4123 2457 4176 vole
2483 4137 2605 4193 erga
2646 4133 2700 4178 te
2735 4134 2891 4178 erunt
2927 4126 3139 4182 allecti:
3166 4138 3220 4184 et
3259 4131 3374 4185 illos
3405 4134 3648 4188 inimicos
3689 4134 3908 4198 habebo.

2337 4212 2426 4281 qui
2457 4227 2579 4283 erga
2601 4221 2654 4268 te
2684 4216 2950 4270 contrario
2976 4217 3135 4270 modo
3161 4230 3319 4272 erunt
3342 4221 3554 4276 affecti:
3585 4225 3636 4276 id
3661 4225 3806 4293 quod
3835 4227 3908 4277 vis

2338 4303 2430 4356 lilii
2457 4319 2580 4374 erga
2613 4313 2789 4372 patres
2818 4305 3114 4361 faciendum
3141 4321 3408 4376 putarent,
3453 4322 3509 4366 ut
3531 4316 3751 4370 eosdem
3787 4334 3910 4385 quos

2336 4392 2412 4447 illi
2439 4393 2695 4449 haberent
2721 4395 2921 4450 amicos
2948 4403 3005 4450 et
3028 4398 3291 4453 inimicos.
3324 4400 3554 4456 Maxima
3575 4445 3589 4467 ,
3623 4404 3842 4474 dilecti,
3864 4408 3906 4460 in

2336 4483 2690 4552 patriarcham
2719 4484 2809 4540 Dei
2834 4487 2947 4542 haec
2971 4497 3051 4541 est
3079 4488 3466 4546 benevolentia.
3495 4492 3623 4548 illos
3647 4499 3811 4561 enim,
3841 4500 3910 4549 in-

2336 4573 2468 4644 quit,
2499 4573 2830 4636 benedicam.
2854 4579 2943 4646 qui
2970 4578 3284 4633 benedicent
3310 4583 3402 4636 tibi
3431 4600 3443 4635 :
3471 4593 3526 4637 et
3550 4585 3671 4638 illos
3700 4588 3909 4642 maledi-

2335 4681 2476 4732 cam,
2503 4667 2592 4737 qui
2621 4667 2940 4723 maledicent
2963 4669 3057 4724 tibi
3089 4688 3103 4723 :
3137 4671 3202 4725 Et
3223 4673 3572 4728 benedicentur
3598 4678 3652 4730 in
3678 4688 3725 4732 te
3748 4697 3908 4732 omnes

2338 4756 2493 4810 tribus
2520 4767 2683 4810 terra.
2714 4757 2849 4812 Ecce
2878 4769 2934 4813 et
2961 4759 3179 4815 alterius
3208 4762 3543 4819 liberalitatis
3579 4767 3905 4824 additamen-

2337 4853 2466 4900 tum.
2509 4846 2708 4901 Omncs
2733 4850 2872 4903 enim
2900 4849 3066 4904 tribus
3113 4860 3270 4906 terra;
3313 4856 3602 4920 enitentur,
3650 4870 3708 4912 ut
3738 4860 3791 4914 in
3827 4871 3907 4914 tuo

2337 4935 2551 4991 nomine
2575 4937 2973 5008 benedicantur,
2996 4949 3051 4995 et
3075 4955 3163 4996 res
3186 4957 3311 4997 suas
3335 4953 3421 4998 tua
3441 4947 3804 5015 appellatione
3824 4951 3905 5004 ho-

2338 5027 2596 5080 nestiores
2617 5027 2828 5081 faciant.

2407 5117 2460 5171 5.
2489 5117 2743 5183 Audistis,
2769 5117 2968 5183 dilecti,
2990 5123 3162 5190 qualia
3185 5123 3463 5192 imperavit
3485 5126 3742 5182 Dominus
3762 5129 3907 5184 (ιω-

2335 5205 2454 5260 dzeo
2479 5207 2616 5272 seni,
2639 5209 2725 5277 qui
2757 5224 2930 5278 neque
2958 5210 3125 5280 legem
3149 5225 3389 5277 noverat.
3421 5232 3592 5286 neque
3626 5220 3906 5289 propheta-

2337 5311 2452 5350 rum
2483 5298 2682 5367 legerat
2708 5299 2951 5354 vaticinia
2979 5302 3020 5366 ί,
3049 5318 3220 5371 neque
3248 5304 3405 5359 ullam
3430 5308 3585 5361 aliain
3616 5311 3903 5366 doctrinam

2334 5388 2654 5453 acceperat?
2682 5388 2895 5443 Vidistis
2920 5402 3116 5465 quanta
3144 5405 3526 5464 praeceptorum
3553 5401 3766 5454 moles?
3784 5417 3905 5471 quo-

2335 5478 2493 5531 modo
2517 5480 2582 5532 ad
2610 5495 2672 5534 ea
2701 5482 3020 5548 perficienda
3050 5486 3261 5540 sublimi
3290 5497 3344 5541 et
3363 5489 3580 5556 juvenili
3607 5496 3793 5549 animo
3823 5495 3904 5549 ba-

2334 5568 2491 5624 bebat
2511 5570 2686 5639 opus?
2715 5570 2897 5626 Videte
2921 5575 3142 5642 posthac
3163 5585 3217 5631 et
3241 5579 3552 5646 patriarcha
3575 5584 3903 5651 probitatem.

2399 5699 3049 5772 ’ίειβτεωνι-ιστηργέτας
3483 5715 3632 5761 etiam
3665 5714 3905 5765 hocmh

2334 5770 2503 5822 posset
2526 5769 2856 5825 interpretari,
2876 5775 3026 5826 neque
3047 5769 3422 5833 cwn'propnetis
3443 5781 3658 5824 senatus
3675 5777 3850 5837 fma.
