4054 6324
221 293 342 346 289

211 394 498 464 quomodo
521 391 680 449 nobis
705 409 823 449 eam
854 392 1129 462 Scriptura
1158 393 1477 447 manil'estet.
1511 392 1562 445 ι.
1600 390 1664 442 Et
1695 406 1817 458 pro-

213 490 388 555 fectus
416 496 511 552 est,
558 487 747 556 inquit,
777 485 986 550 Abram,
1019 485 1148 538 sicut
1187 485 1420 552 loquutus
1456 493 1527 536 cst
1556 483 1601 534 ci
1637 480 1819 534 Domi-

213 596 313 634 nus
349 579 509 647 Deus,
546 591 592 634 ει
621 581 707 634 ivit
741 597 854 633 cum
894 596 952 633 eo
996 579 1109 634 Lat.
1152 578 1266 634 Non
1308 577 1621 648 simpliciter
1663 575 1816 639 dixit,

215 668 287 721 Et
316 676 576 742 proﬁcias
599 681 670 724 est
693 669 879 723 Abram
900 685 920 723 :
945 670 1058 736 sed,
1094 671 1240 724 Sicut
1266 669 1499 737 loquutus
1526 677 1597 721 est
1626 667 1673 721 ei
1706 665 1819 719 Do-

210 762 396 816 minus
427 762 584 816 Deus.
617 761 830 828 Omnia,
865 761 1055 831 inquit,
1099 760 1221 816 fecit
1251 775 1369 829 quae
1401 759 1468 812 ad
1496 767 1820 827 praeceptum

213 854 326 908 huc
355 854 709 924 pertinebant.
742 853 884 907 Dixit
905 862 961 906 ut
979 853 1305 921 relinqueret
1323 850 1523 912 omnia,
1547 859 1603 903 et
1624 862 1820 918 cogna-

213 947 427 1003 tionem
456 956 508 1000 et
534 947 783 1013 domum;
813 957 869 1001 et
893 947 1125 1016 reliquit.
1161 945 1301 998 Dixit
1326 953 1384 996 ut
1413 943 1513 997 iret
1538 943 1589 996 in
1620 948 1819 996 terram

209 1052 383 1105 quam
411 1037 681 1092 nesciret:
719 1036 1126 1106 obtemperavit.
1170 1033 1421 1088 Promisit
1453 1032 1593 1088 Deus
1631 1046 1692 1086 se
1736 1028 1818 1086 fa-

209 1139 437 1182 cturum
480 1144 600 1182 eum
629 1128 680 1182 in
724 1137 937 1195 gentem
979 1141 1248 1195 magnam,
1277 1132 1333 1179 et
1375 1123 1816 1179 benedicturum:

209 1217 450 1271 crutidit
478 1219 672 1272 Abram
703 1218 860 1271 etiam
894 1217 995 1271 hoc
1024 1227 1362 1271 eventurum.
1388 1213 1538 1270 Sicut
1568 1213 1818 1281 loquutus

208 1319 300 1365 est
333 1312 383 1364 ei
413 1311 689 1374 Dominus,
721 1311 789 1363 ita
821 1309 1090 1378 profectus
1117 1316 1204 1364 est
1233 1325 1246 1361 :
1278 1307 1328 1361 id
1355 1315 1458 1373 est,
1500 1304 1728 1360 credidit
1753 1304 1819 1358 iis

208 1416 342 1468 qua:
369 1400 468 1454 sibi
490 1415 520 1453 a
550 1399 660 1454 Deo
683 1409 810 1454 sunt
837 1399 999 1466 dicta,
1030 1399 1160 1453 nihil
1189 1397 1475 1461 ﬂuctuans,
1499 1395 1628 1450 nihil
1659 1395 1818 1450 dubi-

210 1501 362 1559 tans,
393 1493 486 1546 sed
511 1492 720 1546 firmato
747 1492 926 1546 animo
955 1492 1024 1545 ita
1051 1492 1318 1558 profectus
1337 1499 1420 1544 est
1444 1509 1458 1545 :
1485 1489 1683 1544 idcirco
1711 1497 1766 1543 et
1787 1502 1816 1542 a

214 1582 449 1638 Domino
478 1598 722 1654 magnam
766 1584 995 1638 obtinuit
1030 1584 1273 1654 gratiam.
1305 1582 1374 1636 Et
1398 1583 1505 1648 ivit,
1538 1581 1727 1651 inquit,
1771 1590 1818 1634 et

210 1672 316 1728 Lat
355 1692 472 1728 cunt
501 1692 584 1729 eo.
616 1680 791 1743 Quare
827 1691 948 1730 cum
997 1675 1252 1730 Dominus
1278 1675 1470 1729 dixerit
1501 1692 1514 1728 :
1562 1672 1818 1743 Egredere

209 1766 279 1817 de
304 1775 440 1818 terra
467 1776 574 1831 tua,
604 1777 652 1821 ct
671 1767 735 1819 de
753 1769 1054 1837 cognatione
1080 1777 1168 1820 tua
1189 1775 1236 1820 ct
1262 1766 1324 1820 de
1348 1766 1499 1820 domo
1521 1765 1682 1834 patris
1701 1764 1774 1816 tui
1796 1778 1816 1826 ;

209 1854 362 1910 hunc
390 1857 722 1926 assumpsit?
765 1857 882 1911 Non
913 1855 1013 1910 fttit
1057 1855 1370 1911 inobediens
1415 1854 1677 1909 Domino:
1721 1854 1814 1908 sed

210 1946 357 2002 forte
383 1948 503 2016 quia
529 1947 712 2017 juveni
742 1958 859 2002 erat
901 1947 1066 2017 patris
1096 1947 1218 2002 loco
1243 1947 1563 2017 praefectus:
1596 1953 1650 1999 et
1687 1944 1812 2009 ille,

207 2038 287 2092 ob
328 2040 653 2109 singularem
698 2056 974 2105 amorem,
1021 2053 1339 2109 morumque
1385 2039 1734 2103 suavitatem,
1783 2051 1814 2090 a

208 2132 358 2198 justo
382 2131 563 2186 divelli
592 2131 778 2197 noluit,
819 2131 918 2186 hac
943 2131 1010 2186 de
1047 2146 1208 2186 causa
1238 2131 1436 2185 Abram
1480 2144 1602 2184 eutn
1634 2128 1806 2183 relin-

207 2237 382 2290 quere
409 2221 624 2276 noluit:
658 2222 876 2292 insuper
917 2237 1039 2276 eum
1088 2221 1178 2274 lilii
1219 2221 1338 2274 loco
1378 2229 1560 2289 postea
1592 2218 1810 2282 habuit;

209 2315 515 2381 prtesertitn
543 2313 686 2384 quod
716 2324 822 2368 tam
863 2314 1179 2384 grandaevus
1215 2312 1418 2368 nullum
1445 2311 1619 2366 adhuc
1645 2310 1812 2364 habe-

211 2412 298 2456 ret
326 2403 490 2458 filium
531 2414 754 2474 propter
780 2404 927 2458 Sara:
975 2404 1334 2460 sterilitatem.
1369 2401 1615 2472 Alioquin
1651 2401 1813 2456 etiam

213 2509 398 2548 mores
442 2493 802 2550 adolescentis
830 2511 933 2548 non
958 2495 1184 2549 multum
1212 2509 1241 2545 a
1268 2494 1396 2562 justi
1425 2493 1688 2563 probitate
1721 2492 1814 2545 ab-

209 2596 387 2641 erant.
417 2587 548 2641 Nam
579 2587 682 2642 hoc
712 2588 882 2656 ipsum
912 2586 1075 2657 quod,
1096 2586 1386 2656 propositis
1406 2585 1454 2639 ei
1483 2584 1690 2638 duobus
1710 2583 1819 2636 fra-

212 2677 412 2745 tribus,
439 2678 553 2747 ipse
583 2677 730 2746 justo
765 2678 1087 2742 adhaereret,
1129 2687 1340 2748 quantae
1371 2675 1665 2746 prudentiae
1694 2673 1813 2737 fuit,

211 2766 506 2835 dijudicare
523 2783 715 2836 nempe
736 2777 790 2821 et
817 2767 1125 2822 discernere
1153 2767 1238 2822 cui
1271 2778 1580 2836 patruorum
1604 2766 1685 2819 sui
1715 2781 1814 2820 cu-

213 2871 330 2910 rant
361 2859 667 2927 permittere
695 2859 954 2914 deberet?
984 2859 1206 2928 Insuper
1242 2869 1295 2914 et
1325 2859 1810 2929 peregrinationem

212 2947 431 3018 eligere,
473 2949 771 3005 honestatis
813 2965 1023 3006 morum
1064 2959 1180 3004 erat
1215 2949 1490 3004 indicium.
1529 2950 1658 3003 Nam
1692 2951 1816 3004 licet

211 3040 432 3096 tandem
473 3041 529 3096 in
567 3041 883 3112 quibusdam
915 3057 1128 3098 errasse
1156 3041 1414 3107 videatur,
1451 3043 1668 3113 quando
1713 3058 1812 3110 po-

211 3131 380 3185 tiores
408 3131 510 3185 sibi
549 3140 728 3199 partes
771 3133 1067 3201 usurpavit,
1098 3141 1333 3186 attamen
1365 3133 1644 3201 vestigium
1687 3132 1818 3200 justi

212 3221 465 3291 subsequi
489 3221 730 3291 proxime
753 3221 1023 3278 studebat.
1053 3227 1227 3294 Atque
1248 3222 1369 3277 ideo
1384 3223 1563 3292 justus
1583 3223 1732 3277 illum
1760 3224 1816 3278 in

213 3313 421 3369 socium
442 3315 650 3370 itineris
674 3319 900 3388 accepit,
927 3328 982 3371 et
1010 3317 1125 3386 ipse
1163 3331 1353 3387 magna
1379 3317 1654 3372 alacritate
1697 3332 1818 3386 per-

214 3405 457 3474 egrinam
489 3407 649 3460 vitam
677 3407 987 3463 domestica-
1014 3407 1263 3476 praetulit.
1299 3407 1463 3462 Porro
1493 3417 1551 3463 ut
1584 3409 1817 3462 sciamus

215 3496 336 3551 haec
361 3512 391 3550 a
423 3497 531 3553 Deo
558 3497 720 3552 fuisse
741 3500 998 3568 imperata
1027 3497 1366 3568 patriarchze,
1390 3513 1494 3553 non
1517 3513 1637 3554 cum
1661 3499 1818 3568 juve-

214 3587 299 3640 nis
327 3597 487 3653 esset,
518 3588 612 3643 sed
635 3588 748 3658 jam
765 3589 832 3643 ad
861 3597 1132 3643 senectam
1162 3589 1424 3659 vergenti,
1457 3588 1670 3658 quando
1696 3590 1814 3657 ple-

215 3680 372 3749 rique
419 3680 692 3734 hominum
735 3680 803 3734 ad
849 3679 1294 3750 peregrinandum
1332 3680 1609 3749 segniores
1649 3687 1814 3746 sunt,

213 3772 388 3840 inquit
425 3789 439 3824 :
466 3773 654 3826 Abram
691 3783 860 3826 autent
888 3781 996 3826 erat
1021 3788 1276 3825 annorum
1316 3772 1639 3842 septuaginta
1665 3771 1816 3841 quin-

213 3877 334 3929 que,
368 3862 572 3929 quando
614 3862 768 3917 exivit
793 3877 856 3916 ex
884 3861 1135 3916 Charran.
1169 3860 1388 3916 Vidistis
1418 3861 1690 3931 quomodo
1719 3876 1818 3916 nec

212 3956 412 4010 a-tasei
434 3954 531 4009 fuit
555 3955 849 4019 obstaculo,
876 3970 1049 4024 neque
1067 3953 1210 4008 aliud
1233 3954 1482 4024 quiddam
1501 3955 1674 4022 potuit
1693 3969 1815 4009 eum

212 4048 458 4102 detinere
509 4055 566 4099 ιιι
603 4046 747 4101 domi
793 4045 1090 4100 resideret:
1132 4044 1226 4099 sed
1258 4044 1383 4100 vicit
1419 4044 1598 4098 omnia
1651 4045 1818 4115 ipsius

213 4140 267 4192 in
303 4140 468 4192 Deum
499 4152 670 4192 amor.
705 4137 894 4190 Anima
925 4136 1066 4190 enim
1096 4135 1318 4202 vigilans
1343 4143 1400 4190 et
1421 4134 1598 4190 sobria
1624 4146 1816 4190 cuncta

213 4229 486 4297 abrumpit
515 4226 915 4296 impedimenta,
958 4234 1173 4293 totaque
1213 4224 1270 4278 fit
1300 4212 1415 4293 ejus
1445 4239 1604 4293 quem
1648 4233 1814 4289 amat,

213 4329 270 4376 et
293 4335 324 4372 a
357 4320 502 4372 nullo
530 4318 673 4388 quod
706 4319 757 4370 in
797 4317 973 4370 tnedio
1000 4315 1218 4369 difiicile
1245 4325 1520 4384 appareat,
1556 4314 1814 4369 retardari

212 4426 273 4467 se
316 4413 511 4479 patitur
541 4426 555 4461 :
588 4409 683 4462 sed
717 4409 894 4460 omnia
937 4407 1193 4474 przeterit,
1223 4420 1322 4460 nec
1348 4403 1591 4458 subsistit
1631 4405 1813 4474 prius-

213 4515 378 4572 quam
405 4514 462 4555 re
502 4498 800 4570 desiderata
831 4497 1081 4566 potiatur.
1113 4496 1402 4565 Propterea
1435 4503 1493 4550 et
1514 4495 1691 4563 justus
1717 4496 1818 4548 iste

215 4606 398 4661 neque
425 4597 718 4653 senectute,
742 4602 916 4658 neque
935 4586 1054 4640 aliis
1081 4586 1321 4655 pluribus
1345 4586 1520 4642 causis
1545 4585 1816 4656 prohiberi

217 4684 412 4755 potuit,
442 4681 568 4752 quin
597 4680 844 4733 omnibus
868 4677 1122 4745 disruptis
1147 4678 1395 4743 vinculis,
1424 4679 1576 4749 quasi
1601 4678 1814 4748 juvenis

215 4787 270 4833 ct
313 4781 470 4828 tetate
499 4773 718 4835 florens,
748 4769 901 4838 quasi
928 4784 959 4820 a
1007 4769 1153 4822 nullo
1182 4767 1502 4836 prohibitus,
1542 4769 1818 4822 festinaret

215 4877 271 4925 et
324 4864 603 4919 anhelaret
655 4859 867 4915 Domini
922 4869 1248 4928 prtcceptum
1303 4858 1577 4928 perlicere.
1633 4858 1818 4928 Neque

216 4958 363 5014 enim
396 4952 650 5024 possibile
679 4961 782 5016 est,
812 4960 868 5004 ut
903 4964 1015 5004 rem
1065 4947 1255 5003 fortem
1294 4958 1349 5004 ct
1386 4950 1653 5020 egregiam
1697 4949 1818 5020 quis

219 5063 474 5117 umquam
502 5045 657 5099 aliter
688 5044 865 5108 faciat,
891 5041 989 5095 nisi
1016 5048 1171 5096 antea
1203 5039 1466 5096 adversus
1491 5042 1670 5095 omnia
1697 5058 1818 5112 qua:

215 5137 486 5210 ejusmodi
525 5136 739 5190 conatui
768 5134 1032 5188 obsistere
1063 5141 1306 5201 possunt,
1349 5147 1410 5188 se
1437 5141 1610 5186 armet
1639 5141 1694 5187 et
1731 5132 1815 5187 in-

217 5239 413 5288 struat.
458 5228 569 5282 lloc
598 5226 781 5296 utique
819 5226 964 5280 clare
1004 5224 1179 5280 sciens
1206 5224 1380 5292 justus
1415 5225 1526 5292 ille,
1568 5225 1818 5282 omnibus

222 5319 529 5393 pra-teritis,
575 5333 680 5371 non
720 5316 940 5369 curabat
967 5318 1050 5393 vel
1095 5315 1554 5379 consuetudinem,
1600 5315 1682 5369 vel
1722 5314 1818 5370 do-

220 5431 370 5473 mum
396 5422 696 5486 paternam,
721 5409 800 5464 vel
823 5409 1148 5477 sepulcrum,
1172 5409 1251 5462 vel
1274 5417 1602 5463 senectutem
1626 5407 1814 5476 ipsam,

223 5511 320 5568 sed
347 5511 398 5564 itt
441 5510 546 5564 hoc
579 5506 860 5560 dumtaxat
901 5503 1094 5571 figebat
1124 5511 1379 5568 mentem,
1411 5502 1680 5572 quomodo
1721 5503 1819 5557 im-

229 5607 375 5675 plere
399 5611 582 5673 posset
603 5597 743 5669 quod
772 5613 801 5649 a
836 5597 1058 5649 Domino
1089 5595 1257 5650 fuerat
1286 5599 1622 5665 imperatum.
1651 5595 1716 5650 Et
1743 5596 1822 5649 vi—

227 5697 350 5752 dct'c
385 5705 500 5752 erat
551 5709 668 5749 retu
703 5707 896 5762 magno
938 5690 1171 5761 periculo
1199 5689 1726 5762 plcuaut,houtiucm
1764 5687 1818 5748 in

1301 278 1364 334 ΙΝ
1403 278 1555 333 CAP.
1599 277 1710 330 XII.
1756 274 1999 331 Gl‘lNl-LS.
2044 275 2278 330 IIOMIL.
2322 277 2517 333 XXXI.

3341 329 3344 334 .
3427 283 3533 339 290

1931 390 2330 456 provectissima
2371 400 2608 456 senecta,
2654 405 2774 446 cum
2805 406 2972 447 uxore
2998 393 3157 448 etiam
3203 395 3313 465 ipsa
3363 401 3537 452 aetatis

1931 488 2195 548 provectae
2221 491 2274 534 et
2298 480 2477 535 multis
2503 480 2714 535 famulis
2740 497 2800 537 se
2826 483 2931 537 alio
2954 484 3264 544 transferre.
3291 487 3530 540 nesciunt

1931 571 2146 624 ubinam
2173 570 2387 625 errandi
2431 570 2640 627 futurus
2681 571 2800 628 finis
2841 583 3004 629 esset.
3040 575 3192 642 Quod
3236 577 3282 632 si
3323 578 3446 647 quis
3482 590 3538 632 et

1928 663 2060 717 illud
2104 663 2393 732 prudenter
2429 665 2718 734 expendat,
2751 676 2967 737 quantae
3003 683 3099 736 per
3143 667 3275 723 illud
3321 679 3536 739 tempus

1931 753 2136 808 viarum
2176 753 2520 810 difficultates
2561 764 2754 811 erant:
2787 773 2963 827 neque
2989 758 3157 822 enim,
3202 761 3341 815 sicut
3368 777 3532 828 nunc,

1929 843 2124 900 licebat
2150 845 2415 915 impavide
2443 863 2565 902 cum
2591 848 2709 903 aliis
2737 851 2962 916 versari,
2997 861 3052 906 et
3081 861 3186 907 tam
3220 854 3377 908 facile
3403 871 3531 924 pro-

1925 932 2184 990 fectiones
2209 937 2504 1006 suscipere,
2533 954 2657 995 cum
2685 940 2894 1010 singula
2925 941 3039 996 loca
3071 945 3302 1013 propriis
3331 945 3531 1014 princi-

1925 1026 2136 1094 patibus
2163 1026 2412 1083 distincta
2436 1038 2638 1096 essent,
2664 1046 2990 1102 necesseque
3017 1045 3161 1088 esset
3192 1034 3292 1088 iter
3319 1037 3530 1105 agenti-

1923 1114 2027 1170 bus
2051 1117 2118 1170 ab
2147 1116 2266 1172 aliis
2294 1117 2361 1172 ad
2385 1119 2519 1175 alios
2546 1120 2813 1191 principes
2839 1123 3090 1191 transire,
3119 1134 3173 1179 et
3200 1124 3313 1181 fere
3348 1127 3531 1196 quoti-
3559 1134 3561 1136 ’

1924 1205 2013 1262 die
2037 1207 2104 1262 de
2128 1222 2293 1278 regno
2331 1210 2382 1264 in
2410 1226 2632 1282 regnum
2673 1215 2964 1284 progredi:
2995 1226 3110 1271 erat
3150 1218 3308 1288 igitur
3344 1229 3398 1273 et
3430 1218 3533 1277 hoc

1924 1299 2258 1356 obstaculum
2295 1301 2462 1371 justo,
2513 1304 2614 1359 nisi
2662 1313 2865 1360 tantum
2916 1308 3192 1365 habuisset
3233 1313 3436 1367 amoris
3476 1324 3532 1368 et

1925 1390 2173 1445 mandata
2202 1393 2509 1462 perficiendi
2538 1395 2887 1452 desiderium.
2913 1397 3113 1454 Verum
3140 1402 3393 1457 omnibus
3423 1403 3528 1458 illis

1924 1482 2343 1552 impedimentis,
2394 1486 2546 1555 quasi
2591 1502 2804 1544 aranea:
2851 1489 2972 1545 telae
3021 1500 3224 1558 essent,
3275 1495 3530 1563 disruptis

1923 1583 2211 1645 menteque
2254 1575 2358 1631 fide
2388 1575 2655 1643 roborata,
2696 1579 2866 1649 probe
2904 1581 3075 1637 fidens
3115 1583 3357 1653 dignitati
3399 1599 3528 1656 pro-

1922 1666 2203 1732 mittentis,
2247 1668 2348 1723 iter
2388 1684 2673 1740 aggressus
2716 1680 2820 1727 est.
2845 1672 2897 1727 5.
2961 1673 3028 1726 Et
3076 1678 3292 1745 accepit,
3333 1678 3525 1748 inquit,

1921 1759 2108 1813 Abram
2135 1761 2324 1816 Soram
2364 1779 2571 1817 uacarent
2600 1781 2779 1828 suam,
2809 1775 2857 1819 ct
2888 1765 2984 1818 Lat
3030 1769 3194 1836 ﬁlium
3221 1769 3397 1838 fratris
3424 1771 3524 1835 sui,

1921 1856 2303 1922 universumque
2318 1854 2649 1909 substantiam
2679 1873 2831 1922 quant
2859 1860 3182 1926 possederant
3202 1862 3255 1915 in
3270 1861 3524 1930 Citarran,

1919 1949 1969 1994 et
1997 1940 2145 1994 exivit
2182 1951 2236 1995 ut
2267 1944 2670 2012 proﬁcisceretur
2696 1947 2748 2000 in
2775 1958 2961 2002 terram
2989 1949 3258 2011 Chanaan.

1996 2029 2049 2084 6.
2101 2030 2230 2086 Vide
2281 2031 2570 2104 Scripturze
2615 2037 2949 2108 diligentiam
2981 2082 2997 2104 ,
3045 2041 3317 2112 quomodo
3368 2044 3529 2100 nobis

1919 2122 2097 2176 omnia
2143 2133 2359 2188 narrat,
2391 2135 2447 2179 ut
2477 2142 2571 2195 per
2595 2128 2775 2182 omnia
2799 2129 3069 2185 discamus
3105 2130 3237 2201 justi
3268 2133 3520 2203 pietatem

1919 2226 1983 2266 ac
2008 2212 2345 2284 religionem.
2376 2215 2601 2285 Accepit,
2635 2217 2806 2287 inquit
2831 2259 2848 2283 ,
2884 2219 3074 2274 Sat-am
3101 2237 3312 2278 uxorem
3336 2240 3484 2278 suam
3507 2267 3523 2290 ,

1919 2311 1965 2354 ει
1991 2300 2089 2356 Lat
2109 2304 2275 2372 ﬁlium
2298 2309 2477 2376 fratris
2496 2307 2598 2374 sui,
2621 2308 3004 2378 universumque
3021 2311 3354 2368 substantiam
3373 2331 3527 2384 quam

1921 2394 2250 2462 possederant
2277 2396 2332 2450 in
2359 2395 2613 2452 Cherron.
2653 2397 2770 2454 Non
2796 2400 3116 2471 simpliciter
3130 2403 3269 2460 dixit
3296 2423 3308 2458 :
3339 2405 3528 2462 Omnia

1919 2499 2246 2556 quaecumque
2283 2487 2612 2556 possederant
2640 2490 2692 2544 in
2719 2491 2951 2546 Charmn
2980 2511 2999 2548 :
3037 2495 3131 2549 sed
3164 2505 3221 2550 ut
3257 2496 3529 2554 discamus

1919 2573 2137 2630 nihilex
2174 2576 2330 2631 bonis
2357 2577 2658 2636 Chaldaicis
2700 2583 2973 2652 accepisse
3024 2587 3403 2655 patriarchatn,
3432 2590 3527 2644 sed

1923 2667 2163 2735 paternis
2198 2667 2303 2722 illis
2331 2670 2581 2726 omnibus
2608 2671 2761 2728 fratri
2782 2674 2984 2729 relictis
3007 2676 3203 2732 exiisse
3224 2719 3238 2744 ,
3266 2693 3328 2733 ea
3351 2679 3526 2733 solum

1913 2771 2100 2814 secum
2123 2758 2384 2816 ferentem
2409 2777 2528 2832 quae
2551 2772 2607 2818 et
2627 2765 2680 2818 in
2701 2765 2941 2822 Charran
2971 2769 3300 2838 possidebat.
3331 2772 3398 2826 Et
3423 2772 3528 2828 hoc

1921 2847 2148 2904 faciebat
2182 2851 2265 2906 vir
2293 2851 2660 2922 admirandus,
2693 2870 2801 2912 non
2827 2859 2970 2928 quod
3006 2859 3097 2915 illa
3122 2862 3298 2931 magni
3326 2862 3529 2920 faceret

1923 2942 2004 2995 vel
2030 2941 2172 3009 quod
2202 2957 2396 2999 avarus
2415 2953 2562 3000 esset
2590 2960 2607 3000 :
2637 2946 2732 3002 sed
2751 2957 2807 3002 ut
2828 2963 2898 3005 ex
2923 2950 3265 3006 facultatibus
3284 2954 3387 3007 illis
3404 2970 3530 3024 pos-

1921 3042 2003 3085 set
2039 3034 2289 3088 omnibus
2318 3036 2523 3102 testari,
2554 3049 2752 3107 quanta
2787 3039 2880 3095 Dei
2917 3057 3043 3112 erga
3075 3057 3136 3098 se
3174 3043 3365 3099 fuisset
3402 3062 3528 3115 pro-

1923 3120 2175 3176 videntia.
2205 3123 2307 3189 Qui
2336 3126 2479 3178 enim
2509 3141 2574 3179 ex
2605 3135 2748 3182 terra
2777 3129 3156 3188 Chaldzeorutn
3174 3149 3295 3189 eum
3319 3136 3528 3205 eduxit,

1921 3223 1977 3269 et
2019 3215 2209 3270 iterum
2240 3216 2362 3271 inde
2392 3217 2622 3286 migrare
2663 3219 2844 3288 jussit,
2903 3224 3020 3292 ipse
3065 3233 3122 3280 et
3173 3227 3530 3283 substantiam

1925 3305 2064 3360 illius
2097 3308 2334 3376 quotidie
2361 3309 2621 3378 augebat,
2654 3319 2710 3366 et
2733 3326 2950 3368 omnem
2979 3315 3280 3371 molestiam
3312 3319 3530 3376 aufere-

1922 3395 2032 3451 bat.
2074 3396 2258 3467 itaque
2301 3399 2446 3468 quod
2485 3399 2601 3455 hzec
2638 3415 2824 3457 secum
2874 3403 3062 3471 ferret,
3120 3415 3176 3462 et
3213 3423 3312 3478 per
3364 3419 3532 3466 totam

1922 3486 2062 3541 viam
2084 3486 2162 3542 sic
2199 3487 2534 3556 procederet,
2561 3491 2834 3560 specimen
2863 3503 2980 3548 erat
3019 3496 3119 3564 piae
3160 3497 3534 3570 religiosmque

1923 3583 2137 3634 mentis.
2167 3579 2500 3648 Quicumque
2524 3581 2668 3635 enim
2691 3597 2814 3637 eum
2835 3584 3074 3652 videbat,
3098 3588 3292 3643 merito
3314 3605 3533 3647 causam

1923 3670 2258 3739 inquirebat,
2292 3685 2458 3740 quare
2492 3670 2674 3740 justus
2719 3673 2811 3729 ille
2837 3677 3287 3745 peregrinaretur.
3332 3679 3536 3737 Deinde

1923 3758 2244 3829 intelligens,
2274 3775 2398 3815 eum
2422 3760 2575 3829 jussu
2600 3761 2694 3816 Dei
2722 3763 2775 3817 in
2804 3764 3035 3819 alienam
3061 3774 3260 3821 terram
3281 3809 3296 3834 ,
3324 3771 3530 3825 relictis

1925 3853 2154 3923 prapriis
2174 3893 2189 3916 ,
2217 3853 2470 3919 transire,
2502 3869 2598 3923 per
2623 3870 2790 3923 opera
2823 3855 2938 3925 ipsa
2968 3857 3262 3912 docebatur
3277 3871 3332 3914 et
3359 3861 3534 3916 disce-

1923 3945 2016 4001 bat
2037 3962 2196 4017 quatn
2222 3949 2305 4016 pia
2344 3957 2487 4003 esset
2531 3949 2661 4018 justi
2695 3950 3021 4010 obedientia.
3066 3963 3306 4022 etquatu
3347 3955 3536 4022 ingens

1927 4036 2018 4091 Dei
2049 4052 2177 4107 erga
2213 4038 2359 4092 illum
2385 4038 2739 4108 providentia.
2774 4039 2841 4093 Et
2870 4041 3042 4106 exivit,
3069 4041 3259 4110 inquit,
3287 4053 3341 4095 nt
3369 4045 3533 4114 proﬁ—

1923 4129 2190 4182 citcerctur
2215 4134 2267 4182 in
2298 4141 2484 4183 terram
2511 4132 2778 4185 Chanaan.
2835 4133 2987 4187 Unde
3034 4135 3260 4199 sciebat,
3290 4136 3343 4191 in
3392 4148 3533 4192 terra

1923 4221 2346 4278 Chananmorum
2382 4224 2618 4280 futurunt
2642 4240 2763 4279 esse
2797 4240 2909 4279 sua:
2945 4227 3391 4296 peregrinationis
3422 4241 3530 4284 ter.

1911 4315 2168 4379 'minum;
2197 4317 2443 4386 quamvis
2468 4326 2798 4387 praeceptum
2823 4318 2892 4372 ita
2930 4332 2991 4372 se
3031 4319 3290 4376 haberet:
3333 4321 3456 4377 Veni
3483 4326 3537 4378 in

1929 4417 2120 4462 terram
2145 4425 2298 4477 quam
2336 4421 2681 4464 monstravere
2709 4410 2839 4464 tibi?
2885 4410 3140 4466 Fortasse
3193 4413 3333 4468 Deus
3381 4416 3432 4469 ei
3483 4428 3538 4471 et

1925 4499 2028 4554 hoc
2047 4499 2394 4571 significavit,
2435 4501 2678 4557 indicans
2704 4503 2871 4557 menti
2921 4503 3039 4574 ejus
3086 4514 3317 4570 terram,
3350 4507 3400 4561 in
3431 4524 3534 4578 qua

1926 4591 2099 4661 ipsum
2121 4592 2449 4648 constituere
2480 4594 2713 4650 volebat.
2747 4594 3036 4663 Propterea
3072 4595 3216 4650 enim
3247 4613 3369 4650 cum
3397 4614 3536 4668 prte-

1924 4685 2129 4753 ciperet
2157 4686 2205 4739 ei
2231 4726 2248 4752 ,
2277 4685 2557 4742 indefinite
2587 4686 2836 4742 dicebat:
2878 4685 3002 4741 Veni
3048 4689 3101 4741 in
3147 4698 3334 4743 (errant
3385 4710 3539 4757 (piam

1926 4788 2269 4832 monstravero
2309 4779 2417 4844 tibi,
2453 4787 2511 4833 ut
2553 4779 2706 4836 nobis
2753 4779 2883 4848 jusi
2935 4780 3189 4837 virtutem
3238 4782 3534 4854 dett-geret.

1927 4867 2129 4922 Deinde
2153 4881 2433 4938 postquam
2457 4869 2547 4924 ille
2574 4870 2718 4938 quod
2759 4886 2915 4926 suum
2945 4881 3063 4927 erat
3083 4873 3297 4928 abunde
3326 4877 3526 4942 attulit,

1928 4972 2050 5011 mox
2081 4958 2220 5012 Deus
2245 4959 2294 5012 ei
2323 4958 2647 5028 significavit
2671 5002 2684 5027 ,
2716 4961 2766 5014 in
2798 4977 2902 5032 qua
2930 4971 3071 5017 terra
3101 4965 3265 5020 vellet
3289 4984 3412 5020 eum
3443 4969 3534 5022 «Io.

1927 5049 2184 5103 miciliutn
2224 5049 2444 5105 habere.
2494 5051 2626 5118 Quia
2674 5054 2818 5107 enim
2863 5054 3090 5108 eximias
3131 5056 3261 5124 jllSli
3314 5059 3539 5114 virtutes

1928 5141 2279 5209 pra~videbat,
2331 5142 2532 5196 idcirco
2565 5160 2688 5198 eum
2724 5160 2790 5198 ex
2821 5159 2887 5198 eo
2914 5144 3328 5213 locoevocavit,
3360 5159 3416 5204 et
3444 5169 3536 5204 ne-

1927 5246 2032 5301 que
2086 5231 2307 5286 fratrem
2356 5245 2412 5287 ut
2465 5235 2734 5302 acciperet
2779 5234 2942 5301 jussit
2984 5236 3280 5305 :quouiam
3322 5240 3538 5295 Volebat

1930 5326 2070 5379 hunc
2093 5325 2370 5380 doctorem
2397 5327 2510 5379 fieri
2537 5369 2551 5390 ,
2584 5343 2726 5381 nunc
2775 5327 2988 5396 quidem
3019 5329 3271 5382 omnibus
3300 5329 3538 5385 Pal-msti-

1929 5434 2051 5472 nam
2085 5418 2459 5483 incolentibus,
2485 5419 2641 5488 paulo
2671 5429 2791 5489 post
2829 5432 3007 5474 autem
3039 5421 3200 5474 etiam
3241 5420 3531 5492 Egyptiis.

2007 5509 2126 5564 Non
2155 5511 2206 5563 in
2234 5521 2417 5564 natura
2438 5553 2452 5574 ,
2483 5512 2571 5566 sed
2600 5514 2652 5565 in
2695 5514 2952 5567 voluntate
2981 5515 3135 5568 virtus
3175 5524 3224 5568 et
3261 5515 3380 5567 vitia
3418 5528 3534 5570 sunt

1930 5601 2048 5655 sita.
2078 5631 2110 5641 —
2183 5600 2400 5655 Vidistis
2442 5603 2715 5671 quomodo
2743 5620 2849 5659 non
2885 5605 2936 5658 itt
2971 5617 3156 5658 natura
3177 5646 3190 5669 ,
3221 5605 3316 5661 sed
3345 5606 3397 5659 in
3435 5621 3531 5659 vo-

1935 5693 2138 5749 luntate
2175 5702 2228 5748 et
2268 5692 2448 5749 animo
2484 5704 2670 5749 nostra
2700 5697 2800 5750 sita
2830 5702 2954 5750 sunt
2983 5705 3088 5749 tam
3121 5712 3238 5766 qua-
3275 5695 3341 5752 ad
3371 5709 3530 5756 Virtu-
