4054 6324
569 314 668 369 θυι
1278 306 1334 362 S.
1372 302 1647 361 JOANNIS
1682 294 2160 357 CHRYSOSTOMI
2203 295 2518 354 ARClllEP.
2557 299 3093 357 CONSTANTINOP.
3737 300 3849 359 ΞΜ

567 431 694 478 lein.
720 433 878 489 quam
906 432 1025 487 quae
1068 417 1134 472 ad
1178 417 1301 471 vitia
1326 413 1630 488 pertinent?
1658 413 1795 467 Ecce
1821 420 2005 467 natura
2026 408 2148 478 qui-

566 512 885 565 demtratres
901 520 1076 575 erant,
1101 509 1213 577 ipse
1235 505 1528 576 patriarcha
1550 513 1605 558 ct
1625 502 1855 566 Nacbor,
1878 502 2149 555 voluntate

566 612 742 655 autem
775 616 881 655 non
915 600 1074 654 item:
1107 586 1199 654 sed
1226 599 1334 654 ille.
1366 597 1489 651 licet
1518 594 1683 648 frater
1711 592 1779 648 ad
1813 602 2013 646 tantam
2043 590 2145 643 vir-

566 701 735 745 tutem
759 690 1126 759 pervenisset,
1155 688 1329 742 adimo
1351 700 1535 761 errore
1561 692 1961 753 pmoccupatus
1990 688 2104 735 crat
2129 692 2144 731 :

565 784 651 841 hic
671 793 844 838 autem
871 783 1121 839 omnibus
1139 779 1371 849 quotidie
1393 793 1487 847 per
1501 790 1665 845 opera
1687 777 1799 844 ipsa
1819 770 2148 829 monstrabat

566 875 778 928 virtutis
808 887 919 926 sua:
946 870 1239 926 secundum
1268 870 1432 925 Deum
1460 867 1808 922 incrementa.
1837 864 1889 918 Β.
1915 863 1980 916 Et
1996 863 2139 927 venit,

566 962 755 1033 inquit,
794 964 846 1014 in
870 972 1055 1016 terram
1080 961 1325 1019 Chanaan
1350 999 1365 1026 ,
1395 969 1439 1011 et
1464 957 1783 1026 portmnsirit
1809 956 1997 1008 Abram
2041 962 2144 1005 ter-

564 1070 673 1107 ram
698 1054 749 1105 in
773 1050 1138 1121 tongimdinem
1159 1050 1267 1118 ejus
1295 1089 1309 1112 ,
1337 1064 1491 1117 usque
1510 1046 1580 1100 ad
1609 1047 1775 1099 locum
1802 1044 2017 1115 Sychem
2034 1084 2049 1107 ,
2078 1040 2147 1094 ad

565 1160 802 1213 quercum
831 1142 1096 1196 excelsam.
1132 1140 1296 1193 Docet
1324 1154 1425 1193 nos
1457 1138 1733 1223 Scriptura
1759 1135 1930 1193 locum
1971 1134 2144 1202 regio-

565 1236 670 1298 nis,
695 1235 746 1287 in
776 1248 886 1301 quo
913 1246 1057 1288 nunc
1080 1230 1255 1300 justus
1274 1229 1599 1293 domicilium
1629 1220 1876 1283 collocat.
1908 1223 2141 1287 Deinde,

562 1337 621 1378 nt
650 1326 878 1380 sciamus
921 1325 1193 1395 quomodo
1230 1339 1290 1380 se
1339 1324 1446 1378 illic
1488 1338 1574 1377 res
1619 1318 1907 1383 habebant,
1936 1316 2140 1387 inquit:

563 1422 839 1475 (.‘Iaanunwi
883 1433 1051 1476 autem
1086 1431 1204 1473 tunc
1241 1418 1588 1473 inhabitabant
1608 1427 1813 1467 terrain.
1838 1411 2017 1481 Neque
2042 1409 2145 1463 hoc

549 1514 870 1581 simpliciter
895 1523 951 1570 et
988 1512 1190 1580 absque
1228 1522 1385 1563 causa
1414 1508 1599 1561 beatus
1627 1505 1801 1560 Moses
1824 1501 2139 1571 assignavit,

560 1604 655 1656 sed
688 1614 743 1656 ut
772 1604 1041 1657 discamus
1060 1603 1219 1656 etiam
1244 1600 1388 1657 illinc
1410 1607 1644 1653 mentem
1671 1592 1986 1665 patriarcha:
2022 1590 2144 1660 phi-

563 1692 885 1759 losophicam
913 1708 924 1742 :
949 1693 1074 1760 quia
1103 1702 1222 1743 cum
1269 1690 1383 1744 loca
1424 1688 1510 1742 illa
1553 1695 1921 1755 praeoccupata
1961 1692 2144 1740 essent

560 1799 587 1830 ει
613 1778 952 1843 Οιιειηςιιηιίς,
970 1781 1257 1849 cogebatur
1282 1778 1432 1848 quasi
1454 1792 1616 1845 vagus
1637 1786 1689 1830 ct
1718 1775 2029 1845 peregrinus
2047 1813 2061 1837 .
2090 1780 2145 1826 et

557 1872 707 1939 quasi
735 1871 973 1940 abiectus
995 1882 1049 1925 et
1075 1873 1195 1925 vilis
1221 1873 1381 1927 homo
1413 1870 1668 1924 diversari
1690 1911 1705 1933 ,
1728 1868 1844 1922 sine
1873 1866 1983 1922 ullo
2010 1866 2145 1921 forte

560 1961 807 2029 hospitio.
838 1962 1080 2017 Attamen
1124 1978 1294 2029 neque
1318 1960 1441 2015 illud
1468 1960 1688 2016 uoleste
1710 1957 1733 2011 f
1759 1958 1910 2012 rebat
1931 1996 1947 2020 ,
1972 1969 2144 2024 neque

556 2053 690 2107 dice'
711 2064 761 2106 at
793 2070 807 2106 :
831 2052 963 2118 Quid
995 2052 1091 2104 hoc
1118 2054 1231 2107 est?
1259 2068 1426 2121 egone
1454 2055 1542 2121 qui
1588 2061 1735 2106 tanto
1764 2064 1886 2105 cum
1914 2048 2140 2115 honore,

556 2152 611 2198 ct
636 2152 777 2197 tanta
799 2156 921 2198 cum
950 2142 1148 2199 familia
1179 2144 1399 2212 agebam
1427 2143 1479 2201 in
1504 2141 1741 2196 Charran
1768 2182 1780 2201 ,
1815 2154 1953 2193 nunc
1977 2152 2140 2207 cogor

559 2233 691 2289 sicut
714 2234 927 2287 civitate
945 2248 1135 2288 carens
1156 2274 1171 2297 ,
1203 2246 1255 2287 et
1279 2234 1609 2301 peregrinus,
1645 2241 1700 2286 et
1721 2231 1924 2287 advena
1954 2229 2139 2285 ubam-

561 2322 763 2385 hularc,
792 2320 952 2392 idque
1000 2324 1185 2392 gratia:
1215 2323 1333 2377 loco
1369 2324 1588 2387 ducere,
1619 2332 1671 2376 et
1708 2322 1941 2391 quietem
1973 2322 2025 2374 in
2052 2322 2140 2376 vili

544 2425 800 2479 querere
846 2413 1174 2479 diversorio;
1203 2423 1253 2469 et
1281 2429 1451 2480 neque
1486 2414 1587 2467 hoc
1623 2414 1858 2468 invenire
1898 2427 2140 2481 possum,

552 2501 647 2555 sed
674 2502 726 2554 in
748 2502 1102 2563 tabernaculis
1122 2513 1176 2559 et
1204 2504 1483 2572 tuguriolis
1512 2504 1709 2556 versari
1737 2543 1749 2567 ,
1776 2503 2015 2572 aliasque
2042 2501 2140 2555 mi-

553 2592 721 2646 serias
763 2592 905 2647 ferre
941 2594 1080 2663 cogit
1122 2608 1205 2647 me
1234 2596 1546 2648 necessitas.
1586 2593 1816 2647 Hoceine
1842 2600 1961 2657 est,
1992 2590 2138 2661 quod

552 2681 763 2736 dicebat
789 2699 803 2736 :
842 2682 981 2745 Veni,
1002 2684 1250 2752 etfaciam
1268 2694 1314 2736 te
1340 2685 1391 2736 in
1408 2694 1602 2753 gentem
1623 2683 1893 2753 utagnam?
1914 2681 2139 2739 Pulchra

552 2772 757 2826 scilicet
782 2774 1071 2841 praeludis;
1100 2775 1225 2845 quid
1251 2789 1416 2831 suave
1441 2775 1660 2845 posthac
1688 2776 2139 2843 esspectandum?

552 2866 619 2916 At
644 2862 773 2917 nihil
798 2863 900 2918 tale
919 2864 1131 2919 dicebat
1149 2867 1325 2934 justus
1354 2906 1367 2927 ,
1397 2882 1570 2933 neque
1594 2866 1909 2931 ﬂuctuabat;
1936 2867 2029 2921 sed
2054 2868 2137 2920 in-

552 2964 696 3023 tegra
726 2964 913 3008 mente
939 2963 996 3010 et
1019 2955 1251 3024 perfecta
1284 2956 1409 3020 ﬁde.
1437 2956 1573 3018 bene
1598 2956 1767 3009 fidens
1788 2955 1881 3010 Dei
1911 2957 2139 3026 promis—

553 3043 647 3108 sis,
684 3043 907 3097 immoto
954 3045 1184 3114 perstitit
1223 3048 1435 3108 animo;
1480 3046 1620 3101 unde
1650 3046 1827 3105 statim
1855 3057 1909 3102 et
1945 3060 2137 3118 supcr-

555 3148 681 3187 nam
702 3135 1121 3190 consolationem
1153 3139 1395 3207 accipere
1423 3140 1637 3193 meruit.

622 3224 678 3278 7.
700 3224 909 3278 Muralis
934 3226 1507 3283 alimmum—Verum
1533 3245 1597 3282 ne
1628 3245 1930 3287 sermonem
1951 3231 2138 3300 produ-

546 3328 730 3367 tamus
759 3316 970 3384 longius
997 3358 1009 3379 ,
1041 3317 1128 3371 hic
1153 3320 1202 3373 ei
1233 3321 1389 3374 ﬁnem
1420 3320 1785 3389 imponamus;
1815 3322 1941 3376 illud
1974 3339 2136 3378 unum

547 3414 762 3458 orantes
792 3407 1064 3461 caritatem
1112 3420 1342 3464 vestram
1369 3453 1384 3475 ,
1440 3422 1497 3465 ut
1547 3424 1779 3467 mentem
1820 3414 1947 3481 justi
1993 3416 2136 3471 illius

549 3497 847 3552 imitemini.
906 3501 1110 3553 Etenim
1159 3503 1594 3558 absurdissimum
1623 3514 1761 3560 esset
1788 3548 1801 3569 ,
1832 3509 1875 3559 si
1902 3524 2020 3562 cum
2049 3509 2132 3575 ju-

548 3598 663 3640 stus
688 3590 792 3653 ille,
825 3590 889 3641 de
914 3602 1053 3644 terra
1106 3595 1158 3647 in
1196 3604 1391 3647 terram
1421 3610 1658 3661 vocatus,
1704 3608 1899 3651 mtuam
1941 3615 2047 3667 pm
2077 3617 2134 3655 se

549 3680 731 3732 tulerit
770 3680 1148 3748 obedientiam,
1182 3696 1234 3737 et
1282 3700 1456 3754 neque
1502 3698 1771 3753 senectus,
1818 3705 1988 3759 neque
2030 3693 2133 3746 alia

548 3785 665 3833 qua:
695 3776 1126 3825 enumeravimm
1168 3778 1611 3842 prmpedimcnta,
1640 3796 1809 3848 neque
1836 3791 2132 3849 temporum

549 3862 851 3923 iliﬁirultas,
880 3880 1049 3932 neque
1085 3866 1183 3917 ulta
1218 3870 1339 3929 alia,
1364 3884 1481 3935 qua!
1505 3876 1757 3923 remorari
1792 3873 1841 3941 ip
1876 3891 1960 3926 um
1982 3892 2135 3941 posse

552 3953 885 4019 videbantur,
940 3956 1002 4006 ad
1055 3960 1406 4012 obedieeiutu
1459 3961 1745 4013 tardiorem
1793 3979 1911 4016 cum
1962 3966 2136 4020 facere

553 4053 850 4107 plillh‘i'lltt;
883 4054 972 4095 snt
1000 4048 1243 4099 omnibus
1276 4050 1500 4102 vinculis
1532 4054 1721 4115 ruptis,
1755 4056 2047 4107 cucurrerit
2081 4066 2135 4109 ct

549 4132 876 4185 testinaverit
905 4150 1090 4201 senex,
1124 4138 1269 4199 (μικεὶ
1314 4138 1525 4204 juvenis
1573 4140 1855 4205 resumptis
1912 4144 2132 4209 viribus,

545 4238 664 4271 cum
690 4234 943 4279 tixore,et
992 4223 1166 4278 fratris
1218 4228 1343 4289 lilio,
1375 4238 1427 4279 ct
1472 4229 1679 4282 famulis
1705 4272 1717 4282 .
1754 4248 1799 4283 ω
1858 4234 2135 4295 perlicicns

545 4310 706 4375 operi:
746 4328 881 4377 quod
913 4316 1009 4365 subi
1040 4334 1066 4364 ιι
1114 4318 1215 4369 ina
1241 4318 1611 4372 demandatum
1643 4332 1753 4373 erat
1794 4365 1803 4372 .
1837 4340 1931 4377 irtS
1955 4336 2129 4377 autem

545 4404 631 4468 qui
665 4420 763 4455 non
798 4403 863 4457 de
896 4415 1031 4459 ter":
1062 4408 1111 4460 iu
1162 4420 1357 4461 teriam
1388 4426 1638 4465 vocamur
1660 4456 1672 4473 ,
1707 4416 1797 4467 seu
1828 4414 2055 4470 ilu’terra
2082 4421 2131 4471 in

547 4496 753 4553 ctutum,
790 4515 893 4549 non
944 4502 1185 4553 eamdem
1242 4504 1395 4567 quam
1444 4505 1531 4557 ille
1578 4506 1751 4571 justus
1806 4510 2131 4563 alacritatem

547 4585 843 4638 nlieiiicmlo
889 4590 1274 4655 cxhibcamus,
1322 4594 1412 4644 sed
1462 4594 1675 4662 frigidas
1727 4600 2033 4665 plerumque
2081 4612 2133 4653 ct

548 4676 757 4729 inutiles
781 4690 1126 4743 pratlizxutnus
1166 4697 1387 4739 Causas:
1420 4696 1470 4735 et
1501 4700 1670 4751 neque
1713 4702 1807 4738 nos
1844 4690 2134 4752 promisso--

549 4779 663 4816 rum
692 4767 1017 4833 magnitudo,
1053 4786 1218 4836 neque
1275 4773 1555 4826 visibilium
1602 4790 1778 4827 rerum
1810 4780 2010 4841 vilitas,
2042 4796 2131 4833 ne-

546 4870 650 4920 que
694 4858 831 4922 (mod
881 4869 1107 4913 terrena:
1140 4861 1237 4912 illa:
1278 4866 1381 4915 sint
1421 4872 1474 4917 et
1516 4875 1922 4929 momentanem,
1959 4885 2131 4934 nequc

546 4946 1039 5015 vocantisdignitas
1063 4952 1195 5003 adeo
1241 4954 1469 5006 attrahat
1499 4971 1511 5005 :
1540 4953 1630 5007 sed
1660 4956 1793 5009 adeo
1838 4958 2004 5012 simus
2041 4974 2133 5011 ne—

547 5034 831 5102 gligentcs,
866 5048 920 5090 ut
969 5039 1312 5106 prasferamus
1362 5052 1733 5098 momentanea
1778 5063 1990 5116 semper
2023 5065 2131 5101 ma-

548 5126 815 5191 nentibus,
871 5139 1067 5182 terram
1117 5135 1267 5195 caelo,
1315 5148 1375 5185 ea
1419 5148 1539 5202 qua:
1593 5136 1807 5190 avolant
1849 5149 2130 5209 antequam

547 5214 873 5283 habeantur,
904 5220 967 5273 iis
997 5236 1114 5290 qua:
1140 5239 1421 5292 numquam
1454 5224 1612 5280 finem
1631 5228 1869 5296 accipere
1892 5244 2128 5299 possunt.

544 5307 829 5374 Quousque
856 5311 996 5363 enim
1025 5352 1039 5373 ,
1067 5312 1153 5366 dic
1174 5355 1188 5375 ,
1218 5329 1418 5382 quatso,
1451 5317 1519 5370 ita
1550 5317 1873 5374 insaniemus
1899 5324 1948 5377 in
1975 5326 2129 5378 colli-

547 5398 732 5461 uendis
780 5404 1058 5467 pecuniis?
1104 5421 1224 5473 qua:
1275 5407 1445 5461 rabies
1481 5409 1624 5477 cogit
1663 5412 1899 5479 quotidie
1940 5430 1969 5466 a
2026 5426 2129 5477 tam

552 5487 772 5540 molesta
804 5495 1230 5560 concupiscentia
1263 5495 1518 5562 infestari,
1545 5507 1599 5553 et
1621 5516 1905 5567 numquam
1927 5506 2128 5571 satiari,

551 5574 640 5656 sui
664 5576 899 5633 deterius
925 5580 1117 5638 habere
1142 5602 1300 5653 qumn
1327 5588 1413 5656 qui
1446 5599 1562 5641 sunt
1612 5590 1788 5644 ebrii?
1826 5592 1956 5647 Nam
1995 5594 2131 5651 sicut

554 5655 628 5718 illi
656 5673 861 5730 quanto
895 5673 1060 5744 magis
1089 5691 1235 5731 utero
1276 5655 1355 5731 se,
1386 5678 1717 5749 distendunt,
1772 5692 1916 5745 tanto
1961 5688 2126 5758 magis

2257 407 2480 480 ﬂagrant
2514 411 2624 477 sui,
2645 420 2698 466 et
2722 412 2992 469 caminum
3028 412 3361 471 succendunt
3399 415 3704 485 graviorem
3731 432 3744 467 :
3776 417 3852 471 ita

2258 499 2510 554 nimirum
2550 509 2605 555 et
2635 502 2722 555 isti
2762 501 2853 571 qui
2881 516 3001 557 sese
3044 503 3306 574 tyrannidi
3336 502 3573 559 avaritias
3597 504 3852 573 subjeee-

2255 602 2379 645 runt
2406 632 2422 657 ,
2484 592 2685 646 nullum
2730 592 3151 663 conatpisccndi
3213 594 3372 650 linem
3422 594 3621 649 iaciunt
3668 599 3697 649 ':
3752 594 3852 649 sed

2251 692 2454 751 quanto
2489 684 2638 752 plura
2665 680 2908 748 afﬂuunt,
2931 693 3083 740 tanto
3113 684 3282 757 magis
3309 684 3521 741 ﬂamma
3546 686 3767 749 crescit,
3797 695 3855 741 et

2252 775 2495 827 caminus
2520 771 2671 829 ardet
2699 773 2945 828 validius.
2986 773 3103 830 Non
3129 776 3371 832 videmus
3385 777 3529 848 quod
3558 777 3593 832 ii
3613 776 3709 847 qui
3724 787 3855 832 ante

2253 877 2353 917 nos
2380 862 2548 930 fuere,
2574 863 2814 933 quamvis
2844 864 3229 934 propemodum
3278 870 3441 922 totius
3468 867 3619 923 orbis
3642 866 3852 922 domini

2252 964 2456 1019 essent,
2485 954 2613 1009 nudi
2639 963 2693 1010 et
2719 955 2942 1011 solitarii
2970 969 3037 1012 ex
3065 955 3167 1011 hac
3197 956 3305 1012 vita
3329 959 3537 1029 abrepti
3565 970 3715 1024 sunt,
3748 961 3853 1017 hoc

2252 1042 2424 1097 Solum
2472 1043 2597 1099 inde
2633 1046 2949 1114 consequuti
2985 1046 3128 1117 quod
3178 1047 3413 1104 rationes
3452 1061 3509 1104 et
3544 1064 3724 1121 pinnae
3756 1067 3855 1121 pro

2252 1136 2499 1191 omnibus
2528 1136 2635 1191 illic
2665 1136 2734 1192 ab
2756 1138 2837 1192 eis
2860 1134 3137 1209 exigendae
3160 1141 3309 1195 sint?
3343 1141 3409 1195 Et
3429 1140 3645 1212 quidem
3672 1157 3853 1211 53!)th-

2251 1240 2476 1279 numero
2510 1224 2707 1282 diversi
2751 1225 3035 1283 facultates
3073 1243 3261 1286 eorum
3294 1228 3440 1287 inter
3472 1248 3534 1288 se
3558 1232 3853 1289 distribue-

2253 1324 2412 1368 runt:
2445 1325 2661 1384 peCeata
2687 1326 2866 1371 autem
2912 1332 2980 1374 ex
3029 1318 3133 1375 illis
3169 1328 3444 1377 contracta
3498 1324 3613 1394 ipse
3665 1323 3852 1379 solum
3886 1375 3896 1380 -

2250 1419 2433 1460 secum
2463 1407 2730 1475 auferens,
2770 1406 3031 1475 abscedit,
3061 1419 3117 1465 et
3143 1427 3240 1479 pro
3264 1412 3329 1468 iis
3356 1428 3561 1484 magna!
3604 1413 3853 1485 indigna-

2253 1496 2408 1551 tionis
2437 1497 2693 1568 supplicia
2717 1500 3008 1561 sustinens,
3035 1501 3402 1558 consolatione
3428 1503 3662 1573 undique
3679 1508 3855 1561 desti-

2251 1589 2432 1641 tuitur.
2462 1588 2639 1654 Quare
2670 1588 2847 1657 igitur,
2865 1589 2969 1657 dic,
2996 1606 3095 1645 oro
3122 1631 3140 1657 ,
3166 1601 3275 1647 tam
3302 1593 3630 1664 negligentes
3647 1596 3853 1652 salutis

2250 1690 2468 1747 nostrae,
2497 1682 2569 1739 ita
2595 1684 2833 1753 segniter
2856 1684 3050 1738 animm
3074 1693 3273 1740 nostra:
3299 1686 3631 1741 consulimus
3648 1730 3662 1751 ,
3686 1688 3854 1757 quasi

2250 1773 2422 1831 aliena
2450 1782 2628 1839 esset,
2655 1784 2713 1829 et
2739 1791 2844 1828 non
2866 1784 3051 1830 nostra
3068 1776 3095 1828 ?
3121 1774 3237 1830 Non
3265 1777 3420 1831 audis
3446 1778 3719 1832 Christum
3748 1779 3845 1832 di-

2250 1873 2458 1919 ccntem
2489 1882 2503 1918 :
2530 1863 2695 1932 Quam
2723 1866 2863 1919 dabit
2914 1865 3067 1921 homo
3104 1869 3545 1923 commutationem
3590 1887 3683 1940 pro
3724 1871 3857 1923 aui-

2249 1971 2334 2006 ma
2379 1971 2471 2007 sua
2502 1953 2716 2028 (Matth.
2768 1956 2859 2012 16.
2902 1955 3035 2027 28)?
3067 1957 3134 2013 Et
3178 1959 3371 2016 marum
3403 1976 3419 2013 :
3454 1962 3589 2028 Quid
3633 1962 3856 2032 prodat

2248 2042 2500 2097 hominisi
2529 2052 2687 2097 totum
2718 2044 3233 2114 ninndum'lucretur,
3281 2050 3467 2105 animi:
3517 2063 3681 2106 autem
3734 2069 3855 2109 sua

2247 2132 2596 2186 detrimentum
2645 2135 2872 2201 patiatur
2913 2137 2942 2190 .’
2989 2136 3127 2191 Num
3180 2140 3453 2211 quidpiam
3501 2141 3662 2198 habes
3712 2142 3856 2198 huic

2246 2221 2712 2292 :equiparandum‘!
2739 2225 2959 2282 Etiamsi
3005 2235 3173 2284 Ictum
3216 2231 3403 2286 orbem
3432 2232 3667 2299 dixeris,
3702 2233 3854 2291 nihil

2247 2314 2411 2369 dices.
2441 2317 2570 2382 Qua:
2597 2316 2740 2371 cnim
2788 2318 3020 2386 utilitas,
3057 2321 3197 2376 sicut
3221 2322 3356 2377 dixit
3374 2322 3633 2392 Christus,
3664 2334 3855 2382 totum

2248 2406 2500 2461 mundum
2524 2407 2857 2472 lucrifacere,
2886 2414 3081 2465 anima».
3107 2424 3286 2468 autem
3306 2414 3676 2473 detrimentum
3700 2421 3855 2489 pati,

2245 2512 2347 2566 qua
2395 2497 2524 2552 nihil
2558 2501 2713 2555 nobis
2753 2504 2922 2571 magis
2968 2505 3285 2573 proprium?
3317 2506 3508 2563 Verum
3556 2525 3670 2564 eam
3715 2527 3857 2581 qua:

2247 2598 2351 2644 tam
2374 2592 2602 2659 pretiosa
2622 2602 2724 2660 est,
2744 2594 2897 2663 cujus
2933 2604 3133 2651 tantam
3159 2613 3343 2655 curam
3370 2614 3528 2672 agerc
3554 2602 3854 2671 debemus,

2246 2692 2303 2736 ut
2326 2683 2454 2737 nihil
2484 2685 2556 2738 illi
2586 2687 2820 2756 praeferri
2843 2687 3055 2751 debeat,
3087 2690 3165 2744 sic
3191 2690 3545 2761 despicimus,
3577 2700 3855 2765 utquoti-

2245 2772 2331 2827 die
2356 2774 2686 2844 discerpatur
2704 2817 2719 2841 ,
2751 2786 2805 2830 et
2829 2777 3098 2833 interdum
3124 2779 3195 2833 ab
3225 2782 3444 2837 avaritia
3488 2784 3812 2841 obsideatur
3834 2830 3853 2850 .

2242 2862 2526 2930 aliquando
2552 2881 2583 2920 a
2608 2867 2820 2921 luxuria
2847 2869 3147 2936 laceretur,
3185 2871 3453 2927 interdum
3483 2874 3549 2929 ab
3590 2875 3664 2929 ira
3696 2893 3852 2933 erin-

2243 2952 2510 3019 fundatur,
2534 2966 2587 3011 et
2605 2973 2636 3011 a
2665 2957 2889 3030 singulis
2915 2958 3202 3018 aﬂectibus
3219 2965 3558 3021 multifariam
3579 2978 3847 3037 vexetur,

2242 3056 2296 3099 et
2334 3047 2531 3099 nullam
2561 3050 2639 3102 vel
2679 3063 2802 3103 sero
2850 3050 3063 3106 tandem
3106 3053 3247 3108 illius
3276 3069 3521 3123 geramus
3568 3060 3850 3117 Sollicitu-

2243 3135 2421 3194 dinem
2445 3138 2464 3190 ?
2491 3134 2620 3205 Quis
2644 3154 2742 3194 nos
2766 3141 2991 3209 posthac
3014 3142 3322 3213 dignabitur
3345 3149 3517 3212 venia,
3546 3156 3597 3204 et
3624 3153 3693 3205 ab
3727 3154 3849 3208 im-

2244 3230 2480 3284 minente
2521 3231 2781 3300 supplicio
2808 3233 3041 3304 eripiet?
3070 3235 3306 3304 idcirco,
3338 3239 3595 3306 obsecro,
3625 3255 3683 3297 ut
3705 3245 3849 3301 dum

2244 3330 2453 3389 tempus
2475 3322 2752 3389 habemus,
2783 3324 3123 3397 detergamus
3143 3330 3257 3397 ejus
3286 3332 3477 3386 sordes
3502 3334 3661 3403 largis
3686 3338 3849 3392 cloe-

2245 3415 2518 3483 mosynis,
2575 3424 2629 3468 et
2675 3412 2781 3470 illis
2830 3426 3168 3485 peccatorum
3212 3433 3512 3476 nostrorum
3567 3426 3849 3483 ﬂammam

2240 3504 2660 3572 exstiuguamus.
2706 3504 2888 3575 Ignem
2920 3510 3064 3562 enim
3088 3551 3101 3575 ,
3134 3510 3336 3579 inquit,
3365 3514 3619 3573 ardentem
3646 3523 3850 3570 crstin-

2240 3605 2353 3663 guet
2398 3612 2545 3662 aqua,
2579 3608 2837 3663 peccatum
2862 3613 2977 3652 vero
3006 3602 3335 3670 eleemosynis
3361 3615 3610 3674 purgatur
3640 3606 3843 3675 (Ecdi.

2241 3686 2291 3738 5.
2324 3686 2432 3753 55).
2464 3685 2603 3740 Nihil
2634 3685 2775 3741 enim
2807 3704 3027 3757 prorsus
3056 3691 3276 3759 perinde
3316 3709 3415 3747 nos
3457 3695 3695 3752 eximere
3742 3716 3845 3765 pot

2243 3783 2346 3828 test
2394 3792 2420 3829 a
2470 3778 2710 3840 gebenna
2765 3780 2921 3850 ignis.
2971 3790 3132 3850 atque
3183 3784 3403 3854 largitas
3455 3789 3841 3860 cleemosynuu

2241 3865 2397 3920 istam
2421 3883 2461 3921 Sl
2488 3870 2886 3929 praesumimus
2910 3872 3200 3928 secundum
3232 3877 3377 3944 leges
3405 3892 3435 3928 a
3465 3879 3694 3935 Domino
3726 3893 3843 3934 tra-

2242 3959 2398 4019 ditas.
2424 3976 2611 4026 iii-inite
2636 3961 2767 4014 nihil
2795 3962 2859 4016 ad
2897 3966 3308 4019 ostentationem
3339 3968 3614 4031 facientes,
3648 3973 3742 4025 sed
3767 3978 3843 4027 ub

2242 4068 2476 4105 amorem
2512 4056 2558 4106 in
2592 4054 2790 4118 Deum,
2827 4056 3116 4123 poterimus
3146 4069 3199 4113 et
3228 4071 3570 4127 peccatorum
3622 4078 3837 4121 nostro-

2242 4159 2356 4199 rum
2383 4144 2613 4197 n-iwulas
2634 4146 2869 4209 abluere,
2899 4155 2952 4199 et
2975 4147 3207 4201 divinam
3234 4150 3657 4207 misericordiam
3686 4172 3838 4209 asse-

2242 4236 2349 4301 qui,
2379 4236 2543 4299 gratia
2574 4248 2621 4286 et
2653 4238 3078 4295 n‘iiscrationihus
3119 4241 3375 4307 unigcniu
3401 4242 3522 4297 Filii
3555 4246 3667 4313 (‘jila
3704 4290 3715 4311 ,
3752 4251 3838 4301 cui

2241 4341 2359 4376 cum
2406 4328 2557 4378 l‘ctrc-
2590 4336 2641 4381 et
2679 4337 2864 4383 sancto
2908 4329 3107 4397 Spiritu
3135 4332 3203 4385 sit
3248 4333 3438 4399 gloria,
3470 4336 3752 4403 ilD|lt‘rllllii
3783 4352 3839 4395 et

2243 4418 2619 4478 lintmr,.1-umz
2672 4429 2725 4472 et
2780 4436 3009 4488 semper,
3048 4430 3102 4477 et
3146 4422 3196 4476 in
3242 4429 3434 4479 stt-cuia
3486 4432 3833 4487 SJCilithlm.

2241 4508 2423 4560 Anien

2770 4596 3046 4654 iiOMlLlA
3086 4598 3299 4656 XXXII.

2245 4730 2307 4783 Et
2338 4733 2468 4785 visus
2513 4742 2582 4787 est
2626 4732 2875 4791 Dominus
2914 4736 3099 4804 Abraz,
3129 4747 3178 4792 ct
3217 4740 3346 4793 dixit
3385 4743 3432 4794 ei
3461 4759 3480 4796 :
3507 4743 3706 4798 Semiui
3747 4760 3835 4801 mo

2310 4826 2437 4876 dabo
2467 4836 2649 4877 terram
2686 4826 2851 4892 hanc;
2890 4836 2937 4881 et
2971 4830 3218 4884 exstruxit
3254 4833 3320 4884 ibi
3359 4837 3523 4889 altore
3564 4835 3783 4893 Domino
3814 4883 3826 4901 ,

2312 4916 2395 4981 qui
2422 4917 2551 4968 visus
2582 4926 2655 4968 est
2684 4917 2729 4969 ei
2753 4915 2905 4985 (Gai.
2937 4918 3023 4972 12.
3053 4918 3131 4988 7).

2313 5046 2361 5098 1.
2405 5044 2508 5096 Cur
2550 5046 2762 5099 noluerit
2805 5045 2945 5102 Dm
2986 5048 3178 5103 claram
3220 5068 3326 5106 esse
3370 5054 3715 5126 Scripturam.
3759 5096 3830 5108 --

2239 5136 2430 5191 Multus
2452 5149 2500 5191 ct
2527 5138 2817 5192 immensus
2842 5140 2893 5193 in
2917 5140 2981 5195 iis
3000 5182 3013 5203 ,
3035 5157 3156 5212 qua:
3176 5146 3332 5212 paulo
3352 5161 3476 5201 ante
3495 5163 3622 5206 sunt
3654 5158 3787 5210 lerta
3811 5200 3828 5223 ,

2239 5229 2520 5283 thesaurus
2540 5233 2686 5295 latet,
2704 5232 3050 5296 dilectissimi,
3070 5246 3125 5290 et
3143 5254 3277 5305 opus
3295 5248 3377 5292 est
3399 5241 3599 5298 intenta
3622 5257 3827 5315 urente,

2237 5322 2519 5389 sobriaqnc
2545 5332 2597 5373 et
2624 5323 2854 5391 vigilanti
2888 5325 3112 5392 ratione,
3144 5328 3211 5381 ita
3245 5339 3302 5383 ut
3330 5332 3458 5384 nihil
3486 5349 3675 5389 eorum
3704 5355 3829 5408 (ιιι-ιε

2237 5412 2287 5473 in
2318 5411 2563 5465 brevibus
2589 5413 2762 5466 verbis
2793 5416 2976 5478 latent,
3002 5431 3100 5470 nos
3122 5429 3420 5486 pmtercat.
3446 5421 3581 5478 Nam
3607 5439 3826 5496 propter

2236 5502 2334 5554 hoc
2362 5513 2414 5556 ct
2444 5504 2748 5557 misericors
2782 5504 2919 5560 Deus
2945 5522 3049 5562 non
3087 5506 3230 5564 facili
3259 5522 3312 5565 et
3353 5516 3712 5581 pertimctoria
3744 5522 3824 5577 le-

2234 5592 2410 5647 ctione
2430 5594 2592 5647 voluit
2619 5594 2769 5647 nobis
2797 5598 2971 5651 omnia
2993 5614 3112 5669 quae
3142 5600 3195 5652 in
3225 5599 3514 5671 Scriptnris
3542 5612 3823 5663 cmitineu-

2238 5697 2321 5742 tur
2347 5728 2362 5755 ,
2397 5689 2672 5747 manifesta
2700 5698 2752 5746 ct
2783 5691 3056 5761 perspicua
3087 5708 3205 5748 esse
3232 5734 3245 5759 ,
3274 5705 3332 5751 ut
3354 5713 3581 5755 excussa
3605 5718 3817 5758 somno-
