  <div class='ocr_page' id='page_1' title='image "/cluster/home/n/w/nwhite01/storage/ocr_20150623/53/pst.000005712526/293.png"; bbox 0 0 4054 6324; ppageno 0'>
   <div class='ocr_carea' id='block_1_1' title="bbox 577 332 686 389">
    <p class='ocr_par' dir='ltr' id='par_1_1' title="bbox 577 332 686 389">
     <span class='ocr_line' id='line_1_1' title="bbox 577 332 686 389; baseline 0.037 -4"><span class='ocrx_word' id='word_1_1' title='bbox 577 332 686 389; x_wconf 57' lang='grc' dir='ltr'>ξοδ</span> 
     </span>
    </p>
   </div>
   <div class='ocr_carea' id='block_1_2' title="bbox 572 440 2132 516">
    <p class='ocr_par' dir='ltr' id='par_1_2' title="bbox 572 440 2132 516">
     <span class='ocr_line' id='line_1_2' title="bbox 572 440 2132 516; baseline 0.001 -21"><span class='ocrx_word' id='word_1_2' title='bbox 572 459 743 512; x_wconf 87' lang='grc' dir='ltr'>μενοι,</span> <span class='ocrx_word' id='word_1_3' title='bbox 779 440 923 494; x_wconf 74' lang='grc' dir='ltr'>οὕτω</span> <span class='ocrx_word' id='word_1_4' title='bbox 960 443 1060 512; x_wconf 81' lang='grc' dir='ltr'>τὴν</span> <span class='ocrx_word' id='word_1_5' title='bbox 1090 441 1151 508; x_wconf 76' lang='grc' dir='ltr'>ἐξ</span> <span class='ocrx_word' id='word_1_6' title='bbox 1194 444 1372 501; x_wconf 82' lang='grc' dir='ltr'>αὐτῶν</span> <span class='ocrx_word' id='word_1_7' title='bbox 1399 444 1664 512; x_wconf 82' lang='grc' dir='ltr'>ὠφέλειαν</span> <span class='ocrx_word' id='word_1_8' title='bbox 1696 443 2132 516; x_wconf 82' lang='grc' dir='ltr'>καρπωσώμεθα.</span> 
     </span>
    </p>
   </div>
   <div class='ocr_carea' id='block_1_3' title="bbox 568 523 2137 597">
    <p class='ocr_par' dir='ltr' id='par_1_3' title="bbox 568 523 2137 597">
     <span class='ocr_line' id='line_1_3' title="bbox 568 523 2137 597; baseline 0.002 -18"><span class='ocrx_word' id='word_1_9' title='bbox 568 523 740 579; x_wconf 81' lang='grc' dir='ltr'>Εῖωθε</span> <span class='ocrx_word' id='word_1_10' title='bbox 770 524 878 593; x_wconf 84' lang='grc' dir='ltr'>γάρ</span> <span class='ocrx_word' id='word_1_11' title='bbox 906 541 1019 587; x_wconf 89' lang='grc' dir='ltr'>πως</span> <span class='ocrx_word' id='word_1_12' title='bbox 1050 524 1119 577; x_wconf 88' lang='grc' dir='ltr'>τά</span> <span class='ocrx_word' id='word_1_13' title='bbox 1149 527 1247 594; x_wconf 66' lang='grc' dir='ltr'>μὲν</span> <span class='ocrx_word' id='word_1_14' title='bbox 1277 526 1414 594; x_wconf 84' lang='grc' dir='ltr'>μετά</span> <span class='ocrx_word' id='word_1_15' title='bbox 1433 527 1593 579; x_wconf 89' lang='grc' dir='ltr'>πόνου</span> <span class='ocrx_word' id='word_1_16' title='bbox 1624 526 1717 579; x_wconf 77' lang='grc' dir='ltr'>καὶ</span> <span class='ocrx_word' id='word_1_17' title='bbox 1733 525 2012 597; x_wconf 74' lang='grc' dir='ltr'>ζητήσεως</span> <span class='ocrx_word' id='word_1_18' title='bbox 2045 524 2137 582; x_wconf 75' lang='grc' dir='ltr'>εύο</span> 
     </span>
    </p>
   </div>
   <div class='ocr_carea' id='block_1_4' title="bbox 566 604 2140 677">
    <p class='ocr_par' dir='ltr' id='par_1_4' title="bbox 566 604 2140 677">
     <span class='ocr_line' id='line_1_4' title="bbox 566 604 2140 677; baseline 0.001 -20"><span class='ocrx_word' id='word_1_19' title='bbox 566 604 863 675; x_wconf 87' lang='grc' dir='ltr'>ρισκόμενα</span> <span class='ocrx_word' id='word_1_20' title='bbox 897 606 1095 677; x_wconf 74' lang='grc' dir='ltr'>μᾶλλον</span> <span class='ocrx_word' id='word_1_21' title='bbox 1118 608 1497 677; x_wconf 82' lang='grc' dir='ltr'>ἐμπήγνυσθαι</span> <span class='ocrx_word' id='word_1_22' title='bbox 1703 610 1769 677; x_wconf 74' lang='grc' dir='ltr'>τῇ</span> <span class='ocrx_word' id='word_1_23' title='bbox 1804 607 2011 677; x_wconf 68' lang='grc' dir='ltr'>διανοίᾳ</span> <span class='ocrx_word' id='word_1_24' title='bbox 2031 623 2046 638; x_wconf 76' lang='grc'><strong><em>⁸</em></strong></span> <span class='ocrx_word' id='word_1_25' title='bbox 2070 605 2140 659; x_wconf 88' lang='grc' dir='ltr'>τά</span> 
     </span>
    </p>
   </div>
   <div class='ocr_carea' id='block_1_5' title="bbox 564 686 2137 764">
    <p class='ocr_par' dir='ltr' id='par_1_5' title="bbox 564 686 2137 764">
     <span class='ocr_line' id='line_1_5' title="bbox 564 686 2137 764; baseline 0.002 -26"><span class='ocrx_word' id='word_1_26' title='bbox 564 686 623 738; x_wconf 85' lang='grc' dir='ltr'>δέ</span> <span class='ocrx_word' id='word_1_27' title='bbox 650 688 765 756; x_wconf 82' lang='grc' dir='ltr'>μετ’</span> <span class='ocrx_word' id='word_1_28' title='bbox 788 686 1055 750; x_wconf 82' lang='grc' dir='ltr'>εὐκολίας,</span> <span class='ocrx_word' id='word_1_29' title='bbox 1087 687 1277 744; x_wconf 78' lang='grc' dir='ltr'>θᾶττον</span> <span class='ocrx_word' id='word_1_30' title='bbox 1297 688 1635 757; x_wconf 85' lang='grc' dir='ltr'>ἀφίπτασθαι</span> <span class='ocrx_word' id='word_1_31' title='bbox 1664 690 1765 759; x_wconf 84' lang='grc' dir='ltr'>τῆς</span> <span class='ocrx_word' id='word_1_32' title='bbox 1791 688 2010 764; x_wconf 76' lang='grc' dir='ltr'>καρδίας</span> <span class='ocrx_word' id='word_1_33' title='bbox 2040 688 2137 759; x_wconf 84' lang='grc' dir='ltr'>τῆς</span> 
     </span>
    </p>
   </div>
   <div class='ocr_carea' id='block_1_6' title="bbox 564 767 2137 842">
    <p class='ocr_par' dir='ltr' id='par_1_6' title="bbox 564 767 2137 842">
     <span class='ocr_line' id='line_1_6' title="bbox 564 767 2137 842; baseline 0.004 -24"><span class='ocrx_word' id='word_1_34' title='bbox 564 767 857 839; x_wconf 83' lang='grc' dir='ltr'>ἡμετέρας.</span> <span class='ocrx_word' id='word_1_35' title='bbox 878 769 967 837; x_wconf 77' lang='grc' dir='ltr'>Μή</span> <span class='ocrx_word' id='word_1_36' title='bbox 994 769 1169 821; x_wconf 80' lang='grc' dir='ltr'>τοίνυν</span> <span class='ocrx_word' id='word_1_37' title='bbox 1189 769 1542 839; x_wconf 61' lang='grc' dir='ltr'>ῥᾳθυμῶμεν,</span> <span class='ocrx_word' id='word_1_38' title='bbox 1569 770 1887 842; x_wconf 81' lang='grc' dir='ltr'>παρακαλῶ,</span> <span class='ocrx_word' id='word_1_39' title='bbox 1909 769 2041 824; x_wconf 85' lang='grc' dir='ltr'>ἀλλά</span> <span class='ocrx_word' id='word_1_40' title='bbox 2055 768 2137 825; x_wconf 82' lang='grc' dir='ltr'>δ.-</span> 
     </span>
    </p>
   </div>
   <div class='ocr_carea' id='block_1_7' title="bbox 565 850 2138 924">
    <p class='ocr_par' dir='ltr' id='par_1_7' title="bbox 565 850 2138 924">
     <span class='ocr_line' id='line_1_7' title="bbox 565 850 2138 924; baseline -0.001 -21"><span class='ocrx_word' id='word_1_41' title='bbox 565 850 867 922; x_wconf 88' lang='grc' dir='ltr'>εγείρωμεν</span> <span class='ocrx_word' id='word_1_42' title='bbox 888 850 1042 921; x_wconf 89' lang='grc' dir='ltr'>ἡμῶν</span> <span class='ocrx_word' id='word_1_43' title='bbox 1064 851 1154 907; x_wconf 84' lang='grc' dir='ltr'>τὸν</span> <span class='ocrx_word' id='word_1_44' title='bbox 1173 851 1450 922; x_wconf 81' lang='grc' dir='ltr'>λογισμὸν,</span> <span class='ocrx_word' id='word_1_45' title='bbox 1470 852 1719 924; x_wconf 80' lang='grc' dir='ltr'>καὶπρὸς</span> <span class='ocrx_word' id='word_1_46' title='bbox 1739 854 1799 905; x_wconf 86' lang='grc' dir='ltr'>τὸ</span> <span class='ocrx_word' id='word_1_47' title='bbox 1823 852 1983 923; x_wconf 83' lang='grc' dir='ltr'>βάθος</span> <span class='ocrx_word' id='word_1_48' title='bbox 2006 850 2138 904; x_wconf 82' lang='grc' dir='ltr'>αὑτὸ</span> 
     </span>
    </p>
   </div>
   <div class='ocr_carea' id='block_1_8' title="bbox 563 930 2137 1005">
    <p class='ocr_par' dir='ltr' id='par_1_8' title="bbox 563 930 2137 1005">
     <span class='ocr_line' id='line_1_8' title="bbox 563 930 2137 1005; baseline -0.001 -20"><span class='ocrx_word' id='word_1_49' title='bbox 563 932 673 985; x_wconf 88' lang='grc' dir='ltr'>τῶν</span> <span class='ocrx_word' id='word_1_50' title='bbox 702 930 1098 1001; x_wconf 84' lang='grc' dir='ltr'>γεγραμμένων</span> <span class='ocrx_word' id='word_1_51' title='bbox 1120 932 1421 1004; x_wconf 75' lang='grc' dir='ltr'>ὁλοσχερῶς</span> <span class='ocrx_word' id='word_1_52' title='bbox 1445 935 1919 1005; x_wconf 86' lang='grc' dir='ltr'>κατοπτεὺσωμεν,</span> <span class='ocrx_word' id='word_1_53' title='bbox 1943 933 2029 990; x_wconf 79' lang='grc' dir='ltr'>ἵνα</span> <span class='ocrx_word' id='word_1_54' title='bbox 2048 932 2137 985; x_wconf 77' lang='grc' dir='ltr'>δυσ</span> 
     </span>
    </p>
   </div>
   <div class='ocr_carea' id='block_1_9' title="bbox 565 1014 2133 1084">
    <p class='ocr_par' dir='ltr' id='par_1_9' title="bbox 565 1014 2133 1084">
     <span class='ocr_line' id='line_1_9' title="bbox 565 1014 2133 1084; baseline 0.001 -18"><span class='ocrx_word' id='word_1_55' title='bbox 565 1014 813 1084; x_wconf 81' lang='grc' dir='ltr'>νηθῶμεν</span> <span class='ocrx_word' id='word_1_56' title='bbox 837 1014 1189 1084; x_wconf 85' lang='grc' dir='ltr'>κερδάναντές</span> <span class='ocrx_word' id='word_1_57' title='bbox 1206 1031 1260 1068; x_wconf 88' lang='grc' dir='ltr'>τι</span> <span class='ocrx_word' id='word_1_58' title='bbox 1283 1016 1444 1068; x_wconf 87' lang='grc' dir='ltr'>πλέον</span> <span class='ocrx_word' id='word_1_59' title='bbox 1470 1016 1738 1081; x_wconf 78' lang='grc' dir='ltr'>ἐντεῦθεν,</span> <span class='ocrx_word' id='word_1_60' title='bbox 1758 1017 1927 1079; x_wconf 82' lang='grc' dir='ltr'>οὕτως</span> <span class='ocrx_word' id='word_1_61' title='bbox 1954 1015 2133 1069; x_wconf 69' lang='grc' dir='ltr'>οἴκαδε</span> 
     </span>
    </p>
   </div>
   <div class='ocr_carea' id='block_1_10' title="bbox 566 1096 2134 1170">
    <p class='ocr_par' dir='ltr' id='par_1_10' title="bbox 566 1096 2134 1170">
     <span class='ocr_line' id='line_1_10' title="bbox 566 1096 2134 1170; baseline 0.001 -22"><span class='ocrx_word' id='word_1_62' title='bbox 566 1096 898 1149; x_wconf 83' lang='grc' dir='ltr'>ἐπανελθεῖν.</span> <span class='ocrx_word' id='word_1_63' title='bbox 929 1097 1037 1150; x_wconf 77' lang='grc' dir='ltr'>Καὶ</span> <span class='ocrx_word' id='word_1_64' title='bbox 1059 1098 1167 1169; x_wconf 89' lang='grc' dir='ltr'>γάρ</span> <span class='ocrx_word' id='word_1_65' title='bbox 1197 1099 1502 1169; x_wconf 88' lang='grc' dir='ltr'>πανήγυρίς</span> <span class='ocrx_word' id='word_1_66' title='bbox 1524 1100 1639 1151; x_wconf 82' lang='grc' dir='ltr'>ἐστι</span> <span class='ocrx_word' id='word_1_67' title='bbox 1671 1098 2011 1170; x_wconf 84' lang='grc' dir='ltr'>πνευματικὴ</span> <span class='ocrx_word' id='word_1_68' title='bbox 2040 1096 2134 1150; x_wconf 88' lang='grc' dir='ltr'>τοῦ</span> 
     </span>
    </p>
   </div>
   <div class='ocr_carea' id='block_1_11' title="bbox 563 1178 2133 1252">
    <p class='ocr_par' dir='ltr' id='par_1_11' title="bbox 563 1178 2133 1252">
     <span class='ocr_line' id='line_1_11' title="bbox 563 1178 2133 1252; baseline 0.001 -21"><span class='ocrx_word' id='word_1_69' title='bbox 563 1178 698 1232; x_wconf 88' lang='grc' dir='ltr'>Θεοῦ</span> <span class='ocrx_word' id='word_1_70' title='bbox 740 1182 773 1249; x_wconf 88' lang='grc' dir='ltr'>ἡ</span> <span class='ocrx_word' id='word_1_71' title='bbox 809 1179 1089 1250; x_wconf 82' lang='grc' dir='ltr'>ἐκκλησία.</span> <span class='ocrx_word' id='word_1_72' title='bbox 1123 1180 1223 1232; x_wconf 69' lang='grc' dir='ltr'>καὶ</span> <span class='ocrx_word' id='word_1_73' title='bbox 1261 1182 1493 1252; x_wconf 86' lang='grc' dir='ltr'>ίατρεῖόν</span> <span class='ocrx_word' id='word_1_74' title='bbox 1530 1184 1646 1235; x_wconf 83' lang='grc' dir='ltr'>ἐστι</span> <span class='ocrx_word' id='word_1_75' title='bbox 1671 1182 1877 1252; x_wconf 75' lang='grc' dir='ltr'>ψυχῶν,</span> <span class='ocrx_word' id='word_1_76' title='bbox 1910 1181 2005 1235; x_wconf 73' lang='grc' dir='ltr'>καὶ</span> <span class='ocrx_word' id='word_1_77' title='bbox 2033 1180 2133 1245; x_wconf 85' lang='grc' dir='ltr'>δεῖ,</span> 
     </span>
    </p>
   </div>
   <div class='ocr_carea' id='block_1_12' title="bbox 564 1261 2135 1335">
    <p class='ocr_par' dir='ltr' id='par_1_12' title="bbox 564 1261 2135 1335">
     <span class='ocr_line' id='line_1_12' title="bbox 564 1261 2135 1335; baseline 0 -21"><span class='ocrx_word' id='word_1_78' title='bbox 564 1261 814 1331; x_wconf 86' lang='grc' dir='ltr'>καθάπερ</span> <span class='ocrx_word' id='word_1_79' title='bbox 845 1263 926 1323; x_wconf 86' lang='grc' dir='ltr'>είς</span> <span class='ocrx_word' id='word_1_80' title='bbox 955 1263 1260 1333; x_wconf 88' lang='grc' dir='ltr'>πανήγυριν</span> <span class='ocrx_word' id='word_1_81' title='bbox 1293 1266 1791 1335; x_wconf 87' lang='grc' dir='ltr'>παραγενομένους,</span> <span class='ocrx_word' id='word_1_82' title='bbox 1815 1262 2015 1335; x_wconf 79' lang='grc' dir='ltr'>πολλὴν</span> <span class='ocrx_word' id='word_1_83' title='bbox 2036 1262 2135 1333; x_wconf 82' lang='grc' dir='ltr'>τὴν</span> 
     </span>
    </p>
   </div>
   <div class='ocr_carea' id='block_1_13' title="bbox 564 1342 2135 1414">
    <p class='ocr_par' dir='ltr' id='par_1_13' title="bbox 564 1342 2135 1414">
     <span class='ocr_line' id='line_1_13' title="bbox 564 1342 2135 1414; baseline 0 -18"><span class='ocrx_word' id='word_1_84' title='bbox 564 1343 826 1414; x_wconf 78' lang='grc' dir='ltr'>εὐπορίαν</span> <span class='ocrx_word' id='word_1_85' title='bbox 845 1342 1094 1396; x_wconf 83' lang='grc' dir='ltr'>ἐντεῦθεν</span> <span class='ocrx_word' id='word_1_86' title='bbox 1116 1344 1495 1409; x_wconf 75' lang='grc' dir='ltr'>συλλέξαντας,</span> <span class='ocrx_word' id='word_1_87' title='bbox 1516 1345 1688 1410; x_wconf 81' lang='grc' dir='ltr'>οὑτως</span> <span class='ocrx_word' id='word_1_88' title='bbox 1716 1346 2016 1407; x_wconf 87' lang='grc' dir='ltr'>ἐπανιέναι,</span> <span class='ocrx_word' id='word_1_89' title='bbox 2040 1345 2135 1397; x_wconf 83' lang='grc' dir='ltr'>καὶ</span> 
     </span>
    </p>
   </div>
   <div class='ocr_carea' id='block_1_14' title="bbox 564 1424 2135 1499">
    <p class='ocr_par' dir='ltr' id='par_1_14' title="bbox 564 1424 2135 1499">
     <span class='ocr_line' id='line_1_14' title="bbox 564 1424 2135 1499; baseline 0.002 -22"><span class='ocrx_word' id='word_1_90' title='bbox 564 1424 814 1495; x_wconf 86' lang='grc' dir='ltr'>καθάπερ</span> <span class='ocrx_word' id='word_1_91' title='bbox 840 1428 923 1491; x_wconf 83' lang='grc' dir='ltr'>είς</span> <span class='ocrx_word' id='word_1_92' title='bbox 951 1427 1185 1495; x_wconf 81' lang='grc' dir='ltr'>ἰατρεῖον</span> <span class='ocrx_word' id='word_1_93' title='bbox 1212 1429 1583 1492; x_wconf 74' lang='grc' dir='ltr'>ἀπαντῶντας,</span> <span class='ocrx_word' id='word_1_94' title='bbox 1604 1428 1674 1482; x_wconf 80' lang='grc' dir='ltr'>τά</span> <span class='ocrx_word' id='word_1_95' title='bbox 1700 1428 2006 1499; x_wconf 80' lang='grc' dir='ltr'>κατάλληλα</span> <span class='ocrx_word' id='word_1_96' title='bbox 2022 1429 2135 1490; x_wconf 89' lang='grc' dir='ltr'>τοῖς</span> 
     </span>
    </p>
   </div>
   <div class='ocr_carea' id='block_1_15' title="bbox 563 1508 2131 1580">
    <p class='ocr_par' dir='ltr' id='par_1_15' title="bbox 563 1508 2131 1580">
     <span class='ocr_line' id='line_1_15' title="bbox 563 1508 2131 1580; baseline 0.002 -22"><span class='ocrx_word' id='word_1_97' title='bbox 563 1508 944 1576; x_wconf 75' lang='grc' dir='ltr'>ὑποκειμένοις</span> <span class='ocrx_word' id='word_1_98' title='bbox 978 1508 1172 1563; x_wconf 88' lang='grc' dir='ltr'>πάθεσι</span> <span class='ocrx_word' id='word_1_99' title='bbox 1210 1510 1477 1580; x_wconf 84' lang='grc' dir='ltr'>φάρμακα</span> <span class='ocrx_word' id='word_1_100' title='bbox 1510 1510 1771 1573; x_wconf 72' lang='grc' dir='ltr'>λαϐόντας</span> <span class='ocrx_word' id='word_1_101' title='bbox 1808 1511 2029 1576; x_wconf 82' lang='grc' dir='ltr'>ἐξιέναι.</span> <span class='ocrx_word' id='word_1_102' title='bbox 2048 1510 2131 1563; x_wconf 69' lang='grc' dir='ltr'>«οὑ</span> 
     </span>
    </p>
   </div>
   <div class='ocr_carea' id='block_1_16' title="bbox 563 1587 2131 1663">
    <p class='ocr_par' dir='ltr' id='par_1_16' title="bbox 563 1587 2131 1663">
     <span class='ocr_line' id='line_1_16' title="bbox 563 1587 2131 1663; baseline 0.001 -22"><span class='ocrx_word' id='word_1_103' title='bbox 563 1587 673 1658; x_wconf 86' lang='grc' dir='ltr'>γάρ</span> <span class='ocrx_word' id='word_1_104' title='bbox 708 1589 795 1642; x_wconf 76' lang='grc' dir='ltr'>δια</span> <span class='ocrx_word' id='word_1_105' title='bbox 839 1590 996 1643; x_wconf 88' lang='grc' dir='ltr'>τοῦτο</span> <span class='ocrx_word' id='word_1_106' title='bbox 1038 1591 1158 1644; x_wconf 85' lang='grc' dir='ltr'>καθ’</span> <span class='ocrx_word' id='word_1_107' title='bbox 1194 1592 1430 1661; x_wconf 89' lang='grc' dir='ltr'>ἐκάστην</span> <span class='ocrx_word' id='word_1_108' title='bbox 1476 1592 1685 1661; x_wconf 88' lang='grc' dir='ltr'>ἡμέραν</span> <span class='ocrx_word' id='word_1_109' title='bbox 1724 1590 2131 1663; x_wconf 85' lang='grc' dir='ltr'>συνεδρεύομεν,</span> 
     </span>
    </p>
   </div>
   <div class='ocr_carea' id='block_1_17' title="bbox 566 1670 2131 1746">
    <p class='ocr_par' dir='ltr' id='par_1_17' title="bbox 566 1670 2131 1746">
     <span class='ocr_line' id='line_1_17' title="bbox 566 1670 2131 1746; baseline 0.003 -25"><span class='ocrx_word' id='word_1_110' title='bbox 566 1671 653 1723; x_wconf 89' lang='grc' dir='ltr'>’ίνα</span> <span class='ocrx_word' id='word_1_111' title='bbox 672 1670 775 1733; x_wconf 85' lang='grc' dir='ltr'>τάς</span> <span class='ocrx_word' id='word_1_112' title='bbox 800 1673 933 1742; x_wconf 82' lang='grc' dir='ltr'>πρὸς</span> <span class='ocrx_word' id='word_1_113' title='bbox 954 1672 1214 1743; x_wconf 73' lang='grc' dir='ltr'>ἀλλήλους</span> <span class='ocrx_word' id='word_1_114' title='bbox 1240 1674 1525 1745; x_wconf 81' lang='grc' dir='ltr'>συντυχίας</span> <span class='ocrx_word' id='word_1_115' title='bbox 1548 1675 1731 1739; x_wconf 87' lang='grc' dir='ltr'>ἀπλῶς</span> <span class='ocrx_word' id='word_1_116' title='bbox 1752 1674 2131 1746; x_wconf 89' lang='grc' dir='ltr'>ποιησάμενοι,</span> 
     </span>
    </p>
   </div>
   <div class='ocr_carea' id='block_1_18' title="bbox 560 1752 2133 1826">
    <p class='ocr_par' dir='ltr' id='par_1_18' title="bbox 560 1752 2133 1826">
     <span class='ocr_line' id='line_1_18' title="bbox 560 1752 2133 1826; baseline 0.002 -21"><span class='ocrx_word' id='word_1_117' title='bbox 560 1752 734 1816; x_wconf 86' lang='grc' dir='ltr'>οὑτως</span> <span class='ocrx_word' id='word_1_118' title='bbox 764 1753 1001 1817; x_wconf 74' lang='grc' dir='ltr'>ἅπαντες</span> <span class='ocrx_word' id='word_1_119' title='bbox 1022 1754 1364 1826; x_wconf 82' lang='grc' dir='ltr'>διαλυθῶμεν</span> <span class='ocrx_word' id='word_1_120' title='bbox 1386 1773 1399 1787; x_wconf 88' lang='grc'><strong>·</strong></span> <span class='ocrx_word' id='word_1_121' title='bbox 1428 1757 1542 1810; x_wconf 78' lang='grc' dir='ltr'>ἀλλ’</span> <span class='ocrx_word' id='word_1_122' title='bbox 1568 1758 1656 1811; x_wconf 84' lang='grc' dir='ltr'>ῖνα</span> <span class='ocrx_word' id='word_1_123' title='bbox 1690 1758 1921 1810; x_wconf 75' lang='grc' dir='ltr'>ἐκασ-τόν</span> <span class='ocrx_word' id='word_1_124' title='bbox 1947 1774 2001 1809; x_wconf 93' lang='grc' dir='ltr'>τι</span> <span class='ocrx_word' id='word_1_125' title='bbox 2024 1755 2133 1809; x_wconf 88' lang='grc' dir='ltr'>τῶν</span> 
     </span>
    </p>
   </div>
   <div class='ocr_carea' id='block_1_19' title="bbox 560 1836 2132 1910">
    <p class='ocr_par' dir='ltr' id='par_1_19' title="bbox 560 1836 2132 1910">
     <span class='ocr_line' id='line_1_19' title="bbox 560 1836 2132 1910; baseline 0.003 -23"><span class='ocrx_word' id='word_1_126' title='bbox 560 1837 846 1905; x_wconf 86' lang='grc' dir='ltr'>χρησίμων</span> <span class='ocrx_word' id='word_1_127' title='bbox 892 1836 1101 1907; x_wconf 87' lang='grc' dir='ltr'>μαθὼν,</span> <span class='ocrx_word' id='word_1_128' title='bbox 1135 1840 1231 1891; x_wconf 71' lang='grc' dir='ltr'>καὶ</span> <span class='ocrx_word' id='word_1_129' title='bbox 1272 1839 1407 1909; x_wconf 78' lang='grc' dir='ltr'>πρὸς</span> <span class='ocrx_word' id='word_1_130' title='bbox 1441 1840 1504 1892; x_wconf 81' lang='grc' dir='ltr'>τὸ</span> <span class='ocrx_word' id='word_1_131' title='bbox 1540 1840 1791 1910; x_wconf 85' lang='grc' dir='ltr'>ἐνοχλοῦν</span> <span class='ocrx_word' id='word_1_132' title='bbox 1834 1841 2004 1903; x_wconf 84' lang='grc' dir='ltr'>πάθος</span> <span class='ocrx_word' id='word_1_133' title='bbox 2034 1840 2132 1909; x_wconf 77' lang='grc' dir='ltr'>τὴν</span> 
     </span>
    </p>
   </div>
   <div class='ocr_carea' id='block_1_20' title="bbox 561 1919 2133 1995">
    <p class='ocr_par' dir='ltr' id='par_1_20' title="bbox 561 1919 2133 1995">
     <span class='ocr_line' id='line_1_20' title="bbox 561 1919 2133 1995; baseline 0.003 -25"><span class='ocrx_word' id='word_1_134' title='bbox 561 1919 802 1989; x_wconf 87' lang='grc' dir='ltr'>ιατρείαν</span> <span class='ocrx_word' id='word_1_135' title='bbox 828 1919 1139 1989; x_wconf 86' lang='grc' dir='ltr'>δεξάμενος,</span> <span class='ocrx_word' id='word_1_136' title='bbox 1168 1921 1341 1986; x_wconf 87' lang='grc' dir='ltr'>οὑτως</span> <span class='ocrx_word' id='word_1_137' title='bbox 1372 1923 1617 1977; x_wconf 80' lang='grc' dir='ltr'>ἐντεῦθεν</span> <span class='ocrx_word' id='word_1_138' title='bbox 1638 1925 1985 1995; x_wconf 81' lang='grc' dir='ltr'>ἀναχωρήσῃ.</span> <span class='ocrx_word' id='word_1_139' title='bbox 2008 1923 2133 1987; x_wconf 84' lang='grc' dir='ltr'>Πῶς</span> 
     </span>
    </p>
   </div>
   <div class='ocr_carea' id='block_1_21' title="bbox 561 1999 2133 2073">
    <p class='ocr_par' dir='ltr' id='par_1_21' title="bbox 561 1999 2133 2073">
     <span class='ocr_line' id='line_1_21' title="bbox 561 1999 2133 2073; baseline 0.003 -20"><span class='ocrx_word' id='word_1_140' title='bbox 561 1999 671 2070; x_wconf 80' lang='grc' dir='ltr'>γὰρ</span> <span class='ocrx_word' id='word_1_141' title='bbox 692 2001 791 2054; x_wconf 78' lang='grc' dir='ltr'>οὐκ</span> <span class='ocrx_word' id='word_1_142' title='bbox 826 2002 891 2054; x_wconf 82' lang='grc' dir='ltr'>ἀν</span> <span class='ocrx_word' id='word_1_143' title='bbox 927 2000 1013 2071; x_wconf 82' lang='grc' dir='ltr'>εῐη</span> <span class='ocrx_word' id='word_1_144' title='bbox 1054 2003 1161 2055; x_wconf 87' lang='grc' dir='ltr'>τῶν</span> <span class='ocrx_word' id='word_1_145' title='bbox 1195 2004 1579 2070; x_wconf 80' lang='grc' dir='ltr'>ἀτοπωτάτων,</span> <span class='ocrx_word' id='word_1_146' title='bbox 1606 2004 1677 2057; x_wconf 89' lang='grc' dir='ltr'>τά</span> <span class='ocrx_word' id='word_1_147' title='bbox 1708 2005 1804 2073; x_wconf 75' lang='grc' dir='ltr'>μὲν</span> <span class='ocrx_word' id='word_1_148' title='bbox 1832 2004 2020 2057; x_wconf 89' lang='grc' dir='ltr'>παιδία</span> <span class='ocrx_word' id='word_1_149' title='bbox 2065 2004 2133 2058; x_wconf 77' lang='grc' dir='ltr'>τά</span> 
     </span>
    </p>
   </div>
   <div class='ocr_carea' id='block_1_22' title="bbox 512 2081 2131 2153">
    <p class='ocr_par' dir='ltr' id='par_1_22' title="bbox 512 2081 2131 2153">
     <span class='ocr_line' id='line_1_22' title="bbox 512 2081 2131 2153; baseline 0.002 -20"><span class='ocrx_word' id='word_1_150' title='bbox 512 2088 515 2091; x_wconf 78' lang='grc'>’</span> <span class='ocrx_word' id='word_1_151' title='bbox 556 2081 803 2152; x_wconf 83' lang='grc' dir='ltr'>ἡμέτερα</span> <span class='ocrx_word' id='word_1_152' title='bbox 820 2086 898 2145; x_wconf 85' lang='grc' dir='ltr'>είς</span> <span class='ocrx_word' id='word_1_153' title='bbox 911 2082 1278 2138; x_wconf 73' lang='grc' dir='ltr'>διδασκαλεῖον</span> <span class='ocrx_word' id='word_1_154' title='bbox 1293 2086 1737 2149; x_wconf 80' lang='grc' dir='ltr'>ἀποστέλλοντας,</span> <span class='ocrx_word' id='word_1_155' title='bbox 1764 2086 1883 2139; x_wconf 82' lang='grc' dir='ltr'>καθ’</span> <span class='ocrx_word' id='word_1_156' title='bbox 1895 2085 2131 2153; x_wconf 76' lang='grc' dir='ltr'>ἑκάστην</span> 
     </span>
    </p>
   </div>
   <div class='ocr_carea' id='block_1_23' title="bbox 563 2163 2131 2238">
    <p class='ocr_par' dir='ltr' id='par_1_23' title="bbox 563 2163 2131 2238">
     <span class='ocr_line' id='line_1_23' title="bbox 563 2163 2131 2238; baseline 0.001 -22"><span class='ocrx_word' id='word_1_157' title='bbox 563 2163 776 2234; x_wconf 79' lang='grc' dir='ltr'>ἡμέραν</span> <span class='ocrx_word' id='word_1_158' title='bbox 800 2165 1050 2218; x_wconf 76' lang='grc' dir='ltr'>ἀπαιτεῖν</span> <span class='ocrx_word' id='word_1_159' title='bbox 1071 2169 1201 2235; x_wconf 83' lang='grc' dir='ltr'>παρ’</span> <span class='ocrx_word' id='word_1_160' title='bbox 1220 2166 1401 2221; x_wconf 89' lang='grc' dir='ltr'>αὑτῶν</span> <span class='ocrx_word' id='word_1_161' title='bbox 1425 2167 1736 2238; x_wconf 82' lang='grc' dir='ltr'>προσθήκην</span> <span class='ocrx_word' id='word_1_162' title='bbox 1761 2167 1881 2220; x_wconf 90' lang='grc' dir='ltr'>τινά</span> <span class='ocrx_word' id='word_1_163' title='bbox 1900 2166 2008 2218; x_wconf 87' lang='grc' dir='ltr'>τῶν</span> <span class='ocrx_word' id='word_1_164' title='bbox 2030 2182 2131 2234; x_wconf 88' lang='grc' dir='ltr'>μα.-</span> 
     </span>
    </p>
   </div>
   <div class='ocr_carea' id='block_1_24' title="bbox 558 2244 2126 2319">
    <p class='ocr_par' dir='ltr' id='par_1_24' title="bbox 558 2244 2126 2319">
     <span class='ocr_line' id='line_1_24' title="bbox 558 2244 2126 2319; baseline 0.001 -22"><span class='ocrx_word' id='word_1_165' title='bbox 558 2244 840 2314; x_wconf 81' lang='grc' dir='ltr'>θημάτων,</span> <span class='ocrx_word' id='word_1_166' title='bbox 858 2248 949 2299; x_wconf 75' lang='grc' dir='ltr'>καὶ</span> <span class='ocrx_word' id='word_1_167' title='bbox 964 2249 1063 2300; x_wconf 78' lang='grc' dir='ltr'>οὐκ</span> <span class='ocrx_word' id='word_1_168' title='bbox 1085 2249 1150 2301; x_wconf 81' lang='grc' dir='ltr'>ἀν</span> <span class='ocrx_word' id='word_1_169' title='bbox 1167 2266 1294 2301; x_wconf 89' lang='grc' dir='ltr'>ποτε</span> <span class='ocrx_word' id='word_1_170' title='bbox 1310 2249 1679 2319; x_wconf 86' lang='grc' dir='ltr'>ἀνασχοίμεθα</span> <span class='ocrx_word' id='word_1_171' title='bbox 1699 2249 1883 2311; x_wconf 79' lang='grc' dir='ltr'>ἁπλῶς</span> <span class='ocrx_word' id='word_1_172' title='bbox 1899 2249 1991 2301; x_wconf 68' lang='grc' dir='ltr'>καὶ⁵</span> <span class='ocrx_word' id='word_1_173' title='bbox 2004 2249 2126 2316; x_wconf 82' lang='grc' dir='ltr'>είκῆ</span> 
     </span>
    </p>
   </div>
   <div class='ocr_carea' id='block_1_25' title="bbox 557 2325 2129 2402">
    <p class='ocr_par' dir='ltr' id='par_1_25' title="bbox 557 2325 2129 2402">
     <span class='ocr_line' id='line_1_25' title="bbox 557 2325 2129 2402; baseline 0.001 -23"><span class='ocrx_word' id='word_1_174' title='bbox 557 2326 729 2380; x_wconf 86' lang='grc' dir='ltr'>ταῦτα</span> <span class='ocrx_word' id='word_1_175' title='bbox 774 2325 1010 2395; x_wconf 74' lang='grc' dir='ltr'>βαδίζειν</span> <span class='ocrx_word' id='word_1_176' title='bbox 1044 2332 1245 2396; x_wconf 87' lang='grc' dir='ltr'>ἐκεῖσε,</span> <span class='ocrx_word' id='word_1_177' title='bbox 1268 2333 1316 2384; x_wconf 86' lang='grc' dir='ltr'>εί</span> <span class='ocrx_word' id='word_1_178' title='bbox 1351 2331 1426 2402; x_wconf 80' lang='grc' dir='ltr'>μὴ</span> <span class='ocrx_word' id='word_1_179' title='bbox 1458 2330 1653 2401; x_wconf 85' lang='grc' dir='ltr'>ῐδωμεν</span> <span class='ocrx_word' id='word_1_180' title='bbox 1681 2330 2037 2400; x_wconf 82' lang='grc' dir='ltr'>καρπούμενά</span> <span class='ocrx_word' id='word_1_181' title='bbox 2076 2346 2129 2381; x_wconf 91' lang='grc' dir='ltr'>τι</span> 
     </span>
    </p>
   </div>
   <div class='ocr_carea' id='block_1_26' title="bbox 554 2402 2129 2483">
    <p class='ocr_par' dir='ltr' id='par_1_26' title="bbox 554 2402 2129 2483">
     <span class='ocr_line' id='line_1_26' title="bbox 554 2402 2129 2483; baseline 0.002 -22"><span class='ocrx_word' id='word_1_182' title='bbox 554 2408 719 2462; x_wconf 84' lang='grc' dir='ltr'>πλέον</span> <span class='ocrx_word' id='word_1_183' title='bbox 738 2426 750 2440; x_wconf 92' lang='grc'><strong>·</strong></span> <span class='ocrx_word' id='word_1_184' title='bbox 770 2410 984 2481; x_wconf 77' lang='grc' dir='ltr'>ἡμᾶςδέ</span> <span class='ocrx_word' id='word_1_185' title='bbox 999 2412 1124 2475; x_wconf 81' lang='grc' dir='ltr'>τοὺς</span> <span class='ocrx_word' id='word_1_186' title='bbox 1142 2414 1221 2475; x_wconf 85' lang='grc' dir='ltr'>εἰς</span> <span class='ocrx_word' id='word_1_187' title='bbox 1243 2412 1439 2483; x_wconf 78' lang='grc' dir='ltr'>μέτρον</span> <span class='ocrx_word' id='word_1_188' title='bbox 1453 2413 1666 2483; x_wconf 89' lang='grc' dir='ltr'>ἡλικίας</span> <span class='ocrx_word' id='word_1_189' title='bbox 1688 2402 2017 2482; x_wconf 73' lang='grc' dir='ltr'>φθάσαντας,</span> <span class='ocrx_word' id='word_1_190' title='bbox 2038 2411 2129 2464; x_wconf 61' lang='grc' dir='ltr'>καὶ⁵</span> 
     </span>
    </p>
   </div>
   <div class='ocr_carea' id='block_1_27' title="bbox 552 2493 2127 2565">
    <p class='ocr_par' dir='ltr' id='par_1_27' title="bbox 552 2493 2127 2565">
     <span class='ocr_line' id='line_1_27' title="bbox 552 2493 2127 2565; baseline 0.002 -21"><span class='ocrx_word' id='word_1_191' title='bbox 552 2510 580 2545; x_wconf 88' lang='grc' dir='ltr'>ε</span> <span class='ocrx_word' id='word_1_192' title='bbox 588 2493 635 2555; x_wconf 86' lang='grc' dir='ltr'>ις</span> <span class='ocrx_word' id='word_1_193' title='bbox 646 2493 708 2545; x_wconf 80' lang='grc' dir='ltr'>τὸ</span> <span class='ocrx_word' id='word_1_194' title='bbox 717 2495 1085 2564; x_wconf 81' lang='grc' dir='ltr'>πνευματικὸν</span> <span class='ocrx_word' id='word_1_195' title='bbox 1094 2495 1249 2549; x_wconf 83' lang='grc' dir='ltr'>τοῦτο</span> <span class='ocrx_word' id='word_1_196' title='bbox 1260 2495 1622 2548; x_wconf 77' lang='grc' dir='ltr'>διδασκαλεῖον</span> <span class='ocrx_word' id='word_1_197' title='bbox 1635 2493 2127 2565; x_wconf 74' lang='grc' dir='ltr'>παραγενομένους,</span> 
     </span>
    </p>
   </div>
   <div class='ocr_carea' id='block_1_28' title="bbox 556 2575 2128 2649">
    <p class='ocr_par' dir='ltr' id='par_1_28' title="bbox 556 2575 2128 2649">
     <span class='ocr_line' id='line_1_28' title="bbox 556 2575 2128 2649; baseline -0.001 -19"><span class='ocrx_word' id='word_1_198' title='bbox 556 2578 634 2649; x_wconf 78' lang='grc' dir='ltr'>μὴ</span> <span class='ocrx_word' id='word_1_199' title='bbox 649 2576 748 2648; x_wconf 79' lang='grc' dir='ltr'>τήν</span> <span class='ocrx_word' id='word_1_200' title='bbox 770 2578 891 2647; x_wconf 76' lang='grc' dir='ltr'>ἴσην</span> <span class='ocrx_word' id='word_1_201' title='bbox 908 2579 1137 2642; x_wconf 88' lang='grc' dir='ltr'>ἐκείνοις</span> <span class='ocrx_word' id='word_1_202' title='bbox 1156 2578 1391 2649; x_wconf 78' lang='grc' dir='ltr'>σπουδὴν</span> <span class='ocrx_word' id='word_1_203' title='bbox 1406 2580 1828 2641; x_wconf 67' lang='grc' dir='ltr'>ἐπιδείκνυσθαι,</span> <span class='ocrx_word' id='word_1_204' title='bbox 1843 2578 1937 2631; x_wconf 72' lang='grc' dir='ltr'>καὶ</span> <span class='ocrx_word' id='word_1_205' title='bbox 1954 2575 2128 2631; x_wconf 88' lang='grc' dir='ltr'>ταῦτα</span> 
     </span>
    </p>
   </div>
   <div class='ocr_carea' id='block_1_29' title="bbox 553 2660 2125 2733">
    <p class='ocr_par' dir='ltr' id='par_1_29' title="bbox 553 2660 2125 2733">
     <span class='ocr_line' id='line_1_29' title="bbox 553 2660 2125 2733; baseline -0.001 -19"><span class='ocrx_word' id='word_1_206' title='bbox 553 2660 684 2715; x_wconf 70' lang='grc' dir='ltr'>ἐνθα</span> <span class='ocrx_word' id='word_1_207' title='bbox 707 2664 787 2721; x_wconf 81' lang='grc' dir='ltr'>εις</span> <span class='ocrx_word' id='word_1_208' title='bbox 808 2660 905 2730; x_wconf 78' lang='grc' dir='ltr'>τὴν</span> <span class='ocrx_word' id='word_1_209' title='bbox 924 2661 1025 2731; x_wconf 85' lang='grc' dir='ltr'>τῆς</span> <span class='ocrx_word' id='word_1_210' title='bbox 1042 2662 1219 2730; x_wconf 78' lang='grc' dir='ltr'>ψυχῆς</span> <span class='ocrx_word' id='word_1_211' title='bbox 1244 2663 1516 2733; x_wconf 78' lang='grc' dir='ltr'>σωτηρίαν</span> <span class='ocrx_word' id='word_1_212' title='bbox 1534 2662 1596 2713; x_wconf 80' lang='grc' dir='ltr'>τὸ</span> <span class='ocrx_word' id='word_1_213' title='bbox 1623 2661 1810 2732; x_wconf 76' lang='grc' dir='ltr'>κέρδος</span> <span class='ocrx_word' id='word_1_214' title='bbox 1830 2660 2125 2728; x_wconf 79' lang='grc' dir='ltr'>διαδαίνει;</span> 
     </span>
    </p>
   </div>
   <div class='ocr_carea' id='block_1_30' title="bbox 558 2742 2127 2813">
    <p class='ocr_par' dir='ltr' id='par_1_30' title="bbox 558 2742 2127 2813">
     <span class='ocr_line' id='line_1_30' title="bbox 558 2742 2127 2813; baseline -0.001 -16"><span class='ocrx_word' id='word_1_215' title='bbox 558 2744 825 2807; x_wconf 81' lang='grc' dir='ltr'>Ἕκαστος</span> <span class='ocrx_word' id='word_1_216' title='bbox 838 2743 1016 2797; x_wconf 86' lang='grc' dir='ltr'>τοίνυν</span> <span class='ocrx_word' id='word_1_217' title='bbox 1031 2746 1063 2812; x_wconf 87' lang='grc' dir='ltr'>ἡ</span> <span class='ocrx_word' id='word_1_218' title='bbox 1070 2744 1205 2812; x_wconf 87' lang='grc' dir='ltr'>μῶν,</span> <span class='ocrx_word' id='word_1_219' title='bbox 1219 2742 1540 2813; x_wconf 78' lang='grc' dir='ltr'>παρακαλῶ,</span> <span class='ocrx_word' id='word_1_220' title='bbox 1556 2743 1743 2795; x_wconf 85' lang='grc' dir='ltr'>ἐαυτὸν</span> <span class='ocrx_word' id='word_1_221' title='bbox 1760 2742 1878 2795; x_wconf 77' lang='grc' dir='ltr'>καθ’</span> <span class='ocrx_word' id='word_1_222' title='bbox 1891 2742 2127 2812; x_wconf 79' lang='grc' dir='ltr'>ἐκάστην</span> 
     </span>
    </p>
   </div>
   <div class='ocr_carea' id='block_1_31' title="bbox 554 2823 2127 2895">
    <p class='ocr_par' dir='ltr' id='par_1_31' title="bbox 554 2823 2127 2895">
     <span class='ocr_line' id='line_1_31' title="bbox 554 2823 2127 2895; baseline -0.002 -17"><span class='ocrx_word' id='word_1_223' title='bbox 554 2826 767 2895; x_wconf 74' lang='grc' dir='ltr'>ἡμέραν</span> <span class='ocrx_word' id='word_1_224' title='bbox 787 2825 1169 2895; x_wconf 84' lang='grc' dir='ltr'>διερευνάσθω,</span> <span class='ocrx_word' id='word_1_225' title='bbox 1186 2823 1237 2877; x_wconf 92' lang='grc' dir='ltr'>τί</span> <span class='ocrx_word' id='word_1_226' title='bbox 1261 2825 1359 2893; x_wconf 86' lang='grc' dir='ltr'>μέν</span> <span class='ocrx_word' id='word_1_227' title='bbox 1383 2827 1447 2877; x_wconf 86' lang='grc' dir='ltr'>ἐκ</span> <span class='ocrx_word' id='word_1_228' title='bbox 1467 2824 1564 2894; x_wconf 88' lang='grc' dir='ltr'>τῆς</span> <span class='ocrx_word' id='word_1_229' title='bbox 1591 2825 1853 2895; x_wconf 80' lang='grc' dir='ltr'>ἡμερινῆς</span> <span class='ocrx_word' id='word_1_230' title='bbox 1874 2823 2127 2894; x_wconf 83' lang='grc' dir='ltr'>ἐκέρδανε</span> 
     </span>
    </p>
   </div>
   <div class='ocr_carea' id='block_1_32' title="bbox 549 2905 2128 2977">
    <p class='ocr_par' dir='ltr' id='par_1_32' title="bbox 549 2905 2128 2977">
     <span class='ocr_line' id='line_1_32' title="bbox 549 2905 2128 2977; baseline -0.001 -18"><span class='ocrx_word' id='word_1_231' title='bbox 549 2905 857 2972; x_wconf 81' lang='grc' dir='ltr'>διαλέξεως,</span> <span class='ocrx_word' id='word_1_232' title='bbox 887 2906 938 2959; x_wconf 83' lang='grc' dir='ltr'>τί</span> <span class='ocrx_word' id='word_1_233' title='bbox 959 2907 1016 2959; x_wconf 76' lang='grc' dir='ltr'>δὲ</span> <span class='ocrx_word' id='word_1_234' title='bbox 1037 2908 1102 2960; x_wconf 78' lang='grc' dir='ltr'>ἐκ</span> <span class='ocrx_word' id='word_1_235' title='bbox 1123 2909 1222 2977; x_wconf 77' lang='grc' dir='ltr'>τῆς</span> <span class='ocrx_word' id='word_1_236' title='bbox 1247 2908 1525 2977; x_wconf 81' lang='grc' dir='ltr'>ἐπιούσης,</span> <span class='ocrx_word' id='word_1_237' title='bbox 1555 2906 1642 2959; x_wconf 82' lang='grc' dir='ltr'>ἵνα</span> <span class='ocrx_word' id='word_1_238' title='bbox 1668 2908 1740 2975; x_wconf 85' lang='grc' dir='ltr'>μὴ</span> <span class='ocrx_word' id='word_1_239' title='bbox 1770 2905 2007 2975; x_wconf 81' lang='grc' dir='ltr'>δόξωμεν</span> <span class='ocrx_word' id='word_1_240' title='bbox 2035 2907 2128 2959; x_wconf 76' lang='grc' dir='ltr'>καὶ</span> 
     </span>
    </p>
   </div>
   <div class='ocr_carea' id='block_1_33' title="bbox 552 2986 2127 3059">
    <p class='ocr_par' dir='ltr' id='par_1_33' title="bbox 552 2986 2127 3059">
     <span class='ocr_line' id='line_1_33' title="bbox 552 2986 2127 3059; baseline -0.002 -18"><span class='ocrx_word' id='word_1_241' title='bbox 552 2990 715 3058; x_wconf 85' lang='grc' dir='ltr'>ἡμεῖς</span> <span class='ocrx_word' id='word_1_242' title='bbox 742 2988 865 3056; x_wconf 78' lang='grc' dir='ltr'>εἰκῆ</span> <span class='ocrx_word' id='word_1_243' title='bbox 889 2988 981 3041; x_wconf 79' lang='grc' dir='ltr'>καὶ</span> <span class='ocrx_word' id='word_1_244' title='bbox 1012 2986 1199 3051; x_wconf 89' lang='grc' dir='ltr'>ἀπλῶς</span> <span class='ocrx_word' id='word_1_245' title='bbox 1227 2986 1461 3040; x_wconf 79' lang='grc' dir='ltr'>ἐνταῦθα</span> <span class='ocrx_word' id='word_1_246' title='bbox 1490 2987 1903 3059; x_wconf 88' lang='grc' dir='ltr'>παραγίνεσθαι.</span> <span class='ocrx_word' id='word_1_247' title='bbox 1925 2988 2047 3038; x_wconf 80' lang='grc' dir='ltr'>Ὀτι</span> <span class='ocrx_word' id='word_1_248' title='bbox 2070 2986 2127 3038; x_wconf 87' lang='grc' dir='ltr'>δέ</span> 
     </span>
    </p>
   </div>
   <div class='ocr_carea' id='block_1_34' title="bbox 552 3066 2124 3139">
    <p class='ocr_par' dir='ltr' id='par_1_34' title="bbox 552 3066 2124 3139">
     <span class='ocr_line' id='line_1_34' title="bbox 552 3066 2124 3139; baseline -0.002 -16"><span class='ocrx_word' id='word_1_249' title='bbox 552 3068 713 3123; x_wconf 89' lang='grc' dir='ltr'>τοῦτο</span> <span class='ocrx_word' id='word_1_250' title='bbox 736 3071 884 3139; x_wconf 78' lang='grc' dir='ltr'>ἡμᾶς</span> <span class='ocrx_word' id='word_1_251' title='bbox 918 3068 1018 3138; x_wconf 74' lang='grc' dir='ltr'>μὲν</span> <span class='ocrx_word' id='word_1_252' title='bbox 1042 3070 1223 3139; x_wconf 82' lang='grc' dir='ltr'>πάσης</span> <span class='ocrx_word' id='word_1_253' title='bbox 1259 3068 1438 3130; x_wconf 81' lang='grc' dir='ltr'>αἰτίας</span> <span class='ocrx_word' id='word_1_254' title='bbox 1474 3070 1665 3139; x_wconf 86' lang='grc' dir='ltr'>ἀφίησι</span> <span class='ocrx_word' id='word_1_255' title='bbox 1694 3073 1713 3138; x_wconf 84' lang='grc'><strong>(</strong></span> <span class='ocrx_word' id='word_1_256' title='bbox 1737 3069 1805 3121; x_wconf 84' lang='grc' dir='ltr'>τά</span> <span class='ocrx_word' id='word_1_257' title='bbox 1830 3070 1939 3139; x_wconf 89' lang='grc' dir='ltr'>γάρ</span> <span class='ocrx_word' id='word_1_258' title='bbox 1973 3066 2124 3139; x_wconf 72' lang='grc'>[517]</span> 
     </span>
    </p>
   </div>
   <div class='ocr_carea' id='block_1_35' title="bbox 555 3150 2127 3222">
    <p class='ocr_par' dir='ltr' id='par_1_35' title="bbox 555 3150 2127 3222">
     <span class='ocr_line' id='line_1_35' title="bbox 555 3150 2127 3222; baseline -0.001 -17"><span class='ocrx_word' id='word_1_259' title='bbox 555 3150 676 3205; x_wconf 85' lang='grc' dir='ltr'>καθ’</span> <span class='ocrx_word' id='word_1_260' title='bbox 713 3152 938 3214; x_wconf 79' lang='grc' dir='ltr'>ἐαυτοὺς</span> <span class='ocrx_word' id='word_1_261' title='bbox 983 3150 1199 3205; x_wconf 72' lang='grc' dir='ltr'>ἅπαντα</span> <span class='ocrx_word' id='word_1_262' title='bbox 1225 3151 1569 3222; x_wconf 72' lang='grc' dir='ltr'>εἰσφέρομεν,</span> <span class='ocrx_word' id='word_1_263' title='bbox 1602 3152 1695 3205; x_wconf 75' lang='grc' dir='ltr'>καὶ</span> <span class='ocrx_word' id='word_1_264' title='bbox 1720 3152 1868 3205; x_wconf 73' lang='grc' dir='ltr'>οὐδὲν</span> <span class='ocrx_word' id='word_1_265' title='bbox 1904 3152 2014 3203; x_wconf 85' lang='grc' dir='ltr'>τῶν</span> <span class='ocrx_word' id='word_1_266' title='bbox 2047 3154 2127 3215; x_wconf 86' lang='grc' dir='ltr'>εἰς</span> 
     </span>
    </p>
   </div>
   <div class='ocr_carea' id='block_1_36' title="bbox 553 3231 2128 3303">
    <p class='ocr_par' dir='ltr' id='par_1_36' title="bbox 553 3231 2128 3303">
     <span class='ocr_line' id='line_1_36' title="bbox 553 3231 2128 3303; baseline 0.001 -17"><span class='ocrx_word' id='word_1_267' title='bbox 553 3233 783 3303; x_wconf 89' lang='grc' dir='ltr'>δύναμιν</span> <span class='ocrx_word' id='word_1_268' title='bbox 803 3231 1300 3303; x_wconf 87' lang='grc' dir='ltr'>παραλιμπάνομεν</span> <span class='ocrx_word' id='word_1_269' title='bbox 1319 3236 1363 3302; x_wconf 85' lang='grc'>),</span> <span class='ocrx_word' id='word_1_270' title='bbox 1397 3236 1507 3295; x_wconf 86' lang='grc' dir='ltr'>τοῖς</span> <span class='ocrx_word' id='word_1_271' title='bbox 1527 3233 1583 3286; x_wconf 81' lang='grc' dir='ltr'>δέ</span> <span class='ocrx_word' id='word_1_272' title='bbox 1613 3232 2001 3300; x_wconf 82' lang='grc' dir='ltr'>ἀγανακτοῦσι,</span> <span class='ocrx_word' id='word_1_273' title='bbox 2035 3236 2128 3288; x_wconf 73' lang='grc' dir='ltr'>καὶ</span> 
     </span>
    </p>
   </div>
   <div class='ocr_carea' id='block_1_37' title="bbox 556 3314 2127 3387">
    <p class='ocr_par' dir='ltr' id='par_1_37' title="bbox 556 3314 2127 3387">
     <span class='ocr_line' id='line_1_37' title="bbox 556 3314 2127 3387; baseline 0.002 -20"><span class='ocrx_word' id='word_1_274' title='bbox 556 3316 695 3385; x_wconf 85' lang='grc' dir='ltr'>μετά</span> <span class='ocrx_word' id='word_1_275' title='bbox 726 3314 1009 3385; x_wconf 78' lang='grc' dir='ltr'>ἀκριϐείας</span> <span class='ocrx_word' id='word_1_276' title='bbox 1063 3315 1138 3384; x_wconf 88' lang='grc' dir='ltr'>μή</span> <span class='ocrx_word' id='word_1_277' title='bbox 1186 3316 1534 3387; x_wconf 86' lang='grc' dir='ltr'>προσέχουσι,</span> <span class='ocrx_word' id='word_1_278' title='bbox 1576 3316 1669 3368; x_wconf 77' lang='grc' dir='ltr'>καὶ</span> <span class='ocrx_word' id='word_1_279' title='bbox 1698 3316 2038 3385; x_wconf 78' lang='grc' dir='ltr'>καρποῦσθαι</span> <span class='ocrx_word' id='word_1_280' title='bbox 2074 3333 2127 3370; x_wconf 88' lang='grc' dir='ltr'>τι</span> 
     </span>
    </p>
   </div>
   <div class='ocr_carea' id='block_1_38' title="bbox 554 3396 2127 3469">
    <p class='ocr_par' dir='ltr' id='par_1_38' title="bbox 554 3396 2127 3469">
     <span class='ocr_line' id='line_1_38' title="bbox 554 3396 2127 3469; baseline 0.001 -20"><span class='ocrx_word' id='word_1_281' title='bbox 554 3396 716 3450; x_wconf 86' lang='grc' dir='ltr'>πλέον</span> <span class='ocrx_word' id='word_1_282' title='bbox 765 3398 840 3467; x_wconf 84' lang='grc' dir='ltr'>μὴ</span> <span class='ocrx_word' id='word_1_283' title='bbox 882 3397 1222 3466; x_wconf 76' lang='grc' dir='ltr'>βουλομένοις</span> <span class='ocrx_word' id='word_1_284' title='bbox 1255 3397 1501 3465; x_wconf 71' lang='grc' dir='ltr'>μείζονος</span> <span class='ocrx_word' id='word_1_285' title='bbox 1542 3398 1713 3450; x_wconf 84' lang='grc' dir='ltr'>αίτιον</span> <span class='ocrx_word' id='word_1_286' title='bbox 1753 3398 2127 3469; x_wconf 85' lang='grc' dir='ltr'>κατακρίσεως</span> 
     </span>
    </p>
   </div>
   <div class='ocr_carea' id='block_1_39' title="bbox 553 3479 2127 3552">
    <p class='ocr_par' dir='ltr' id='par_1_39' title="bbox 553 3479 2127 3552">
     <span class='ocr_line' id='line_1_39' title="bbox 553 3479 2127 3552; baseline 0.001 -17"><span class='ocrx_word' id='word_1_287' title='bbox 553 3481 781 3550; x_wconf 87' lang='grc' dir='ltr'>γίνεται,</span> <span class='ocrx_word' id='word_1_288' title='bbox 807 3482 1035 3534; x_wconf 75' lang='grc' dir='ltr'>ἄκουσον</span> <span class='ocrx_word' id='word_1_289' title='bbox 1071 3479 1164 3532; x_wconf 89' lang='grc' dir='ltr'>τοῦ</span> <span class='ocrx_word' id='word_1_290' title='bbox 1202 3480 1441 3549; x_wconf 82' lang='grc' dir='ltr'>Χριστοῦ</span> <span class='ocrx_word' id='word_1_291' title='bbox 1464 3481 1711 3549; x_wconf 85' lang='grc' dir='ltr'>λέγοντος</span> <span class='ocrx_word' id='word_1_292' title='bbox 1745 3482 1880 3552; x_wconf 81' lang='grc' dir='ltr'>πρὸς</span> <span class='ocrx_word' id='word_1_293' title='bbox 1911 3483 2009 3552; x_wconf 82' lang='grc' dir='ltr'>μὲν</span> <span class='ocrx_word' id='word_1_294' title='bbox 2034 3483 2127 3536; x_wconf 84' lang='grc' dir='ltr'>τὸν</span> 
     </span>
    </p>
   </div>
   <div class='ocr_carea' id='block_1_40' title="bbox 554 3561 2126 3633">
    <p class='ocr_par' dir='ltr' id='par_1_40' title="bbox 554 3561 2126 3633">
     <span class='ocr_line' id='line_1_40' title="bbox 554 3561 2126 3633; baseline 0.001 -17"><span class='ocrx_word' id='word_1_295' title='bbox 554 3561 949 3633; x_wconf 84' lang='grc' dir='ltr'>καταχώσαντα</span> <span class='ocrx_word' id='word_1_296' title='bbox 972 3561 1032 3614; x_wconf 83' lang='grc' dir='ltr'>τὸ</span> <span class='ocrx_word' id='word_1_297' title='bbox 1048 3562 1304 3614; x_wconf 81' lang='grc' dir='ltr'>τάλαντον</span> <span class='ocrx_word' id='word_1_298' title='bbox 1326 3582 1336 3592; x_wconf 90' lang='grc'><strong>·</strong></span> <span class='ocrx_word' id='word_1_299' title='bbox 1359 3562 1591 3629; x_wconf 75' lang='grc' dir='ltr'>Πονηρὲ</span> <span class='ocrx_word' id='word_1_300' title='bbox 1610 3563 1813 3627; x_wconf 69' lang='grc' dir='ltr'>δοῦλε,</span> <span class='ocrx_word' id='word_1_301' title='bbox 1827 3564 1947 3617; x_wconf 78' lang='grc' dir='ltr'>ἔδει</span> <span class='ocrx_word' id='word_1_302' title='bbox 1967 3579 2040 3617; x_wconf 85' lang='grc' dir='ltr'>σε</span> <span class='ocrx_word' id='word_1_303' title='bbox 2060 3564 2126 3617; x_wconf 85' lang='grc' dir='ltr'>τὸ</span> 
     </span>
    </p>
   </div>
   <div class='ocr_carea' id='block_1_41' title="bbox 551 3643 2127 3713">
    <p class='ocr_par' dir='ltr' id='par_1_41' title="bbox 551 3643 2127 3713">
     <span class='ocr_line' id='line_1_41' title="bbox 551 3643 2127 3713; baseline 0 -14"><span class='ocrx_word' id='word_1_304' title='bbox 551 3645 835 3713; x_wconf 79' lang='grc' dir='ltr'>ἀργύριόν</span> <span class='ocrx_word' id='word_1_305' title='bbox 847 3660 966 3711; x_wconf 83' lang='grc' dir='ltr'>μου</span> <span class='ocrx_word' id='word_1_306' title='bbox 988 3645 1347 3697; x_wconf 69' lang='grc' dir='ltr'>καταϐαλεῖν</span> <span class='ocrx_word' id='word_1_307' title='bbox 1366 3644 1462 3696; x_wconf 74' lang='grc' dir='ltr'>ἐπὶ</span> <span class='ocrx_word' id='word_1_308' title='bbox 1484 3643 1626 3709; x_wconf 85' lang='grc' dir='ltr'>τοὺς</span> <span class='ocrx_word' id='word_1_309' title='bbox 1646 3644 2008 3712; x_wconf 76' lang='grc' dir='ltr'>τραπεζίτας,</span> <span class='ocrx_word' id='word_1_310' title='bbox 2028 3645 2127 3699; x_wconf 71' lang='grc' dir='ltr'>καὶ</span> 
     </span>
    </p>
   </div>
   <div class='ocr_carea' id='block_1_42' title="bbox 552 3724 2125 3798">
    <p class='ocr_par' dir='ltr' id='par_1_42' title="bbox 552 3724 2125 3798">
     <span class='ocr_line' id='line_1_42' title="bbox 552 3724 2125 3798; baseline 0.002 -20"><span class='ocrx_word' id='word_1_311' title='bbox 552 3725 668 3794; x_wconf 73' lang='grc' dir='ltr'>ἐγὼ</span> <span class='ocrx_word' id='word_1_312' title='bbox 687 3724 763 3778; x_wconf 79' lang='grc' dir='ltr'>ἂν</span> <span class='ocrx_word' id='word_1_313' title='bbox 782 3725 973 3778; x_wconf 77' lang='grc' dir='ltr'>ἐλθὼν</span> <span class='ocrx_word' id='word_1_314' title='bbox 996 3725 1280 3793; x_wconf 79' lang='grc' dir='ltr'>ἀπῄτησα</span> <span class='ocrx_word' id='word_1_315' title='bbox 1299 3726 1444 3778; x_wconf 80' lang='grc' dir='ltr'>αὐτὸ</span> <span class='ocrx_word' id='word_1_316' title='bbox 1473 3731 1624 3794; x_wconf 81' lang='grc' dir='ltr'>μετὰ</span> <span class='ocrx_word' id='word_1_317' title='bbox 1658 3730 1870 3781; x_wconf 77' lang='grc' dir='ltr'>τόκουο</span> <span class='ocrx_word' id='word_1_318' title='bbox 1902 3730 2030 3798; x_wconf 84' lang='grc' dir='ltr'>περὶ</span> <span class='ocrx_word' id='word_1_319' title='bbox 2064 3728 2125 3781; x_wconf 79' lang='grc' dir='ltr'>δὲ</span> 
     </span>
    </p>
   </div>
   <div class='ocr_carea' id='block_1_43' title="bbox 554 3803 2123 3877">
    <p class='ocr_par' dir='ltr' id='par_1_43' title="bbox 554 3803 2123 3877">
     <span class='ocr_line' id='line_1_43' title="bbox 554 3803 2123 3877; baseline 0.001 -16"><span class='ocrx_word' id='word_1_320' title='bbox 554 3808 665 3861; x_wconf 80' lang='grc' dir='ltr'>τῶν</span> <span class='ocrx_word' id='word_1_321' title='bbox 709 3807 993 3860; x_wconf 81' lang='grc' dir='ltr'>Ἰουδαίων·</span> <span class='ocrx_word' id='word_1_322' title='bbox 1028 3809 1095 3858; x_wconf 81' lang='grc' dir='ltr'>ει</span> <span class='ocrx_word' id='word_1_323' title='bbox 1120 3807 1206 3874; x_wconf 76' lang='grc' dir='ltr'>μὴ</span> <span class='ocrx_word' id='word_1_324' title='bbox 1240 3803 1431 3875; x_wconf 74' lang='grc' dir='ltr'>ἦλθον</span> <span class='ocrx_word' id='word_1_325' title='bbox 1457 3808 1554 3860; x_wconf 78' lang='grc' dir='ltr'>καὶ</span> <span class='ocrx_word' id='word_1_326' title='bbox 1594 3810 1867 3875; x_wconf 62' lang='grc' dir='ltr'>ἐλάλησα</span> <span class='ocrx_word' id='word_1_327' title='bbox 1898 3811 2123 3877; x_wconf 79' lang='grc' dir='ltr'>αὐτοῖς,</span> 
     </span>
    </p>
   </div>
   <div class='ocr_carea' id='block_1_44' title="bbox 553 3885 2123 3960">
    <p class='ocr_par' dir='ltr' id='par_1_44' title="bbox 553 3885 2123 3960">
     <span class='ocr_line' id='line_1_44' title="bbox 553 3885 2123 3960; baseline 0.004 -21"><span class='ocrx_word' id='word_1_328' title='bbox 553 3889 847 3958; x_wconf 78' lang='grc' dir='ltr'>ἁμαρτίαν</span> <span class='ocrx_word' id='word_1_329' title='bbox 861 3890 973 3955; x_wconf 84' lang='grc' dir='ltr'>οὐχ</span> <span class='ocrx_word' id='word_1_330' title='bbox 990 3885 1175 3955; x_wconf 70' lang='grc' dir='ltr'>εἶχον*</span> <span class='ocrx_word' id='word_1_331' title='bbox 1196 3888 1313 3941; x_wconf 77' lang='grc' dir='ltr'>νῦν</span> <span class='ocrx_word' id='word_1_332' title='bbox 1329 3888 1397 3939; x_wconf 78' lang='grc' dir='ltr'>δὲ</span> <span class='ocrx_word' id='word_1_333' title='bbox 1413 3890 1715 3956; x_wconf 62' lang='grc' dir='ltr'>πρόφασιν</span> <span class='ocrx_word' id='word_1_334' title='bbox 1727 3893 1836 3943; x_wconf 69' lang='grc' dir='ltr'>οὐκ</span> <span class='ocrx_word' id='word_1_335' title='bbox 1852 3892 2123 3960; x_wconf 76' lang='grc' dir='ltr'>ἔχουσιν.</span> 
     </span>
    </p>
   </div>
   <div class='ocr_carea' id='block_1_45' title="bbox 554 3970 2128 4046">
    <p class='ocr_par' dir='ltr' id='par_1_45' title="bbox 554 3970 2128 4046">
     <span class='ocr_line' id='line_1_45' title="bbox 554 3970 2128 4046; baseline 0.003 -22"><span class='ocrx_word' id='word_1_336' title='bbox 554 3971 714 4024; x_wconf 83' lang='grc' dir='ltr'>Ἀλλά</span> <span class='ocrx_word' id='word_1_337' title='bbox 730 3971 823 4022; x_wconf 90' lang='grc' dir='ltr'>νῦν</span> <span class='ocrx_word' id='word_1_338' title='bbox 846 3972 1004 4039; x_wconf 86' lang='grc' dir='ltr'>ἡμεῖς</span> <span class='ocrx_word' id='word_1_339' title='bbox 1024 3972 1084 4023; x_wconf 88' lang='grc' dir='ltr'>οὑ</span> <span class='ocrx_word' id='word_1_340' title='bbox 1101 3970 1257 4023; x_wconf 88' lang='grc' dir='ltr'>τοῦτο</span> <span class='ocrx_word' id='word_1_341' title='bbox 1279 3972 1610 4040; x_wconf 80' lang='grc' dir='ltr'>σκοποῦμεν,</span> <span class='ocrx_word' id='word_1_342' title='bbox 1627 3974 1674 4023; x_wconf 87' lang='grc' dir='ltr'>εἰ</span> <span class='ocrx_word' id='word_1_343' title='bbox 1691 3973 1794 4035; x_wconf 76' lang='grc' dir='ltr'>ἔξω</span> <span class='ocrx_word' id='word_1_344' title='bbox 1811 3976 1918 4026; x_wconf 91' lang='grc' dir='ltr'>τῶν</span> <span class='ocrx_word' id='word_1_345' title='bbox 1938 3976 2128 4046; x_wconf 85' lang='grc' dir='ltr'>ἐγκλη-</span> 
     </span>
    </p>
   </div>
   <div class='ocr_carea' id='block_1_46' title="bbox 558 4053 2129 4129">
    <p class='ocr_par' dir='ltr' id='par_1_46' title="bbox 558 4053 2129 4129">
     <span class='ocr_line' id='line_1_46' title="bbox 558 4053 2129 4129; baseline 0 -23"><span class='ocrx_word' id='word_1_346' title='bbox 558 4055 743 4125; x_wconf 86' lang='grc' dir='ltr'>μάτων</span> <span class='ocrx_word' id='word_1_347' title='bbox 766 4053 1102 4122; x_wconf 86' lang='grc' dir='ltr'>ἐσμέν,ἀλλά</span> <span class='ocrx_word' id='word_1_348' title='bbox 1119 4054 1215 4123; x_wconf 81' lang='grc' dir='ltr'>τὴν</span> <span class='ocrx_word' id='word_1_349' title='bbox 1240 4054 1511 4125; x_wconf 80' lang='grc' dir='ltr'>ὑμετέραν</span> <span class='ocrx_word' id='word_1_350' title='bbox 1533 4054 1905 4127; x_wconf 83' lang='grc' dir='ltr'>ἐπιθυμοῦμεν</span> <span class='ocrx_word' id='word_1_351' title='bbox 1931 4077 2129 4129; x_wconf 83' lang='grc' dir='ltr'>προκο-</span> 
     </span>
    </p>
   </div>
   <div class='ocr_carea' id='block_1_47' title="bbox 555 4135 2129 4212">
    <p class='ocr_par' dir='ltr' id='par_1_47' title="bbox 555 4135 2129 4212">
     <span class='ocr_line' id='line_1_47' title="bbox 555 4135 2129 4212; baseline 0.006 -26"><span class='ocrx_word' id='word_1_352' title='bbox 555 4135 685 4205; x_wconf 81' lang='grc' dir='ltr'>πὴν,</span> <span class='ocrx_word' id='word_1_353' title='bbox 716 4137 808 4187; x_wconf 76' lang='grc' dir='ltr'>καὶ</span> <span class='ocrx_word' id='word_1_354' title='bbox 840 4135 1347 4206; x_wconf 79' lang='grc' dir='ltr'>ἀκρωτηριάζεσθαι</span> <span class='ocrx_word' id='word_1_355' title='bbox 1367 4139 1498 4207; x_wconf 88' lang='grc' dir='ltr'>ἡμῖν</span> <span class='ocrx_word' id='word_1_356' title='bbox 1524 4138 1802 4207; x_wconf 78' lang='grc' dir='ltr'>ἡγούμεθα</span> <span class='ocrx_word' id='word_1_357' title='bbox 1819 4141 1887 4193; x_wconf 91' lang='grc' dir='ltr'>τά</span> <span class='ocrx_word' id='word_1_358' title='bbox 1910 4142 2008 4212; x_wconf 88' lang='grc' dir='ltr'>τῆς</span> <span class='ocrx_word' id='word_1_359' title='bbox 2038 4144 2129 4195; x_wconf 86' lang='grc' dir='ltr'>εύ-</span> 
     </span>
    </p>
   </div>
   <div class='ocr_carea' id='block_1_48' title="bbox 555 4212 2127 4298">
    <p class='ocr_par' dir='ltr' id='par_1_48' title="bbox 555 4212 2127 4298">
     <span class='ocr_line' id='line_1_48' title="bbox 555 4212 2127 4298; baseline 0.005 -29"><span class='ocrx_word' id='word_1_360' title='bbox 555 4217 849 4289; x_wconf 88' lang='grc' dir='ltr'>φροσύνης,</span> <span class='ocrx_word' id='word_1_361' title='bbox 886 4216 989 4270; x_wconf 75' lang='grc' dir='ltr'>κᾶν</span> <span class='ocrx_word' id='word_1_362' title='bbox 1015 4218 1267 4287; x_wconf 85' lang='grc' dir='ltr'>μυριάκις</span> <span class='ocrx_word' id='word_1_363' title='bbox 1286 4219 1441 4272; x_wconf 74' lang='grc' dir='ltr'>αὑτοὶ</span> <span class='ocrx_word' id='word_1_364' title='bbox 1471 4212 1622 4287; x_wconf 82' lang='grc' dir='ltr'>ὦμεν</span> <span class='ocrx_word' id='word_1_365' title='bbox 1644 4221 1948 4288; x_wconf 78' lang='grc' dir='ltr'>ἀνεύθυνοι,</span> <span class='ocrx_word' id='word_1_366' title='bbox 1974 4227 2024 4277; x_wconf 87' lang='grc' dir='ltr'>εί</span> <span class='ocrx_word' id='word_1_367' title='bbox 2052 4227 2127 4298; x_wconf 78' lang='grc' dir='ltr'>μὴ</span> 
     </span>
    </p>
   </div>
   <div class='ocr_carea' id='block_1_49' title="bbox 558 4299 2127 4377">
    <p class='ocr_par' dir='ltr' id='par_1_49' title="bbox 558 4299 2127 4377">
     <span class='ocr_line' id='line_1_49' title="bbox 558 4299 2127 4377; baseline 0.004 -20"><span class='ocrx_word' id='word_1_368' title='bbox 558 4302 650 4357; x_wconf 74' lang='grc' dir='ltr'>καὶ</span> <span class='ocrx_word' id='word_1_369' title='bbox 670 4301 827 4371; x_wconf 80' lang='grc' dir='ltr'>ὑμεῖς</span> <span class='ocrx_word' id='word_1_370' title='bbox 846 4299 1000 4363; x_wconf 88' lang='grc' dir='ltr'>ἀξίαν</span> <span class='ocrx_word' id='word_1_371' title='bbox 1020 4299 1127 4352; x_wconf 90' lang='grc' dir='ltr'>τῶν</span> <span class='ocrx_word' id='word_1_372' title='bbox 1149 4300 1324 4353; x_wconf 88' lang='grc' dir='ltr'>πόνων</span> <span class='ocrx_word' id='word_1_373' title='bbox 1341 4301 1450 4353; x_wconf 91' lang='grc' dir='ltr'>τῶν</span> <span class='ocrx_word' id='word_1_374' title='bbox 1467 4302 1750 4371; x_wconf 77' lang='grc' dir='ltr'>ἡμετέρων</span> <span class='ocrx_word' id='word_1_375' title='bbox 1764 4306 1863 4376; x_wconf 82' lang='grc' dir='ltr'>τὴν</span> <span class='ocrx_word' id='word_1_376' title='bbox 1892 4308 2127 4377; x_wconf 78' lang='grc' dir='ltr'>σπουδὴν</span> 
     </span>
    </p>
   </div>
   <div class='ocr_carea' id='block_1_50' title="bbox 554 4380 2127 4459">
    <p class='ocr_par' dir='ltr' id='par_1_50' title="bbox 554 4380 2127 4459">
     <span class='ocr_line' id='line_1_50' title="bbox 554 4380 2127 4459; baseline -0.003 -22"><span class='ocrx_word' id='word_1_377' title='bbox 554 4383 915 4453; x_wconf 82' lang='grc' dir='ltr'>ἐπιδείξησθε.</span> <span class='ocrx_word' id='word_1_378' title='bbox 936 4380 1082 4451; x_wconf 80' lang='grc' dir='ltr'>Αῦτη</span> <span class='ocrx_word' id='word_1_379' title='bbox 1102 4382 1210 4450; x_wconf 74' lang='grc' dir='ltr'>γὰρ</span> <span class='ocrx_word' id='word_1_380' title='bbox 1232 4382 1387 4452; x_wconf 86' lang='grc' dir='ltr'>ἡμῶν</span> <span class='ocrx_word' id='word_1_381' title='bbox 1409 4383 1509 4453; x_wconf 87' lang='grc' dir='ltr'>τῆς</span> <span class='ocrx_word' id='word_1_382' title='bbox 1526 4385 1861 4457; x_wconf 77' lang='grc' dir='ltr'>εὐφροσύνης</span> <span class='ocrx_word' id='word_1_383' title='bbox 1884 4390 1915 4459; x_wconf 90' lang='grc' dir='ltr'>ἡ</span> <span class='ocrx_word' id='word_1_384' title='bbox 1940 4390 2127 4443; x_wconf 81' lang='grc' dir='ltr'>ὑπόθε-</span> 
     </span>
    </p>
   </div>
   <div class='ocr_carea' id='block_1_51' title="bbox 556 4464 2124 4536">
    <p class='ocr_par' dir='ltr' id='par_1_51' title="bbox 556 4464 2124 4536">
     <span class='ocr_line' id='line_1_51' title="bbox 556 4464 2124 4536; baseline 0.004 -17"><span class='ocrx_word' id='word_1_385' title='bbox 556 4483 659 4528; x_wconf 85' lang='grc' dir='ltr'>σις,</span> <span class='ocrx_word' id='word_1_386' title='bbox 687 4466 747 4517; x_wconf 79' lang='grc' dir='ltr'>τὸ</span> <span class='ocrx_word' id='word_1_387' title='bbox 773 4465 907 4534; x_wconf 75' lang='grc' dir='ltr'>όρᾷν</span> <span class='ocrx_word' id='word_1_388' title='bbox 938 4464 1091 4533; x_wconf 88' lang='grc' dir='ltr'>ὑμῶν</span> <span class='ocrx_word' id='word_1_389' title='bbox 1114 4465 1214 4532; x_wconf 86' lang='grc' dir='ltr'>τὴν</span> <span class='ocrx_word' id='word_1_390' title='bbox 1234 4466 1292 4516; x_wconf 87' lang='grc' dir='ltr'>ἐν</span> <span class='ocrx_word' id='word_1_391' title='bbox 1314 4468 1425 4528; x_wconf 90' lang='grc' dir='ltr'>τοῖς</span> <span class='ocrx_word' id='word_1_392' title='bbox 1452 4472 1836 4536; x_wconf 84' lang='grc' dir='ltr'>πνευματικοῖς</span> <span class='ocrx_word' id='word_1_393' title='bbox 1867 4471 2124 4526; x_wconf 84' lang='grc' dir='ltr'>ἐπίδοσιν.</span> 
     </span>
    </p>
   </div>
   <div class='ocr_carea' id='block_1_52' title="bbox 554 4542 2127 4617">
    <p class='ocr_par' dir='ltr' id='par_1_52' title="bbox 554 4542 2127 4617">
     <span class='ocr_line' id='line_1_52' title="bbox 554 4542 2127 4617; baseline 0.003 -17"><span class='ocrx_word' id='word_1_394' title='bbox 554 4548 664 4602; x_wconf 75' lang='grc' dir='ltr'>Καὶ</span> <span class='ocrx_word' id='word_1_395' title='bbox 685 4542 799 4598; x_wconf 71' lang='grc' dir='ltr'>οἶδα</span> <span class='ocrx_word' id='word_1_396' title='bbox 822 4546 921 4615; x_wconf 82' lang='grc' dir='ltr'>μὲν</span> <span class='ocrx_word' id='word_1_397' title='bbox 942 4546 1026 4598; x_wconf 85' lang='grc' dir='ltr'>ὅτι</span> <span class='ocrx_word' id='word_1_398' title='bbox 1051 4544 1141 4598; x_wconf 79' lang='grc' dir='ltr'>διά</span> <span class='ocrx_word' id='word_1_399' title='bbox 1167 4545 1264 4615; x_wconf 80' lang='grc' dir='ltr'>τὴν</span> <span class='ocrx_word' id='word_1_400' title='bbox 1286 4546 1379 4598; x_wconf 89' lang='grc' dir='ltr'>τοῦ</span> <span class='ocrx_word' id='word_1_401' title='bbox 1402 4546 1533 4598; x_wconf 87' lang='grc' dir='ltr'>Θεοῦ</span> <span class='ocrx_word' id='word_1_402' title='bbox 1564 4550 1721 4617; x_wconf 79' lang='grc' dir='ltr'>χάριν</span> <span class='ocrx_word' id='word_1_403' title='bbox 1752 4552 2015 4615; x_wconf 82' lang='grc' dir='ltr'>συνέσεως</span> <span class='ocrx_word' id='word_1_404' title='bbox 2038 4571 2127 4607; x_wconf 85' lang='grc' dir='ltr'>πε-</span> 
     </span>
    </p>
   </div>
   <div class='ocr_carea' id='block_1_53' title="bbox 555 4626 2120 4699">
    <p class='ocr_par' dir='ltr' id='par_1_53' title="bbox 555 4626 2120 4699">
     <span class='ocr_line' id='line_1_53' title="bbox 555 4626 2120 4699; baseline 0.004 -18"><span class='ocrx_word' id='word_1_405' title='bbox 555 4629 902 4699; x_wconf 85' lang='grc' dir='ltr'>πληρωμένοι</span> <span class='ocrx_word' id='word_1_406' title='bbox 947 4626 1117 4691; x_wconf 73' lang='grc' dir='ltr'>ὅντες,</span> <span class='ocrx_word' id='word_1_407' title='bbox 1146 4627 1441 4698; x_wconf 85' lang='grc' dir='ltr'>δυνήσεσθε</span> <span class='ocrx_word' id='word_1_408' title='bbox 1474 4630 1567 4682; x_wconf 79' lang='grc' dir='ltr'>καὶ</span> <span class='ocrx_word' id='word_1_409' title='bbox 1601 4630 1789 4694; x_wconf 82' lang='grc' dir='ltr'>ἀλλους</span> <span class='ocrx_word' id='word_1_410' title='bbox 1815 4632 2085 4687; x_wconf 87' lang='grc' dir='ltr'>νουθετεῖν</span> <span class='ocrx_word' id='word_1_411' title='bbox 2106 4652 2120 4666; x_wconf 90' lang='grc'><strong>·</strong></span> 
     </span>
    </p>
   </div>
   <div class='ocr_carea' id='block_1_54' title="bbox 554 4710 2124 4788">
    <p class='ocr_par' dir='ltr' id='par_1_54' title="bbox 554 4710 2124 4788">
     <span class='ocr_line' id='line_1_54' title="bbox 554 4710 2124 4788; baseline 0.006 -25"><span class='ocrx_word' id='word_1_412' title='bbox 554 4710 691 4763; x_wconf 91' lang='grc' dir='ltr'>ἀλλά</span> <span class='ocrx_word' id='word_1_413' title='bbox 727 4712 866 4764; x_wconf 70' lang='grc' dir='ltr'>κατὰ</span> <span class='ocrx_word' id='word_1_414' title='bbox 904 4710 996 4763; x_wconf 82' lang='grc' dir='ltr'>τὸν</span> <span class='ocrx_word' id='word_1_415' title='bbox 1033 4712 1303 4782; x_wconf 89' lang='grc' dir='ltr'>μακάριον</span> <span class='ocrx_word' id='word_1_416' title='bbox 1352 4711 1591 4777; x_wconf 84' lang='grc' dir='ltr'>Παῦλον,</span> <span class='ocrx_word' id='word_1_417' title='bbox 1624 4714 2124 4788; x_wconf 87' lang='grc' dir='ltr'>ἐπαναμιμνήσκων</span> 
     </span>
    </p>
   </div>
   <div class='ocr_carea' id='block_1_55' title="bbox 554 4793 2124 4870">
    <p class='ocr_par' dir='ltr' id='par_1_55' title="bbox 554 4793 2124 4870">
     <span class='ocr_line' id='line_1_55' title="bbox 554 4793 2124 4870; baseline 0.003 -24"><span class='ocrx_word' id='word_1_418' title='bbox 554 4795 719 4863; x_wconf 73' lang='grc' dir='ltr'>ὑμᾶς,</span> <span class='ocrx_word' id='word_1_419' title='bbox 747 4794 841 4846; x_wconf 70' lang='grc' dir='ltr'>καὶ</span> <span class='ocrx_word' id='word_1_420' title='bbox 864 4793 1145 4863; x_wconf 81' lang='grc' dir='ltr'>διεγείρων</span> <span class='ocrx_word' id='word_1_421' title='bbox 1174 4794 1327 4863; x_wconf 89' lang='grc' dir='ltr'>ὑμῶν</span> <span class='ocrx_word' id='word_1_422' title='bbox 1352 4795 1444 4846; x_wconf 85' lang='grc' dir='ltr'>τὸν</span> <span class='ocrx_word' id='word_1_423' title='bbox 1475 4795 1636 4864; x_wconf 74' lang='grc' dir='ltr'>ζῆλον</span> <span class='ocrx_word' id='word_1_424' title='bbox 1678 4797 1767 4849; x_wconf 78' lang='grc' dir='ltr'>καὶ</span> <span class='ocrx_word' id='word_1_425' title='bbox 1792 4798 1890 4868; x_wconf 78' lang='grc' dir='ltr'>τὴν</span> <span class='ocrx_word' id='word_1_426' title='bbox 1921 4802 2124 4870; x_wconf 84' lang='grc' dir='ltr'>προθυ-</span> 
     </span>
    </p>
   </div>
   <div class='ocr_carea' id='block_1_56' title="bbox 556 4875 2123 4952">
    <p class='ocr_par' dir='ltr' id='par_1_56' title="bbox 556 4875 2123 4952">
     <span class='ocr_line' id='line_1_56' title="bbox 556 4875 2123 4952; baseline 0.006 -25"><span class='ocrx_word' id='word_1_427' title='bbox 556 4877 705 4946; x_wconf 85' lang='grc' dir='ltr'>μίαν,</span> <span class='ocrx_word' id='word_1_428' title='bbox 744 4875 915 4928; x_wconf 86' lang='grc' dir='ltr'>ταῦτα</span> <span class='ocrx_word' id='word_1_429' title='bbox 945 4877 1178 4945; x_wconf 89' lang='grc' dir='ltr'>συνεχῶς</span> <span class='ocrx_word' id='word_1_430' title='bbox 1206 4878 1473 4946; x_wconf 84' lang='grc' dir='ltr'>παραινῶ,</span> <span class='ocrx_word' id='word_1_431' title='bbox 1514 4880 1833 4949; x_wconf 86' lang='grc' dir='ltr'>βουλόμενος</span> <span class='ocrx_word' id='word_1_432' title='bbox 1865 4884 2005 4952; x_wconf 74' lang='grc' dir='ltr'>ὑμᾶς</span> <span class='ocrx_word' id='word_1_433' title='bbox 2031 4902 2123 4937; x_wconf 86' lang='grc' dir='ltr'>τε-</span> 
     </span>
    </p>
   </div>
   <div class='ocr_carea' id='block_1_57' title="bbox 553 4959 2123 5037">
    <p class='ocr_par' dir='ltr' id='par_1_57' title="bbox 553 4959 2123 5037">
     <span class='ocr_line' id='line_1_57' title="bbox 553 4959 2123 5037; baseline 0.004 -25"><span class='ocrx_word' id='word_1_434' title='bbox 553 4961 726 5021; x_wconf 85' lang='grc' dir='ltr'>λείους</span> <span class='ocrx_word' id='word_1_435' title='bbox 756 4959 848 5011; x_wconf 72' lang='grc' dir='ltr'>καὶ</span> <span class='ocrx_word' id='word_1_436' title='bbox 872 4960 1307 5028; x_wconf 81' lang='grc' dir='ltr'>ἀπηρτισμένους</span> <span class='ocrx_word' id='word_1_437' title='bbox 1350 4961 1604 5027; x_wconf 82' lang='grc' dir='ltr'>γενέσθαι</span> <span class='ocrx_word' id='word_1_438' title='bbox 1662 4964 1737 5015; x_wconf 89' lang='grc' dir='ltr'>Οὑ</span> <span class='ocrx_word' id='word_1_439' title='bbox 1784 4967 1976 5035; x_wconf 85' lang='grc' dir='ltr'>μικρὸν</span> <span class='ocrx_word' id='word_1_440' title='bbox 2014 4968 2123 5037; x_wconf 83' lang='grc' dir='ltr'>γὰρ</span> 
     </span>
    </p>
   </div>
   <div class='ocr_carea' id='block_1_58' title="bbox 554 5038 2122 5117">
    <p class='ocr_par' dir='ltr' id='par_1_58' title="bbox 554 5038 2122 5117">
     <span class='ocr_line' id='line_1_58' title="bbox 554 5038 2122 5117; baseline 0.005 -25"><span class='ocrx_word' id='word_1_441' title='bbox 554 5041 645 5093; x_wconf 80' lang='grc' dir='ltr'>καὶ</span> <span class='ocrx_word' id='word_1_442' title='bbox 674 5040 833 5091; x_wconf 84' lang='grc' dir='ltr'>τοῦτο</span> <span class='ocrx_word' id='word_1_443' title='bbox 851 5038 982 5090; x_wconf 77' lang='grc' dir='ltr'>αὑτὸ</span> <span class='ocrx_word' id='word_1_444' title='bbox 1008 5040 1202 5109; x_wconf 86' lang='grc' dir='ltr'>δεῖγμα</span> <span class='ocrx_word' id='word_1_445' title='bbox 1225 5040 1483 5111; x_wconf 87' lang='grc' dir='ltr'>ποιοῦμαι</span> <span class='ocrx_word' id='word_1_446' title='bbox 1509 5044 1609 5111; x_wconf 84' lang='grc' dir='ltr'>τῆς</span> <span class='ocrx_word' id='word_1_447' title='bbox 1639 5044 1781 5096; x_wconf 85' lang='grc' dir='ltr'>κατά</span> <span class='ocrx_word' id='word_1_448' title='bbox 1814 5046 1945 5098; x_wconf 76' lang='grc' dir='ltr'>Θεὸν</span> <span class='ocrx_word' id='word_1_449' title='bbox 1971 5048 2122 5117; x_wconf 80' lang='grc' dir='ltr'>ὑμῶν</span> 
     </span>
    </p>
   </div>
   <div class='ocr_carea' id='block_1_59' title="bbox 552 5120 2118 5196">
    <p class='ocr_par' dir='ltr' id='par_1_59' title="bbox 552 5120 2118 5196">
     <span class='ocr_line' id='line_1_59' title="bbox 552 5120 2118 5196; baseline 0.005 -21"><span class='ocrx_word' id='word_1_450' title='bbox 552 5120 939 5193; x_wconf 82' lang='grc' dir='ltr'>προκοπῆς,τδ</span> <span class='ocrx_word' id='word_1_451' title='bbox 982 5122 1119 5189; x_wconf 86' lang='grc' dir='ltr'>μετά</span> <span class='ocrx_word' id='word_1_452' title='bbox 1168 5124 1436 5193; x_wconf 76' lang='grc' dir='ltr'>τοσαύτης</span> <span class='ocrx_word' id='word_1_453' title='bbox 1471 5125 1775 5196; x_wconf 84' lang='grc' dir='ltr'>προθυμίας</span> <span class='ocrx_word' id='word_1_454' title='bbox 1826 5131 1946 5180; x_wconf 78' lang='grc' dir='ltr'>καθ’</span> <span class='ocrx_word' id='word_1_455' title='bbox 1990 5132 2118 5184; x_wconf 84' lang='grc' dir='ltr'>ἐκά-</span> 
     </span>
    </p>
   </div>
   <div class='ocr_carea' id='block_1_60' title="bbox 552 5204 2119 5283">
    <p class='ocr_par' dir='ltr' id='par_1_60' title="bbox 552 5204 2119 5283">
     <span class='ocr_line' id='line_1_60' title="bbox 552 5204 2119 5283; baseline 0.006 -26"><span class='ocrx_word' id='word_1_456' title='bbox 552 5222 681 5273; x_wconf 81' lang='grc' dir='ltr'>στην</span> <span class='ocrx_word' id='word_1_457' title='bbox 710 5205 921 5274; x_wconf 84' lang='grc' dir='ltr'>ἡμέραν</span> <span class='ocrx_word' id='word_1_458' title='bbox 950 5204 1181 5258; x_wconf 82' lang='grc' dir='ltr'>ἐνταῦθα</span> <span class='ocrx_word' id='word_1_459' title='bbox 1210 5208 1625 5276; x_wconf 83' lang='grc' dir='ltr'>παραγίνεσθαι,</span> <span class='ocrx_word' id='word_1_460' title='bbox 1679 5213 1771 5264; x_wconf 73' lang='grc' dir='ltr'>καὶ</span> <span class='ocrx_word' id='word_1_461' title='bbox 1811 5214 2119 5283; x_wconf 71' lang='grc' dir='ltr'>ἀκορέςτως</span> 
     </span>
    </p>
   </div>
   <div class='ocr_carea' id='block_1_61' title="bbox 549 5286 2118 5366">
    <p class='ocr_par' dir='ltr' id='par_1_61' title="bbox 549 5286 2118 5366">
     <span class='ocr_line' id='line_1_61' title="bbox 549 5286 2118 5366; baseline 0.007 -29"><span class='ocrx_word' id='word_1_462' title='bbox 549 5287 573 5338; x_wconf 82' lang='grc' dir='ltr'>ε</span> <span class='ocrx_word' id='word_1_463' title='bbox 580 5304 691 5356; x_wconf 83' lang='grc' dir='ltr'>χειν</span> <span class='ocrx_word' id='word_1_464' title='bbox 719 5288 847 5354; x_wconf 67' lang='grc' dir='ltr'>περὶ</span> <span class='ocrx_word' id='word_1_465' title='bbox 867 5286 965 5356; x_wconf 82' lang='grc' dir='ltr'>τὴν</span> <span class='ocrx_word' id='word_1_466' title='bbox 992 5292 1364 5358; x_wconf 77' lang='grc' dir='ltr'>πνευματικὴν</span> <span class='ocrx_word' id='word_1_467' title='bbox 1392 5290 1761 5349; x_wconf 81' lang='grc' dir='ltr'>διδασκαλίαν.</span> <span class='ocrx_word' id='word_1_468' title='bbox 1786 5295 1992 5366; x_wconf 74' lang='grc' dir='ltr'>Ὥσπερ</span> <span class='ocrx_word' id='word_1_469' title='bbox 2011 5300 2118 5366; x_wconf 74' lang='grc' dir='ltr'>γὰρ</span> 
     </span>
    </p>
   </div>
   <div class='ocr_carea' id='block_1_62' title="bbox 551 5370 2115 5453">
    <p class='ocr_par' dir='ltr' id='par_1_62' title="bbox 551 5370 2115 5453">
     <span class='ocr_line' id='line_1_62' title="bbox 551 5370 2115 5453; baseline 0.015 -40"><span class='ocrx_word' id='word_1_470' title='bbox 551 5371 582 5439; x_wconf 70' lang='grc' dir='ltr'>ἡ</span> <span class='ocrx_word' id='word_1_471' title='bbox 616 5370 740 5440; x_wconf 80' lang='grc' dir='ltr'>περὶ</span> <span class='ocrx_word' id='word_1_472' title='bbox 772 5370 866 5439; x_wconf 78' lang='grc' dir='ltr'>τὴν</span> <span class='ocrx_word' id='word_1_473' title='bbox 888 5372 1203 5453; x_wconf 82' lang='grc' dir='ltr'>σωματικὴν</span> <span class='ocrx_word' id='word_1_474' title='bbox 1242 5374 1445 5443; x_wconf 83' lang='grc' dir='ltr'>τροφὴν</span> <span class='ocrx_word' id='word_1_475' title='bbox 1484 5375 1660 5444; x_wconf 76' lang='grc' dir='ltr'>ὄρεξις</span> <span class='ocrx_word' id='word_1_476' title='bbox 1696 5378 1900 5445; x_wconf 84' lang='grc' dir='ltr'>ὑγιείας</span> <span class='ocrx_word' id='word_1_477' title='bbox 1936 5383 2000 5433; x_wconf 70' lang='grc' dir='ltr'>ἂν</span> <span class='ocrx_word' id='word_1_478' title='bbox 2030 5386 2115 5453; x_wconf 83' lang='grc' dir='ltr'>εἴη</span> 
     </span>
    </p>
   </div>
   <div class='ocr_carea' id='block_1_63' title="bbox 551 5451 2115 5535">
    <p class='ocr_par' dir='ltr' id='par_1_63' title="bbox 551 5451 2115 5535">
     <span class='ocr_line' id='line_1_63' title="bbox 551 5451 2115 5535; baseline 0.011 -35"><span class='ocrx_word' id='word_1_479' title='bbox 551 5452 823 5535; x_wconf 80' lang='grc' dir='ltr'>μεγίστης</span> <span class='ocrx_word' id='word_1_480' title='bbox 848 5451 1296 5535; x_wconf 83' lang='grc' dir='ltr'>σημεῖον·οὖτως</span> <span class='ocrx_word' id='word_1_481' title='bbox 1348 5457 1379 5524; x_wconf 88' lang='grc' dir='ltr'>ἡ</span> <span class='ocrx_word' id='word_1_482' title='bbox 1422 5459 1547 5526; x_wconf 75' lang='grc' dir='ltr'>περὶ</span> <span class='ocrx_word' id='word_1_483' title='bbox 1595 5458 1693 5528; x_wconf 84' lang='grc' dir='ltr'>τὴν</span> <span class='ocrx_word' id='word_1_484' title='bbox 1742 5451 2115 5535; x_wconf 78' lang='grc' dir='ltr'>πνευματικὴν</span> 
     </span>
    </p>
   </div>
   <div class='ocr_carea' id='block_1_64' title="bbox 546 5533 2114 5617">
    <p class='ocr_par' dir='ltr' id='par_1_64' title="bbox 546 5533 2114 5617">
     <span class='ocr_line' id='line_1_64' title="bbox 546 5533 2114 5617; baseline 0.009 -34"><span class='ocrx_word' id='word_1_485' title='bbox 546 5533 893 5617; x_wconf 75' lang='grc' dir='ltr'>διδασκαλίαν</span> <span class='ocrx_word' id='word_1_486' title='bbox 908 5534 1182 5617; x_wconf 82' lang='grc' dir='ltr'>ἐπιθυμία</span> <span class='ocrx_word' id='word_1_487' title='bbox 1200 5534 1299 5603; x_wconf 84' lang='grc' dir='ltr'>τῆς</span> <span class='ocrx_word' id='word_1_488' title='bbox 1323 5536 1461 5589; x_wconf 87' lang='grc' dir='ltr'>κατά</span> <span class='ocrx_word' id='word_1_489' title='bbox 1480 5535 1651 5609; x_wconf 69' lang='grc' dir='ltr'>ψυχὴν</span> <span class='ocrx_word' id='word_1_490' title='bbox 1682 5542 1887 5609; x_wconf 79' lang='grc' dir='ltr'>ὑγιείας</span> <span class='ocrx_word' id='word_1_491' title='bbox 1910 5533 2114 5617; x_wconf 82' lang='grc' dir='ltr'>τεκμή-</span> 
     </span>
    </p>
   </div>
   <div class='ocr_carea' id='block_1_65' title="bbox 553 5613 2113 5692">
    <p class='ocr_par' dir='ltr' id='par_1_65' title="bbox 553 5613 2113 5692">
     <span class='ocr_line' id='line_1_65' title="bbox 553 5613 2113 5692; baseline 0.008 -25"><span class='ocrx_word' id='word_1_492' title='bbox 553 5638 572 5684; x_wconf 65' lang='grc' dir='ltr'>ί.</span> <span class='ocrx_word' id='word_1_493' title='bbox 588 5632 666 5670; x_wconf 89' lang='grc' dir='ltr'>ιον</span> <span class='ocrx_word' id='word_1_494' title='bbox 700 5613 766 5666; x_wconf 82' lang='grc' dir='ltr'>ἂν</span> <span class='ocrx_word' id='word_1_495' title='bbox 795 5613 879 5681; x_wconf 82' lang='grc' dir='ltr'>εἴη</span> <span class='ocrx_word' id='word_1_496' title='bbox 903 5616 1313 5684; x_wconf 81' lang='grc' dir='ltr'>ἐναργέστατον.</span> <span class='ocrx_word' id='word_1_497' title='bbox 1349 5617 1448 5671; x_wconf 90' lang='grc' dir='ltr'>Διά</span> <span class='ocrx_word' id='word_1_498' title='bbox 1477 5636 1558 5673; x_wconf 89' lang='grc' dir='ltr'>τοι</span> <span class='ocrx_word' id='word_1_499' title='bbox 1588 5621 1742 5674; x_wconf 84' lang='grc' dir='ltr'>τοῦτο</span> <span class='ocrx_word' id='word_1_500' title='bbox 1775 5625 1928 5692; x_wconf 84' lang='grc' dir='ltr'>κάγὼ</span> <span class='ocrx_word' id='word_1_501' title='bbox 1959 5613 2113 5692; x_wconf 69' lang='grc' dir='ltr'>εἰδὼς</span> 
     </span>
    </p>
   </div>
   <div class='ocr_carea' id='block_1_66' title="bbox 551 5695 2111 5781">
    <p class='ocr_par' dir='ltr' id='par_1_66' title="bbox 551 5695 2111 5781">
     <span class='ocr_line' id='line_1_66' title="bbox 551 5695 2111 5781; baseline 0.013 -38"><span class='ocrx_word' id='word_1_502' title='bbox 551 5696 702 5781; x_wconf 41' lang='grc' dir='ltr'>τιμῶν</span> <span class='ocrx_word' id='word_1_503' title='bbox 730 5695 822 5781; x_wconf 73' lang='grc' dir='ltr'>τδν</span> <span class='ocrx_word' id='word_1_504' title='bbox 846 5695 1023 5758; x_wconf 82' lang='grc' dir='ltr'>πόθον,</span> <span class='ocrx_word' id='word_1_505' title='bbox 1052 5700 1145 5751; x_wconf 80' lang='grc' dir='ltr'>καὶ</span> <span class='ocrx_word' id='word_1_506' title='bbox 1176 5700 1256 5751; x_wconf 81' lang='grc' dir='ltr'>ὅτι</span> <span class='ocrx_word' id='word_1_507' title='bbox 1282 5699 1381 5752; x_wconf 75' lang='grc' dir='ltr'>κᾶν</span> <span class='ocrx_word' id='word_1_508' title='bbox 1416 5704 1672 5773; x_wconf 86' lang='grc' dir='ltr'>μυριάκις</span> <span class='ocrx_word' id='word_1_509' title='bbox 1694 5709 1998 5774; x_wconf 83' lang='grc' dir='ltr'>παρατείνω</span> <span class='ocrx_word' id='word_1_510' title='bbox 2013 5712 2111 5781; x_wconf 81' lang='grc' dir='ltr'>τῆν</span> 
     </span>
    </p>
   </div>
   <div class='ocr_carea' id='block_1_67' title="bbox 548 5777 2109 5865">
    <p class='ocr_par' dir='ltr' id='par_1_67' title="bbox 548 5777 2109 5865">
     <span class='ocr_line' id='line_1_67' title="bbox 548 5777 2109 5865; baseline 0.008 -32"><span class='ocrx_word' id='word_1_511' title='bbox 548 5777 912 5842; x_wconf 66' lang='grc' dir='ltr'>διδαεκαλίαν,</span> <span class='ocrx_word' id='word_1_512' title='bbox 948 5780 1066 5834; x_wconf 70' lang='grc' dir='ltr'>οὑδὲ</span> <span class='ocrx_word' id='word_1_513' title='bbox 1092 5780 1258 5848; x_wconf 77' lang='grc' dir='ltr'>οὑτως</span> <span class='ocrx_word' id='word_1_514' title='bbox 1284 5786 1555 5856; x_wconf 73' lang='grc' dir='ltr'>ἐμπλῆσαι</span> <span class='ocrx_word' id='word_1_515' title='bbox 1587 5788 1736 5858; x_wconf 78' lang='grc' dir='ltr'>ὑμῶν</span> <span class='ocrx_word' id='word_1_516' title='bbox 1766 5790 1993 5862; x_wconf 62' lang='grc' dir='ltr'>δύναμαι</span> <span class='ocrx_word' id='word_1_517' title='bbox 2016 5777 2109 5865; x_wconf 64' lang='grc' dir='ltr'>τήν</span> 
     </span>
    </p>
   </div>
   <div class='ocr_carea' id='block_1_68' title="bbox 1290 327 3137 392">
    <p class='ocr_par' dir='ltr' id='par_1_68' title="bbox 1290 327 3137 392">
     <span class='ocr_line' id='line_1_68' title="bbox 1290 327 3137 392; baseline -0.002 -5"><span class='ocrx_word' id='word_1_518' title='bbox 1290 332 1349 388; x_wconf 88' lang='lat' dir='ltr'>S.</span> <span class='ocrx_word' id='word_1_519' title='bbox 1387 330 1672 392; x_wconf 76' lang='lat' dir='ltr'>JOANMS</span> <span class='ocrx_word' id='word_1_520' title='bbox 1707 332 2196 391; x_wconf 69' lang='lat' dir='ltr'>CHRYSOSTOIII</span> <span class='ocrx_word' id='word_1_521' title='bbox 2236 330 2549 389; x_wconf 78' lang='lat' dir='ltr'>ARCIIIEP.</span> <span class='ocrx_word' id='word_1_522' title='bbox 2592 327 3137 387; x_wconf 64' lang='lat' dir='ltr'>CONSTANTINOP.</span> 
     </span>
    </p>
   </div>
   <div class='ocr_carea' id='block_1_69' title="bbox 3720 327 3834 384">
    <p class='ocr_par' dir='ltr' id='par_1_69' title="bbox 3720 327 3834 384">
     <span class='ocr_line' id='line_1_69' title="bbox 3720 327 3834 384; baseline 0 0"><span class='ocrx_word' id='word_1_523' title='bbox 3720 327 3834 384; x_wconf 70' lang='grc'>296</span> 
     </span>
    </p>
   </div>
   <div class='ocr_carea' id='block_1_70' title="bbox 2242 435 3831 512">
    <p class='ocr_par' dir='ltr' id='par_1_70' title="bbox 2242 435 3831 512">
     <span class='ocr_line' id='line_1_70' title="bbox 2242 435 3831 512; baseline -0.001 -19"><span class='ocrx_word' id='word_1_524' title='bbox 2242 440 2552 510; x_wconf 87' lang='grc' dir='ltr'>ἐπιθυμίαν,</span> <span class='ocrx_word' id='word_1_525' title='bbox 2586 442 2679 494; x_wconf 77' lang='grc' dir='ltr'>καὶ</span> <span class='ocrx_word' id='word_1_526' title='bbox 2705 442 2865 512; x_wconf 86' lang='grc' dir='ltr'>κόρον</span> <span class='ocrx_word' id='word_1_527' title='bbox 2910 441 3205 512; x_wconf 71' lang='grc' dir='ltr'>ἐμποιῆσαι</span> <span class='ocrx_word' id='word_1_528' title='bbox 3240 438 3338 507; x_wconf 80' lang='grc' dir='ltr'>τῆς</span> <span class='ocrx_word' id='word_1_529' title='bbox 3375 435 3575 507; x_wconf 75' lang='grc' dir='ltr'>τροφῆς</span> <span class='ocrx_word' id='word_1_530' title='bbox 3622 439 3831 508; x_wconf 66' lang='grc' dir='ltr'>ταύτης</span> 
     </span>
    </p>
   </div>
   <div class='ocr_carea' id='block_1_71' title="bbox 2237 519 3829 594">
    <p class='ocr_par' dir='ltr' id='par_1_71' title="bbox 2237 519 3829 594">
     <span class='ocr_line' id='line_1_71' title="bbox 2237 519 3829 594; baseline -0.003 -19"><span class='ocrx_word' id='word_1_531' title='bbox 2237 523 2336 591; x_wconf 86' lang='grc' dir='ltr'>τῆς</span> <span class='ocrx_word' id='word_1_532' title='bbox 2376 525 2774 594; x_wconf 81' lang='grc' dir='ltr'>πνευματικῆς,</span> <span class='ocrx_word' id='word_1_533' title='bbox 2821 525 2882 576; x_wconf 92' lang='grc' dir='ltr'>οὑ</span> <span class='ocrx_word' id='word_1_534' title='bbox 2936 524 3217 593; x_wconf 83' lang='grc' dir='ltr'>παύσομαι</span> <span class='ocrx_word' id='word_1_535' title='bbox 3268 521 3409 573; x_wconf 78' lang='grc' dir='ltr'>κατά</span> <span class='ocrx_word' id='word_1_536' title='bbox 3452 519 3682 589; x_wconf 88' lang='grc' dir='ltr'>δύναμιν</span> <span class='ocrx_word' id='word_1_537' title='bbox 3725 520 3829 590; x_wconf 75' lang='grc' dir='ltr'>τὴν</span> 
     </span>
    </p>
   </div>
   <div class='ocr_carea' id='block_1_72' title="bbox 2239 601 3823 678">
    <p class='ocr_par' dir='ltr' id='par_1_72' title="bbox 2239 601 3823 678">
     <span class='ocr_line' id='line_1_72' title="bbox 2239 601 3823 678; baseline -0.003 -21"><span class='ocrx_word' id='word_1_538' title='bbox 2239 605 2399 674; x_wconf 83' lang='grc' dir='ltr'>ἐμὴν,</span> <span class='ocrx_word' id='word_1_539' title='bbox 2436 606 2578 672; x_wconf 75' lang='grc' dir='ltr'>ἅπερ</span> <span class='ocrx_word' id='word_1_540' title='bbox 2606 605 2671 658; x_wconf 86' lang='grc' dir='ltr'>ἀν</span> <span class='ocrx_word' id='word_1_541' title='bbox 2708 608 2741 678; x_wconf 89' lang='grc' dir='ltr'>ή</span> <span class='ocrx_word' id='word_1_542' title='bbox 2771 604 2865 657; x_wconf 82' lang='grc' dir='ltr'>τοῦ</span> <span class='ocrx_word' id='word_1_543' title='bbox 2897 603 3032 657; x_wconf 76' lang='grc' dir='ltr'>θεοῦ</span> <span class='ocrx_word' id='word_1_544' title='bbox 3076 604 3235 676; x_wconf 86' lang='grc' dir='ltr'>χάρις</span> <span class='ocrx_word' id='word_1_545' title='bbox 3274 602 3509 673; x_wconf 75' lang='grc' dir='ltr'>παρέχῃ,</span> <span class='ocrx_word' id='word_1_546' title='bbox 3556 603 3637 664; x_wconf 90' lang='grc' dir='ltr'>εἰς</span> <span class='ocrx_word' id='word_1_547' title='bbox 3672 601 3823 670; x_wconf 83' lang='grc' dir='ltr'>ὠφέ-</span> 
     </span>
    </p>
   </div>
   <div class='ocr_carea' id='block_1_73' title="bbox 2239 684 3820 758">
    <p class='ocr_par' dir='ltr' id='par_1_73' title="bbox 2239 684 3820 758">
     <span class='ocr_line' id='line_1_73' title="bbox 2239 684 3820 758; baseline -0.003 -19"><span class='ocrx_word' id='word_1_548' title='bbox 2239 686 2387 740; x_wconf 90' lang='grc' dir='ltr'>λειαν</span> <span class='ocrx_word' id='word_1_549' title='bbox 2404 688 2675 758; x_wconf 87' lang='grc' dir='ltr'>ὑμετέραν</span> <span class='ocrx_word' id='word_1_550' title='bbox 2708 686 2880 739; x_wconf 84' lang='grc' dir='ltr'>ταῦτα</span> <span class='ocrx_word' id='word_1_551' title='bbox 2907 687 2994 754; x_wconf 82' lang='grc' dir='ltr'>ἐφ’</span> <span class='ocrx_word' id='word_1_552' title='bbox 3028 687 3267 756; x_wconf 79' lang='grc' dir='ltr'>ἑκάστης</span> <span class='ocrx_word' id='word_1_553' title='bbox 3297 686 3426 755; x_wconf 90' lang='grc' dir='ltr'>ὑμῖν</span> <span class='ocrx_word' id='word_1_554' title='bbox 3471 684 3820 755; x_wconf 75' lang='grc' dir='ltr'>παρατιθεὶς,</span> 
     </span>
    </p>
   </div>
   <div class='ocr_carea' id='block_1_74' title="bbox 2239 764 3822 839">
    <p class='ocr_par' dir='ltr' id='par_1_74' title="bbox 2239 764 3822 839">
     <span class='ocr_line' id='line_1_74' title="bbox 2239 764 3822 839; baseline -0.003 -18"><span class='ocrx_word' id='word_1_555' title='bbox 2239 768 2335 821; x_wconf 77' lang='grc' dir='ltr'>καὶ</span> <span class='ocrx_word' id='word_1_556' title='bbox 2360 769 2428 821; x_wconf 82' lang='grc' dir='ltr'>τά</span> <span class='ocrx_word' id='word_1_557' title='bbox 2458 768 2565 821; x_wconf 81' lang='grc' dir='ltr'>ἀπὸ</span> <span class='ocrx_word' id='word_1_558' title='bbox 2592 767 2701 821; x_wconf 91' lang='grc' dir='ltr'>τῶν</span> <span class='ocrx_word' id='word_1_559' title='bbox 2729 767 2889 821; x_wconf 83' lang='grc' dir='ltr'>θείων</span> <span class='ocrx_word' id='word_1_560' title='bbox 2915 768 3147 839; x_wconf 82' lang='grc' dir='ltr'>Γραφῶν</span> <span class='ocrx_word' id='word_1_561' title='bbox 3170 768 3477 837; x_wconf 81' lang='grc' dir='ltr'>διδάγματα</span> <span class='ocrx_word' id='word_1_562' title='bbox 3510 764 3822 819; x_wconf 82' lang='grc' dir='ltr'>ἐναποτιθέ-</span> 
     </span>
    </p>
   </div>
   <div class='ocr_carea' id='block_1_75' title="bbox 2241 851 3149 922">
    <p class='ocr_par' dir='ltr' id='par_1_75' title="bbox 2241 851 3149 922">
     <span class='ocr_line' id='line_1_75' title="bbox 2241 851 3149 922; baseline 0.003 -20"><span class='ocrx_word' id='word_1_563' title='bbox 2241 867 2403 920; x_wconf 85' lang='grc' dir='ltr'>μενος</span> <span class='ocrx_word' id='word_1_564' title='bbox 2421 853 2541 914; x_wconf 89' lang='grc' dir='ltr'>ταῖς</span> <span class='ocrx_word' id='word_1_565' title='bbox 2558 851 2850 922; x_wconf 85' lang='grc' dir='ltr'>ὑμετέραις</span> <span class='ocrx_word' id='word_1_566' title='bbox 2869 851 3149 915; x_wconf 86' lang='grc' dir='ltr'>διανοίαις.</span> 
     </span>
    </p>
   </div>
   <div class='ocr_carea' id='block_1_76' title="bbox 2311 927 3824 1004">
    <p class='ocr_par' dir='ltr' id='par_1_76' title="bbox 2311 927 3824 1004">
     <span class='ocr_line' id='line_1_76' title="bbox 2311 927 3824 1004; baseline -0.004 -18"><span class='ocrx_word' id='word_1_567' title='bbox 2311 931 2377 1001; x_wconf 82' lang='grc' dir='ltr'>β’.</span> <span class='ocrx_word' id='word_1_568' title='bbox 2393 932 2530 1003; x_wconf 63' lang='grc' dir='ltr'>Φέρε</span> <span class='ocrx_word' id='word_1_569' title='bbox 2548 928 2640 985; x_wconf 84' lang='grc' dir='ltr'>οὖν</span> <span class='ocrx_word' id='word_1_570' title='bbox 2657 934 2749 985; x_wconf 76' lang='grc' dir='ltr'>καὶ</span> <span class='ocrx_word' id='word_1_571' title='bbox 2770 934 3013 1004; x_wconf 80' lang='grc' dir='ltr'>σήμερον</span> <span class='ocrx_word' id='word_1_572' title='bbox 3030 932 3122 985; x_wconf 79' lang='grc' dir='ltr'>τὸν</span> <span class='ocrx_word' id='word_1_573' title='bbox 3139 930 3521 1000; x_wconf 83' lang='grc' dir='ltr'>φιλάνθρωπον</span> <span class='ocrx_word' id='word_1_574' title='bbox 3542 927 3824 996; x_wconf 81' lang='grc' dir='ltr'>Δεσπότην</span> 
     </span>
    </p>
   </div>
   <div class='ocr_carea' id='block_1_77' title="bbox 2239 1008 3823 1084">
    <p class='ocr_par' dir='ltr' id='par_1_77' title="bbox 2239 1008 3823 1084">
     <span class='ocr_line' id='line_1_77' title="bbox 2239 1008 3823 1084; baseline -0.004 -18"><span class='ocrx_word' id='word_1_575' title='bbox 2239 1014 2720 1083; x_wconf 85' lang='grc' dir='ltr'>παρακαλέσαντες</span> <span class='ocrx_word' id='word_1_576' title='bbox 2757 1013 3022 1084; x_wconf 81' lang='grc' dir='ltr'>ὀδηγῆσαι</span> <span class='ocrx_word' id='word_1_577' title='bbox 3045 1013 3205 1084; x_wconf 88' lang='grc' dir='ltr'>ἡμῶν</span> <span class='ocrx_word' id='word_1_578' title='bbox 3250 1012 3351 1082; x_wconf 82' lang='grc' dir='ltr'>τὴν</span> <span class='ocrx_word' id='word_1_579' title='bbox 3393 1012 3647 1078; x_wconf 85' lang='grc' dir='ltr'>γλῶσσαν</span> <span class='ocrx_word' id='word_1_580' title='bbox 3682 1008 3823 1080; x_wconf 76' lang='grc' dir='ltr'>πρὸς</span> 
     </span>
    </p>
   </div>
   <div class='ocr_carea' id='block_1_78' title="bbox 2236 1092 3824 1167">
    <p class='ocr_par' dir='ltr' id='par_1_78' title="bbox 2236 1092 3824 1167">
     <span class='ocr_line' id='line_1_78' title="bbox 2236 1092 3824 1167; baseline -0.003 -20"><span class='ocrx_word' id='word_1_581' title='bbox 2236 1094 2336 1165; x_wconf 77' lang='grc' dir='ltr'>τὴν</span> <span class='ocrx_word' id='word_1_582' title='bbox 2364 1096 2473 1149; x_wconf 90' lang='grc' dir='ltr'>τῶν</span> <span class='ocrx_word' id='word_1_583' title='bbox 2501 1096 2849 1167; x_wconf 75' lang='grc' dir='ltr'>ζητουμένων</span> <span class='ocrx_word' id='word_1_584' title='bbox 2870 1096 3108 1166; x_wconf 77' lang='grc' dir='ltr'>εὕρεσιν,</span> <span class='ocrx_word' id='word_1_585' title='bbox 3133 1096 3231 1167; x_wconf 73' lang='grc' dir='ltr'>τὴν</span> <span class='ocrx_word' id='word_1_586' title='bbox 3254 1094 3458 1165; x_wconf 84' lang='grc' dir='ltr'>συνήθη</span> <span class='ocrx_word' id='word_1_587' title='bbox 3480 1092 3824 1164; x_wconf 75' lang='grc' dir='ltr'>παραϐῶμεν</span> 
     </span>
    </p>
   </div>
   <div class='ocr_carea' id='block_1_79' title="bbox 2238 1174 3825 1249">
    <p class='ocr_par' dir='ltr' id='par_1_79' title="bbox 2238 1174 3825 1249">
     <span class='ocr_line' id='line_1_79' title="bbox 2238 1174 3825 1249; baseline -0.001 -20"><span class='ocrx_word' id='word_1_588' title='bbox 2238 1177 2368 1247; x_wconf 88' lang='grc' dir='ltr'>ὑμῖν</span> <span class='ocrx_word' id='word_1_589' title='bbox 2394 1177 2764 1237; x_wconf 87' lang='grc' dir='ltr'>διδασκαλίαν,</span> <span class='ocrx_word' id='word_1_590' title='bbox 2808 1177 2948 1231; x_wconf 73' lang='grc' dir='ltr'>αὑτὰ</span> <span class='ocrx_word' id='word_1_591' title='bbox 2983 1178 3246 1249; x_wconf 81' lang='grc' dir='ltr'>πρότερον</span> <span class='ocrx_word' id='word_1_592' title='bbox 3274 1176 3345 1229; x_wconf 86' lang='grc' dir='ltr'>τά</span> <span class='ocrx_word' id='word_1_593' title='bbox 3395 1174 3825 1243; x_wconf 84' lang='grc' dir='ltr'>ἀναγνωσθέντα</span> 
     </span>
    </p>
   </div>
   <div class='ocr_carea' id='block_1_80' title="bbox 2237 1256 3820 1332">
    <p class='ocr_par' dir='ltr' id='par_1_80' title="bbox 2237 1256 3820 1332">
     <span class='ocr_line' id='line_1_80' title="bbox 2237 1256 3820 1332; baseline 0.003 -20"><span class='ocrx_word' id='word_1_594' title='bbox 2237 1259 2533 1331; x_wconf 83' lang='grc' dir='ltr'>προθέντες</span> <span class='ocrx_word' id='word_1_595' title='bbox 2553 1262 2643 1313; x_wconf 76' lang='grc' dir='ltr'>ἐπὶ</span> <span class='ocrx_word' id='word_1_596' title='bbox 2653 1260 2751 1331; x_wconf 81' lang='grc' dir='ltr'>τῆς</span> <span class='ocrx_word' id='word_1_597' title='bbox 2771 1261 3044 1332; x_wconf 78' lang='grc' dir='ltr'>ὑμετέρας</span> <span class='ocrx_word' id='word_1_598' title='bbox 3057 1261 3300 1330; x_wconf 76' lang='grc' dir='ltr'>ἀγάπης.</span> <span class='ocrx_word' id='word_1_599' title='bbox 3317 1258 3430 1312; x_wconf 74' lang='grc' dir='ltr'>Καὶ</span> <span class='ocrx_word' id='word_1_600' title='bbox 3444 1257 3638 1326; x_wconf 70' lang='grc' dir='ltr'>ὤφθη,</span> <span class='ocrx_word' id='word_1_601' title='bbox 3659 1256 3820 1325; x_wconf 76' lang='grc' dir='ltr'>φησὶ.</span> 
     </span>
    </p>
   </div>
   <div class='ocr_carea' id='block_1_81' title="bbox 2236 1336 3824 1410">
    <p class='ocr_par' dir='ltr' id='par_1_81' title="bbox 2236 1336 3824 1410">
     <span class='ocr_line' id='line_1_81' title="bbox 2236 1336 3824 1410; baseline -0.003 -16"><span class='ocrx_word' id='word_1_602' title='bbox 2236 1342 2450 1410; x_wconf 83' lang='grc' dir='ltr'>Κύριος</span> <span class='ocrx_word' id='word_1_603' title='bbox 2465 1346 2499 1396; x_wconf 83' lang='lat' dir='ltr'>d</span> <span class='ocrx_word' id='word_1_604' title='bbox 2517 1343 2662 1408; x_wconf 80' lang='grc' dir='ltr'>Θεὸς</span> <span class='ocrx_word' id='word_1_605' title='bbox 2672 1342 2753 1407; x_wconf 83' lang='grc' dir='ltr'>τῷ</span> <span class='ocrx_word' id='word_1_606' title='bbox 2771 1344 3017 1410; x_wconf 77' lang='grc' dir='ltr'>’Δϐραμ,</span> <span class='ocrx_word' id='word_1_607' title='bbox 3030 1343 3129 1395; x_wconf 81' lang='grc' dir='ltr'>καὶ</span> <span class='ocrx_word' id='word_1_608' title='bbox 3146 1337 3316 1395; x_wconf 74' lang='grc' dir='ltr'>εἶπεν</span> <span class='ocrx_word' id='word_1_609' title='bbox 3338 1337 3519 1403; x_wconf 79' lang='grc' dir='ltr'>αὐτῷ.</span> <span class='ocrx_word' id='word_1_610' title='bbox 3543 1339 3619 1391; x_wconf 87' lang='grc' dir='ltr'>Οὑ</span> <span class='ocrx_word' id='word_1_611' title='bbox 3636 1336 3824 1399; x_wconf 88' lang='grc' dir='ltr'>καλῶς</span> 
     </span>
    </p>
   </div>
   <div class='ocr_carea' id='block_1_82' title="bbox 2235 1420 3825 1496">
    <p class='ocr_par' dir='ltr' id='par_1_82' title="bbox 2235 1420 3825 1496">
     <span class='ocr_line' id='line_1_82' title="bbox 2235 1420 3825 1496; baseline -0.004 -20"><span class='ocrx_word' id='word_1_612' title='bbox 2235 1423 2420 1490; x_wconf 84' lang='grc' dir='ltr'>έλεγον</span> <span class='ocrx_word' id='word_1_613' title='bbox 2447 1424 2507 1489; x_wconf 86' lang='grc' dir='ltr'>ἐξ</span> <span class='ocrx_word' id='word_1_614' title='bbox 2534 1425 2732 1496; x_wconf 86' lang='grc' dir='ltr'>ἀρχῆς,</span> <span class='ocrx_word' id='word_1_615' title='bbox 2760 1425 2842 1477; x_wconf 82' lang='grc' dir='ltr'>ὅτι</span> <span class='ocrx_word' id='word_1_616' title='bbox 2887 1424 3053 1486; x_wconf 77' lang='grc' dir='ltr'>πολὺς</span> <span class='ocrx_word' id='word_1_617' title='bbox 3086 1426 3114 1476; x_wconf 87' lang='grc' dir='ltr'>ό</span> <span class='ocrx_word' id='word_1_618' title='bbox 3150 1423 3424 1494; x_wconf 77' lang='grc' dir='ltr'>θησαυρὸς</span> <span class='ocrx_word' id='word_1_619' title='bbox 3466 1420 3825 1474; x_wconf 79' lang='grc' dir='ltr'>ἐναπόκειται</span> 
     </span>
    </p>
   </div>
   <div class='ocr_carea' id='block_1_83' title="bbox 2234 1499 3827 1576">
    <p class='ocr_par' dir='ltr' id='par_1_83' title="bbox 2234 1499 3827 1576">
     <span class='ocr_line' id='line_1_83' title="bbox 2234 1499 3827 1576; baseline -0.004 -19"><span class='ocrx_word' id='word_1_620' title='bbox 2234 1508 2347 1569; x_wconf 86' lang='grc' dir='ltr'>τοῖς</span> <span class='ocrx_word' id='word_1_621' title='bbox 2368 1505 2592 1576; x_wconf 84' lang='grc' dir='ltr'>βραχέσι</span> <span class='ocrx_word' id='word_1_622' title='bbox 2619 1506 2828 1568; x_wconf 88' lang='grc' dir='ltr'>τούτοις</span> <span class='ocrx_word' id='word_1_623' title='bbox 2860 1505 3131 1576; x_wconf 76' lang='grc' dir='ltr'>ῥήμασιν;</span> <span class='ocrx_word' id='word_1_624' title='bbox 3164 1505 3296 1558; x_wconf 79' lang='grc' dir='ltr'>Ἰδοὺ</span> <span class='ocrx_word' id='word_1_625' title='bbox 3325 1504 3435 1574; x_wconf 90' lang='grc' dir='ltr'>γάρ</span> <span class='ocrx_word' id='word_1_626' title='bbox 3450 1502 3654 1564; x_wconf 81' lang='grc' dir='ltr'>εὐθέως</span> <span class='ocrx_word' id='word_1_627' title='bbox 3667 1499 3827 1564; x_wconf 80' lang='grc' dir='ltr'>ξένον</span> 
     </span>
    </p>
   </div>
   <div class='ocr_carea' id='block_1_84' title="bbox 2236 1582 3823 1658">
    <p class='ocr_par' dir='ltr' id='par_1_84' title="bbox 2236 1582 3823 1658">
     <span class='ocr_line' id='line_1_84' title="bbox 2236 1582 3823 1658; baseline -0.003 -18"><span class='ocrx_word' id='word_1_628' title='bbox 2236 1589 2329 1641; x_wconf 67' lang='lat' dir='ltr'><strong>x11</strong></span> <span class='ocrx_word' id='word_1_629' title='bbox 2350 1587 2533 1641; x_wconf 85' lang='grc' dir='ltr'>καινὸν</span> <span class='ocrx_word' id='word_1_630' title='bbox 2565 1587 2626 1640; x_wconf 81' lang='grc' dir='ltr'>τὸ</span> <span class='ocrx_word' id='word_1_631' title='bbox 2657 1586 2941 1658; x_wconf 81' lang='grc' dir='ltr'>προοίμιον</span> <span class='ocrx_word' id='word_1_632' title='bbox 2973 1586 3083 1643; x_wconf 87' lang='grc' dir='ltr'>τῶν</span> <span class='ocrx_word' id='word_1_633' title='bbox 3106 1586 3440 1658; x_wconf 73' lang='grc' dir='ltr'>εἰρημένων·</span> <span class='ocrx_word' id='word_1_634' title='bbox 3484 1585 3592 1637; x_wconf 77' lang='grc' dir='ltr'>Καὶ</span> <span class='ocrx_word' id='word_1_635' title='bbox 3623 1582 3823 1650; x_wconf 63' lang='grc' dir='ltr'>ὤφθη,</span> 
     </span>
    </p>
   </div>
   <div class='ocr_carea' id='block_1_85' title="bbox 2234 1666 3823 1739">
    <p class='ocr_par' dir='ltr' id='par_1_85' title="bbox 2234 1666 3823 1739">
     <span class='ocr_line' id='line_1_85' title="bbox 2234 1666 3823 1739; baseline -0.003 -18"><span class='ocrx_word' id='word_1_636' title='bbox 2234 1670 2389 1739; x_wconf 76' lang='grc' dir='ltr'>φησὶ,</span> <span class='ocrx_word' id='word_1_637' title='bbox 2417 1670 2632 1737; x_wconf 81' lang='grc' dir='ltr'>Κύριος</span> <span class='ocrx_word' id='word_1_638' title='bbox 2659 1672 2692 1723; x_wconf 84' lang='grc' dir='ltr'>ό</span> <span class='ocrx_word' id='word_1_639' title='bbox 2716 1669 2858 1735; x_wconf 80' lang='grc' dir='ltr'>Θεὸς</span> <span class='ocrx_word' id='word_1_640' title='bbox 2891 1667 2972 1734; x_wconf 84' lang='grc' dir='ltr'>τῷ</span> <span class='ocrx_word' id='word_1_641' title='bbox 3021 1670 3257 1738; x_wconf 79' lang='grc' dir='ltr'>Ἀδραμ.</span> <span class='ocrx_word' id='word_1_642' title='bbox 3297 1666 3520 1738; x_wconf 83' lang='grc' dir='ltr'>Πρῶτον</span> <span class='ocrx_word' id='word_1_643' title='bbox 3537 1666 3695 1719; x_wconf 90' lang='grc' dir='ltr'>τοῦτο</span> <span class='ocrx_word' id='word_1_644' title='bbox 3722 1666 3823 1718; x_wconf 83' lang='grc' dir='ltr'>εὑ-</span> 
     </span>
    </p>
   </div>
   <div class='ocr_carea' id='block_1_86' title="bbox 2236 1747 3826 1823">
    <p class='ocr_par' dir='ltr' id='par_1_86' title="bbox 2236 1747 3826 1823">
     <span class='ocr_line' id='line_1_86' title="bbox 2236 1747 3826 1823; baseline -0.001 -20"><span class='ocrx_word' id='word_1_645' title='bbox 2236 1752 2493 1823; x_wconf 90' lang='grc' dir='ltr'>ρίσκομεν</span> <span class='ocrx_word' id='word_1_646' title='bbox 2522 1752 2582 1805; x_wconf 72' lang='grc' dir='ltr'>ἐν</span> <span class='ocrx_word' id='word_1_647' title='bbox 2609 1754 2673 1823; x_wconf 73' lang='grc' dir='ltr'>τῇ</span> <span class='ocrx_word' id='word_1_648' title='bbox 2707 1752 2895 1823; x_wconf 83' lang='grc' dir='ltr'>Γραφῇ</span> <span class='ocrx_word' id='word_1_649' title='bbox 2923 1751 3016 1805; x_wconf 91' lang='grc' dir='ltr'>νῦν</span> <span class='ocrx_word' id='word_1_650' title='bbox 3043 1752 3104 1805; x_wconf 83' lang='grc' dir='ltr'>τὸ</span> <span class='ocrx_word' id='word_1_651' title='bbox 3135 1752 3319 1823; x_wconf 74' lang='grc' dir='ltr'>ῥηθὲν,</span> <span class='ocrx_word' id='word_1_652' title='bbox 3346 1752 3428 1804; x_wconf 86' lang='grc' dir='ltr'>ὃτι</span> <span class='ocrx_word' id='word_1_653' title='bbox 3456 1751 3663 1818; x_wconf 63' lang='grc' dir='ltr'>Ὄρθη·</span> <span class='ocrx_word' id='word_1_654' title='bbox 3681 1747 3826 1801; x_wconf 75' lang='grc' dir='ltr'>οὔτε</span> 
     </span>
    </p>
   </div>
   <div class='ocr_carea' id='block_1_87' title="bbox 2234 1830 3826 1903">
    <p class='ocr_par' dir='ltr' id='par_1_87' title="bbox 2234 1830 3826 1903">
     <span class='ocr_line' id='line_1_87' title="bbox 2234 1830 3826 1903; baseline -0.002 -18"><span class='ocrx_word' id='word_1_655' title='bbox 2234 1833 2341 1903; x_wconf 80' lang='grc' dir='ltr'>γὰρ</span> <span class='ocrx_word' id='word_1_656' title='bbox 2365 1834 2457 1885; x_wconf 79' lang='grc' dir='ltr'>ἐπὶ</span> <span class='ocrx_word' id='word_1_657' title='bbox 2476 1832 2568 1886; x_wconf 88' lang='grc' dir='ltr'>τοῦ</span> <span class='ocrx_word' id='word_1_658' title='bbox 2606 1834 2797 1903; x_wconf 68' lang='grc' dir='ltr'>Ἀδὰμ,</span> <span class='ocrx_word' id='word_1_659' title='bbox 2825 1832 2948 1887; x_wconf 80' lang='grc' dir='ltr'>οὕτε</span> <span class='ocrx_word' id='word_1_660' title='bbox 2978 1835 3073 1886; x_wconf 81' lang='grc' dir='ltr'>ἐπὶ</span> <span class='ocrx_word' id='word_1_661' title='bbox 3102 1833 3198 1887; x_wconf 87' lang='grc' dir='ltr'>τοῦ</span> <span class='ocrx_word' id='word_1_662' title='bbox 3220 1833 3408 1897; x_wconf 74' lang='grc' dir='ltr'>Ἅϐελ,</span> <span class='ocrx_word' id='word_1_663' title='bbox 3433 1830 3555 1884; x_wconf 78' lang='grc' dir='ltr'>οὔτε</span> <span class='ocrx_word' id='word_1_664' title='bbox 3589 1832 3681 1884; x_wconf 74' lang='grc' dir='ltr'>ἐπὶ</span> <span class='ocrx_word' id='word_1_665' title='bbox 3721 1830 3826 1883; x_wconf 75' lang='grc' dir='ltr'>τοῦ</span> 
     </span>
    </p>
   </div>
   <div class='ocr_carea' id='block_1_88' title="bbox 2231 1914 3827 1988">
    <p class='ocr_par' dir='ltr' id='par_1_88' title="bbox 2231 1914 3827 1988">
     <span class='ocr_line' id='line_1_88' title="bbox 2231 1914 3827 1988; baseline -0.001 -21"><span class='ocrx_word' id='word_1_666' title='bbox 2231 1914 2378 1979; x_wconf 85' lang='grc' dir='ltr'>Νῶε,</span> <span class='ocrx_word' id='word_1_667' title='bbox 2410 1914 2643 1968; x_wconf 59' lang='lat' dir='ltr'>obuia-1‘</span> <span class='ocrx_word' id='word_1_668' title='bbox 2672 1916 2833 1969; x_wconf 88' lang='grc' dir='ltr'>ἀλλου</span> <span class='ocrx_word' id='word_1_669' title='bbox 2867 1917 3013 1980; x_wconf 80' lang='grc' dir='ltr'>τινὸς</span> <span class='ocrx_word' id='word_1_670' title='bbox 3042 1916 3218 1988; x_wconf 79' lang='grc' dir='ltr'>ταύτῃ</span> <span class='ocrx_word' id='word_1_671' title='bbox 3252 1918 3525 1987; x_wconf 86' lang='grc' dir='ltr'>ἐχρήσατο</span> <span class='ocrx_word' id='word_1_672' title='bbox 3561 1917 3628 1985; x_wconf 75' lang='grc' dir='ltr'>τῇ</span> <span class='ocrx_word' id='word_1_673' title='bbox 3669 1914 3827 1979; x_wconf 82' lang='grc' dir='ltr'>λέξει</span> 
     </span>
    </p>
   </div>
   <div class='ocr_carea' id='block_1_89' title="bbox 2231 1995 3827 2070">
    <p class='ocr_par' dir='ltr' id='par_1_89' title="bbox 2231 1995 3827 2070">
     <span class='ocr_line' id='line_1_89' title="bbox 2231 1995 3827 2070; baseline 0 -20"><span class='ocrx_word' id='word_1_674' title='bbox 2231 1998 2267 2067; x_wconf 87' lang='grc' dir='ltr'>ἡ</span> <span class='ocrx_word' id='word_1_675' title='bbox 2298 1997 2419 2050; x_wconf 88' lang='grc' dir='ltr'>θεία</span> <span class='ocrx_word' id='word_1_676' title='bbox 2450 1998 2488 2049; x_wconf 83' lang='grc' dir='ltr'><strong><em>Γ</em></strong></span> <span class='ocrx_word' id='word_1_677' title='bbox 2492 1998 2663 2070; x_wconf 87' lang='grc' dir='ltr'>ραφή.</span> <span class='ocrx_word' id='word_1_678' title='bbox 2689 1998 2755 2051; x_wconf 87' lang='grc' dir='ltr'>Τί</span> <span class='ocrx_word' id='word_1_679' title='bbox 2785 1995 2879 2052; x_wconf 83' lang='grc' dir='ltr'>οῦν</span> <span class='ocrx_word' id='word_1_680' title='bbox 2906 2000 3025 2053; x_wconf 89' lang='grc' dir='ltr'>ἐστι</span> <span class='ocrx_word' id='word_1_681' title='bbox 3050 1999 3115 2052; x_wconf 75' lang='grc' dir='ltr'>τὸ</span> <span class='ocrx_word' id='word_1_682' title='bbox 3140 1999 3451 2070; x_wconf 83' lang='grc' dir='ltr'>είρημένον,</span> <span class='ocrx_word' id='word_1_683' title='bbox 3478 1999 3589 2051; x_wconf 74' lang='grc' dir='ltr'>Καὶ</span> <span class='ocrx_word' id='word_1_684' title='bbox 3620 1996 3827 2065; x_wconf 70' lang='grc' dir='ltr'>ὤφθη.</span> 
     </span>
    </p>
   </div>
   <div class='ocr_carea' id='block_1_90' title="bbox 2233 2079 3832 2150">
    <p class='ocr_par' dir='ltr' id='par_1_90' title="bbox 2233 2079 3832 2150">
     <span class='ocr_line' id='line_1_90' title="bbox 2233 2079 3832 2150; baseline 0.001 -18"><span class='ocrx_word' id='word_1_685' title='bbox 2233 2080 2401 2149; x_wconf 85' lang='grc' dir='ltr'>φησί;</span> <span class='ocrx_word' id='word_1_686' title='bbox 2434 2082 2546 2135; x_wconf 81' lang='grc' dir='ltr'>Καὶ</span> <span class='ocrx_word' id='word_1_687' title='bbox 2576 2082 2692 2143; x_wconf 87' lang='grc' dir='ltr'>πῶς</span> <span class='ocrx_word' id='word_1_688' title='bbox 2722 2080 2950 2150; x_wconf 85' lang='grc' dir='ltr'>ἐτέρωθι</span> <span class='ocrx_word' id='word_1_689' title='bbox 2995 2081 3166 2149; x_wconf 81' lang='grc' dir='ltr'>λέγει,</span> <span class='ocrx_word' id='word_1_690' title='bbox 3214 2080 3426 2147; x_wconf 78' lang='grc' dir='ltr'>Οὐδεὶς</span> <span class='ocrx_word' id='word_1_691' title='bbox 3471 2081 3679 2148; x_wconf 63' lang='grc' dir='ltr'>ὄψεται</span> <span class='ocrx_word' id='word_1_692' title='bbox 3707 2079 3832 2133; x_wconf 67' lang='grc' dir='ltr'>τὸν·</span> 
     </span>
    </p>
   </div>
   <div class='ocr_carea' id='block_1_91' title="bbox 2232 2159 3829 2233">
    <p class='ocr_par' dir='ltr' id='par_1_91' title="bbox 2232 2159 3829 2233">
     <span class='ocr_line' id='line_1_91' title="bbox 2232 2159 3829 2233; baseline 0.001 -20"><span class='ocrx_word' id='word_1_693' title='bbox 2232 2161 2401 2223; x_wconf 70' lang='grc' dir='ltr'>Θεὸν,</span> <span class='ocrx_word' id='word_1_694' title='bbox 2416 2162 2517 2216; x_wconf 78' lang='grc' dir='ltr'>καὶ</span> <span class='ocrx_word' id='word_1_695' title='bbox 2530 2160 2767 2228; x_wconf 76' lang='grc' dir='ltr'>ζήσεται</span> <span class='ocrx_word' id='word_1_696' title='bbox 2786 2179 2806 2227; x_wconf 91' lang='grc'><strong><em>;</em></strong></span> <span class='ocrx_word' id='word_1_697' title='bbox 2829 2164 2892 2215; x_wconf 88' lang='grc' dir='ltr'>Τί</span> <span class='ocrx_word' id='word_1_698' title='bbox 2907 2159 3002 2216; x_wconf 84' lang='grc' dir='ltr'>οὖν</span> <span class='ocrx_word' id='word_1_699' title='bbox 3015 2163 3082 2217; x_wconf 73' lang='grc' dir='ltr'>ἂν</span> <span class='ocrx_word' id='word_1_700' title='bbox 3095 2164 3346 2233; x_wconf 74' lang='grc' dir='ltr'>εἴποιμεν</span> <span class='ocrx_word' id='word_1_701' title='bbox 3361 2162 3457 2216; x_wconf 89' lang='grc' dir='ltr'>νῦν</span> <span class='ocrx_word' id='word_1_702' title='bbox 3474 2162 3574 2232; x_wconf 82' lang='grc' dir='ltr'>τῆς</span> <span class='ocrx_word' id='word_1_703' title='bbox 3592 2160 3829 2232; x_wconf 82' lang='grc' dir='ltr'>Γραφῆς</span> 
     </span>
    </p>
   </div>
   <div class='ocr_carea' id='block_1_92' title="bbox 2230 2240 3832 2317">
    <p class='ocr_par' dir='ltr' id='par_1_92' title="bbox 2230 2240 3832 2317">
     <span class='ocr_line' id='line_1_92' title="bbox 2230 2240 3832 2317; baseline 0 -22"><span class='ocrx_word' id='word_1_704' title='bbox 2230 2241 2513 2311; x_wconf 82' lang='grc' dir='ltr'>λεγούσης,</span> <span class='ocrx_word' id='word_1_705' title='bbox 2528 2245 2611 2297; x_wconf 83' lang='grc' dir='ltr'>ὅτι</span> <span class='ocrx_word' id='word_1_706' title='bbox 2626 2246 2852 2313; x_wconf 77' lang='grc' dir='ltr'>Ὠφθη;</span> <span class='ocrx_word' id='word_1_707' title='bbox 2876 2245 2999 2311; x_wconf 84' lang='grc' dir='ltr'>Πῶς</span> <span class='ocrx_word' id='word_1_708' title='bbox 3023 2244 3180 2317; x_wconf 76' lang='grc' dir='ltr'>ὤφθη</span> <span class='ocrx_word' id='word_1_709' title='bbox 3200 2246 3280 2315; x_wconf 85' lang='grc' dir='ltr'>τῷ</span> <span class='ocrx_word' id='word_1_710' title='bbox 3298 2245 3493 2316; x_wconf 80' lang='grc' dir='ltr'>δικαίῳ</span> <span class='ocrx_word' id='word_1_711' title='bbox 3512 2260 3528 2309; x_wconf 88' lang='grc'>;</span> <span class='ocrx_word' id='word_1_712' title='bbox 3550 2240 3689 2313; x_wconf 69' lang='grc' dir='ltr'>*Δρα</span> <span class='ocrx_word' id='word_1_713' title='bbox 3716 2244 3832 2295; x_wconf 86' lang='grc' dir='ltr'>αὑ-</span> 
     </span>
    </p>
   </div>
   <div class='ocr_carea' id='block_1_93' title="bbox 2229 2324 3829 2401">
    <p class='ocr_par' dir='ltr' id='par_1_93' title="bbox 2229 2324 3829 2401">
     <span class='ocr_line' id='line_1_93' title="bbox 2229 2324 3829 2401; baseline 0.003 -24"><span class='ocrx_word' id='word_1_714' title='bbox 2229 2327 2328 2396; x_wconf 81' lang='grc' dir='ltr'>τήν</span> <span class='ocrx_word' id='word_1_715' title='bbox 2354 2328 2453 2399; x_wconf 80' lang='grc' dir='ltr'>τὴν</span> <span class='ocrx_word' id='word_1_716' title='bbox 2485 2328 2673 2383; x_wconf 83' lang='grc' dir='ltr'>οὑσίαν</span> <span class='ocrx_word' id='word_1_717' title='bbox 2702 2324 2878 2393; x_wconf 86' lang='grc' dir='ltr'>εἷδεν;</span> <span class='ocrx_word' id='word_1_718' title='bbox 2913 2330 3083 2400; x_wconf 83' lang='grc' dir='ltr'>Οὑχί·</span> <span class='ocrx_word' id='word_1_719' title='bbox 3136 2330 3213 2401; x_wconf 79' lang='grc' dir='ltr'>μή</span> <span class='ocrx_word' id='word_1_720' title='bbox 3251 2331 3480 2398; x_wconf 86' lang='grc' dir='ltr'>γένοιτο.</span> <span class='ocrx_word' id='word_1_721' title='bbox 3525 2328 3683 2382; x_wconf 74' lang='grc' dir='ltr'>’Λλλά</span> <span class='ocrx_word' id='word_1_722' title='bbox 3721 2328 3829 2392; x_wconf 75' lang='grc' dir='ltr'>τίς</span> 
     </span>
    </p>
   </div>
   <div class='ocr_carea' id='block_1_94' title="bbox 2230 2409 3832 2484">
    <p class='ocr_par' dir='ltr' id='par_1_94' title="bbox 2230 2409 3832 2484">
     <span class='ocr_line' id='line_1_94' title="bbox 2230 2409 3832 2484; baseline -0.001 -21"><span class='ocrx_word' id='word_1_723' title='bbox 2230 2409 2417 2474; x_wconf 86' lang='grc' dir='ltr'>Οὑτως</span> <span class='ocrx_word' id='word_1_724' title='bbox 2444 2410 2621 2481; x_wconf 80' lang='grc' dir='ltr'>ὤφθη,</span> <span class='ocrx_word' id='word_1_725' title='bbox 2658 2412 2736 2475; x_wconf 84' lang='grc' dir='ltr'>ὡς</span> <span class='ocrx_word' id='word_1_726' title='bbox 2766 2413 2927 2477; x_wconf 83' lang='grc' dir='ltr'>αὑτδς</span> <span class='ocrx_word' id='word_1_727' title='bbox 2986 2410 3094 2466; x_wconf 79' lang='grc' dir='ltr'>οῐδε</span> <span class='ocrx_word' id='word_1_728' title='bbox 3149 2414 3329 2484; x_wconf 85' lang='grc' dir='ltr'>μόνος,</span> <span class='ocrx_word' id='word_1_729' title='bbox 3383 2413 3478 2465; x_wconf 74' lang='grc' dir='ltr'>καὶ</span> <span class='ocrx_word' id='word_1_730' title='bbox 3510 2411 3583 2474; x_wconf 86' lang='grc' dir='ltr'>ὼς</span> <span class='ocrx_word' id='word_1_731' title='bbox 3616 2410 3832 2480; x_wconf 81' lang='grc' dir='ltr'>ἐκείνῳ</span> 
     </span>
    </p>
   </div>
   <div class='ocr_carea' id='block_1_95' title="bbox 2230 2491 3833 2567">
    <p class='ocr_par' dir='ltr' id='par_1_95' title="bbox 2230 2491 3833 2567">
     <span class='ocr_line' id='line_1_95' title="bbox 2230 2491 3833 2567; baseline -0.002 -19"><span class='ocrx_word' id='word_1_732' title='bbox 2230 2492 2382 2566; x_wconf 78' lang='grc'><strong>[518]</strong></span> <span class='ocrx_word' id='word_1_733' title='bbox 2406 2495 2630 2548; x_wconf 79' lang='grc' dir='ltr'>δυνατὸν</span> <span class='ocrx_word' id='word_1_734' title='bbox 2651 2491 2719 2566; x_wconf 76' lang='grc' dir='ltr'>ἦν</span> <span class='ocrx_word' id='word_1_735' title='bbox 2753 2496 2899 2549; x_wconf 84' lang='grc' dir='ltr'>ίδείν.</span> <span class='ocrx_word' id='word_1_736' title='bbox 2924 2497 3249 2567; x_wconf 84' lang='grc' dir='ltr'>Εὑμήχανος</span> <span class='ocrx_word' id='word_1_737' title='bbox 3267 2496 3375 2567; x_wconf 87' lang='grc' dir='ltr'>γὰρ</span> <span class='ocrx_word' id='word_1_738' title='bbox 3400 2495 3477 2549; x_wconf 86' lang='grc' dir='ltr'>ῶν</span> <span class='ocrx_word' id='word_1_739' title='bbox 3496 2495 3525 2547; x_wconf 82' lang='grc' dir='ltr'>ὁ</span> <span class='ocrx_word' id='word_1_740' title='bbox 3543 2493 3696 2561; x_wconf 77' lang='grc' dir='ltr'>σοφὸς</span> <span class='ocrx_word' id='word_1_741' title='bbox 3716 2493 3833 2545; x_wconf 74' lang='grc' dir='ltr'>καὶ</span> 
     </span>
    </p>
   </div>
   <div class='ocr_carea' id='block_1_96' title="bbox 2229 2576 3834 2651">
    <p class='ocr_par' dir='ltr' id='par_1_96' title="bbox 2229 2576 3834 2651">
     <span class='ocr_line' id='line_1_96' title="bbox 2229 2576 3834 2651; baseline -0.009 -7"><span class='ocrx_word' id='word_1_742' title='bbox 2229 2576 2607 2649; x_wconf 78' lang='grc' dir='ltr'>φιλάνθρωπος</span> <span class='ocrx_word' id='word_1_743' title='bbox 2657 2578 2815 2647; x_wconf 77' lang='grc' dir='ltr'>ἡμῶν</span> <span class='ocrx_word' id='word_1_744' title='bbox 2859 2580 3136 2651; x_wconf 77' lang='grc' dir='ltr'>Δεσπότης</span> <span class='ocrx_word' id='word_1_745' title='bbox 3160 2620 3174 2643; x_wconf 97' lang='grc'>,</span> <span class='ocrx_word' id='word_1_746' title='bbox 3226 2579 3320 2632; x_wconf 78' lang='grc' dir='ltr'>καὶ</span> <span class='ocrx_word' id='word_1_747' title='bbox 3368 2576 3834 2647; x_wconf 73' lang='grc' dir='ltr'>συγκαταϐαίνων</span> 
     </span>
    </p>
   </div>
   <div class='ocr_carea' id='block_1_97' title="bbox 2226 2658 3831 2732">
    <p class='ocr_par' dir='ltr' id='par_1_97' title="bbox 2226 2658 3831 2732">
     <span class='ocr_line' id='line_1_97' title="bbox 2226 2658 3831 2732; baseline 0.001 -23"><span class='ocrx_word' id='word_1_748' title='bbox 2226 2660 2293 2728; x_wconf 78' lang='grc' dir='ltr'>τῇ</span> <span class='ocrx_word' id='word_1_749' title='bbox 2319 2658 2637 2732; x_wconf 78' lang='grc' dir='ltr'>ἀνθρωπίνῃ</span> <span class='ocrx_word' id='word_1_750' title='bbox 2668 2660 2850 2728; x_wconf 87' lang='grc' dir='ltr'>φύσει,</span> <span class='ocrx_word' id='word_1_751' title='bbox 2896 2664 3008 2725; x_wconf 87' lang='grc' dir='ltr'>τοῖς</span> <span class='ocrx_word' id='word_1_752' title='bbox 3038 2660 3206 2725; x_wconf 84' lang='grc' dir='ltr'>ἀξίως</span> <span class='ocrx_word' id='word_1_753' title='bbox 3250 2658 3831 2732; x_wconf 78' lang='grc' dir='ltr'>προπαρεσκευασμέ-</span> 
     </span>
    </p>
   </div>
   <div class='ocr_carea' id='block_1_98' title="bbox 2229 2740 3834 2811">
    <p class='ocr_par' dir='ltr' id='par_1_98' title="bbox 2229 2740 3834 2811">
     <span class='ocr_line' id='line_1_98' title="bbox 2229 2740 3834 2811; baseline 0 -18"><span class='ocrx_word' id='word_1_754' title='bbox 2229 2757 2341 2803; x_wconf 91' lang='grc' dir='ltr'>νοις</span> <span class='ocrx_word' id='word_1_755' title='bbox 2371 2741 2566 2794; x_wconf 79' lang='grc' dir='ltr'>ἐαυτὸν</span> <span class='ocrx_word' id='word_1_756' title='bbox 2607 2742 2920 2811; x_wconf 74' lang='grc' dir='ltr'>ἐμφανίζει.</span> <span class='ocrx_word' id='word_1_757' title='bbox 2961 2743 3074 2797; x_wconf 78' lang='grc' dir='ltr'>Καὶ</span> <span class='ocrx_word' id='word_1_758' title='bbox 3107 2744 3266 2798; x_wconf 91' lang='grc' dir='ltr'>τοῦτο</span> <span class='ocrx_word' id='word_1_759' title='bbox 3302 2742 3543 2796; x_wconf 80' lang='grc' dir='ltr'>δείκνυσι</span> <span class='ocrx_word' id='word_1_760' title='bbox 3593 2740 3680 2792; x_wconf 68' lang='grc' dir='ltr'>διὰ</span> <span class='ocrx_word' id='word_1_761' title='bbox 3714 2740 3834 2793; x_wconf 82' lang='grc' dir='ltr'>τοῦ</span> 
     </span>
    </p>
   </div>
   <div class='ocr_carea' id='block_1_99' title="bbox 2229 2822 3834 2895">
    <p class='ocr_par' dir='ltr' id='par_1_99' title="bbox 2229 2822 3834 2895">
     <span class='ocr_line' id='line_1_99' title="bbox 2229 2822 3834 2895; baseline 0 -20"><span class='ocrx_word' id='word_1_762' title='bbox 2229 2826 2509 2892; x_wconf 82' lang='grc' dir='ltr'>προφήτου</span> <span class='ocrx_word' id='word_1_763' title='bbox 2526 2863 2541 2888; x_wconf 91' lang='grc'>,</span> <span class='ocrx_word' id='word_1_764' title='bbox 2566 2823 2771 2894; x_wconf 86' lang='grc' dir='ltr'>λέγων,</span> <span class='ocrx_word' id='word_1_765' title='bbox 2822 2824 2969 2895; x_wconf 77' lang='grc' dir='ltr'>Ἐγὼ</span> <span class='ocrx_word' id='word_1_766' title='bbox 2986 2824 3231 2895; x_wconf 77' lang='grc' dir='ltr'>δράσεις</span> <span class='ocrx_word' id='word_1_767' title='bbox 3250 2823 3584 2890; x_wconf 72' lang='grc' dir='ltr'>ἐκλήθυνα,</span> <span class='ocrx_word' id='word_1_768' title='bbox 3623 2822 3722 2875; x_wconf 74' lang='grc' dir='ltr'>καὶ</span> <span class='ocrx_word' id='word_1_769' title='bbox 3749 2824 3834 2875; x_wconf 73' lang='grc' dir='ltr'>ἐν</span> 
     </span>
    </p>
   </div>
   <div class='ocr_carea' id='block_1_100' title="bbox 2228 2904 3834 2980">
    <p class='ocr_par' dir='ltr' id='par_1_100' title="bbox 2228 2904 3834 2980">
     <span class='ocr_line' id='line_1_100' title="bbox 2228 2904 3834 2980; baseline -0.006 -11"><span class='ocrx_word' id='word_1_770' title='bbox 2228 2910 2403 2977; x_wconf 73' lang='grc' dir='ltr'>χερσὶ</span> <span class='ocrx_word' id='word_1_771' title='bbox 2430 2911 2754 2979; x_wconf 77' lang='grc' dir='ltr'>προφητῶν</span> <span class='ocrx_word' id='word_1_772' title='bbox 2769 2912 3095 2980; x_wconf 77' lang='grc' dir='ltr'>ὡμοιώθην.</span> <span class='ocrx_word' id='word_1_773' title='bbox 3132 2912 3282 2964; x_wconf 77' lang='grc' dir='ltr'>Ἐπεὶ</span> <span class='ocrx_word' id='word_1_774' title='bbox 3302 2911 3399 2964; x_wconf 69' lang='grc' dir='ltr'>καὶ</span> <span class='ocrx_word' id='word_1_775' title='bbox 3431 2910 3653 2971; x_wconf 71' lang='grc' dir='ltr'>Ἡσαΐας</span> <span class='ocrx_word' id='word_1_776' title='bbox 3671 2904 3834 2961; x_wconf 74' lang='grc' dir='ltr'>εἶδεν</span> 
     </span>
    </p>
   </div>
   <div class='ocr_carea' id='block_1_101' title="bbox 2228 2990 3834 3063">
    <p class='ocr_par' dir='ltr' id='par_1_101' title="bbox 2228 2990 3834 3063">
     <span class='ocr_line' id='line_1_101' title="bbox 2228 2990 3834 3063; baseline 0.007 -20"><span class='ocrx_word' id='word_1_777' title='bbox 2228 2992 2389 3043; x_wconf 75' lang='grc' dir='ltr'>αὑτὸν</span> <span class='ocrx_word' id='word_1_778' title='bbox 2423 2992 2763 3063; x_wconf 75' lang='grc' dir='ltr'>καθήμενον*</span> <span class='ocrx_word' id='word_1_779' title='bbox 2795 2993 2955 3047; x_wconf 89' lang='grc' dir='ltr'>τοῦτο</span> <span class='ocrx_word' id='word_1_780' title='bbox 2987 2993 3044 3047; x_wconf 85' lang='grc' dir='ltr'>δὲ</span> <span class='ocrx_word' id='word_1_781' title='bbox 3076 2994 3293 3061; x_wconf 84' lang='grc' dir='ltr'>ἀνάξιον</span> <span class='ocrx_word' id='word_1_782' title='bbox 3316 2992 3486 3045; x_wconf 79' lang='grc' dir='ltr'>Θεοῦ’</span> <span class='ocrx_word' id='word_1_783' title='bbox 3527 2991 3659 3052; x_wconf 73' lang='grc' dir='ltr'>Θεὸς</span> <span class='ocrx_word' id='word_1_784' title='bbox 3699 2990 3834 3061; x_wconf 81' lang='grc' dir='ltr'>γὰρ</span> 
     </span>
    </p>
   </div>
   <div class='ocr_carea' id='block_1_102' title="bbox 2227 3070 3907 3145">
    <p class='ocr_par' dir='ltr' id='par_1_102' title="bbox 2227 3070 3907 3145">
     <span class='ocr_line' id='line_1_102' title="bbox 2227 3070 3907 3145; baseline -0.001 -21"><span class='ocrx_word' id='word_1_785' title='bbox 2227 3072 2287 3123; x_wconf 90' lang='grc' dir='ltr'>οὑ</span> <span class='ocrx_word' id='word_1_786' title='bbox 2316 3072 2553 3143; x_wconf 82' lang='grc' dir='ltr'>κάθηται</span> <span class='ocrx_word' id='word_1_787' title='bbox 2582 3090 2598 3105; x_wconf 92' lang='grc'><strong>·</strong></span> <span class='ocrx_word' id='word_1_788' title='bbox 2634 3074 2750 3137; x_wconf 83' lang='grc' dir='ltr'>πῶς</span> <span class='ocrx_word' id='word_1_789' title='bbox 2779 3075 2889 3145; x_wconf 89' lang='grc' dir='ltr'>γάρ</span> <span class='ocrx_word' id='word_1_790' title='bbox 2923 3076 2955 3144; x_wconf 92' lang='grc' dir='ltr'>ἡ</span> <span class='ocrx_word' id='word_1_791' title='bbox 2983 3073 3273 3145; x_wconf 85' lang='grc' dir='ltr'>ἀσώματος</span> <span class='ocrx_word' id='word_1_792' title='bbox 3302 3074 3485 3143; x_wconf 86' lang='grc' dir='ltr'>ἐκείνη</span> <span class='ocrx_word' id='word_1_793' title='bbox 3511 3074 3605 3126; x_wconf 78' lang='grc' dir='ltr'>καὶ</span> <span class='ocrx_word' id='word_1_794' title='bbox 3618 3070 3834 3124; x_wconf 82' lang='grc' dir='ltr'>ἀνώλε-</span> <span class='ocrx_word' id='word_1_795' title='bbox 3904 3070 3907 3075; x_wconf 87' lang='grc'><em>’</em></span> 
     </span>
    </p>
   </div>
   <div class='ocr_carea' id='block_1_103' title="bbox 2229 3152 3829 3226">
    <p class='ocr_par' dir='ltr' id='par_1_103' title="bbox 2229 3152 3829 3226">
     <span class='ocr_line' id='line_1_103' title="bbox 2229 3152 3829 3226; baseline 0.003 -21"><span class='ocrx_word' id='word_1_796' title='bbox 2229 3152 2356 3221; x_wconf 75' lang='lat'><strong>090.;</strong></span> <span class='ocrx_word' id='word_1_797' title='bbox 2385 3154 2582 3222; x_wconf 85' lang='grc' dir='ltr'>φύσις;</span> <span class='ocrx_word' id='word_1_798' title='bbox 2610 3157 2704 3209; x_wconf 83' lang='grc' dir='ltr'>καὶ</span> <span class='ocrx_word' id='word_1_799' title='bbox 2729 3157 2758 3207; x_wconf 85' lang='grc' dir='ltr'>ό</span> <span class='ocrx_word' id='word_1_800' title='bbox 2784 3155 2981 3226; x_wconf 75' lang='grc' dir='ltr'>Δανιὴλ</span> <span class='ocrx_word' id='word_1_801' title='bbox 3015 3156 3179 3211; x_wconf 88' lang='grc' dir='ltr'>πάλιν</span> <span class='ocrx_word' id='word_1_802' title='bbox 3209 3152 3349 3209; x_wconf 77' lang='grc' dir='ltr'>εἶδεν</span> <span class='ocrx_word' id='word_1_803' title='bbox 3379 3156 3565 3219; x_wconf 83' lang='grc' dir='ltr'>αὑτὸν,</span> <span class='ocrx_word' id='word_1_804' title='bbox 3598 3156 3673 3217; x_wconf 82' lang='grc' dir='ltr'>ὡς</span> <span class='ocrx_word' id='word_1_805' title='bbox 3701 3172 3829 3209; x_wconf 82' lang='grc' dir='ltr'>πα-</span> 
     </span>
    </p>
   </div>
   <div class='ocr_carea' id='block_1_104' title="bbox 2228 3234 3827 3314">
    <p class='ocr_par' dir='ltr' id='par_1_104' title="bbox 2228 3234 3827 3314">
     <span class='ocr_line' id='line_1_104' title="bbox 2228 3234 3827 3314; baseline 0.002 -21"><span class='ocrx_word' id='word_1_806' title='bbox 2228 3240 2377 3293; x_wconf 75' lang='grc' dir='ltr'>λαιὸν</span> <span class='ocrx_word' id='word_1_807' title='bbox 2395 3242 2622 3313; x_wconf 82' lang='grc' dir='ltr'>ἡμερῶν</span> <span class='ocrx_word' id='word_1_808' title='bbox 2641 3259 2653 3273; x_wconf 82' lang='grc'><em>’</em></span> <span class='ocrx_word' id='word_1_809' title='bbox 2675 3245 2770 3297; x_wconf 74' lang='grc' dir='ltr'>καὶ</span> <span class='ocrx_word' id='word_1_810' title='bbox 2786 3245 2815 3296; x_wconf 86' lang='grc' dir='ltr'>ό</span> <span class='ocrx_word' id='word_1_811' title='bbox 2832 3244 3109 3314; x_wconf 86' lang='grc' dir='ltr'>Ζαχαρίας</span> <span class='ocrx_word' id='word_1_812' title='bbox 3128 3244 3329 3314; x_wconf 66' lang='grc' dir='ltr'>ἑτέρως</span> <span class='ocrx_word' id='word_1_813' title='bbox 3346 3234 3509 3297; x_wconf 75' lang='grc' dir='ltr'>αὑτὸν</span> <span class='ocrx_word' id='word_1_814' title='bbox 3529 3243 3827 3307; x_wconf 75' lang='grc' dir='ltr'>ἐθεάσατο,</span> 
     </span>
    </p>
   </div>
   <div class='ocr_carea' id='block_1_105' title="bbox 2228 3322 3828 3396">
    <p class='ocr_par' dir='ltr' id='par_1_105' title="bbox 2228 3322 3828 3396">
     <span class='ocr_line' id='line_1_105' title="bbox 2228 3322 3828 3396; baseline 0.001 -21"><span class='ocrx_word' id='word_1_815' title='bbox 2228 3324 2322 3375; x_wconf 67' lang='grc' dir='ltr'>κα)⁸</span> <span class='ocrx_word' id='word_1_816' title='bbox 2363 3322 2621 3396; x_wconf 78' lang='grc' dir='ltr'>Ἰεζεκιηλ</span> <span class='ocrx_word' id='word_1_817' title='bbox 2674 3326 2835 3381; x_wconf 87' lang='grc' dir='ltr'>πάλιν</span> <span class='ocrx_word' id='word_1_818' title='bbox 2878 3328 3073 3389; x_wconf 80' lang='grc' dir='ltr'>άλλως.</span> <span class='ocrx_word' id='word_1_819' title='bbox 3114 3327 3214 3379; x_wconf 86' lang='grc' dir='ltr'>Διά</span> <span class='ocrx_word' id='word_1_820' title='bbox 3265 3325 3427 3379; x_wconf 83' lang='grc' dir='ltr'>τοῦτο</span> <span class='ocrx_word' id='word_1_821' title='bbox 3468 3322 3565 3379; x_wconf 79' lang='grc' dir='ltr'>οὖν</span> <span class='ocrx_word' id='word_1_822' title='bbox 3606 3325 3828 3393; x_wconf 78' lang='grc' dir='ltr'>ἔλεγεν,</span> 
     </span>
    </p>
   </div>
   <div class='ocr_carea' id='block_1_106' title="bbox 2226 3406 3830 3478">
    <p class='ocr_par' dir='ltr' id='par_1_106' title="bbox 2226 3406 3830 3478">
     <span class='ocr_line' id='line_1_106' title="bbox 2226 3406 3830 3478; baseline 0 -17"><span class='ocrx_word' id='word_1_823' title='bbox 2226 3406 2377 3476; x_wconf 76' lang='grc' dir='ltr'>Ἐγὼ</span> <span class='ocrx_word' id='word_1_824' title='bbox 2405 3408 2643 3474; x_wconf 77' lang='grc' dir='ltr'>ὁράσεις</span> <span class='ocrx_word' id='word_1_825' title='bbox 2665 3408 3005 3477; x_wconf 71' lang='grc' dir='ltr'>ἐπλήθυνα,</span> <span class='ocrx_word' id='word_1_826' title='bbox 3025 3409 3146 3462; x_wconf 74' lang='grc' dir='ltr'>ἀντὶ</span> <span class='ocrx_word' id='word_1_827' title='bbox 3164 3408 3279 3473; x_wconf 86' lang='grc' dir='ltr'>τοῦ,</span> <span class='ocrx_word' id='word_1_828' title='bbox 3301 3408 3444 3478; x_wconf 78' lang='grc' dir='ltr'>Πρὸς</span> <span class='ocrx_word' id='word_1_829' title='bbox 3463 3408 3562 3478; x_wconf 82' lang='grc' dir='ltr'>τὴν</span> <span class='ocrx_word' id='word_1_830' title='bbox 3581 3408 3830 3461; x_wconf 70' lang='grc' dir='ltr'>ἐκάστοευ</span> 
     </span>
    </p>
   </div>
   <div class='ocr_carea' id='block_1_107' title="bbox 2227 3487 3828 3562">
    <p class='ocr_par' dir='ltr' id='par_1_107' title="bbox 2227 3487 3828 3562">
     <span class='ocr_line' id='line_1_107' title="bbox 2227 3487 3828 3562; baseline 0.001 -19"><span class='ocrx_word' id='word_1_831' title='bbox 2227 3489 2386 3553; x_wconf 82' lang='grc' dir='ltr'>ἀξίαν</span> <span class='ocrx_word' id='word_1_832' title='bbox 2413 3490 2587 3553; x_wconf 85' lang='grc' dir='ltr'>οὑτως</span> <span class='ocrx_word' id='word_1_833' title='bbox 2612 3488 2819 3560; x_wconf 73' lang='grc' dir='ltr'>ὤφθην.</span> <span class='ocrx_word' id='word_1_834' title='bbox 2869 3492 2979 3545; x_wconf 71' lang='grc' dir='ltr'>Καὶ</span> <span class='ocrx_word' id='word_1_835' title='bbox 3022 3491 3118 3546; x_wconf 91' lang='grc' dir='ltr'>νῦν</span> <span class='ocrx_word' id='word_1_836' title='bbox 3164 3487 3285 3555; x_wconf 84' lang='grc' dir='ltr'>οῦν,</span> <span class='ocrx_word' id='word_1_837' title='bbox 3322 3491 3513 3562; x_wconf 81' lang='grc' dir='ltr'>ἐπειδὴ</span> <span class='ocrx_word' id='word_1_838' title='bbox 3547 3490 3828 3560; x_wconf 75' lang='grc' dir='ltr'>ἀνέστησε</span> 
     </span>
    </p>
   </div>
   <div class='ocr_carea' id='block_1_108' title="bbox 2226 3572 3828 3646">
    <p class='ocr_par' dir='ltr' id='par_1_108' title="bbox 2226 3572 3828 3646">
     <span class='ocr_line' id='line_1_108' title="bbox 2226 3572 3828 3646; baseline 0.002 -21"><span class='ocrx_word' id='word_1_839' title='bbox 2226 3573 2318 3625; x_wconf 84' lang='grc' dir='ltr'>τὸν</span> <span class='ocrx_word' id='word_1_840' title='bbox 2344 3572 2550 3625; x_wconf 88' lang='grc' dir='ltr'>δίκαιον</span> <span class='ocrx_word' id='word_1_841' title='bbox 2575 3574 2805 3639; x_wconf 73' lang='grc' dir='ltr'>οἴκοθεν,</span> <span class='ocrx_word' id='word_1_842' title='bbox 2835 3574 2929 3627; x_wconf 78' lang='grc' dir='ltr'>καὶ</span> <span class='ocrx_word' id='word_1_843' title='bbox 2949 3574 3280 3646; x_wconf 79' lang='grc' dir='ltr'>προσέταξεν</span> <span class='ocrx_word' id='word_1_844' title='bbox 3302 3576 3378 3637; x_wconf 87' lang='grc' dir='ltr'>εἰς</span> <span class='ocrx_word' id='word_1_845' title='bbox 3404 3576 3505 3644; x_wconf 83' lang='grc' dir='ltr'>τὴν</span> <span class='ocrx_word' id='word_1_846' title='bbox 3523 3574 3828 3644; x_wconf 83' lang='grc' dir='ltr'>ἀλλοτρίαν</span> 
     </span>
    </p>
   </div>
   <div class='ocr_carea' id='block_1_109' title="bbox 2225 3655 3821 3727">
    <p class='ocr_par' dir='ltr' id='par_1_109' title="bbox 2225 3655 3821 3727">
     <span class='ocr_line' id='line_1_109' title="bbox 2225 3655 3821 3727; baseline 0.002 -19"><span class='ocrx_word' id='word_1_847' title='bbox 2225 3655 2421 3719; x_wconf 86' lang='grc' dir='ltr'>ἐλθεῖν,</span> <span class='ocrx_word' id='word_1_848' title='bbox 2457 3657 2902 3727; x_wconf 86' lang='grc' dir='ltr'>παραγενόμενος</span> <span class='ocrx_word' id='word_1_849' title='bbox 2935 3657 3013 3720; x_wconf 85' lang='grc' dir='ltr'>δέ,</span> <span class='ocrx_word' id='word_1_850' title='bbox 3039 3657 3285 3727; x_wconf 83' lang='grc' dir='ltr'>καθάπερ</span> <span class='ocrx_word' id='word_1_851' title='bbox 3303 3658 3507 3726; x_wconf 82' lang='grc' dir='ltr'>ἀλήτης</span> <span class='ocrx_word' id='word_1_852' title='bbox 3528 3659 3621 3710; x_wconf 68' lang='grc' dir='ltr'>καὶ</span> <span class='ocrx_word' id='word_1_853' title='bbox 3640 3657 3821 3723; x_wconf 80' lang='grc' dir='ltr'>ξένος,</span> 
     </span>
    </p>
   </div>
   <div class='ocr_carea' id='block_1_110' title="bbox 2225 3737 3820 3808">
    <p class='ocr_par' dir='ltr' id='par_1_110' title="bbox 2225 3737 3820 3808">
     <span class='ocr_line' id='line_1_110' title="bbox 2225 3737 3820 3808; baseline 0 -19"><span class='ocrx_word' id='word_1_854' title='bbox 2225 3737 2368 3790; x_wconf 87' lang='grc' dir='ltr'>οῦτω</span> <span class='ocrx_word' id='word_1_855' title='bbox 2401 3738 2656 3808; x_wconf 82' lang='grc' dir='ltr'>περιῄει,</span> <span class='ocrx_word' id='word_1_856' title='bbox 2700 3738 2812 3793; x_wconf 86' lang='grc' dir='ltr'>τῶν</span> <span class='ocrx_word' id='word_1_857' title='bbox 2865 3740 3186 3792; x_wconf 84' lang='grc' dir='ltr'>Χαναναίων</span> <span class='ocrx_word' id='word_1_858' title='bbox 3243 3739 3323 3791; x_wconf 77' lang='grc' dir='ltr'>ἐτι</span> <span class='ocrx_word' id='word_1_859' title='bbox 3368 3738 3775 3792; x_wconf 83' lang='grc' dir='ltr'>κατοικούντων</span> <span class='ocrx_word' id='word_1_860' title='bbox 3799 3778 3820 3803; x_wconf 89' lang='grc'>,</span> 
     </span>
    </p>
   </div>
   <div class='ocr_carea' id='block_1_111' title="bbox 2226 3820 3823 3893">
    <p class='ocr_par' dir='ltr' id='par_1_111' title="bbox 2226 3820 3823 3893">
     <span class='ocr_line' id='line_1_111' title="bbox 2226 3820 3823 3893; baseline 0.003 -23"><span class='ocrx_word' id='word_1_861' title='bbox 2226 3820 2500 3889; x_wconf 72' lang='grc' dir='ltr'>ἐπιζητῶν</span> <span class='ocrx_word' id='word_1_862' title='bbox 2518 3822 2651 3873; x_wconf 82' lang='grc' dir='ltr'>ὅπου</span> <span class='ocrx_word' id='word_1_863' title='bbox 2675 3821 2772 3891; x_wconf 83' lang='grc' dir='ltr'>τήν</span> <span class='ocrx_word' id='word_1_864' title='bbox 2794 3822 3109 3891; x_wconf 86' lang='grc' dir='ltr'>κατοίκησιν</span> <span class='ocrx_word' id='word_1_865' title='bbox 3124 3821 3286 3875; x_wconf 81' lang='grc' dir='ltr'>αὑτὸν</span> <span class='ocrx_word' id='word_1_866' title='bbox 3298 3822 3630 3891; x_wconf 81' lang='grc' dir='ltr'>ποιήσασθαι</span> <span class='ocrx_word' id='word_1_867' title='bbox 3648 3838 3823 3893; x_wconf 83' lang='grc' dir='ltr'>προσ-</span> 
     </span>
    </p>
   </div>
   <div class='ocr_carea' id='block_1_112' title="bbox 2226 3902 3820 3974">
    <p class='ocr_par' dir='ltr' id='par_1_112' title="bbox 2226 3902 3820 3974">
     <span class='ocr_line' id='line_1_112' title="bbox 2226 3902 3820 3974; baseline 0.006 -23"><span class='ocrx_word' id='word_1_868' title='bbox 2226 3902 2392 3971; x_wconf 88' lang='grc' dir='ltr'>ῆκεν·</span> <span class='ocrx_word' id='word_1_869' title='bbox 2430 3903 2458 3953; x_wconf 90' lang='grc' dir='ltr'>ό</span> <span class='ocrx_word' id='word_1_870' title='bbox 2509 3902 2712 3969; x_wconf 79' lang='grc' dir='ltr'>ἀγαθὸς</span> <span class='ocrx_word' id='word_1_871' title='bbox 2771 3905 3046 3974; x_wconf 81' lang='grc' dir='ltr'>Δεσπότης</span> <span class='ocrx_word' id='word_1_872' title='bbox 3091 3903 3591 3973; x_wconf 79' lang='grc' dir='ltr'>παραμυθήσασθαι</span> <span class='ocrx_word' id='word_1_873' title='bbox 3648 3905 3820 3960; x_wconf 78' lang='grc' dir='ltr'>αὑτὸν</span> 
     </span>
    </p>
   </div>
   <div class='ocr_carea' id='block_1_113' title="bbox 2228 3982 3815 4056">
    <p class='ocr_par' dir='ltr' id='par_1_113' title="bbox 2228 3982 3815 4056">
     <span class='ocr_line' id='line_1_113' title="bbox 2228 3982 3815 4056; baseline 0.001 -21"><span class='ocrx_word' id='word_1_874' title='bbox 2228 3982 2573 4052; x_wconf 78' lang='grc' dir='ltr'>βουλόμενος,</span> <span class='ocrx_word' id='word_1_875' title='bbox 2638 3986 2732 4037; x_wconf 76' lang='grc' dir='ltr'>καὶ</span> <span class='ocrx_word' id='word_1_876' title='bbox 2778 3986 3050 4055; x_wconf 87' lang='grc' dir='ltr'>νευρῶσαι</span> <span class='ocrx_word' id='word_1_877' title='bbox 3104 3985 3269 4038; x_wconf 84' lang='grc' dir='ltr'>αὑτοῦ</span> <span class='ocrx_word' id='word_1_878' title='bbox 3323 3985 3421 4055; x_wconf 80' lang='grc' dir='ltr'>τὴν</span> <span class='ocrx_word' id='word_1_879' title='bbox 3458 3986 3815 4056; x_wconf 80' lang='grc' dir='ltr'>προθυμίαν,</span> 
     </span>
    </p>
   </div>
   <div class='ocr_carea' id='block_1_114' title="bbox 2225 4065 3815 4140">
    <p class='ocr_par' dir='ltr' id='par_1_114' title="bbox 2225 4065 3815 4140">
     <span class='ocr_line' id='line_1_114' title="bbox 2225 4065 3815 4140; baseline 0.004 -22"><span class='ocrx_word' id='word_1_880' title='bbox 2225 4065 2364 4118; x_wconf 69' lang='grc' dir='ltr'>ὥστε</span> <span class='ocrx_word' id='word_1_881' title='bbox 2392 4067 2467 4137; x_wconf 79' lang='grc' dir='ltr'>μὴ</span> <span class='ocrx_word' id='word_1_882' title='bbox 2491 4068 2781 4137; x_wconf 81' lang='grc' dir='ltr'>ναρκῆσαι,</span> <span class='ocrx_word' id='word_1_883' title='bbox 2813 4069 2946 4139; x_wconf 82' lang='grc' dir='ltr'>μηδὲ</span> <span class='ocrx_word' id='word_1_884' title='bbox 2979 4068 3249 4123; x_wconf 75' lang='grc' dir='ltr'>ἐνδοιάσαι</span> <span class='ocrx_word' id='word_1_885' title='bbox 3271 4071 3406 4140; x_wconf 82' lang='grc' dir='ltr'>πρὸς</span> <span class='ocrx_word' id='word_1_886' title='bbox 3434 4069 3533 4140; x_wconf 84' lang='grc' dir='ltr'>τὴν</span> <span class='ocrx_word' id='word_1_887' title='bbox 3565 4074 3815 4139; x_wconf 81' lang='grc' dir='ltr'>ἐπαγγε-</span> 
     </span>
    </p>
   </div>
   <div class='ocr_carea' id='block_1_115' title="bbox 2226 4146 3816 4222">
    <p class='ocr_par' dir='ltr' id='par_1_115' title="bbox 2226 4146 3816 4222">
     <span class='ocr_line' id='line_1_115' title="bbox 2226 4146 3816 4222; baseline 0.004 -23"><span class='ocrx_word' id='word_1_888' title='bbox 2226 4146 2346 4200; x_wconf 86' lang='grc' dir='ltr'>λίαν</span> <span class='ocrx_word' id='word_1_889' title='bbox 2388 4149 2484 4219; x_wconf 83' lang='grc' dir='ltr'>τὴν</span> <span class='ocrx_word' id='word_1_890' title='bbox 2524 4150 2623 4219; x_wconf 70' lang='grc' dir='ltr'>ἤδη</span> <span class='ocrx_word' id='word_1_891' title='bbox 2668 4152 3041 4220; x_wconf 85' lang='grc' dir='ltr'>γεγενημένην</span> <span class='ocrx_word' id='word_1_892' title='bbox 3081 4152 3219 4221; x_wconf 77' lang='grc' dir='ltr'>πρὸς</span> <span class='ocrx_word' id='word_1_893' title='bbox 3261 4152 3455 4216; x_wconf 84' lang='grc' dir='ltr'>αὑτὸν,</span> <span class='ocrx_word' id='word_1_894' title='bbox 3483 4154 3569 4205; x_wconf 76' lang='grc' dir='ltr'>ὅτι</span> <span class='ocrx_word' id='word_1_895' title='bbox 3602 4154 3816 4222; x_wconf 81' lang='grc' dir='ltr'>Δεῦρο,</span> 
     </span>
    </p>
   </div>
   <div class='ocr_carea' id='block_1_116' title="bbox 2228 4231 3814 4310">
    <p class='ocr_par' dir='ltr' id='par_1_116' title="bbox 2228 4231 3814 4310">
     <span class='ocr_line' id='line_1_116' title="bbox 2228 4231 3814 4310; baseline 0.004 -27"><span class='ocrx_word' id='word_1_896' title='bbox 2228 4231 2326 4285; x_wconf 74' lang='grc' dir='ltr'>καὶ</span> <span class='ocrx_word' id='word_1_897' title='bbox 2349 4233 2585 4299; x_wconf 68' lang='grc' dir='ltr'>ποιήσω</span> <span class='ocrx_word' id='word_1_898' title='bbox 2605 4248 2680 4285; x_wconf 80' lang='grc' dir='ltr'>σε</span> <span class='ocrx_word' id='word_1_899' title='bbox 2702 4236 2789 4297; x_wconf 83' lang='grc' dir='ltr'>εις</span> <span class='ocrx_word' id='word_1_900' title='bbox 2817 4235 2995 4300; x_wconf 73' lang='grc' dir='ltr'>ἔθνος</span> <span class='ocrx_word' id='word_1_901' title='bbox 3016 4234 3173 4304; x_wconf 70' lang='grc' dir='ltr'>μέγα</span> <span class='ocrx_word' id='word_1_902' title='bbox 3196 4236 3313 4305; x_wconf 81' lang='grc' dir='ltr'>(καὶ</span> <span class='ocrx_word' id='word_1_903' title='bbox 3344 4234 3453 4306; x_wconf 78' lang='grc' dir='ltr'>γάρ</span> <span class='ocrx_word' id='word_1_904' title='bbox 3487 4238 3710 4290; x_wconf 76' lang='grc' dir='ltr'>ἐναντία</span> <span class='ocrx_word' id='word_1_905' title='bbox 3740 4243 3814 4310; x_wconf 75' lang='grc' dir='ltr'>τῇ</span> 
     </span>
    </p>
   </div>
   <div class='ocr_carea' id='block_1_117' title="bbox 2229 4312 3815 4385">
    <p class='ocr_par' dir='ltr' id='par_1_117' title="bbox 2229 4312 3815 4385">
     <span class='ocr_line' id='line_1_117' title="bbox 2229 4312 3815 4385; baseline 0.006 -21"><span class='ocrx_word' id='word_1_906' title='bbox 2229 4313 2532 4383; x_wconf 64' lang='grc' dir='ltr'>ἐπαγγελία</span> <span class='ocrx_word' id='word_1_907' title='bbox 2554 4312 2702 4385; x_wconf 86' lang='grc' dir='ltr'>ἐώρα</span> <span class='ocrx_word' id='word_1_908' title='bbox 2733 4314 2801 4366; x_wconf 73' lang='grc' dir='ltr'>τὰ</span> <span class='ocrx_word' id='word_1_909' title='bbox 2834 4316 3093 4385; x_wconf 87' lang='grc' dir='ltr'>γινόμενα</span> <span class='ocrx_word' id='word_1_910' title='bbox 3138 4319 3167 4369; x_wconf 84' lang='grc' dir='ltr'>ό</span> <span class='ocrx_word' id='word_1_911' title='bbox 3204 4316 3432 4381; x_wconf 89' lang='grc' dir='ltr'>δίκαιος,</span> <span class='ocrx_word' id='word_1_912' title='bbox 3468 4319 3563 4371; x_wconf 56' lang='grc' dir='ltr'>καὶ⁵</span> <span class='ocrx_word' id='word_1_913' title='bbox 3599 4319 3678 4383; x_wconf 84' lang='grc' dir='ltr'>ὡς</span> <span class='ocrx_word' id='word_1_914' title='bbox 3714 4320 3815 4375; x_wconf 81' lang='grc' dir='ltr'>ἐνα</span> 
     </span>
    </p>
   </div>
   <div class='ocr_carea' id='block_1_118' title="bbox 2227 4394 3816 4471">
    <p class='ocr_par' dir='ltr' id='par_1_118' title="bbox 2227 4394 3816 4471">
     <span class='ocr_line' id='line_1_118' title="bbox 2227 4394 3816 4471; baseline 0.008 -26"><span class='ocrx_word' id='word_1_915' title='bbox 2227 4394 2335 4446; x_wconf 90' lang='grc' dir='ltr'>τῶν</span> <span class='ocrx_word' id='word_1_916' title='bbox 2353 4395 2586 4447; x_wconf 83' lang='grc' dir='ltr'>εὐτελῶν</span> <span class='ocrx_word' id='word_1_917' title='bbox 2607 4396 2701 4447; x_wconf 68' lang='grc' dir='ltr'>καὶ⁵</span> <span class='ocrx_word' id='word_1_918' title='bbox 2720 4396 3174 4467; x_wconf 75' lang='grc' dir='ltr'>ἀπερριμμένων,</span> <span class='ocrx_word' id='word_1_919' title='bbox 3218 4401 3311 4455; x_wconf 77' lang='grc' dir='ltr'>καὶ</span> <span class='ocrx_word' id='word_1_920' title='bbox 3350 4401 3816 4471; x_wconf 81' lang='grc' dir='ltr'>ἀπροστατεύτων</span> 
     </span>
    </p>
   </div>
   <div class='ocr_carea' id='block_1_119' title="bbox 2226 4476 3813 4554">
    <p class='ocr_par' dir='ltr' id='par_1_119' title="bbox 2226 4476 3813 4554">
     <span class='ocr_line' id='line_1_119' title="bbox 2226 4476 3813 4554; baseline 0.007 -28"><span class='ocrx_word' id='word_1_921' title='bbox 2226 4476 2419 4531; x_wconf 81' lang='grc' dir='ltr'>ἑαυτὸν</span> <span class='ocrx_word' id='word_1_922' title='bbox 2449 4478 2752 4548; x_wconf 80' lang='grc' dir='ltr'>περιιόντα,</span> <span class='ocrx_word' id='word_1_923' title='bbox 2777 4479 2873 4531; x_wconf 62' lang='grc' dir='ltr'>καίΙ</span> <span class='ocrx_word' id='word_1_924' title='bbox 2899 4480 3019 4532; x_wconf 81' lang='grc' dir='ltr'>οὑδὲ</span> <span class='ocrx_word' id='word_1_925' title='bbox 3050 4481 3184 4532; x_wconf 88' lang='grc' dir='ltr'>ὅπου</span> <span class='ocrx_word' id='word_1_926' title='bbox 3207 4482 3541 4551; x_wconf 83' lang='grc' dir='ltr'>καταχθῆναι</span> <span class='ocrx_word' id='word_1_927' title='bbox 3566 4484 3813 4554; x_wconf 77' lang='grc' dir='ltr'>ἔχοντα),</span> 
     </span>
    </p>
   </div>
   <div class='ocr_carea' id='block_1_120' title="bbox 2227 4556 3813 4635">
    <p class='ocr_par' dir='ltr' id='par_1_120' title="bbox 2227 4556 3813 4635">
     <span class='ocr_line' id='line_1_120' title="bbox 2227 4556 3813 4635; baseline 0.005 -23"><span class='ocrx_word' id='word_1_928' title='bbox 2227 4560 2293 4612; x_wconf 81' lang='grc' dir='ltr'>ῖν⁹</span> <span class='ocrx_word' id='word_1_929' title='bbox 2314 4556 2406 4612; x_wconf 79' lang='grc' dir='ltr'>οὖν</span> <span class='ocrx_word' id='word_1_930' title='bbox 2436 4560 2676 4631; x_wconf 79' lang='grc' dir='ltr'>διεγείρῃ</span> <span class='ocrx_word' id='word_1_931' title='bbox 2702 4560 2865 4615; x_wconf 85' lang='grc' dir='ltr'>αὑτοῦ</span> <span class='ocrx_word' id='word_1_932' title='bbox 2884 4562 2976 4614; x_wconf 83' lang='grc' dir='ltr'>τὸν</span> <span class='ocrx_word' id='word_1_933' title='bbox 3003 4562 3281 4634; x_wconf 76' lang='grc' dir='ltr'>λογισμὸν,</span> <span class='ocrx_word' id='word_1_934' title='bbox 3304 4566 3466 4635; x_wconf 80' lang='grc' dir='ltr'>φησί’</span> <span class='ocrx_word' id='word_1_935' title='bbox 3495 4568 3605 4619; x_wconf 73' lang='grc' dir='ltr'>Καὶ</span> <span class='ocrx_word' id='word_1_936' title='bbox 3636 4567 3813 4635; x_wconf 58' lang='grc' dir='ltr'>ὤφθη</span> 
     </span>
    </p>
   </div>
   <div class='ocr_carea' id='block_1_121' title="bbox 2225 4640 3814 4718">
    <p class='ocr_par' dir='ltr' id='par_1_121' title="bbox 2225 4640 3814 4718">
     <span class='ocr_line' id='line_1_121' title="bbox 2225 4640 3814 4718; baseline 0.005 -23"><span class='ocrx_word' id='word_1_937' title='bbox 2225 4643 2439 4709; x_wconf 76' lang='grc' dir='ltr'>Κύριος</span> <span class='ocrx_word' id='word_1_938' title='bbox 2467 4640 2547 4707; x_wconf 85' lang='grc' dir='ltr'>τῷ</span> <span class='ocrx_word' id='word_1_939' title='bbox 2571 4645 2815 4712; x_wconf 78' lang='grc' dir='ltr'>Ἀϐραμ,</span> <span class='ocrx_word' id='word_1_940' title='bbox 2853 4643 2950 4696; x_wconf 74' lang='grc' dir='ltr'>καὶ</span> <span class='ocrx_word' id='word_1_941' title='bbox 2968 4640 3138 4698; x_wconf 80' lang='grc' dir='ltr'>εἶπεν</span> <span class='ocrx_word' id='word_1_942' title='bbox 3161 4646 3321 4711; x_wconf 85' lang='grc' dir='ltr'>αὐτῷ</span> <span class='ocrx_word' id='word_1_943' title='bbox 3345 4665 3355 4675; x_wconf 79' lang='lat'><strong>&#39;</strong></span> <span class='ocrx_word' id='word_1_944' title='bbox 3395 4647 3479 4712; x_wconf 83' lang='grc' dir='ltr'>Τῷ</span> <span class='ocrx_word' id='word_1_945' title='bbox 3508 4650 3814 4718; x_wconf 76' lang='grc' dir='ltr'>σπέρματί</span> 
     </span>
    </p>
   </div>
   <div class='ocr_carea' id='block_1_122' title="bbox 2223 4725 3810 4805">
    <p class='ocr_par' dir='ltr' id='par_1_122' title="bbox 2223 4725 3810 4805">
     <span class='ocr_line' id='line_1_122' title="bbox 2223 4725 3810 4805; baseline 0.003 -27"><span class='ocrx_word' id='word_1_946' title='bbox 2223 4742 2342 4779; x_wconf 86' lang='grc' dir='ltr'>σου</span> <span class='ocrx_word' id='word_1_947' title='bbox 2356 4726 2529 4778; x_wconf 86' lang='grc' dir='ltr'>δώσω</span> <span class='ocrx_word' id='word_1_948' title='bbox 2544 4726 2655 4794; x_wconf 76' lang='grc' dir='ltr'>τὴν</span> <span class='ocrx_word' id='word_1_949' title='bbox 2671 4725 2789 4795; x_wconf 75' lang='grc' dir='ltr'>γῆν</span> <span class='ocrx_word' id='word_1_950' title='bbox 2804 4728 3053 4796; x_wconf 79' lang='grc' dir='ltr'>ταύτην.</span> <span class='ocrx_word' id='word_1_951' title='bbox 3074 4728 3224 4792; x_wconf 79' lang='grc' dir='ltr'>Τέως</span> <span class='ocrx_word' id='word_1_952' title='bbox 3238 4731 3270 4799; x_wconf 82' lang='grc' dir='ltr'>ἡ</span> <span class='ocrx_word' id='word_1_953' title='bbox 3285 4730 3579 4801; x_wconf 79' lang='grc' dir='ltr'>ὑπόσχεσις</span> <span class='ocrx_word' id='word_1_954' title='bbox 3594 4732 3810 4805; x_wconf 85' lang='grc' dir='ltr'>μεγάλη</span> 
     </span>
    </p>
   </div>
   <div class='ocr_carea' id='block_1_123' title="bbox 2225 4807 3811 4884">
    <p class='ocr_par' dir='ltr' id='par_1_123' title="bbox 2225 4807 3811 4884">
     <span class='ocr_line' id='line_1_123' title="bbox 2225 4807 3811 4884; baseline 0.007 -25"><span class='ocrx_word' id='word_1_955' title='bbox 2225 4808 2319 4860; x_wconf 78' lang='grc' dir='ltr'>καὶ</span> <span class='ocrx_word' id='word_1_956' title='bbox 2352 4807 2640 4871; x_wconf 81' lang='grc' dir='ltr'>ἀκόλουθος</span> <span class='ocrx_word' id='word_1_957' title='bbox 2696 4811 2761 4879; x_wconf 78' lang='grc' dir='ltr'>τῇ</span> <span class='ocrx_word' id='word_1_958' title='bbox 2800 4809 3136 4882; x_wconf 75' lang='grc' dir='ltr'>ἐπαγγελίᾳ,</span> <span class='ocrx_word' id='word_1_959' title='bbox 3179 4813 3246 4864; x_wconf 79' lang='grc' dir='ltr'>δι’</span> <span class='ocrx_word' id='word_1_960' title='bbox 3282 4808 3349 4884; x_wconf 74' lang='grc' dir='ltr'>ἧς</span> <span class='ocrx_word' id='word_1_961' title='bbox 3390 4814 3603 4866; x_wconf 75' lang='grc' dir='ltr'>οἴκοθεν</span> <span class='ocrx_word' id='word_1_962' title='bbox 3640 4817 3811 4871; x_wconf 77' lang='grc' dir='ltr'>αὑτὸν</span> 
     </span>
    </p>
   </div>
   <div class='ocr_carea' id='block_1_124' title="bbox 2223 4888 3810 4967">
    <p class='ocr_par' dir='ltr' id='par_1_124' title="bbox 2223 4888 3810 4967">
     <span class='ocr_line' id='line_1_124' title="bbox 2223 4888 3810 4967; baseline 0.008 -25"><span class='ocrx_word' id='word_1_963' title='bbox 2223 4891 2539 4961; x_wconf 84' lang='grc' dir='ltr'>ἀνέστησεν.</span> <span class='ocrx_word' id='word_1_964' title='bbox 2565 4888 2695 4944; x_wconf 75' lang='grc' dir='ltr'>Εῐπε</span> <span class='ocrx_word' id='word_1_965' title='bbox 2715 4894 2842 4963; x_wconf 87' lang='grc' dir='ltr'>γάρ·</span> <span class='ocrx_word' id='word_1_966' title='bbox 2868 4895 3201 4962; x_wconf 72' lang='grc' dir='ltr'>Μεταλυνῶ</span> <span class='ocrx_word' id='word_1_967' title='bbox 3226 4897 3292 4951; x_wconf 86' lang='grc' dir='ltr'>τὸ</span> <span class='ocrx_word' id='word_1_968' title='bbox 3324 4898 3513 4967; x_wconf 71' lang='grc' dir='ltr'>ὄνομά</span> <span class='ocrx_word' id='word_1_969' title='bbox 3538 4916 3657 4954; x_wconf 90' lang='grc' dir='ltr'>σου</span> <span class='ocrx_word' id='word_1_970' title='bbox 3682 4918 3697 4929; x_wconf 87' lang='grc'><strong>·</strong></span> <span class='ocrx_word' id='word_1_971' title='bbox 3717 4902 3810 4955; x_wconf 71' lang='grc' dir='ltr'>διὰ</span> 
     </span>
    </p>
   </div>
   <div class='ocr_carea' id='block_1_125' title="bbox 2221 4972 3809 5051">
    <p class='ocr_par' dir='ltr' id='par_1_125' title="bbox 2221 4972 3809 5051">
     <span class='ocr_line' id='line_1_125' title="bbox 2221 4972 3809 5051; baseline 0.009 -27"><span class='ocrx_word' id='word_1_972' title='bbox 2221 4972 2378 5026; x_wconf 79' lang='grc' dir='ltr'>τοῦτο</span> <span class='ocrx_word' id='word_1_973' title='bbox 2409 4973 2505 5026; x_wconf 90' lang='grc' dir='ltr'>νῦν</span> <span class='ocrx_word' id='word_1_974' title='bbox 2525 4991 2656 5044; x_wconf 90' lang='grc' dir='ltr'>φησι</span> <span class='ocrx_word' id='word_1_975' title='bbox 2676 4976 2858 5029; x_wconf 85' lang='grc' dir='ltr'>πάλιν·</span> <span class='ocrx_word' id='word_1_976' title='bbox 2892 4974 2982 5041; x_wconf 82' lang='grc' dir='ltr'>Τῷ</span> <span class='ocrx_word' id='word_1_977' title='bbox 3013 4977 3311 5048; x_wconf 74' lang='grc' dir='ltr'>σπέρματί</span> <span class='ocrx_word' id='word_1_978' title='bbox 3343 4996 3461 5035; x_wconf 88' lang='grc' dir='ltr'>σου</span> <span class='ocrx_word' id='word_1_979' title='bbox 3491 4980 3667 5036; x_wconf 82' lang='grc' dir='ltr'>δώσω</span> <span class='ocrx_word' id='word_1_980' title='bbox 3691 4984 3809 5051; x_wconf 74' lang='grc' dir='ltr'>τὴν</span> 
     </span>
    </p>
   </div>
   <div class='ocr_carea' id='block_1_126' title="bbox 2221 5053 3806 5132">
    <p class='ocr_par' dir='ltr' id='par_1_126' title="bbox 2221 5053 3806 5132">
     <span class='ocr_line' id='line_1_126' title="bbox 2221 5053 3806 5132; baseline 0.008 -25"><span class='ocrx_word' id='word_1_981' title='bbox 2221 5053 2335 5123; x_wconf 75' lang='grc' dir='ltr'>γῆν</span> <span class='ocrx_word' id='word_1_982' title='bbox 2365 5055 2607 5122; x_wconf 83' lang='grc' dir='ltr'>ταύτην.</span> <span class='ocrx_word' id='word_1_983' title='bbox 2639 5056 2852 5127; x_wconf 79' lang='grc' dir='ltr'>Ἐπειδὴ</span> <span class='ocrx_word' id='word_1_984' title='bbox 2870 5057 2979 5128; x_wconf 88' lang='grc' dir='ltr'>γάρ</span> <span class='ocrx_word' id='word_1_985' title='bbox 3000 5060 3058 5110; x_wconf 90' lang='grc' dir='ltr'>ἐν</span> <span class='ocrx_word' id='word_1_986' title='bbox 3077 5062 3147 5129; x_wconf 86' lang='grc' dir='ltr'>γή</span> <span class='ocrx_word' id='word_1_987' title='bbox 3157 5077 3223 5130; x_wconf 69' lang='grc' dir='ltr'>ρᾳ</span> <span class='ocrx_word' id='word_1_988' title='bbox 3243 5062 3526 5132; x_wconf 86' lang='grc' dir='ltr'>τυγχάνων</span> <span class='ocrx_word' id='word_1_989' title='bbox 3544 5067 3575 5118; x_wconf 83' lang='grc' dir='ltr'>ὁ</span> <span class='ocrx_word' id='word_1_990' title='bbox 3590 5065 3806 5131; x_wconf 87' lang='grc' dir='ltr'>δίκαιος</span> 
     </span>
    </p>
   </div>
   <div class='ocr_carea' id='block_1_127' title="bbox 2219 5134 3804 5219">
    <p class='ocr_par' dir='ltr' id='par_1_127' title="bbox 2219 5134 3804 5219">
     <span class='ocr_line' id='line_1_127' title="bbox 2219 5134 3804 5219; baseline 0.011 -28"><span class='ocrx_word' id='word_1_991' title='bbox 2219 5139 2385 5199; x_wconf 82' lang='grc' dir='ltr'>ἄπαις</span> <span class='ocrx_word' id='word_1_992' title='bbox 2408 5134 2495 5208; x_wconf 79' lang='grc' dir='ltr'>ἦν,</span> <span class='ocrx_word' id='word_1_993' title='bbox 2526 5138 2615 5191; x_wconf 83' lang='grc' dir='ltr'>διὰ</span> <span class='ocrx_word' id='word_1_994' title='bbox 2642 5140 2741 5209; x_wconf 79' lang='grc' dir='ltr'>τὴν</span> <span class='ocrx_word' id='word_1_995' title='bbox 2758 5139 2859 5209; x_wconf 77' lang='grc' dir='ltr'>τῆς</span> <span class='ocrx_word' id='word_1_996' title='bbox 2878 5140 3056 5212; x_wconf 86' lang='grc' dir='ltr'>Σάρας</span> <span class='ocrx_word' id='word_1_997' title='bbox 3075 5147 3377 5216; x_wconf 84' lang='grc' dir='ltr'>στείρωσιν,</span> <span class='ocrx_word' id='word_1_998' title='bbox 3401 5151 3804 5219; x_wconf 84' lang='grc' dir='ltr'>ἐπαγγέλλεται</span> 
     </span>
    </p>
   </div>
   <div class='ocr_carea' id='block_1_128' title="bbox 2218 5219 3802 5303">
    <p class='ocr_par' dir='ltr' id='par_1_128' title="bbox 2218 5219 3802 5303">
     <span class='ocr_line' id='line_1_128' title="bbox 2218 5219 3802 5303; baseline 0.014 -34"><span class='ocrx_word' id='word_1_999' title='bbox 2218 5219 2368 5289; x_wconf 82' lang='grc' dir='ltr'>αὑτῷ</span> <span class='ocrx_word' id='word_1_1000' title='bbox 2390 5220 2469 5290; x_wconf 71' lang='grc' dir='ltr'>τῷ</span> <span class='ocrx_word' id='word_1_1001' title='bbox 2489 5220 2548 5285; x_wconf 87' lang='grc' dir='ltr'>ἐξ</span> <span class='ocrx_word' id='word_1_1002' title='bbox 2568 5221 2733 5273; x_wconf 87' lang='grc' dir='ltr'>αὑτοῦ</span> <span class='ocrx_word' id='word_1_1003' title='bbox 2755 5224 3059 5295; x_wconf 80' lang='grc' dir='ltr'>τικτομένῳ</span> <span class='ocrx_word' id='word_1_1004' title='bbox 3088 5226 3185 5296; x_wconf 84' lang='grc' dir='ltr'>τὴν</span> <span class='ocrx_word' id='word_1_1005' title='bbox 3205 5229 3307 5299; x_wconf 88' lang='grc' dir='ltr'>γῆν</span> <span class='ocrx_word' id='word_1_1006' title='bbox 3335 5238 3658 5303; x_wconf 89' lang='grc' dir='ltr'>παρασχεῖν.</span> <span class='ocrx_word' id='word_1_1007' title='bbox 3686 5238 3802 5291; x_wconf 76' lang='grc' dir='ltr'>Καὶ</span> 
     </span>
    </p>
   </div>
   <div class='ocr_carea' id='block_1_129' title="bbox 2217 5303 3800 5385">
    <p class='ocr_par' dir='ltr' id='par_1_129' title="bbox 2217 5303 3800 5385">
     <span class='ocr_line' id='line_1_129' title="bbox 2217 5303 3800 5385; baseline 0.011 -31"><span class='ocrx_word' id='word_1_1008' title='bbox 2217 5304 2407 5385; x_wconf 81' lang='grc' dir='ltr'>σκόπει</span> <span class='ocrx_word' id='word_1_1009' title='bbox 2463 5322 2553 5373; x_wconf 89' lang='grc' dir='ltr'>μοι</span> <span class='ocrx_word' id='word_1_1010' title='bbox 2588 5303 2722 5357; x_wconf 86' lang='grc' dir='ltr'>Θεοῦ</span> <span class='ocrx_word' id='word_1_1011' title='bbox 2776 5305 3204 5377; x_wconf 86' lang='grc' dir='ltr'>φιλανθρωπίαν,</span> <span class='ocrx_word' id='word_1_1012' title='bbox 3247 5311 3361 5375; x_wconf 77' lang='grc' dir='ltr'>ττιῖις</span> <span class='ocrx_word' id='word_1_1013' title='bbox 3403 5316 3669 5385; x_wconf 85' lang='grc' dir='ltr'>προειδὼς</span> <span class='ocrx_word' id='word_1_1014' title='bbox 3702 5323 3800 5373; x_wconf 87' lang='grc' dir='ltr'>τοῦ</span> 
     </span>
    </p>
   </div>
   <div class='ocr_carea' id='block_1_130' title="bbox 2215 5384 3800 5467">
    <p class='ocr_par' dir='ltr' id='par_1_130' title="bbox 2215 5384 3800 5467">
     <span class='ocr_line' id='line_1_130' title="bbox 2215 5384 3800 5467; baseline 0.012 -31"><span class='ocrx_word' id='word_1_1015' title='bbox 2215 5384 2422 5438; x_wconf 83' lang='grc' dir='ltr'>δικαίου</span> <span class='ocrx_word' id='word_1_1016' title='bbox 2452 5388 2549 5455; x_wconf 80' lang='grc' dir='ltr'>τὴν</span> <span class='ocrx_word' id='word_1_1017' title='bbox 2574 5386 2798 5455; x_wconf 77' lang='grc' dir='ltr'>ἀρετὴν,</span> <span class='ocrx_word' id='word_1_1018' title='bbox 2845 5386 3091 5457; x_wconf 83' lang='grc' dir='ltr'>βούλεται</span> <span class='ocrx_word' id='word_1_1019' title='bbox 3120 5394 3253 5445; x_wconf 77' lang='grc' dir='ltr'>πᾶσι</span> <span class='ocrx_word' id='word_1_1020' title='bbox 3288 5384 3591 5467; x_wconf 85' lang='grc' dir='ltr'>κατάδηλον</span> <span class='ocrx_word' id='word_1_1021' title='bbox 3634 5402 3800 5456; x_wconf 72' lang='grc' dir='ltr'>αὑτὸν</span> 
     </span>
    </p>
   </div>
   <div class='ocr_carea' id='block_1_131' title="bbox 2218 5467 3797 5551">
    <p class='ocr_par' dir='ltr' id='par_1_131' title="bbox 2218 5467 3797 5551">
     <span class='ocr_line' id='line_1_131' title="bbox 2218 5467 3797 5551; baseline 0.012 -32"><span class='ocrx_word' id='word_1_1022' title='bbox 2218 5472 2459 5551; x_wconf 80' lang='grc' dir='ltr'>ποιῆσαι,</span> <span class='ocrx_word' id='word_1_1023' title='bbox 2486 5470 2578 5551; x_wconf 74' lang='grc' dir='ltr'>καὶ</span> <span class='ocrx_word' id='word_1_1024' title='bbox 2596 5467 2845 5539; x_wconf 86' lang='grc' dir='ltr'>καθάπερ</span> <span class='ocrx_word' id='word_1_1025' title='bbox 2875 5472 3220 5543; x_wconf 88' lang='grc' dir='ltr'>μαργαρίτην</span> <span class='ocrx_word' id='word_1_1026' title='bbox 3238 5476 3359 5529; x_wconf 77' lang='grc' dir='ltr'>τινὰ</span> <span class='ocrx_word' id='word_1_1027' title='bbox 3390 5483 3797 5551; x_wconf 82' lang='grc' dir='ltr'>κρυπτόμενον,</span> 
     </span>
    </p>
   </div>
   <div class='ocr_carea' id='block_1_132' title="bbox 2215 5550 3793 5635">
    <p class='ocr_par' dir='ltr' id='par_1_132' title="bbox 2215 5550 3793 5635">
     <span class='ocr_line' id='line_1_132' title="bbox 2215 5550 3793 5635; baseline 0.004 -34"><span class='ocrx_word' id='word_1_1028' title='bbox 2215 5550 2356 5635; x_wconf 81' lang='grc' dir='ltr'>οὑτω</span> <span class='ocrx_word' id='word_1_1029' title='bbox 2375 5550 2610 5635; x_wconf 66' lang='grc' dir='ltr'>φανερόν</span> <span class='ocrx_word' id='word_1_1030' title='bbox 2633 5552 3070 5620; x_wconf 85' lang='grc' dir='ltr'>ἀπεργάσασθαι.</span> <span class='ocrx_word' id='word_1_1031' title='bbox 3108 5556 3217 5609; x_wconf 78' lang='grc' dir='ltr'>Καὶ</span> <span class='ocrx_word' id='word_1_1032' title='bbox 3248 5559 3579 5627; x_wconf 82' lang='grc' dir='ltr'>ἐπαγγελίας</span> <span class='ocrx_word' id='word_1_1033' title='bbox 3610 5550 3793 5635; x_wconf 58' lang='grc' dir='ltr'>ἐπαγ.</span> 
     </span>
    </p>
   </div>
   <div class='ocr_carea' id='block_1_133' title="bbox 2216 5632 3801 5723">
    <p class='ocr_par' dir='ltr' id='par_1_133' title="bbox 2216 5632 3801 5723">
     <span class='ocr_line' id='line_1_133' title="bbox 2216 5632 3801 5723; baseline 0.008 -40"><span class='ocrx_word' id='word_1_1034' title='bbox 2216 5634 2422 5723; x_wconf 72' lang='grc' dir='ltr'>γελίαις</span> <span class='ocrx_word' id='word_1_1035' title='bbox 2447 5632 2712 5723; x_wconf 52' lang='grc' dir='ltr'>συνάιῐίας,</span> <span class='ocrx_word' id='word_1_1036' title='bbox 2740 5635 2835 5686; x_wconf 79' lang='grc' dir='ltr'>καὶ</span> <span class='ocrx_word' id='word_1_1037' title='bbox 2863 5637 3105 5723; x_wconf 76' lang='grc' dir='ltr'>μεγάλας</span> <span class='ocrx_word' id='word_1_1038' title='bbox 3134 5640 3234 5723; x_wconf 82' lang='grc' dir='ltr'>τάς</span> <span class='ocrx_word' id='word_1_1039' title='bbox 3268 5641 3589 5713; x_wconf 71' lang='grc' dir='ltr'>ὑποσχέσεις</span> <span class='ocrx_word' id='word_1_1040' title='bbox 3634 5632 3801 5723; x_wconf 69' lang='grc' dir='ltr'>ποιη-</span> 
     </span>
    </p>
   </div>
   <div class='ocr_carea' id='block_1_134' title="bbox 2221 5716 3795 5804">
    <p class='ocr_par' dir='ltr' id='par_1_134' title="bbox 2221 5716 3795 5804">
     <span class='ocr_line' id='line_1_134' title="bbox 2221 5716 3795 5804; baseline 0.012 -37"><span class='ocrx_word' id='word_1_1041' title='bbox 2221 5716 2685 5804; x_wconf 28' lang='grc' dir='ltr'>οάμενοςηπάλιν</span> <span class='ocrx_word' id='word_1_1042' title='bbox 2732 5719 2926 5804; x_wconf 70' lang='grc' dir='ltr'>μικρὸν</span> <span class='ocrx_word' id='word_1_1043' title='bbox 2976 5720 3420 5804; x_wconf 80' lang='grc' dir='ltr'>διαναδάλλεται,</span> <span class='ocrx_word' id='word_1_1044' title='bbox 3482 5729 3569 5781; x_wconf 82' lang='grc' dir='ltr'>ἴνα</span> <span class='ocrx_word' id='word_1_1045' title='bbox 3614 5716 3795 5804; x_wconf 58' lang='grc' dir='ltr'>ταύτῖῃ</span> 
     </span>
    </p>
   </div>
   <div class='ocr_carea' id='block_1_135' title="bbox 2224 5797 3797 5879">
    <p class='ocr_par' dir='ltr' id='par_1_135' title="bbox 2224 5797 3797 5879">
     <span class='ocr_line' id='line_1_135' title="bbox 2224 5797 3797 5879; baseline 0.014 -30"><span class='ocrx_word' id='word_1_1046' title='bbox 2224 5798 2455 5870; x_wconf 68' lang='grc' dir='ltr'>μάλιστα</span> <span class='ocrx_word' id='word_1_1047' title='bbox 2485 5797 2667 5870; x_wconf 77' lang='grc' dir='ltr'>δειχθῇ</span> <span class='ocrx_word' id='word_1_1048' title='bbox 2690 5799 2781 5853; x_wconf 83' lang='grc' dir='ltr'>τοῦ</span> <span class='ocrx_word' id='word_1_1049' title='bbox 2812 5802 3144 5875; x_wconf 74' lang='grc' dir='ltr'>πατριάρχου</span> <span class='ocrx_word' id='word_1_1050' title='bbox 3183 5808 3243 5860; x_wconf 78' lang='grc' dir='ltr'>τὸ</span> <span class='ocrx_word' id='word_1_1051' title='bbox 3272 5808 3533 5879; x_wconf 77' lang='grc' dir='ltr'>φιλόθεον,</span> <span class='ocrx_word' id='word_1_1052' title='bbox 3576 5812 3659 5866; x_wconf 80' lang='grc' dir='ltr'>ὅτι</span> <span class='ocrx_word' id='word_1_1053' title='bbox 3696 5797 3797 5871; x_wconf 52' lang='grc' dir='ltr'>καί</span> 
     </span>
    </p>
   </div>
  </div>
