4054 6324
255 391 364 445 293

265 501 429 556 lrutia
483 506 667 552 nostra
720 491 986 563 vigilantia
1036 487 1195 542 multa
1245 493 1453 540 utentes
1498 482 1846 549 decerpamus

255 592 561 644 utilitatem.
591 585 780 641 Solent
807 582 947 638 enim
978 594 1040 634 ea
1068 593 1187 646 qua:
1217 575 1400 629 labore
1427 583 1481 628 et
1506 569 1846 641 inquisitione

262 681 440 747 aliqua
483 677 852 734 inveniuntur,
889 668 1055 737 magis
1097 666 1242 738 inﬁgi
1286 672 1482 718 n0strze
1525 660 1689 714 menti
1730 675 1745 710 :
1783 671 1845 712 ea

257 783 395 822 vero
436 783 554 836 qua:
598 765 748 816 facile
794 758 1171 821 inveniuntur,
1202 756 1358 808 citius
1405 768 1434 807 e
1471 750 1633 805 corde
1662 757 1846 801 nostro

261 855 500 910 avolare.
529 853 765 907 Obsecro
794 851 950 918 igitur
975 863 1041 902 ne
1067 847 1232 900 simus
1258 843 1603 912 negligentes,
1636 837 1730 892 sed
1754 852 1846 890 ex-

255 949 496 1000 citemus
526 958 754 996 mentem
787 949 1022 993 nostram
1047 978 1063 1003 ,
1093 947 1148 990 et
1186 936 1394 1005 penitus
1421 933 1471 986 in
1504 933 1670 1000 ipsa-'n
1702 928 1850 983 Scri-

261 1046 543 1104 pturarum
577 1031 984 1102 profunditatem
1022 1029 1359 1087 intueamur,
1397 1033 1455 1077 ut
1492 1021 1680 1091 majori
1725 1018 1848 1074 inde

259 1125 419 1179 lucro
446 1132 664 1192 accepto
682 1161 698 1186 ,
728 1120 946 1174 domum
976 1116 1150 1171 redire
1180 1115 1352 1168 liceat.
1390 1113 1480 1166 Est
1507 1112 1649 1165 enim
1670 1109 1846 1164 eccle-

257 1216 346 1268 sia
391 1214 481 1269 Dei
522 1222 787 1266 mercatus
823 1207 1038 1278 quidam
1083 1204 1373 1282 spiritualis
1417 1203 1849 1268 inedieorumque

260 1305 480 1358 oﬂlcina
511 1301 787 1356 animabus
818 1315 833 1352 :
861 1306 918 1352 et
947 1311 1040 1366 par
1067 1304 1180 1360 est,
1209 1295 1421 1348 utsicut
1448 1293 1538 1362 qui
1565 1292 1630 1345 ad
1658 1292 1851 1346 nundi-

268 1409 374 1446 uas
398 1393 634 1452 veniunt,
654 1388 776 1442 inde
797 1388 974 1440 multis
996 1385 1258 1440 mercibus
1278 1383 1520 1437 collectis
1535 1380 1844 1437 redeamus:

266 1482 357 1535 vel
381 1480 529 1550 quasi
555 1494 586 1534 e
607 1478 795 1532 medici
823 1478 1005 1540 domo,
1035 1474 1264 1542 receptis
1287 1486 1406 1541 qua:
1431 1471 1632 1525 morbis
1653 1470 1849 1523 nostris

262 1577 571 1639 congruunt
612 1566 1010 1621 medicamentis
1034 1602 1049 1626 ,
1089 1577 1361 1616 exeamus.
1407 1559 1520 1613 Non
1551 1559 1692 1613 enim
1725 1559 1847 1611 ideo

265 1659 512 1728 quotidie
555 1657 909 1720 conﬂuiinus,
957 1663 1014 1708 ut
1061 1653 1334 1707 dumtaxat
1378 1659 1671 1704 conventus
1723 1649 1851 1701 liant

262 1748 582 1818 simpliciter
625 1765 638 1800 :
677 1745 773 1800 sed
815 1753 1091 1814 propterea
1128 1755 1515 1811 congregantur
1541 1778 1554 1801 ,
1588 1748 1645 1792 ut
1684 1753 1849 1791 unus-

261 1838 490 1906 quisque
512 1835 798 1905 pharmaco
817 1834 927 1888 suis
947 1830 1221 1886 affectibus
1240 1828 1552 1898 coagruenti
1576 1835 1845 1895 suscepto,

263 1926 488 1980 domum
517 1923 795 1979 concedat.
835 1919 1114 1988 Quomodo
1151 1919 1292 1974 enim
1331 1934 1435 1971 non
1465 1918 1626 1970 fuerit
1660 1917 1849 1970 absur-

264 2014 548 2069 dissimum
569 2054 585 2077 ,
611 2027 707 2066 nos
732 2026 762 2065 a
788 2009 1019 2080 puerulis
1040 2009 1236 2062 nostris
1257 2005 1324 2061 ad
1357 2006 1537 2060 ludum
1559 2004 1848 2058 literarium

264 2106 448 2160 iiiissis
467 2105 701 2174 quotidie
728 2113 908 2172 petere
930 2141 946 2167 ,
972 2101 1098 2168 quid
1125 2099 1380 2154 discendo
1408 2099 1729 2168 profecerim
1750 2135 1767 2162 ,
1797 2104 1851 2150 et

263 2196 594 2265 adjeceriut;
645 2208 816 2262 neque
857 2193 1001 2248 enim
1049 2191 1348 2246 siueremus
1398 2203 1492 2242 eos
1534 2189 1764 2250 frustra,
1796 2195 1850 2239 et

263 2286 468 2356 absque
493 2286 714 2340 utilitate
739 2285 792 2338 iu
819 2282 999 2337 ludutn
1026 2281 1123 2346 ire,
1152 2279 1251 2334 nisi
1277 2278 1505 2332 fructum
1532 2277 1846 2346 ampliorem

266 2375 394 2429 inde
421 2383 778 2443 consequutos
803 2373 1144 2432 videremus;
1187 2384 1285 2422 nos
1323 2377 1500 2421 autem
1529 2366 1617 2435 qui
1654 2365 1849 2433 justam

265 2473 479 2520 atatem
501 2464 780 2525 habemus,
801 2470 856 2516 et
885 2462 936 2514 iu
957 2458 1260 2528 spirituales
1278 2457 1490 2511 scholas
1511 2456 1847 2514 ventitanius,

269 2569 379 2608 non
403 2569 498 2624 par
526 2553 633 2606 illis
659 2551 889 2605 studium
921 2548 1175 2604 exhibere
1197 2588 1214 2612 ,
1244 2546 1474 2600 maxime
1503 2559 1623 2600 cum
1655 2543 1766 2598 haec
1796 2543 1848 2596 in

274 2647 480 2700 lucrum
499 2654 554 2698 et
567 2644 791 2697 salutem
811 2641 1106 2696 animarum
1129 2637 1407 2708 spectent?
1428 2635 1590 2706 Igitur
1603 2634 1848 2699 obsecro,

270 2746 332 2790 ut
368 2750 602 2803 seipsuin
646 2732 882 2802 quotidie
909 2738 1175 2784 scrutetur
1202 2727 1560 2796 unusquisque
1582 2767 1598 2792 ,
1632 2723 1756 2793 quid
1785 2739 1852 2778 ex

274 2827 556 2888 hodierna,
582 2824 706 2892 quid
728 2838 793 2877 ex
817 2821 1055 2892 proxima
1077 2819 1303 2874 lectione
1325 2816 1565 2871 utilitatis
1586 2815 1850 2880 retulerit,

272 2927 335 2972 ut
364 2933 430 2971 ne
464 2915 738 2970 videamur
764 2924 819 2970 et
859 2927 957 2967 nos
989 2921 1187 2966 temere
1225 2921 1384 2978 atque
1419 2907 1614 2961 frustra
1641 2907 1846 2961 adesse.

270 3007 427 3071 Quod
470 3016 645 3060 autem
687 3005 789 3059 hoc
825 3018 922 3057 nos
951 3004 1102 3070 culpa
1144 3000 1405 3053 immunes
1433 2996 1620 3051 reddat
1650 2995 1852 3067 (olleri-

273 3112 396 3151 mus
417 3097 558 3150 enim
584 3094 839 3164 quidquid
868 3092 1032 3146 nostri
1060 3100 1140 3144 est
1170 3087 1366 3152 officii,
1393 3096 1446 3140 et
1476 3085 1606 3139 nihil
1635 3098 1853 3154 prorsus

274 3188 421 3256 quod
451 3196 644 3240 nostra:
670 3187 739 3238 sit
763 3183 1023 3238 facultatis
1049 3181 1439 3250 praeterimus);
1470 3177 1610 3248 quod
1637 3193 1763 3230 vero
1789 3177 1852 3229 iis

273 3279 368 3346 qui
400 3277 554 3330 nobis
591 3283 938 3336 succensent,
974 3286 1070 3325 nec
1097 3278 1416 3332 occurrunt,
1448 3284 1544 3320 nec
1569 3266 1706 3320 dicta
1735 3263 1855 3318 dili-

271 3379 460 3437 genter
479 3366 795 3428 auscultant,
817 3362 1032 3430 majoris
1053 3357 1510 3414 condenmatimiis
1530 3357 1598 3409 sit
1617 3354 1848 3417 occasio,

269 3457 397 3511 audi
435 3456 702 3510 Christum
739 3454 1003 3507 dicentem
1037 3452 1085 3504 ei
1112 3451 1201 3518 qui
1246 3451 1500 3502 talentum
1527 3447 1802 3501 defoderat
1837 3463 1851 3500 :

271 3547 434 3602 Serre
465 3560 711 3614 nequam,
742 3541 996 3609 Oportebat
1026 3552 1072 3592 te
1094 3541 1356 3609 pecuniam
1393 3555 1550 3591 nteant
1588 3538 1726 3605 apud
1755 3552 1823 3588 nu

271 3637 520 3690 mularios
548 3634 854 3702 deposuisse,
881 3643 925 3684 et
955 3631 1152 3683 veniens
1173 3645 1264 3698 ego
1285 3629 1590 3698 repetiissem
1610 3643 1719 3679 eam
1742 3643 1854 3678 cum

271 3744 431 3780 usura
458 3725 668 3796 (Matth.
697 3724 785 3777 ‘25.
815 3722 904 3776 26.
934 3721 1059 3791 9.7);
1087 3720 1153 3773 de
1177 3720 1378 3774 Juda-is
1409 3731 1586 3773 autem
1617 3736 1630 3771 ε
1667 3719 1725 3771 Si
1753 3735 1854 3770 non

271 3817 538 3880 venissent,
571 3826 612 3866 et
642 3817 876 3881 loquutus
897 3813 1103 3882 fuissem
1128 3810 1217 3870 eis.
1253 3821 1507 3878 peccatum
1529 3826 1627 3861 non
1654 3808 1857 3861 habuis-

269 3916 383 3960 sent
406 3923 424 3969 ;
453 3920 584 3956 nunc
609 3914 775 3955 autem
803 3903 1174 3955 excusationem
1203 3916 1302 3951 non
1328 3899 1508 3950 habent
1537 3899 1554 3966 (
1578 3897 1732 3949 Joan.
1766 3897 1850 3950 15.

268 3996 393 4064 ‘22).
422 3995 682 4048 Czeterum
710 4007 808 4046 nos
835 4009 972 4044 nunc
1002 4006 1108 4043 non
1130 3989 1230 4042 hoc
1260 4003 1524 4051 curamus,
1561 3999 1612 4040 ut
1641 4002 1856 4054 prorsus

272 4088 504 4141 crimine
530 4100 824 4145 careamus,
852 4093 906 4136 et
934 4083 984 4134 in
1014 4082 1156 4134 nullo
1179 4095 1480 4147 arguantur,
1503 4078 1596 4132 sed
1625 4087 1854 4131 vestrum

273 4177 572 4246 profectum
598 4175 777 4227 videre
797 4173 1060 4241 cupimus,
1082 4179 1138 4223 et
1162 4179 1395 4223 nostram
1422 4170 1655 4221 iustitiam
1685 4168 1858 4219 inuni-

272 4267 371 4320 nui
399 4267 736 4330 arbitramur,
762 4265 920 4317 etiani
943 4263 1279 4327 quantumvis
1309 4260 1506 4314 innoxii
1539 4261 1636 4328 ipsi
1665 4262 1852 4324 simus,

272 4359 383 4411 nisi
425 4365 480 4411 et
522 4371 615 4408 vos
657 4354 888 4408 studium
930 4339 1196 4406 laboribus
1227 4352 1421 4404 nostris
1460 4352 1674 4420 dignutn
1707 4350 1858 4403 exhi-

273 4446 524 4501 bueritis.
558 4445 680 4497 llaec
708 4444 848 4497 enim
876 4452 1070 4496 nostra:
1098 4442 1293 4494 laetitia:
1317 4451 1535 4494 materia
1564 4449 1665 4503 est,
1697 4440 1742 4492 si
1771 4456 1859 4491 vc-

271 4549 391 4589 stra
425 4536 477 4587 in
523 4532 883 4602 spiritualibus
924 4532 1247 4584 incrementa
1293 4530 1586 4582 videamus.
1636 4529 1703 4581 Et
1746 4528 1858 4580 scio

271 4623 494 4692 quidem
518 4638 609 4676 vos
631 4638 723 4690 per
745 4622 968 4690 gratiam
995 4621 1084 4673 Dei
1117 4631 1316 4673 tantum
1341 4619 1538 4687 pollere
1567 4621 1852 4680 intellectu,

276 4727 342 4768 ut
371 4724 425 4766 et
451 4713 581 4766 alios
610 4714 826 4765 valeatis
863 4711 1162 4774 exhortari;
1194 4710 1286 4764 sed
1317 4710 1604 4762 secundum
1647 4711 1856 4768 beatum

270 4808 536 4869 l'aulutu,
567 4803 877 4858 memoriam
908 4811 1135 4854 vestram
1168 4803 1358 4853 refrico
1378 4839 1393 4864 ,
1424 4810 1476 4854 ct
1508 4817 1734 4867 provoco
1763 4815 1858 4853 ve-

268 4908 453 4950 strum
483 4893 651 4946 zelum
684 4891 951 4959 animique
977 4890 1207 4942 studium
1233 4930 1245 4949 ,
1276 4889 1501 4941 subinde
1529 4889 1642 4942 inec
1670 4890 1856 4941 admo-

270 5001 458 5046 nens.
497 4994 552 5036 et
598 4981 816 5049 cupiens
869 4994 962 5033 vos
1009 4979 1272 5048 perfectos
1318 4987 1371 5030 et
1422 4979 1692 5030 absolutos
1741 4994 1860 5032 esse

269 5079 289 5144 (
329 5077 479 5130 llam.
523 5074 610 5128 15.
658 5071 783 5140 15).
826 5069 943 5124 Non
989 5071 1131 5123 enim
1175 5070 1443 5122 mediocre
1490 5078 1857 5136 argumentum

277 5168 414 5222 mihi
445 5175 526 5219 est
563 5165 664 5217 hoc
695 5164 852 5216 vestri
892 5164 944 5215 iu
973 5163 1164 5215 divinis
1206 5165 1470 5229 profectus
1492 5202 1505 5224 ,
1534 5161 1671 5229 quod
1715 5170 1858 5214 tanta

277 5258 560 5311 alacritate
589 5256 825 5325 quotidie
857 5255 958 5307 huc
983 5254 1306 5307 conveniatis
1327 5294 1340 5317 ,
1374 5264 1428 5306 et
1466 5253 1725 5320 spirituali
1761 5253 1859 5304 do-

275 5349 456 5402 ctrina
487 5348 686 5412 expleri
717 5362 819 5398 non
850 5345 1080 5413 possitis.
1111 5344 1241 5397 Nam
1267 5343 1709 5412 quenimlmodum
1733 5358 1863 5396 coi—

281 5438 484 5508 poralis
499 5437 601 5489 cibi
619 5436 898 5504 appetitus,
918 5435 1165 5488 indicium
1183 5445 1263 5486 est
1285 5435 1496 5501 optimm
1516 5433 1824 5486 valetudinis
1845 5451 1858 5486 :

282 5540 357 5582 ita
383 5527 704 5581 desiderium
735 5526 1023 5594 spiritualis
1050 5527 1305 5578 doctrinae
1325 5566 1338 5589 ,
1373 5525 1858 5578 manifestissimum

283 5626 651 5686 argumentum
679 5627 762 5669 est
789 5617 979 5668 anima:
1009 5617 1142 5669 bene
1169 5616 1409 5668 valentis.
1445 5618 1776 5682 Quapropter
1805 5626 1860 5670 et

283 5724 385 5775 ego
416 5709 548 5764 bene
575 5708 817 5762 conscius
837 5708 993 5763 vestri
1020 5706 1286 5771 desiderii,
1312 5707 1448 5775 quod
1469 5707 1667 5760 scilicet
1691 5724 1854 5777 quatt-

1283 373 1347 428 ΙΝ
1383 370 1536 428 CAP.
1578 368 1692 424 XII.
1733 366 1980 424 GENES.
2024 362 2255 419 HOMIL.
2292 361 2510 418 XXXII.

3429 356 3536 410 23H

1952 475 2150 529 tumvis
2179 473 2464 543 producam
2493 487 2832 536 sermonem,
2866 487 2970 526 non
3000 473 3198 541 possim
3225 473 3310 527 vel
3340 475 3418 527 sic
3441 489 3541 528 es-

1952 564 2098 634 plere
2125 561 2450 616 desiderium
2478 602 2493 623 ,
2523 570 2578 616 et
2603 561 2857 614 alimento
2883 561 3142 629 Spit‘ilttuli
3177 576 3270 616 vos
3299 563 3497 616 satiare
3518 601 3535 626 ,

1951 670 2056 708 non
2081 653 2283 707 desisto
2310 668 2406 722 pro
2433 667 2548 706 mea
2581 652 2717 705 virili
2742 692 2756 717 ,
2785 668 2846 706 ea
2873 669 2991 721 qua:
3023 652 3116 706 Dei
3146 655 3315 721 gratia
3342 668 3532 721 suppe-

1949 743 2103 808 ditat,
2136 743 2188 798 in
2217 751 2447 796 vestram
2479 742 2755 796 utilitatem
2781 743 3021 811 quotidie
3043 742 3193 798 vobis
3214 758 3533 812 proponere,

1950 841 2006 888 et
2043 834 2238 887 divina:
2267 831 2557 901 Scriptura:
2595 832 2893 886 doctrinam
2924 833 3191 887 mentibus
3222 834 3413 888 vestris
3454 835 3538 888 in-

1950 938 2151 978 serere.

2020 1014 2076 1067 2.
2118 1014 2255 1068 Deus
2282 1014 2533 1085 quomodo
2561 1014 2809 1068 videatur.
2852 1042 2924 1054 —-
2963 1015 3074 1084 Age
3099 1015 3259 1083 igitur
3286 1022 3343 1070 et
3377 1015 3538 1071 hodie

1951 1105 2348 1158 misericordem
2376 1105 2542 1158 Deum
2568 1105 2931 1168 Obsecremus,
2959 1117 3016 1160 ut
3041 1106 3272 1174 linguam
3300 1119 3537 1164 nostram

1951 1192 2149 1262 dirigat
2175 1193 2241 1246 ad
2277 1193 2651 1247 inveniendum
2676 1191 2817 1261 quod
2844 1194 3151 1261 qua‘rimus,
3182 1203 3234 1247 et
3264 1210 3364 1263 pro
3389 1213 3540 1251 more

1955 1292 2138 1338 nostro
2167 1284 2317 1337 vobis
2342 1279 2628 1338 aﬂ'erauius
2652 1282 2969 1347 doctrinam,
2997 1286 3281 1352 pr0positis
3310 1286 3536 1354 primum

1955 1373 2037 1428 liis
2061 1390 2180 1442 qua:
2208 1374 2341 1429 lecta
2369 1384 2492 1428 sunt
2517 1373 2727 1428 caritati
2762 1385 2971 1429 vestrae.
2998 1377 3051 1430 7.
3081 1376 3147 1429 Et
3172 1377 3306 1431 visus
3333 1388 3426 1442 est,
3459 1380 3540 1432 in-

1951 1466 2084 1534 quit,
2113 1466 2362 1520 Dominus
2388 1466 2554 1521 Λευ-ω.
2585 1464 2652 1519 Et
2682 1467 2809 1520 dixit
2831 1468 2895 1520 ei.
2924 1467 3110 1522 Nonne
3134 1470 3268 1524 bene
3298 1471 3536 1525 dicebam

1951 1558 2020 1608 ah
2051 1557 2218 1621 initio,
2248 1557 2413 1611 latere
2434 1557 2486 1611 in
2511 1557 2694 1626 paucis
2721 1557 2824 1612 illis
2849 1559 3024 1612 verbis
3051 1577 3298 1630 tnagnum
3326 1561 3535 1616 thesim-

1953 1647 2111 1700 rum?
2155 1648 2294 1701 Ecce
2335 1648 2476 1702 enim
2515 1649 2694 1701 statim
2744 1664 2920 1702 rarum
2965 1661 3020 1704 et
3054 1652 3367 1706 admirabile
3412 1669 3537 1721 pro-

1951 1738 2201 1793 minium:
2225 1738 2288 1792 Et
2309 1739 2443 1793 visus
2470 1749 2565 1806 est,
2596 1739 2784 1808 inquit,
2807 1738 3053 1793 Dominus
3075 1740 3212 1794 Deus
3237 1742 3402 1796 Abm.
3428 1743 3540 1798 lloe

1955 1833 2182 1896 primum
2221 1829 2520 1883 invenimus
2551 1830 2602 1882 in
2640 1828 2913 1898 Scriptura
2942 1845 3085 1884 nunc
3123 1832 3363 1896 dictum,
3393 1835 3537 1910 quod

1955 1919 2097 1972 visus
2126 1917 2232 1972 sit:
2259 1933 2430 1988 neque
2458 1919 2601 1973 enim
2629 1919 2897 1988 Scriptura
2924 1920 3101 1975 divina
3130 1923 3294 1976 verbo
3317 1915 3536 1979 hoe‘usa

1953 2019 2054 2072 est,
2084 2024 2205 2063 cum
2236 2009 2303 2064 de
2332 2009 2538 2073 Adam,
2573 2011 2655 2064 vel
2686 2010 2753 2064 de
2780 2011 2948 2076 Abel,
2976 2011 3060 2065 vi-l
3088 2012 3157 2067 de
3185 2013 3328 2078 Noe,
3363 2016 3444 2069 vel
3470 2016 3540 2070 de

1953 2101 2058 2154 alio
2081 2102 2326 2170 quopiam
2350 2101 2562 2170 loquuta
2583 2113 2660 2155 est
2673 2142 2686 2154 .
2711 2102 2846 2166 Quid
2869 2102 3027 2172 igitur
3045 2116 3120 2158 ρει
3145 2104 3286 2172 quod
3304 2104 3496 2159 dicitur
3521 2124 3534 2158 :

1957 2191 2022 2243 Et
2063 2192 2199 2244 visus
2237 2191 2358 2246 est?
2387 2192 2452 2245 Et
2485 2192 2753 2260 quomodo
2776 2192 2900 2246 alibi
2939 2193 3064 2246 dicit
3095 2211 3107 2244 :
3142 2192 3334 2248 Nullus
3359 2195 3539 2249 uidebit

1954 2281 2119 2333 Deum
2138 2321 2153 2344 ,
2185 2291 2232 2333 et
2262 2281 2387 2334 vivet
2423 2281 2441 2350 (
2471 2280 2635 2335 Exod.
2663 2283 2753 2336 55.
2777 2281 2848 2336 ‘20
2873 2283 2928 2350 )?
2954 2283 3087 2350 Quid
3117 2284 3275 2352 igitur
3302 2285 3541 2340 dicemus

1955 2387 2097 2426 nunc
2118 2371 2390 2440 Scriptura
2416 2372 2626 2426 dicente
2654 2388 2667 2423 :
2698 2372 2768 2424 Et
2795 2374 2926 2426 visus
2953 2385 3024 2426 est
3043 2373 3069 2426 .9
3092 2374 3368 2441 Quomodo
3396 2376 3539 2431 visus

1953 2469 2035 2514 est
2057 2460 2240 2529 justo?
2266 2459 2401 2514 Num
2429 2462 2594 2529 ipsam
2631 2462 2979 2516 substantiam
3011 2463 3175 2516 vidit?
3201 2463 3350 2529 Non,
3374 2466 3531 2520 absit.

1952 2551 2056 2606 Sed
2085 2551 2250 2621 quid?
2287 2552 2376 2607 Sic
2400 2553 2545 2606 visus
2579 2561 2697 2617 est,
2732 2562 2788 2606 ut
2815 2554 2931 2622 ipse
2965 2556 3112 2608 solus
3135 2556 3274 2621 scit,
3303 2567 3357 2610 et
3383 2567 3441 2611 ut
3466 2560 3538 2612 illi

1956 2643 2206 2710 possibile
2234 2653 2350 2699 erat
2379 2644 2579 2699 videre.
2617 2644 2800 2699 Solers
2824 2645 2965 2700 enim
2996 2664 3116 2700 eum
3147 2648 3214 2701 sit
3242 2650 3452 2717 sapiens
3486 2661 3541 2706 et

1954 2732 2258 2788 misericors
2299 2733 2553 2788 Dominus
2597 2745 2779 2790 noster
2802 2777 2817 2800 ,
2849 2751 2909 2790 se
2948 2735 3194 2790 humanae
3223 2749 3541 2807 attemperat

1955 2832 2176 2888 naturae,
2207 2833 2261 2877 et
2285 2825 2631 2893 semetipsum
2663 2826 2726 2879 iis
2753 2828 2841 2894 qui
2866 2842 2926 2881 se
2953 2839 3110 2882 antea
3140 2827 3298 2898 digne
3328 2845 3534 2900 pra'pao

1959 2922 2230 2976 raverunt,
2255 2913 2508 2967 ostendit.
2542 2912 2702 2983 quue
2728 2916 3058 2970 demonstrat
3085 2933 3178 2985 per
3203 2919 3536 2988 prophetam.

1955 3003 2142 3057 dicens
2172 3021 2186 3056 :
2220 3003 2330 3073 Ego
2369 3006 2580 3058 visiones
2609 3005 2940 3071 multiplicari
2961 3049 2976 3070 ,
3010 3019 3055 3059 et
3086 3008 3137 3060 in
3167 3009 3395 3064 manibus
3423 3027 3541 3081 pro-

1953 3092 2222 3159 phetarum
2263 3093 2567 3146 assimilatas
2594 3096 2670 3163 [ui
2713 3094 2732 3163 (
2763 3093 2888 3147 Osee
2917 3095 3000 3148 12.
3033 3095 3098 3150 10
3124 3097 3165 3167 ).
3198 3096 3456 3164 Quoniam
3485 3111 3538 3155 et

1949 3176 2116 3236 lsaias
2150 3180 2278 3234 vidit
2314 3197 2436 3236 eum
2477 3184 2748 3237 sedentem
2779 3186 2796 3252 (
2826 3183 2955 3242 (sai.
2981 3187 3034 3240 6.
3069 3187 3137 3257 1)
3164 3203 3180 3242 :
3211 3188 3312 3242 hoc
3354 3200 3533 3245 autem

1956 3270 2066 3324 Deo
2108 3269 2378 3340 indignum
2407 3288 2420 3324 :
2451 3271 2591 3327 Deus
2619 3273 2761 3326 enim
2799 3290 2904 3328 non
2932 3275 3119 3340 sedet;
3149 3278 3238 3346 qui
3270 3277 3410 3333 enim
3441 3296 3537 3349 po-

1959 3372 2099 3429 test,
2156 3378 2278 3418 cum
2319 3364 2389 3418 sit
2429 3365 2742 3435 incorporea
2783 3376 2837 3420 et
2876 3366 3111 3420 interitui
3151 3385 3255 3422 non
3313 3371 3540 3427 obnoxia

1959 3454 2184 3507 natura?
2227 3463 2282 3508 et
2325 3452 2504 3508 Daniel
2545 3471 2757 3525 quoque
2801 3457 2929 3510 vidit
2968 3474 3090 3510 eum
3116 3500 3132 3524 ,
3174 3469 3230 3513 ut
3265 3461 3540 3530 antiquum

1955 3547 2165 3601 dierum
2197 3546 2373 3618 (Dan.
2408 3549 2461 3600 7.
2491 3546 2562 3600 22
2587 3550 2637 3617 );
2681 3548 2963 3602 Zacharias
3004 3560 3184 3604 autem
3229 3551 3383 3606 aliter
3418 3569 3542 3608 eum

1957 3638 2225 3692 contuitus
2251 3649 2333 3692 est
2356 3641 2371 3706 (
2396 3638 2558 3692 Zaclt.
2587 3641 2609 3692 1
2633 3639 2652 3708 )
2675 3657 2689 3702 ;
2719 3639 2810 3694 sed
2835 3648 2890 3694 et
2918 3641 3161 3697 Ezechiel
3187 3643 3361 3698 aliter.
3390 3643 3544 3701 Unde

1958 3728 2168 3781 dicebat
2200 3746 2212 3780 :
2242 3727 2352 3798 Ego
2382 3729 2595 3782 uisiones
2621 3730 2946 3798 multiplicari
2971 3748 2989 3783 :
3012 3732 3111 3787 hoc
3130 3742 3231 3797 est,
3264 3737 3545 3805 unicuique

1958 3818 2176 3886 apparui
2205 3832 2303 3887 pro
2329 3831 2422 3871 sua
2451 3817 2728 3887 dignitate.
2761 3819 2829 3872 Et
2853 3835 2991 3872 nunc
3017 3837 3228 3890 quoque
3252 3864 3266 3885 ,
3301 3825 3423 3892 quia
3456 3826 3544 3892 ju-

1961 3917 2101 3959 stum
2128 3921 2158 3958 a
2185 3906 2344 3960 domo
2369 3907 2486 3974 ejus
2510 3917 2776 3968 evocarat,
2805 3918 2858 3961 et
2879 3909 3111 3975 jusserat
3139 3912 3188 3962 in
3215 3912 3440 3965 alienam
3465 3915 3545 3968 ire

1963 4006 2178 4061 terram,
2208 3995 2437 4065 inquam
2459 4012 2579 4050 cum
2606 3999 2858 4062 venisset,
2884 4010 3150 4068 tamquam
3174 4005 3543 4074 vagus‘agt-hat

1959 4094 2015 4136 et
2046 4087 2354 4152 peregrinus
2375 4126 2390 4150 ,
2420 4095 2599 4153 utpote
2626 4086 2939 4141 Clianana-is
2971 4089 3074 4143 illic
3099 4090 3270 4144 adhuc
3299 4092 3536 4145 habitan-

1964 4173 2122 4235 tibus,
2154 4174 2424 4242 inquirens
2452 4175 2538 4227 ubi
2567 4175 2888 4229 domicilium
2915 4178 3181 4233 collocare
3208 4180 3378 4248 ipsum
3409 4199 3535 4236 con-

1961 4266 2166 4318 veniret
2187 4283 2200 4318 :
2223 4266 2393 4320 bonus
2409 4267 2664 4322 Dominus
2679 4269 2940 4322 consolari
2961 4286 3104 4337 eum,
3123 4280 3178 4325 et
3197 4272 3313 4341 ejus
3335 4273 3545 4330 firmare

1962 4354 2287 4407 alacritatem
2312 4356 2517 4421 volens,
2543 4366 2598 4409 ut
2625 4373 2691 4410 ne
2718 4366 3062 4426 torpesceret,
3088 4376 3258 4429 neque
3283 4360 3550 4417 dubitaret

1962 4444 2031 4498 de
2071 4445 2421 4511 promissione
2445 4446 2555 4514 jam
2584 4448 2685 4500 sibi
2719 4449 2852 4501 facta
2877 4489 2892 4512 ,
2920 4465 3021 4518 qua
3048 4452 3180 4504 dixit
3209 4468 3226 4505 :
3267 4452 3388 4504 Veni
3414 4454 3547 4520 huc,

1961 4545 2009 4586 et
2043 4535 2226 4604 fat-iam
2251 4547 2297 4587 te
2324 4537 2374 4587 in
2399 4546 2590 4605 gentem
2617 4554 2851 4605 magnam
2877 4538 3339 4607 (quandoquidem
3366 4543 3547 4595 diver-

1963 4639 2022 4678 sa
2047 4639 2077 4676 a
2107 4625 2456 4692 promissione
2483 4626 2693 4678 videbat
2714 4628 2824 4680 licri
2850 4668 2865 4692 ,
2893 4638 2946 4680 et
2986 4642 3044 4680 se
3081 4629 3426 4684 obambulare
3474 4633 3548 4685 uti

1962 4715 2226 4782 abjectmn
2257 4724 2310 4768 et
2341 4716 2494 4767 vilem
2515 4756 2529 4778 ,
2557 4726 2608 4769 et
2634 4717 2776 4767 omni
2808 4717 3052 4784 praesidio
3071 4718 3381 4771 deSlilUllllll
3402 4763 3418 4785 ,
3453 4737 3551 4774 nco

1964 4820 2067 4873 que
2094 4807 2375 4858 habentem
2405 4805 2491 4858 ubi
2520 4806 2804 4859 diverteret
2826 4807 2844 4875 )
2863 4848 2877 4870 ,
2910 4817 2964 4859 ut
2992 4809 3147 4877 igitur
3173 4822 3404 4864 mentem
3438 4813 3554 4880 ejus

1964 4896 2177 4960 excitet,
2207 4897 2374 4964 inquit
2402 4914 2413 4948 :
2445 4896 2508 4949 Et
2536 4898 2666 4950 visus
2686 4909 2754 4949 est
2785 4897 3027 4952 Dominus
3044 4902 3206 4963 Abrte,
3236 4912 3281 4954 et
3312 4903 3437 4955 dixit
3464 4905 3510 4955 ei
3535 4919 3554 4956 :

1965 4985 2162 5038 Semini
2192 4997 2275 5037 tuo
2303 4986 2431 5038 dabo
2464 4997 2645 5038 terram
2675 4988 2826 5040 lianc.
2877 4988 2975 5041 Est
3017 4998 3071 5042 et
3101 4989 3214 5044 haec
3241 4993 3555 5059 pollicitatio

1966 5093 2173 5146 magna,
2203 5086 2257 5130 et
2283 5077 2469 5130 similis
2497 5077 2570 5129 illi
2598 5095 2690 5144 per
2715 5095 2871 5145 quam
2901 5097 3023 5132 eum
3046 5096 3073 5131 a
3097 5081 3255 5134 domo
3279 5095 3552 5137 evocarat.

1967 5171 2182 5225 Dixerat
2219 5171 2360 5223 enim
2407 5185 2419 5220 :
2467 5169 2806 5239 Magni/inibo
2836 5187 3014 5222 nomen
3051 5181 3193 5224 tuum
3223 5188 3241 5225 :
3272 5185 3548 5242 propterea

1967 5275 2104 5314 nunc
2128 5260 2316 5312 iterum
2340 5259 2470 5312 dicit
2499 5277 2512 5311 :
2543 5259 2736 5312 Semini
2764 5271 2850 5311 tuo
2876 5261 3004 5314 dabo
3032 5273 3215 5314 terram
3240 5264 3391 5319 hanc.
3416 5266 3546 5319 Nam

1964 5366 2084 5402 cum
2107 5350 2216 5416 jam
2248 5364 2407 5401 senex
2435 5361 2569 5401 esset
2599 5349 2772 5415 j'I‘UIS
2795 5392 2809 5414 ,
2838 5353 3047 5419 lilioque
3077 5363 3284 5407 careret
3307 5357 3376 5407 ob
3402 5358 3549 5410 Sara:

1966 5440 2295 5492 sterilitatem
2324 5479 2338 5502 ,
2375 5440 2632 5506 promittit
2672 5457 2731 5493 se
2762 5443 2808 5493 ei
2830 5484 2844 5504 ,
2875 5443 2962 5508 qui
3005 5460 3069 5496 ex
3103 5445 3218 5511 ipso
3247 5449 3548 5505 nasciturus

1965 5528 2055 5591 sit,
2078 5538 2272 5582 terram
2294 5527 2558 5580 daturum.
2595 5529 3007 5584 Misericordiam
3039 5533 3131 5586 ltei
3156 5533 3260 5597 hic,
3287 5551 3403 5600 oro,
3430 5553 3547 5590 con~

1967 5618 2139 5671 sidera
2172 5659 2185 5682 ,
2219 5617 2484 5684 quotuodo
2513 5636 2631 5672 eum
2665 5621 2933 5686 praesciret
2966 5621 3092 5689 justi
3131 5623 3371 5676 virtutem
3392 5661 3409 5688 ,
3442 5627 3549 5680 vult

1967 5724 2087 5762 cum
2119 5708 2363 5762 omnibus
2395 5709 2728 5763 manifestum
2764 5712 2936 5766 facere
2959 5753 2972 5778 ,
3001 5723 3053 5767 ct
3078 5713 3128 5767 in
3158 5714 3327 5770 lucem
3357 5714 3547 5773 etii-tre
