4054 6324
497 326 604 382 ’135

498 433 645 496 quasi
678 431 1016 502 margaritam
1045 431 1275 500 aliquam
1305 441 1427 487 ante
1451 429 1733 484 occultam.
1771 425 1922 484 Unde
1947 440 2067 482 cum

502 522 883 588 promissiones
901 521 1338 594 promissionibus
1361 520 1712 590 adiunxisset,
1738 521 1926 574 iterum
1950 533 2074 588 par-

501 627 616 666 vam
638 628 844 669 moram
864 614 1023 668 trahit
1040 623 1094 666 et
1111 611 1305 675 diil'ert,
1324 623 1380 664 ut
1404 611 1500 664 hac
1522 610 1852 681 potissimum
1868 610 2072 666 ratione

499 706 812 781 patriarchae
848 707 1013 774 pietas
1057 714 1416 770 monstretur,
1446 703 1568 772 quia
1610 719 1695 758 res
1733 717 1887 759 secus
1912 717 2070 773 quam

499 795 939 862 promittebantur
962 794 1173 849 evenire
1200 794 1381 847 videns
1401 793 1586 849 beatus
1610 793 1716 856 ille,
1739 808 1843 849 non
1868 793 2076 861 inquie-

498 898 582 941 tus
610 897 723 941 erat
748 927 760 950 ,
791 901 886 940 nec
917 885 1197 955 impatiens
1216 927 1230 947 .
1259 900 1358 939 nec
1387 885 1724 953 turbabatur,
1759 885 1852 938 sed
1883 885 2072 939 immo-

499 989 609 1028 tum
637 974 860 1029 habebat
879 974 1136 1036 animum.
1158 982 1335 1028 certus
1357 988 1418 1028 ea
1442 989 1561 1043 qua:
1586 976 1750 1028 semel
1780 989 1810 1027 a
1838 973 1947 1027 Deo
1969 973 2069 1027 sibi

501 1069 756 1135 pnunissa
787 1064 998 1118 fuerant
1018 1105 1032 1125 ,
1063 1073 1175 1117 rata
1209 1072 1264 1117 et
1304 1063 1453 1117 lirma
1493 1062 1629 1117 fore.
1662 1063 1915 1118 Paulatim
1944 1077 2071 1116 vero

496 1165 890 1224 perserutemur
915 1154 1118 1222 singula
1139 1195 1154 1217 ,
1188 1165 1246 1207 ut
1271 1153 1349 1207 sic
1377 1153 1626 1208 solertem
1651 1152 1834 1222 optimi
1862 1150 1954 1206 Dei
1981 1167 2070 1206 sa-

497 1247 784 1314 pientiam,
814 1246 1079 1314 simulque
1118 1256 1300 1299 cuan
1343 1261 1498 1311 quam
1537 1259 1661 1315 erga
1697 1245 1895 1314 justum
1930 1244 2071 1302 hunc

493 1337 794 1401 declaravit,
825 1349 881 1392 et
918 1337 1231 1406 patriarcha:
1270 1337 1323 1390 in
1354 1337 1634 1391 Dominum
1660 1352 1895 1392 amorem
1917 1337 2069 1392 addi-

493 1442 722 1481 scamus.
752 1423 820 1479 Et
849 1428 982 1480 visus
1003 1435 1098 1492 est,
1123 1426 1308 1494 inquit,
1333 1427 1578 1481 Dominus
1603 1427 1766 1480 Abrte.
1790 1427 2067 1491 Quomodo

497 1517 639 1570 visus
665 1517 789 1570 est?
829 1516 980 1570 Sicut
1015 1515 1132 1584 ipse
1159 1517 1298 1571 Deus
1339 1516 1484 1569 solus
1525 1519 1663 1579 scit,
1691 1525 1746 1570 et
1773 1516 1862 1571 ille
1889 1519 2069 1572 videre

498 1605 683 1674 potuit.
713 1605 828 1660 Non
853 1607 996 1661 enim
1017 1605 1126 1660 hoc
1147 1604 1323 1658 dicere
1347 1604 1585 1659 desitum
1601 1645 1615 1667 ,
1643 1607 2068 1676 quandoquidem

497 1695 712 1750 modum
738 1697 922 1764 ignoro
949 1713 963 1748 :
991 1694 1150 1750 audio
1173 1694 1316 1749 enim
1341 1695 1514 1749 solum
1538 1694 1866 1765 Scriptorum
1890 1698 2070 1753 dicen-

495 1794 651 1838 tem:
693 1784 760 1837 Et
790 1785 921 1838 uisus
960 1794 1036 1838 est
1079 1783 1322 1838 Dominus
1357 1783 1494 1838 Deus
1522 1785 1702 1854 Abte,
1731 1795 1778 1840 et
1807 1789 1933 1841 dixit
1970 1789 2015 1842 ei
2049 1803 2069 1842 .'

415 1891 419 1896 ‘
494 1875 687 1929 Sentiui
716 1885 799 1927 tuo
821 1875 954 1929 dabo
982 1885 1166 1928 terram
1195 1876 1346 1929 Itane.

569 1965 684 2019 Non
712 1968 1004 2021 deseruntur
1029 1984 1064 2020 a
1091 1965 1199 2020 Deo
1217 1968 1257 2019 ii
1279 1984 1400 2032 quos
1425 1967 1542 2021 sinit
1561 1968 2070 2038 dﬂigie-Memores

490 2067 660 2112 estote
694 2059 1103 2124 promissionum
1130 2073 1246 2127 qua:
1273 2073 1302 2111 a
1337 2059 1444 2112 Deo
1471 2058 1623 2114 factae
1651 2069 1809 2126 sunt,
1857 2071 1913 2116 ut
1947 2079 2070 2118 cum

492 2151 764 2206 audieritis
781 2151 979 2218 justum
1005 2151 1163 2204 variis
1187 2151 1396 2204 casibus
1410 2152 1618 2217 jactari,
1636 2152 1852 2206 discatis
1872 2165 2068 2222 quanta

491 2245 650 2296 fuerit
680 2241 1006 2311 philosOpltia
1036 2242 1342 2305 instructus,
1366 2257 1524 2310 quam
1542 2241 1709 2297 solida
1732 2240 2064 2309 fortitudine,

488 2347 646 2399 quam
678 2333 830 2384 tirmo
854 2341 909 2384 et
936 2331 1154 2385 immoto
1177 2329 1231 2384 in
1264 2331 1430 2384 Deum
1454 2346 1656 2396 amore,
1682 2344 1737 2385 et
1762 2347 1827 2388 ex
1854 2334 1921 2388 iis
1949 2350 2067 2404 qua:

487 2425 627 2488 justo
652 2421 721 2474 illi
752 2421 1085 2490 contigerunt
1109 2459 1126 2484 .
1152 2420 1463 2476 erudiamini
1488 2463 1501 2484 ,
1537 2431 1593 2474 ut
1617 2437 1685 2476 ne
1711 2424 2023 2480 existimetis
2045 2466 2062 2492 ,

485 2527 616 2564 cum
641 2511 952 2565 derelictum
972 2524 1092 2565 esse
1119 2525 1148 2563 a
1192 2509 1302 2564 Deo
1325 2551 1340 2575 ,
1368 2511 1414 2564 si
1439 2511 1652 2579 quando
1677 2512 1912 2568 videritis
1939 2529 2066 2584 pro-

488 2601 619 2654 bum
659 2601 888 2669 aliquem
919 2599 1293 2654 tentationibus
1322 2600 1403 2654 vei
1432 2600 1550 2654 aliis
1596 2602 1749 2670 hujus
1778 2603 1898 2657 vita:
1924 2603 2065 2659 aﬂli-

485 2692 753 2746 ctionibus
780 2692 958 2746 vexari
989 2709 1002 2744 :
1031 2689 1123 2744 sed
1151 2691 1445 2760 cogitantes
1483 2691 1827 2761 multiplicem
1851 2695 2065 2764 dispon-

489 2783 751 2835 sationmn
798 2781 890 2835 Dei
935 2781 1283 2844 varietatem,
1325 2780 1501 2834 omnia
1547 2776 2066 2851 ittcompreltensibili

488 2875 605 2942 ejus
643 2873 990 2942 providentia:
1032 2872 1360 2941 relinquatis.
1410 2871 1544 2928 Nam
1587 2875 1630 2927 si
1675 2875 1875 2942 justum
1915 2877 2064 2932 illum

484 2977 598 3021 tam
624 2967 768 3036 pium
789 3005 805 3028 ,
836 2972 1142 3034 tantamque
1169 2978 1279 3034 prae
1303 2977 1363 3018 se
1389 2964 1643 3019 ferentem
1667 2966 2020 3021 obedientiam
2044 3007 2060 3034 ,

491 3056 750 3127 permittit
792 3056 882 3110 tali
907 3054 1071 3109 modo
1110 3055 1299 3108 tentari
1343 3068 1449 3122 quo
1476 3055 1656 3108 statim
1684 3055 1816 3109 bene
1844 3057 2023 3111 scietis
2043 3099 2060 3123 ,

482 3165 595 3202 non
627 3146 924 3215 despiciens
949 3143 1203 3199 famulum
1229 3159 1404 3208 suum,
1433 3144 1528 3198 sed
1557 3145 1677 3198 aliis
1699 3147 1944 3201 omnibus
1967 3164 2066 3203 vo-

491 3241 606 3293 lens
629 3237 766 3290 illius
790 3236 1036 3303 detegere
1063 3235 1308 3288 virtutem
1329 3233 1488 3305 (solet
1506 3236 1648 3289 enim
1673 3237 1742 3288 ita
1761 3252 1882 3292 cum
1907 3239 2064 3308 iustis

488 3331 730 3385 omnibus
751 3349 906 3400 agere
925 3350 940 3395 ;
963 3341 1018 3386 et
1035 3342 1294 3401 quotquot
1311 3332 1608 3387 divinarum
1629 3334 1914 3389 lectionum
1933 3337 2064 3391 estis

487 3422 727 3484 studiosi,
756 3423 997 3490 poteritis
1018 3437 1091 3476 ex
1117 3423 1481 3489 superibribus
1502 3423 1707 3478 discere
1727 3434 1782 3478 et
1803 3427 2060 3490 invenire,

484 3529 606 3565 cum
649 3514 719 3566 ita
749 3513 1063 3567 famulorum
1088 3527 1307 3567 suorum
1336 3514 1492 3567 vitam
1514 3513 1821 3581 diSpensare
1842 3515 1861 3583 )
1879 3556 1897 3577 ,
1924 3531 2056 3584 quu—

484 3602 645 3656 modo
686 3603 847 3671 igitur
867 3619 980 3656 non
1006 3615 1259 3658 extrema:
1298 3602 1456 3657 fuerit
1497 3605 1847 3672 improbitatis
1867 3606 2060 3659 existi-

489 3708 653 3756 mare,
689 3695 796 3745 lico
822 3693 938 3746 Ι]ωο
966 3694 1290 3747 concedente
1311 3693 1511 3762 justum
1535 3693 1846 3747 derelictum
1868 3695 2055 3758 fuisse,

487 3795 540 3835 ct
587 3802 688 3836 nun
737 3788 907 3848 potius
951 3786 1071 3838 inde
1109 3800 1311 3853 magna:
1351 3785 1692 3851 providentia:
1731 3786 2062 3856 ingentisque

486 3876 782 3926 t‘it'nlCltit't:
813 3875 1019 3942 signum
1050 3875 1299 3928 sumere?
1320 3873 1614 3926 Ostendens
1646 3875 1800 3942 igitur
1823 3879 2063 3929 eminen-

488 3977 592 4016 tem
617 3965 778 4030 ipsius
811 3969 1076 4030 virtutem,
1111 3964 1224 4018 hmo
1252 3966 1357 4018 duo
1384 3974 1613 4033 prazstat,
1641 3982 1914 4021 servorum
1939 3983 2061 4023 Suo-

485 4069 599 4105 rum
624 4059 926 4121 patientiam
955 4054 1419 4123 fortitudinemque
1448 4057 1618 4122 palam
1646 4057 1770 4111 facit
1791 4059 2056 4123 omnibus,

483 4156 530 4194 ρί
569 4147 907 4211 prin-mnum.-
933 4161 1041 4197 sua:
1066 4144 1382 4211 sapientiam
1410 4149 1568 4198 etiam
1610 4148 1660 4199 in
1694 4149 1882 4201 modiis
1919 4151 2058 4216 peri-

483 4237 616 4286 (‘tiilS
660 4235 1159 4301 (Ἰξιίτηῑιὶωιιίιιιὸςιιϐ
1202 4235 1423 4286 summis
1465 4236 1697 4288 ostendit
1729 4253 1741 4287 :
1771 4253 1892 4291 nam
1935 4255 2060 4292 cum

486 4340 646 4390 propt-
689 4327 975 4386 dtu-banti:
1014 4325 1120 4376 sint
1155 4331 1240 4375 res
1265 4364 1278 4383 ,
1307 4333 1431 4376 tunc
1460 4341 1710 4391 quorsum
1740 4330 1848 4378 vult
1880 4328 2058 4395 dirigit

484 4417 656 4466 omnm
686 4458 697 4476 ,
735 4432 898 4474 ningue-
932 4415 1123 4480 aliquid
1154 4415 1478 4468 difﬁcultatis
1511 4417 1561 4467 in
1603 4419 1780 4470 medio
1805 4429 1889 4472 est
1919 4423 2057 4486 quod

489 4505 742 4570 ittq’tediro
787 4517 959 4570 qut-nt.
1010 4504 1069 4556 Et
1113 4508 1244 4558 visus
1281 4514 1387 4570 est,
1421 4506 1622 4574 inquit,
1658 4507 1896 4561 Dominus
1926 4510 2059 4564 Deus

486 4597 646 4652 ,Ahrw,
673 4605 717 4644 ct
745 4595 870 4645 di;th
897 4596 936 4644 ci
964 4612 978 4645 :
1004 4595 1198 4646 Semini
1226 4603 1310 4646 tuo
1335 4598 1462 4646 dabo
1488 4608 1669 4647 terram
1695 4599 1842 4650 hanc.
1876 4599 2056 4664 Magna

486 4694 539 4734 t‘t
590 4684 951 4735 desiderabilis
999 4685 1314 4750 promissio,
1364 4686 1652 4751 prmsertim
1694 4687 1855 4753 justo.
1902 4688 2058 4744 Scitis

489 4778 659 4837 enim,
690 4777 953 4841 quomodo
996 4777 1082 4842 qui
1120 4776 1226 4844 jam
1269 4786 1529 4843 provectae
1572 4782 1856 4833 senectutis
1898 4792 2057 4847 sunt,

491 4879 536 4916 rt
570 4883 780 4919 omnem
813 4869 971 4919 vitam
996 4868 1192 4933 absque
1233 4868 1409 4921 liberis
1443 4880 1808 4937 transegernnt
1832 4914 1844 4932 ,
1874 4882 2059 4941 optant

491 4958 703 5008 liberos.
759 4955 934 5022 Itaque
977 4957 1227 5010 Dominus
1270 4958 1582 5012 obedientiu:
1629 4961 1926 5014 merendum
1959 4966 2055 5028 ipsi

495 5045 756 5111 temnens,
785 5047 902 5112 quia
932 5060 1052 5098 mox
1083 5055 1138 5098 ut
1161 5045 1375 5108 audivit,
1411 5047 1658 5117 Egredere
1681 5051 1743 5102 de
1771 5063 1901 5104 terra
1932 5064 2042 5116 tua,

484 5154 588 5189 non
613 5151 793 5190 moras
819 5138 991 5200 traxit,
1017 5151 1121 5191 non
1141 5138 1361 5203 distulit,
1385 5141 1476 5193 sed
1498 5141 1730 5195 obedivit
1753 5145 2052 5213 imperanti,

485 5237 536 5277 «τι
561 5227 700 5295 quod
731 5229 1041 5296 imperatum
1063 5239 1179 5284 erat
1201 5245 1322 5284 mox
1348 5230 1492 5296 iecit,
1514 5231 1720 5302 inquit:
1745 5233 1945 5289 Semini
1970 5248 2055 5291 tuo

483 5319 610 5370 dabo
637 5328 818 5370 terram
847 5319 996 5372 hanc.

551 5409 599 5459 5.
647 5409 983 5460 Abrahamum
1009 5409 1303 5479 migrantem
1328 5411 1610 5476 comitatur,
1638 5413 1838 5484 singula
1859 5418 1922 5470 ob
1941 5417 2054 5484 ipso

482 5500 560 5565 pie
598 5511 711 5551 acta
760 5510 961 5551 notans.
997 5528 1068 5539 —-
1097 5498 1229 5554 Vide
1259 5502 1522 5569 quomodo
1565 5518 1658 5572 per
1697 5506 1799 5560 hoc
1833 5506 2052 5562 verbum

483 5599 708 5640 tuentem
737 5588 854 5655 tvjus
871 5589 1044 5655 erigit,
1077 5598 1131 5643 et
1159 5588 1504 5644 Std‘lieientotn
1526 5591 1578 5645 ei
1607 5594 1791 5646 tribuit
1812 5594 2052 5650 laborum

485 5679 801 5732 mercedum.
835 5678 1061 5733 Proinde
1086 5689 1136 5734 et
1163 5680 1372 5748 justus,
1407 5691 1610 5752 gratum
1649 5683 1907 5746 exhibens
1930 5687 2047 5742 aui-

1198 321 1253 378 S.
1293 318 1564 375 JOANNIS
1597 313 2068 374 CHRYSOSTOIII
2108 314 2422 371 AﬂlilllEP.
2461 314 2996 377 CONS'I'ANTINOP.

3639 319 3752 378 296

2181 441 2324 479 nuttn
2367 425 2543 479 statim
2587 425 2653 479 ad
2697 428 2982 496 gratiarum
3025 428 3289 482 actionem
3320 432 3669 488 convertitur.
3704 431 3771 486 Et

2186 516 2419 568 astruxit
2442 515 2566 579 illic,
2591 515 2777 586 inquit,
2801 518 2963 570 altare
2979 514 3220 579 Domino,
3246 535 3392 585 quem
3416 520 3769 578 oideratNide

2179 606 2278 675 pia:
2316 607 2508 660 utentis
2535 608 2827 675 specimen.
2863 607 2927 661 Et
2951 609 3342 678 locuzn'ipsutn,
3373 610 3459 665 ubi
3497 611 3773 681 colimulo

2177 713 2298 752 cum
2345 697 2454 752 Deo
2498 697 2744 767 dignatus
2785 703 2958 754 luerat
2981 739 2996 764 ,
3021 703 3352 755 consecravit
3387 711 3442 756 et
3473 704 3768 772 gratiarum

2176 791 2437 843 actionem
2467 805 2564 858 pro
2585 790 2782 844 viribus
2805 789 3114 845 declaravit.
3143 792 3253 870 line
3273 793 3414 848 enim
3439 795 3584 866 quod
3614 795 3768 863 dicit,

2176 877 2440 932 Exstruit
2467 879 2647 947 altare,
2666 880 2804 934 idem
2833 891 2917 935 est
2941 882 3081 951 quod
3101 923 3117 950 ,
3147 882 3360 938 Gratias
3384 886 3452 940 de
3484 888 3766 956 promissis

2175 969 2300 1037 egit.
2335 968 2402 1023 Et
2443 969 2582 1024 sicut
2608 968 2855 1026 homines
2884 986 3283 1044 nonnumquam
3313 976 3548 1030 amicitia
3585 987 3769 1030 tuom

2175 1066 2233 1110 ut
2263 1057 2331 1111 ibi
2363 1058 2549 1112 domos
2573 1059 2855 1124 aedificent,
2885 1060 2976 1115 ubi
3015 1076 3137 1116 euut
3161 1065 3431 1132 germanis
3455 1076 3506 1121 et
3535 1065 3769 1120 sinceris

2173 1147 2359 1202 amicis
2403 1160 2679 1204 versantur
2716 1159 2773 1205 et
2823 1151 3318 1222 colloquuntur,-et
3359 1155 3512 1209 multi
3551 1171 3770 1226 quoque

2171 1249 2316 1302 smpe
2341 1234 2582 1290 civitates
2600 1235 2759 1290 etiam
2780 1237 3156 1306 condiderunt,
3175 1239 3369 1309 quibus
3387 1255 3454 1296 ex
3476 1243 3769 1299 occasione

2171 1341 2492 1395 congressus
2529 1341 2650 1382 cum
2679 1328 2866 1384 amicis
2902 1330 3115 1384 nomina
3143 1330 3385 1389 indidere
3414 1350 3430 1388 :
3459 1335 3529 1388 ita
3572 1344 3632 1390 et
3672 1335 3769 1405 ju-

2171 1428 2287 1472 stus
2319 1418 2405 1472 ille
2424 1459 2437 1481 ,
2466 1417 2555 1474 ubi
2588 1420 2846 1475 visionem
2875 1419 2974 1478 Dei
3009 1433 3326 1493 assequutus
3353 1433 3436 1480 est
3455 1467 3470 1490 ,
3497 1419 3770 1481 Eat-struxit

2171 1508 2332 1561 altare
2361 1506 2579 1563 Domino
2601 1525 2746 1575 quem
2777 1511 2987 1575 viderat,
3013 1512 3069 1567 8.
3096 1522 3143 1568 et
3178 1513 3407 1570 discessit
3451 1516 3589 1570 inde.
3621 1517 3765 1582 Quid

2170 1610 2275 1662 est,
2308 1599 2374 1652 Et
2399 1601 2626 1656 discessit
2653 1601 2806 1657 inde!
2829 1602 2963 1670 Quia
2989 1604 3101 1664 Deo
3128 1604 3276 1660 iocus
3303 1605 3390 1662 ille
3413 1619 3767 1664 consecratus

2171 1699 2223 1742 et
2253 1689 2362 1744 Deo
2383 1691 2742 1745 sanctiﬁcatus
2770 1702 2924 1756 erat,
2953 1692 3190 1749 Discessit
3222 1695 3374 1762 inde,
3403 1708 3450 1751 et
3479 1699 3681 1753 transiit
3710 1701 3766 1754 in

2171 1791 2386 1833 montem
2413 1796 2582 1834 uersus
2613 1781 2867 1835 Orientem
2893 1782 3086 1850 Betltel,
3114 1793 3164 1838 et
3187 1785 3344 1840 erait
3353 1786 3440 1840 ibi
3459 1787 3769 1841 tabernacu-

2171 1869 2276 1924 lum
2321 1887 2469 1925 suum
2494 1887 2515 1929 :
2543 1873 2977 1938 tumultuarium,
3003 1875 3209 1946 inquit,
3248 1876 3574 1934 domicilium
3613 1879 3763 1937 fecit.

2175 1958 2305 2014 Vide
2324 1961 2594 2030 quomodo
2616 1972 2732 2018 erat
2756 1964 3007 2034 frugalis.
3035 1973 3091 2020 et
3125 1965 3304 2020 luxum
3335 1966 3590 2038 fugiebat,
3622 1986 3765 2040 quo-

2171 2049 2332 2104 modo
2349 2061 2454 2104 tam
2480 2053 2778 2122 expeditus,
2806 2063 2862 2108 ut
2889 2070 3011 2110 cum
3037 2070 3204 2110 uxore
3235 2066 3291 2112 et
3316 2057 3526 2114 famulis
3553 2070 3662 2114 tam
3683 2059 3766 2117 h-

2170 2141 2271 2195 cile
2309 2143 2578 2212 migraret.
2621 2143 2852 2198 Audiant
2879 2145 3017 2211 viri,
3063 2146 3282 2203 audiant
3322 2150 3593 2204 mulieres.
3625 2150 3764 2206 Nam

2169 2244 2310 2298 stupe
2336 2231 2388 2283 in
2411 2233 2585 2286 villam
2604 2242 2808 2290 tantum
2836 2235 2987 2289 exire
3008 2236 3268 2302 volentes,
3290 2238 3454 2293 multa
3485 2241 3766 2308 molimur,

2173 2319 2434 2387 valdeque
2459 2323 2700 2390 occupati
2729 2337 2933 2388 sumus,
2955 2339 3024 2381 eo
3045 2327 3188 2396 quod
3219 2327 3442 2396 plurima
3476 2330 3760 2385 nobiscum

2170 2407 2461 2473 trabamus,
2489 2428 2608 2480 qum
2634 2429 2738 2466 non
2765 2415 2936 2469 solum
2962 2431 3068 2472 non
3096 2427 3223 2474 sunt
3245 2420 3400 2475 nobis
3422 2421 3560 2482 usui,
3586 2422 3684 2477 sed
3702 2434 3764 2478 ct

2167 2513 2560 2567 supervacanea
2579 2543 2594 2568 ,
2617 2511 2672 2558 et
2700 2503 2903 2559 inutilia
2923 2545 2941 2572 ,
2968 2515 3022 2560 et
3049 2523 3256 2577 pompa:
3282 2510 3451 2580 gratia
3477 2521 3765 2582 apparata,

2167 2603 2286 2660 qua:
2313 2591 2584 2646 nobiscum
2614 2593 2857 2649 ducimus
2896 2607 2950 2651 et
2976 2597 3420 2655 circumierimus.
3445 2600 3645 2658 Verum
3665 2604 3767 2674 ju-

2167 2689 2281 2734 stus
2310 2681 2400 2735 ille
2441 2695 2547 2736 non
2580 2682 2658 2737 sic
2686 2683 2825 2752 egit;
2851 2685 2946 2740 sed
2971 2686 3096 2756 quia
3123 2687 3381 2744 Dominus
3400 2688 3648 2762 dignatus
3674 2704 3766 2749 est

2167 2786 2286 2826 cum
2317 2772 2435 2842 ipso
2462 2773 2785 2844 colloquium
2814 2775 3041 2844 habere,
3072 2779 3248 2834 locum
3272 2786 3640 2852 consecravit,
3674 2787 3762 2840 al-

2169 2869 2284 2916 tare
2318 2864 2614 2926 exstruxit,
2639 2879 2706 2920 ac
2748 2881 2936 2936 magna
2969 2866 3222 2923 facilitate
3248 2870 3356 2925 alio
3401 2872 3670 2942 migravit.
3698 2877 3758 2930 8.

2168 2947 2236 3003 Et
2256 2953 2413 3005 erexit
2437 2953 2543 3006 illic
2568 2954 2944 3008 tabernaculum
2967 2973 3116 3010 suum
3140 2959 3192 3011 in
3229 2957 3407 3016 Bethel
3432 2963 3588 3033 juxta
3616 2981 3764 3019 mare

2166 3051 2213 3095 et
2243 3042 2414 3114 Aggaz,
2433 3060 2602 3098 uersus
2629 3043 2902 3100 Orientem.
2937 3047 3002 3103 Et
3027 3049 3322 3118 aedificat-it,
3356 3052 3544 3122 inquit,
3572 3055 3644 3109 ibi
3678 3058 3764 3110 ol-

2167 3143 2275 3187 tare
2301 3133 2540 3199 Domino,
2571 3148 2616 3189 et
2643 3135 2888 3191 iitroth
2912 3140 2966 3194 in
2985 3141 3186 3195 nomine
3214 3139 3441 3198 Domini.
3468 3129 3598 3201 Vide
3620 3163 3761 3216 quo.

2168 3223 2329 3276 modo
2357 3239 2449 3291 per
2473 3225 2650 3278 omnia
2681 3225 2982 3296 religiosam
3009 3241 3241 3285 mentem
3269 3247 3376 3300 pne
3409 3248 3470 3288 se
3499 3235 3621 3290 fert.
3647 3235 3764 3295 Illic

2167 3312 2307 3365 enim
2347 3313 2418 3366 ob
2461 3314 2866 3380 promissionem
2908 3316 3009 3371 sibi
3049 3333 3079 3370 a
3121 3319 3232 3374 Deo
3273 3320 3464 3376 factam
3492 3339 3761 3383 mntex-

2166 3403 2394 3467 struxit,
2421 3410 2476 3456 et
2502 3403 2621 3458 luco
2647 3414 2958 3460 consecrato
2981 3406 3228 3464 discessit
3256 3427 3270 3464 :
3297 3411 3385 3466 ltic
3409 3421 3588 3468 autem
3629 3419 3760 3487 quia

2168 3495 2570 3551 tabernaculum
2626 3498 2853 3563 ﬁxerat,
2904 3497 3095 3554 iterum
3143 3499 3480 3572 didiﬁcooit,
3549 3507 3759 3578 inquit,

2163 3585 2325 3637 altare
2396 3586 2612 3640 Domino
2633 3628 2650 3653 ,
2721 3598 2770 3642 et
2840 3591 3087 3644 inuocauit
3154 3592 3210 3646 in
3269 3597 3469 3648 nomine
3524 3596 3758 3654 Domini.

2167 3673 2352 3728 Vidisti
2400 3687 2630 3731 tuentem
2679 3677 2817 3732 bene
2849 3678 3178 3746 institutam,
3208 3690 3262 3736 et
3305 3686 3578 3752 sapienti-.u
3606 3687 3759 3743 dedi-

2166 3773 2270 3817 tam
2286 3765 2309 3816 7
2335 3766 2506 3819 vidisti
2529 3767 2793 3834 quomodo
2809 3769 2950 3838 quod
2968 3770 3210 3826 scribens
3229 3772 3505 3829 admonuit
3522 3778 3759 3834 admira-

2164 3857 2282 3912 bilis
2303 3858 2447 3912 orbis
2476 3858 2661 3914 doctor
2685 3859 2870 3915 beatus
2893 3862 3104 3922 Paulus.
3127 3863 3312 3918 dicens
3345 3883 3358 3917 :
3397 3865 3461 3918 In
3488 3871 3627 3920 omni
3645 3872 3759 3925 loco

2165 3953 2381 4004 levantes
2393 3962 2593 4004 sanctas
2609 3969 2786 4006 manus
2810 3954 2855 4023 (l
2869 3995 2881 4006 .
2905 3953 3032 4006 Tim.
3054 3955 3107 4008 ἓ.
3124 3954 3179 4026 8)
3197 3972 3209 4006 :
3227 3957 3276 4009 id
3295 3960 3594 4026 patriarcha
3610 3965 3757 4028 prius

2165 4057 2324 4110 opere
2344 4044 2645 4111 complevit,
2662 4045 2712 4097 in
2731 4045 2950 4113 singulis
2968 4047 3097 4100 locis
3116 4047 3303 4102 altaria
3323 4052 3554 4120 erigens,
3578 4065 3631 4107 et
3653 4056 3740 4109 Do

2166 4136 2310 4187 mino
2328 4137 2525 4204 gratias
2543 4137 2744 4206 agens?
2772 4138 2986 4193 Sciebat
3012 4141 3175 4205 enim,
3205 4145 3405 4198 sciebat
3437 4149 3752 4214 ~manili-ste,

2167 4224 2294 4277 nihil
2313 4225 2451 4278 aliud
2474 4228 2742 4295 requirere
2758 4228 2825 4281 ab
2843 4228 3074 4282 humano
3089 4247 3283 4300 genere
3303 4235 3466 4289 Deum
3491 4238 3753 4306 universi,

2164 4326 2284 4384 post
2312 4319 2584 4373 innumera
2613 4328 2669 4374 et
2697 4318 2983 4375 inetiabilia
3006 4321 3259 4377 beneﬁcia
3283 4339 3377 4380 sua
3399 4369 3412 4390 ,
3446 4345 3608 4397 quam
3631 4333 3755 4387 ani-

2164 4422 2307 4460 mum
2333 4410 2619 4474 gratiarum
2645 4412 2839 4465 actioni
2865 4410 3192 4482 studentem,
3221 4425 3274 4468 et
3297 4428 3512 4486 accepta
3543 4420 3750 4477 beneﬁ-

2162 4499 2241 4550 cia
2263 4499 2622 4554 conﬁtentem.
2656 4503 2917 4557 Cancrum
2949 4502 3242 4565 videamus.
3261 4512 3530 4575 quomodo
3551 4522 3604 4566 et
3627 4513 3754 4572 hinc

2160 4587 2333 4653 justus
2362 4589 2571 4656 migrat.
2601 4590 2651 4644 9.
2681 4590 2744 4644 Et
2770 4592 3017 4656 discessit,
3067 4596 3253 4663 inquit,
3280 4597 3489 4665 Abram,
3513 4614 3558 4654 et
3579 4612 3753 4672 profe-

2163 4688 2271 4730 ctus
2303 4688 2688 4733 castrametatus
2729 4691 2799 4734 est
2831 4682 2881 4734 in
2911 4684 3194 4737 solitudine.
3236 4685 3365 4741 \‘ide
3395 4690 3586 4745 iterum
3619 4698 3746 4749 reti.

2147 4768 2362 4850 .giosam
2394 4770 2511 4836 ejus
2531 4780 2763 4825 mentem
2790 4781 2840 4824 ct
2876 4773 3149 4841 sapientia:
3177 4777 3490 4833 studiosam.
3526 4782 3744 4852 lterum,

2117 4854 2333 4926 "inquit
2356 4901 2370 4924 ,
2409 4860 2680 4926 discessit,
2728 4860 3220 4933 Castrametatusque
3252 4879 3324 4922 est
3351 4867 3403 4922 in
3449 4871 3744 4930 solitudine.

2161 4949 2336 5017 Quare
2361 4950 2506 5006 illinc
2543 4950 3015 5008 discessitiForte
3058 4953 3271 5010 videbat
3309 4959 3630 5026 quibusdam
3659 4964 3744 5018 in-

2161 5043 2296 5097 colis
2323 5059 2427 5097 non
2458 5042 2669 5112 placere
2697 5059 2849 5098 sutmt
2879 5045 3164 5101 adventum
3195 5065 3209 5101 :
3242 5050 3464 5116 proinde
3490 5055 3743 5110 eximiam

2159 5147 2310 5187 suam
2355 5135 2812 5190 mansuetudinem
2852 5135 3163 5200 declarans,
3194 5148 3248 5194 et
3283 5141 3556 5209 quomodo
3595 5155 3743 5200 tran-

2158 5225 2470 5295 quillitatem
2500 5228 2674 5297 magni
2701 5230 2915 5294 iaceret,
2943 5243 3006 5285 ac
3033 5247 3100 5286 ne
3137 5241 3258 5285 cum
3287 5234 3395 5287 ullo
3413 5235 3617 5306 aliquid
3646 5239 3737 5294 Ita-

2162 5317 2311 5373 boret
2333 5319 2558 5387 negotii,
2591 5319 2642 5372 itt
2673 5319 3010 5375 solitudinem
3039 5337 3100 5374 se
3132 5322 3400 5377 lramfcrl.
3429 5323 3702 5395 Profectus
3726 5373 3738 5393 ,

2159 5407 2360 5478 inquit,
2388 5418 2767 5462 castrametatus
2794 5419 2866 5463 est
2890 5409 2941 5463 in
2974 5410 3262 5466 solitudine.
3288 5414 3476 5468 Aliena
3506 5419 3738 5476 dictione

2160 5517 2252 5555 usa
2273 5510 2356 5555 est
2374 5501 2552 5555 divina
2579 5501 2875 5571 Scriptura.
2895 5500 3024 5556 Nam
3040 5504 3489 5573 quernadnmdum
3508 5511 3560 5563 iu
3589 5512 3738 5566 bellis

2156 5595 2392 5647 solemus
2415 5591 2612 5658 dicere,
2641 5593 2711 5646 ita
2735 5592 2880 5648 etde
2899 5592 3050 5662 justo
3079 5591 3164 5648 hic
3191 5594 3338 5661 dicit,
3361 5598 3506 5666 quod
3532 5611 3732 5655 matra-

2156 5696 2384 5743 metatus
2435 5685 2536 5750 sit,
2585 5694 2640 5742 ut
2679 5684 2923 5742 ostendat
2957 5686 3261 5757 expeditum
3300 5687 3466 5749 fuisse
3511 5694 3734 5762 patriar-
