4054 6324
219 423 313 482 297

216 535 386 600 cltum,
413 533 553 588 sicut
574 531 773 586 milites
799 526 888 596 qui
934 524 1087 581 facile
1136 537 1279 579 nunc
1318 523 1422 576 huc
1443 560 1461 589 ,
1488 534 1630 575 nunc
1673 519 1801 574 illuc

217 634 385 679 castra
415 632 633 678 movent
662 639 676 675 :
710 621 780 673 ita
808 628 862 674 et
883 617 1059 688 justus
1082 615 1194 681 ille,
1225 613 1468 683 quamvis
1494 624 1676 667 secum
1702 609 1804 664 du-

216 722 354 768 ceret
383 727 628 775 uxorem,
657 718 713 766 et
741 707 918 763 fratris
943 706 1135 770 illium,
1161 713 1216 758 et
1247 712 1449 757 tantum
1476 701 1799 755 domestico-

219 821 327 858 rum
353 814 636 858 numerum
665 818 681 866 ;
708 799 897 869 majori
926 807 1100 851 tamen
1130 795 1382 850 facilitate
1407 795 1635 862 migrare
1662 791 1804 844 sole-

218 896 317 949 bat.
349 892 539 949 Vidisti
569 891 825 960 frugalem
843 900 900 944 et
918 887 1220 957 expeditam
1245 885 1390 939 senis
1415 899 1536 937 cum
1563 896 1728 936 uxore
1747 890 1802 936 ct

217 995 288 1038 tot
314 988 488 1040 servis
515 982 717 1038 vitam?
739 982 861 1037 Mihi
891 995 1021 1034 vero
1045 977 1340 1032 mirabilior
1379 975 1588 1028 videtur
1614 974 1802 1027 mulie-

216 1079 284 1130 ris
311 1075 586 1131 fortitudo.
616 1077 748 1130 Cum
784 1075 923 1128 enim
954 1071 1131 1140 cogito
1159 1068 1432 1123 muliebris
1464 1081 1624 1121 sexus
1648 1065 1798 1120 inﬁr-

214 1170 475 1231 mitatem,
504 1176 554 1220 et
585 1163 950 1219 animadverto
974 1147 1241 1230 quomodo
1262 1166 1369 1211 tam
1392 1155 1544 1210 facile
1568 1165 1623 1209 et
1657 1164 1801 1209 tanta

216 1259 490 1312 alacritate
516 1272 638 1311 cum
655 1256 799 1325 justo
826 1267 1047 1323 peregre
1074 1249 1236 1312 vadit,
1254 1257 1308 1305 et
1335 1247 1560 1302 subinde
1584 1245 1799 1315 migrat,

218 1365 384 1419 neque
416 1350 528 1418 ipsa
569 1347 792 1402 moleste
821 1345 958 1410 fert,
989 1357 1163 1411 neque
1186 1341 1334 1410 justo
1363 1339 1800 1408 impedimentqu

217 1436 378 1502 affert,
408 1439 748 1508 obstupesco,
777 1443 831 1489 et
855 1448 1052 1489 censeo
1078 1447 1183 1485 non
1205 1430 1396 1484 minori
1421 1445 1578 1499 quam
1603 1429 1800 1482 Abram

215 1531 391 1584 animo
426 1538 481 1584 et
515 1527 828 1584 fortitudine
856 1526 1024 1594 ipsam
1069 1537 1281 1593 quoque
1307 1520 1582 1590 praeditam
1614 1517 1797 1573 fuisse.

220 1621 277 1674 Et
305 1618 410 1673 hoc
452 1619 688 1673 maxime
716 1617 946 1671 sciemus
970 1655 985 1680 ,
1015 1628 1136 1668 cum
1167 1627 1230 1666 ea
1257 1627 1377 1681 qua:
1414 1618 1804 1678 consequenter

219 1711 346 1764 lecta
394 1717 520 1764 sunt
548 1706 1069 1778 pertractaverimus.
1106 1701 1292 1756 Vidisti
1331 1711 1610 1770 postquam
1647 1699 1802 1752 audi-

220 1803 309 1868 vit,
336 1802 531 1856 Semini
567 1811 652 1853 tuo
677 1800 808 1852 dabo
830 1808 1018 1852 terram
1044 1796 1195 1860 hanc,
1218 1793 1490 1863 quomodo
1513 1806 1619 1846 non
1649 1791 1802 1862 quie-

219 1897 348 1950 verit
367 1896 544 1965 justus
585 1893 694 1956 ille,
724 1901 779 1946 et
808 1904 950 1944 nunc
978 1889 1080 1942 huc
1102 1928 1118 1952 ,
1151 1901 1293 1941 nunc
1323 1886 1449 1939 illnc
1488 1882 1803 1937 transierit?

220 1988 318 2044 Sed
347 1988 470 2042 vide
502 1984 771 2056 quomodo
799 1985 988 2039 iterum
1015 1995 1046 2035 a
1087 1979 1372 2035 solitudine
1398 1979 1662 2048 exigitur,
1695 1993 1799 2030 non

221 2081 284 2134 ab
310 2077 631 2139 hominibus,
661 2075 754 2130 sed
778 2074 1092 2128 necessitate
1113 2071 1301 2124 famis:
1331 2069 1419 2124 10.
1446 2065 1513 2121 Et
1542 2070 1678 2138 facta
1705 2078 1797 2130 est,

222 2170 404 2240 inquit,
432 2173 594 2238 fames
620 2182 772 2236 super
796 2175 1001 2218 terram.
1033 2161 1268 2217 Audiant
1292 2161 1380 2230 qui
1410 2169 1612 2213 temere
1640 2167 1694 2212 et
1719 2158 1798 2211 in-

221 2244 706 2328 cautevloquuntur,
739 2264 794 2311 et
822 2255 1080 2317 divinant,
1101 2251 1340 2305 dicentes
1373 2267 1385 2302 :
1417 2247 1803 2321 Quoniamjllc

225 2352 339 2404 talis
367 2349 626 2413 advenit,
665 2347 833 2401 fames
869 2345 1129 2404 invaluit;
1161 2340 1413 2411 quoniam
1462 2339 1552 2393 ille
1593 2337 1762 2392 adfuit
1785 2378 1802 2400 ,

223 2443 333 2496 haec
364 2442 718 2510 contigerunt.
752 2438 890 2492 Ecce
918 2434 1155 2492 etiamin
1193 2434 1422 2489 adventu
1446 2432 1579 2505 justi
1610 2429 1801 2495 fames,

222 2543 274 2587 et
297 2532 462 2586 fames
485 2529 675 2592 valida,
700 2539 756 2584 et
779 2543 884 2583 non
916 2527 1159 2581 turbatur
1176 2525 1374 2595 justus,
1401 2537 1575 2592 neque
1603 2521 1800 2591 aliquid

223 2622 506 2676 humanum
542 2621 774 2690 patitur,
804 2631 977 2689 neque
1011 2631 1107 2671 suo
1137 2615 1386 2671 adventui
1432 2613 1617 2668 tribuit
1649 2611 1805 2667 famis

221 2727 453 2768 causam.
479 2712 584 2768 Sed
610 2712 735 2782 quia
762 2710 894 2765 vidit
920 2717 1165 2762 naturam
1194 2707 1454 2761 coarctari
1478 2747 1494 2772 ,
1521 2715 1577 2760 et
1603 2705 1804 2758 invale-

226 2819 370 2858 sccre
393 2790 630 2856 famem:
662 2801 951 2865 Descendit,
976 2799 1166 2868 inquit,
1193 2798 1246 2851 in
1275 2795 1564 2868 .Egyptum
1592 2794 1799 2859 Abram,

224 2905 275 2948 ut
297 2896 540 2948 habitaret
562 2894 687 2958 illic,
715 2894 834 2962 quia
859 2890 1071 2944 invaluit
1097 2893 1257 2960 fames
1283 2903 1436 2956 super
1454 2896 1659 2939 terram.

288 2989 340 3042 4.
383 2986 611 3041 Attende
656 2983 926 3054 quomodo
969 2981 1208 3050 longiora
1253 2979 1384 3032 fiunt
1427 2978 1573 3047 justo
1608 2975 1798 3031 stadia.

223 3075 352 3131 Illud
381 3077 524 3131 enim
550 3073 861 3144 providebat
889 3072 1165 3135 Dominus,
1191 3077 1247 3123 ut
1286 3084 1391 3123 non
1425 3068 1596 3122 solum
1637 3066 1806 3120 Palat-

221 3169 410 3221 stinam
454 3163 807 3219 incolentibus
835 3169 980 3216 esset
1021 3159 1228 3223 doctor,
1270 3158 1364 3212 sed
1410 3166 1465 3211 et
1504 3157 1570 3210 iis
1611 3156 1700 3225 qui
1751 3155 1803 3209 in

221 3256 452 3328 Egypto
475 3263 628 3310 erant
646 3295 662 3319 ,
691 3262 743 3308 et
775 3253 983 3307 virtutis
1012 3254 1128 3319 ejus
1156 3247 1411 3317 splendor
1437 3245 1685 3301 omnibus
1712 3261 1805 3313 pa-

223 3360 373 3406 teret.
403 3349 566 3417 Quasi
605 3347 746 3402 enim
775 3346 1035 3399 luminare
1080 3341 1346 3412 quoddam
1375 3339 1546 3419 latens
1588 3347 1641 3392 et
1679 3339 1804 3392 abs-

219 3441 488 3496 conditum
536 3441 588 3492 in
628 3435 1000 3490 Chaldaeorum
1030 3442 1208 3498 terra,
1240 3430 1386 3484 illinc
1425 3429 1700 3492 evocavit,
1746 3437 1802 3481 ut

219 3548 309 3588 eos
344 3534 435 3601 qui
487 3533 539 3585 in
579 3529 811 3585 tenebris
845 3541 1084 3582 errorum
1129 3523 1422 3588 sedebant,
1453 3522 1519 3576 ad
1561 3521 1806 3576 veritatis

221 3627 354 3679 viam
381 3624 762 3678 introduceret.
791 3619 898 3674 Sed
928 3617 1066 3672 forte
1102 3616 1245 3670 dicet
1272 3614 1464 3684 aliquis
1493 3631 1508 3667 :
1539 3613 1604 3667 Et
1640 3627 1805 3682 quare

220 3731 323 3768 non
351 3714 531 3783 potius
569 3719 626 3764 ut
661 3711 718 3774 ii,
742 3709 832 3779 qui
860 3710 914 3762 in
937 3706 1184 3760 Chaldaea
1215 3713 1390 3768 erant,
1418 3702 1486 3757 ad
1516 3717 1696 3756 veram
1717 3716 1805 3755 re-

223 3807 468 3876 ligionem
497 3805 760 3866 venirent,
789 3816 885 3870 per
911 3800 1082 3868 ipsum
1113 3796 1329 3852 eﬂ'ecit?
1358 3793 1657 3849 Verisimile
1685 3793 1806 3861 qui-

219 3899 337 3953 dem
381 3907 496 3960 est,
528 3897 738 3950 illorum
778 3893 1000 3947 salutem
1036 3905 1128 3958 per
1155 3889 1380 3942 aliorum
1420 3884 1807 3955 providentiam

220 4001 560 4062 procuratum
584 3989 780 4042 fuisse:
809 3995 1042 4038 attamen
1064 3981 1186 4035 audi
1212 3979 1482 4034 Christum
1503 3977 1769 4031 dicentem
1791 3992 1805 4029 :

226 4084 340 4137 Non
371 4093 442 4137 est
469 4082 715 4154 prOpIteta
731 4079 839 4130 sine
858 4078 1064 4138 honore,
1085 4074 1178 4127 nisi
1198 4074 1252 4125 in
1280 4069 1444 4140 patria
1469 4087 1563 4123 sua
1587 4068 1803 4138 (Matth.

224 4176 306 4228 13.
334 4174 448 4243 57).
482 4171 553 4227 llt
573 4170 731 4238 igitur
759 4181 919 4237 opere
941 4165 1185 4234 impleret
1211 4161 1615 4248 promissionem
1647 4174 1804 4228 quam

223 4265 292 4318 illi
321 4263 546 4325 fecerat,
568 4259 784 4314 dicens:
814 4255 878 4309 Et
906 4252 1240 4324 magniﬁcabo
1265 4267 1446 4304 nomen
1472 4259 1611 4302 tuum
1641 4265 1661 4302 :
1690 4265 1811 4318 pro-

222 4364 398 4423 pterea
423 4361 482 4407 et
508 4351 703 4405 famem
726 4345 856 4402 oriri
882 4344 1159 4414 permittit,
1176 4349 1232 4396 et
1256 4350 1474 4411 cogente
1495 4341 1813 4393 necessitate

223 4447 272 4501 in
312 4444 609 4515 Egyptum
657 4454 779 4495 eum
819 4439 896 4491 ire
924 4433 1229 4504 compellit,
1263 4440 1320 4486 ut
1344 4431 1609 4485 discerent
1644 4440 1696 4483 et
1728 4447 1812 4480 ιιι.

222 4537 349 4590 colze
376 4543 578 4604 quanta
606 4530 705 4584 viri
730 4530 900 4582 virtus
925 4534 1082 4581 esset.
1113 4524 1244 4578 Nam
1267 4522 1435 4576 fames
1455 4521 1604 4590 quasi
1636 4519 1808 4583 lictor,

221 4639 317 4680 ceu
342 4621 576 4678 vinculis
607 4619 835 4690 injectis,
868 4619 936 4671 ita
959 4617 1010 4669 vi
1037 4630 1068 4668 e
1086 4613 1302 4669 deserto
1323 4613 1373 4665 in
1398 4611 1689 4682 Egyptum
1718 4625 1812 4664 eos

223 4715 499 4768 abstraxit.
530 4709 635 4765 Sed
680 4708 954 4762 videamus
991 4719 1110 4774 quae
1158 4702 1284 4757 hinc
1330 4711 1640 4770 sequantur,
1669 4709 1720 4752 et
1759 4700 1809 4751 in

223 4815 448 4876 quantas
495 4801 838 4857 difﬁcultates
862 4798 1036 4865 justus
1064 4794 1308 4849 inciderit
1337 4807 1351 4842 :
1386 4800 1523 4846 utet
1561 4793 1677 4858 ejus
1705 4791 1812 4843 for-

225 4897 504 4953 titudinem
549 4893 850 4952 discamus,
879 4897 934 4941 et
981 4887 1162 4940 uxoris
1200 4884 1342 4937 illius
1381 4883 1656 4949 sapientius
1697 4891 1810 4934 stu-

223 4989 427 5042 diosam
460 4991 721 5038 mentem.
751 4979 1036 5046 Postquam
1078 4976 1236 5044 igitur
1266 4973 1431 5027 multo
1461 4972 1652 5025 itinere
1684 4986 1809 5040 pro-

224 5083 520 5137 cesserant,
552 5082 608 5127 et
634 5069 871 5140 proxime
895 5065 1184 5136 Egyptian
1209 5072 1381 5122 erant.
1409 5062 1583 5132 justus
1607 5076 1807 5130 angore

227 5167 416 5220 mentis
442 5163 676 5218 afflictus
707 5167 810 5232 est,
835 5166 919 5222 et,
951 5165 1007 5209 ut
1033 5157 1101 5208 ita
1144 5154 1340 5216 dicam,
1365 5153 1431 5206 de
1457 5153 1563 5206 vita
1603 5168 1697 5206 sua
1737 5153 1808 5206 ti-

228 5274 374 5314 mens
403 5265 461 5312 et
482 5265 722 5309 tremens
743 5251 1030 5317 alloquitur
1047 5260 1267 5299 uxorem
1293 5260 1464 5295 suam.
1487 5245 1572 5296 ll.
1599 5242 1814 5296 Factum

228 5363 330 5416 est,
362 5351 539 5419 inquit
561 5388 578 5409 ,
601 5343 803 5415 quando
831 5341 1016 5395 Abram
1044 5335 1499 5406 appmpinqnabat,
1528 5345 1581 5387 ut
1611 5335 1819 5386 intraret

229 5443 278 5496 in
310 5441 623 5512 .Egyptum,
651 5435 780 5488 dixit
829 5432 975 5485 Sara:
1013 5428 1160 5483 uxori
1189 5442 1295 5480 sita:
1324 5442 1341 5478 :
1367 5423 1488 5479 Scio
1537 5424 1672 5492 quod
1713 5425 1823 5484 for.

230 5549 365 5586 mosa
390 5532 459 5584 sis
481 5527 684 5580 mulier.
718 5524 806 5578 12.
831 5520 1082 5574 Futurum
1110 5518 1275 5584 itaque
1299 5525 1370 5568 est
1398 5524 1450 5567 ut
1472 5529 1586 5567 cum
1608 5523 1654 5566 te
1680 5514 1822 5565 vide-

229 5587 324 5676 r/iat
355 5619 620 5692 ﬂgyptii,
657 5616 824 5668 dicant
853 5630 872 5666 :
903 5610 1011 5664 Ista
1050 5619 1123 5662 est
1164 5623 1292 5667 uxor
1325 5607 1474 5677 ejus;
1509 5615 1556 5658 et
1596 5605 1825 5658 occident

234 5729 325 5777 me,
353 5723 402 5764 te
424 5719 599 5762 autem
619 5705 904 5759 servabunt.
932 5701 1019 5756 13.
1052 5699 1148 5752 Dic
1170 5698 1343 5767 igitur,
1369 5695 1531 5749 Soror
1554 5697 1665 5763 ejus
1688 5711 1818 5760 sunt,

235 5811 284 5855 It
312 5802 434 5854 mihi
458 5807 673 5871 propter
708 5804 754 5848 te
781 5793 900 5847 bene
924 5792 1006 5856 sit,
1031 5798 1076 5843 et
1113 5789 1236 5840 uiuet
1276 5787 1444 5838 anima
1486 5803 1596 5838 mea
1623 5795 1828 5856 propter

1241 409 1306 465 IN
1343 406 1496 464 CAP.
1543 401 1660 463 XII.
1699 400 1942 463 GENES.
1986 403 2212 463 HOMIL.
2256 402 2470 462 XXX".

3388 404 3496 464 998

1908 527 1978 574 te.
2006 517 2194 572 Vidisti
2219 535 2284 574 ex
2315 519 2516 582 verbis,
2561 519 2613 571 in
2640 527 2838 587 quanto
2867 531 3066 588 angore
3099 526 3154 572 et
3196 528 3337 572 metu
3365 534 3497 576 eou-

1906 610 2120 664 stitutus
2162 609 2319 663 fuerit
2355 608 2572 677 justus:
2605 625 2780 680 neque
2820 618 2994 664 tamen
3043 611 3355 666 tnrbabatur
3379 614 3498 667 ani-

1908 714 1998 753 mo
2021 739 2036 764 ,
2066 714 2238 768 neque
2262 700 2499 768 cogitans
2530 701 2666 752 intra
2694 713 2775 764 se,
2805 700 3014 753 diccbat
3043 718 3056 752 :
3084 701 3220 766 Quid
3251 700 3351 755 hoc
3373 711 3457 756 est
3477 703 3502 755 2

1912 805 2036 844 num
2071 790 2306 846 derelicti
2349 789 2576 845 sumus?
2597 807 2724 845 num
2750 791 2957 861 decepti
2997 794 3223 847 sumus?
3247 810 3371 847 num
3404 811 3502 847 nos

1915 879 2240 948 providentia
2269 895 2362 933 sua
2386 881 2624 934 destituit
2651 881 2941 935 Dominus?
2967 898 3090 935 num
3119 883 3206 937 ille
3232 886 3320 952 qui
3345 883 3500 939 dixit:

1909 966 2250 1037 Magniﬁcabo
2290 978 2365 1032 te,
2400 978 2447 1022 et
2470 970 2648 1022 semini
2678 980 2764 1022 tuo
2807 970 2937 1024 dabo
2981 982 3166 1025 terram
3204 975 3336 1026 hanc
3358 992 3376 1026 .'
3405 990 3502 1027 nos

1908 1058 1978 1112 ita
2002 1059 2262 1127 relinquit
2277 1074 2416 1113 nunc
2444 1069 2500 1114 ut
2525 1061 2590 1114 de
2611 1061 2866 1115 extremis
2891 1063 3194 1129 timeamus,
3227 1074 3281 1118 ct
3308 1065 3360 1118 in
3388 1081 3504 1119 Ina-

1907 1146 2156 1202 nifestum
2206 1146 2499 1204 incidamus
2545 1152 2878 1220 periculum?
2919 1153 3057 1206 Nihil
3101 1154 3286 1209 horum
3328 1157 3411 1211 vel
3449 1150 3507 1210 in

1907 1249 2142 1293 mentem
2183 1239 2568 1294 admittendum
2598 1243 2922 1297 existimavit
2957 1244 3130 1311 justus
3157 1287 3170 1307 ,
3203 1246 3295 1300 scd
3336 1263 3499 1300 unum

1907 1329 2010 1384 hoc
2050 1333 2302 1396 curabat,
2331 1333 2600 1401 quomodo
2642 1344 2756 1387 arte
2795 1335 2967 1404 aliqua
2997 1340 3289 1406 excogitata
3325 1350 3504 1407 posset

1905 1421 2061 1475 famis
2082 1421 2376 1476 remedium
2415 1438 2478 1476 ac
2501 1425 2920 1480 consolationem
2952 1429 3212 1493 invenire,
3245 1439 3299 1483 ct
3327 1429 3500 1501 Egy-

1907 1511 2137 1580 ptiorum
2171 1527 2359 1565 manus
2387 1513 2641 1584 effugere.
2672 1515 2795 1569 Scio
2816 1558 2831 1581 ,
2867 1518 3068 1587 inquit,
3099 1521 3236 1590 quod
3279 1522 3503 1590 formosa

1906 1601 2087 1654 mulier
2113 1602 2202 1655 sis.
2233 1602 2365 1656 Vide
2389 1614 2586 1672 quanta
2616 1607 2854 1660 mulieris
2874 1617 2990 1662 erat
3016 1609 3353 1663 formositas:
3378 1627 3500 1666 nam

1906 1700 2104 1746 etcum
2133 1694 2182 1747 in
2213 1704 2482 1749 senectam
2505 1697 2614 1764 jam
2645 1707 2920 1767 vergeret,
2953 1708 3007 1754 et
3043 1710 3162 1768 post
3204 1711 3282 1756 tot
3327 1699 3500 1758 auin-

1907 1796 2023 1834 rum
2055 1798 2331 1837 numerum
2354 1825 2368 1849 ,
2397 1785 2570 1840 adhuc
2590 1787 2670 1840 vis
2694 1788 3102 1856 pulchritudinis
3124 1791 3175 1844 in
3203 1791 3338 1847 facie
3367 1794 3504 1847 emi-

1907 1873 2081 1938 cabat,
2109 1876 2268 1928 etiam
2296 1886 2414 1945 post
2445 1887 2523 1930 tot
2552 1879 2759 1933 labores
2788 1891 2842 1934 et
2865 1896 3152 1948 aarumnas,
3173 1899 3304 1953 quas
3332 1886 3382 1939 in
3417 1886 3504 1940 via

1907 1962 1976 2016 de
2009 1964 2138 2019 locis
2174 1967 2227 2020 in
2258 1967 2370 2021 loca
2411 1971 2736 2025 transeundo
2764 1983 2985 2041 experta
3011 1984 3094 2028 est
3118 2015 3132 2040 ,
3163 1990 3192 2028 a
3220 1976 3506 2032 Chaldaic-

1910 2069 2029 2109 rum
2061 2071 2253 2127 nempe
2279 2061 2494 2128 regione
2522 2061 2574 2114 in
2599 2062 2860 2127 Cbarran,
2879 2073 2933 2118 et
2958 2078 2987 2117 a
3016 2064 3258 2120 Cbarran
3290 2068 3342 2121 in
3367 2067 3507 2122 Cha~

1911 2158 2067 2210 naau,
2097 2157 2150 2200 et
2179 2162 2365 2201 rursus
2387 2149 2436 2201 in
2463 2148 2761 2205 Chananzea
2791 2152 2896 2207 huc
2918 2163 3079 2223 atque
3106 2155 3252 2223 illuc,
3281 2165 3336 2212 et
3364 2173 3509 2214 nunc

1911 2233 2101 2289 iterum
2134 2236 2186 2289 in
2213 2235 2526 2310 Egyptum.
2559 2239 2725 2307 Quem
2755 2258 2860 2296 non
2896 2242 3110 2299 fortium
3141 2247 3377 2301 virorum
3411 2248 3509 2302 de-

1909 2323 2189 2394 fatigarent
2213 2336 2290 2382 tot
2308 2330 2574 2404 continua:
2601 2333 3056 2401 peregrinationes
3080 2335 3107 2388 τ
3133 2334 3330 2390 Verum
3356 2352 3507 2406 egre-

1911 2413 1993 2482 gia
2036 2414 2149 2469 lucc
2189 2418 2380 2472 mulier
2417 2420 2577 2473 etiam
2621 2433 2742 2490 post
2784 2432 2862 2477 tot
2897 2426 3195 2480 exantlatas
3243 2442 3512 2484 aerumnas

1912 2504 2175 2560 luculenta
2216 2507 2386 2562 adhuc
2421 2519 2535 2563 erat
2567 2509 2718 2575 facie,
2745 2512 2887 2568 unde
2912 2523 2967 2568 et
2995 2516 3365 2571 vehementem
3397 2517 3510 2572 for—

1912 2594 2167 2650 midinem
2207 2597 2461 2653 afferebat
2492 2600 2641 2669 justo
2669 2620 2682 2655 :
2721 2601 2842 2658 ideo
2864 2613 2920 2659 et
2945 2605 3157 2660 dicebat
3185 2624 3200 2661 :
3230 2608 3352 2662 Seio
3374 2610 3511 2676 quod

1912 2686 2092 2738 mulier
2116 2690 2341 2755 formosa
2370 2690 2440 2744 sis
2470 2706 2490 2743 :
2515 2691 2747 2762 futurum
2772 2694 2940 2764 itaque
2965 2707 3037 2750 est
3062 2707 3113 2749 ut
3139 2715 3254 2752 cum
3282 2709 3330 2753 te
3370 2703 3510 2755 vide-

1910 2777 2012 2829 rint
2057 2775 2300 2848 .Egyptii
2317 2820 2333 2846 ,
2363 2780 2536 2834 dicunt
2555 2796 2575 2835 :
2602 2781 2713 2836 Ista
2743 2795 2818 2838 est
2853 2801 2982 2840 uxor
3021 2789 3134 2857 ejus
3159 2805 3180 2852 ;
3208 2799 3255 2843 et
3279 2791 3507 2845 occident

1911 2884 2009 2932 me,
2041 2877 2088 2922 te
2115 2878 2282 2922 autem
2305 2874 2590 2926 servabunt.
2633 2874 2950 2944 Considera,
2981 2891 3240 2949 quantum
3271 2884 3511 2939 confide-

1915 2958 2003 3012 bat
2029 2960 2268 3016 moribus
2294 2963 2552 3028 mulieris,
2578 2981 2687 3020 non
2710 2977 2954 3024 metuens
2973 2985 3041 3025 ne
3063 2972 3313 3028 laudibus
3336 2976 3507 3030 emol—

1911 3050 2131 3114 liretur,
2160 3055 2285 3122 quin
2308 3065 2363 3109 et
2392 3057 2494 3110 tale
2521 3057 2723 3114 inducit
2748 3062 3055 3130 consilium,
3081 3064 3267 3120 dicens
3298 3084 3312 3120 :
3345 3067 3411 3124 Ut
3439 3085 3509 3125 ne

1912 3155 1998 3196 me
2027 3142 2241 3211 quidem
2271 3145 2549 3210 occidant,
2581 3157 2634 3203 te
2671 3159 2849 3205 autem
2898 3165 3118 3208 servent
3151 3173 3164 3208 :
3198 3155 3292 3210 Dic
3318 3159 3508 3229 igitur,

1912 3231 2075 3286 Soror
2102 3235 2210 3303 ejus
2234 3252 2346 3288 sum
2369 3278 2385 3302 ,
2410 3247 2466 3290 ut
2493 3240 2618 3292 milii
2645 3239 2768 3294 bene
2803 3243 2904 3307 sit,
2927 3252 2975 3296 et
3010 3245 3136 3299 vivet
3177 3248 3348 3300 anima
3397 3266 3510 3303 mea

1912 3335 2118 3395 propter
2143 3337 2207 3380 te.
2223 3329 2486 3395 Quoniam
2516 3345 2624 3384 non
2651 3333 2867 3401 vulgare
2888 3344 3005 3389 erat
3023 3335 3164 3406 quod
3188 3337 3502 3406 imperabat,

1913 3428 2196 3488 propterea
2241 3421 2418 3475 verbis
2454 3438 2572 3489 quze
2613 3424 2882 3489 subdidit,
2913 3425 3128 3483 allicere
3168 3444 3285 3483 eam
3333 3441 3390 3485 et
3436 3432 3504 3486 ad

1912 3508 2330 3564 misericordiam
2375 3510 2615 3571 ﬂectere.
2645 3515 3074 3586 persuadereque
3099 3519 3147 3572 ei
3175 3519 3418 3585 volebat,
3447 3531 3508 3576 ut

1912 3610 2156 3669 prompte
2201 3600 2252 3654 in
2286 3601 2384 3654 hac
2419 3601 2594 3656 fabula
2621 3616 2800 3671 partes
2842 3621 2970 3660 suas
3014 3617 3215 3677 ageret.
3252 3609 3508 3666 Futurum

1911 3697 1982 3742 est
2011 3689 2178 3756 itaque
2200 3702 2255 3744 ut
2280 3707 2394 3744 cum
2420 3701 2468 3745 te
2499 3693 2713 3746 viderint
2749 3694 2988 3765 Egyptii
3006 3737 3023 3762 ,
3051 3699 3225 3753 dicant
3254 3717 3272 3754 :
3301 3699 3409 3755 Ista
3436 3713 3509 3757 est

1911 3797 2043 3835 uxor
2073 3783 2224 3851 ejus;
2271 3793 2318 3837 et
2360 3786 2587 3838 occident
2629 3802 2741 3848 me,
2775 3796 2824 3840 te
2862 3796 3030 3841 autem
3069 3790 3356 3846 servabunt.
3388 3792 3506 3848 Non

1911 3872 2066 3939 dixit,
2109 3872 2454 3929 Contumeliis
2493 3884 2546 3929 te
2581 3875 2863 3934 afficient:
2905 3893 3013 3934 non
3054 3881 3164 3935 vult
3197 3883 3340 3938 enim
3385 3900 3504 3939 eam

1913 3979 2058 4019 nunc
2082 3965 2260 4019 verbis
2290 3976 2527 4032 terrere,
2568 3968 2835 4038 pmcipue
2858 3983 2986 4024 vero
3025 3973 3298 4026 metuebat
3341 3988 3504 4044 super

1916 4054 2009 4109 Dei
2060 4055 2432 4124 promissione.
2480 4056 2768 4124 Propterea
2817 4058 2944 4112 dicit
2973 4078 2986 4113 :
3019 4058 3090 4112 Te
3122 4072 3290 4115 autem
3324 4079 3503 4118 sma-

1916 4147 2037 4200 bunt
2065 4165 2083 4200 :
2113 4148 2193 4200 die
2226 4149 2400 4218 igitur,
2425 4148 2586 4202 Soror
2612 4151 2721 4219 ejus
2742 4166 2872 4204 sum.
2901 4149 3082 4221 Cogita
3107 4192 3121 4216 ,
3144 4168 3328 4222 quaaso
3351 4194 3367 4219 ,
3397 4171 3505 4224 quo

1915 4246 2077 4299 fuisse
2099 4254 2208 4298 tum
2236 4245 2287 4298 in
2329 4255 2469 4299 statu
2510 4245 2641 4312 jnSti
2671 4255 2903 4300 mentem
2929 4247 3219 4302 verisimile
3247 4249 3350 4313 sit,
3378 4264 3504 4306 cun

1916 4337 2013 4390 ista
2041 4336 2191 4390 uvori
2221 4337 2544 4391 consuleret.
2571 4337 2729 4392 Scitis
2750 4339 2891 4392 enim
2914 4380 2928 4402 ,
2959 4339 3109 4392 scitis
3133 4339 3264 4393 nihil
3290 4342 3509 4411 gravius

1917 4427 2120 4479 maritis
2149 4441 2269 4480 esse
2289 4468 2304 4491 ,
2331 4443 2489 4495 quam
2524 4436 2583 4480 ut
2609 4429 2693 4482 vel
2738 4429 2788 4481 in
2832 4428 3094 4497 ejusmodi
3145 4431 3507 4500 suspicionem

1917 4533 2052 4571 uxor
2083 4518 2281 4571 veniat.
2313 4515 2689 4572 Verumtamen
2725 4519 2813 4574 hic
2849 4520 3025 4586 justus
3063 4531 3119 4574 et
3154 4523 3431 4577 contendit
3456 4534 3512 4578 et

1915 4624 2129 4663 omnem
2168 4609 2396 4678 lapidem
2445 4618 2659 4675 movet,
2688 4619 2748 4664 ut
2793 4611 3109 4667 adulterium
3147 4629 3312 4683 opere
3358 4631 3512 4670 com-

1919 4701 2147 4768 pleatur.
2171 4699 2288 4753 Noli
2313 4709 2487 4754 tamen
2507 4700 2708 4768 justum
2732 4701 2874 4757 hunc
2901 4713 3101 4758 temere
3123 4705 3506 4774 condemnare,

1919 4791 2260 4845 dilectissime
2286 4831 2300 4853 ,
2332 4789 2426 4844 sed
2449 4805 2514 4845 ex
2547 4791 2648 4845 hoc
2680 4793 2855 4860 potius
2884 4794 3104 4847 multam
3132 4794 3249 4864 ejus
3279 4796 3512 4865 pruden-

1920 4879 2046 4932 tiam
2075 4893 2137 4932 ac
2167 4879 2528 4934 fortitudinem
2553 4895 2854 4950 cognosce;
2879 4881 3243 4939 fortitudinem
3270 4886 3510 4955 quidem,

1920 4968 2061 5037 quod
2107 4970 2174 5021 ita
2219 4983 2480 5038 generose
2525 4971 2758 5024 motibus
2799 4971 3180 5041 cogitationum
3212 4976 3512 5041 restiterit,

1923 5072 2122 5126 eosque
2149 5059 2436 5126 superarit,
2465 5067 2521 5112 nt
2550 5060 2709 5113 etiam
2745 5061 2841 5114 ista
2869 5062 3193 5118 consuleret.
3229 5064 3340 5120 Hac
3366 5067 3511 5120 enim

1926 5162 1984 5201 re
2020 5146 2150 5200 nihil
2201 5162 2322 5202 esse
2365 5148 2747 5202 intolerabilius
2791 5151 2912 5204 audi
2960 5167 3023 5206 ex
3069 5153 3392 5219 Salomone,
3423 5158 3514 5226 qui

1925 5237 2097 5291 dicit:
2139 5236 2326 5291 Plenus
2373 5239 2505 5290 enim
2553 5240 2648 5291 zeli
2675 5243 2821 5309 furor
2863 5241 2958 5294 uiri
3001 5242 3112 5310 eius
3126 5261 3145 5308 ;
3192 5261 3295 5298 non
3343 5257 3516 5315 parcet

1927 5328 1980 5381 in
2015 5327 2096 5380 die
2140 5328 2330 5397 judicii
2351 5369 2365 5390 ,
2398 5343 2554 5396 neque
2591 5330 2916 5383 commutabit
2944 5332 3118 5386 odium
3156 5335 3328 5388 multis
3369 5335 3518 5390 donis

1927 5418 2123 5487 (Prov.
2153 5420 2205 5472 ϐ.
2238 5419 2328 5471 54.
2352 5417 2442 5490 55)
2476 5437 2487 5472 :
2518 5427 2574 5474 et
2602 5436 2808 5487 rursus,
2839 5421 3012 5479 Durus
3037 5434 3091 5478 ut
3116 5426 3349 5496 infernus
3378 5430 3519 5484 zelus

1931 5509 2101 5581 (Cant.
2130 5509 2185 5563 s.
2215 5506 2292 5575 6).

1999 5601 2053 5657 5.
2082 5599 2362 5670 Zelotypitz
2401 5600 2600 5654 insania
2628 5615 2836 5671 quanta.
2861 5635 2928 5645 -
2947 5605 3141 5660 Multos
3167 5615 3344 5662 autem
3372 5609 3521 5663 vide-

1934 5705 2053 5746 mus
2074 5692 2125 5743 in
2152 5699 2351 5744 tantam
2381 5689 2640 5744 insaniam
2669 5696 2978 5762 prorupisse
2997 5736 3012 5761 ,
3042 5705 3100 5750 ut
3143 5711 3241 5752 nec
3265 5699 3520 5753 uxoribus

1934 5784 2062 5854 ipsis
2085 5789 2387 5852 parcerent,
2414 5782 2507 5836 sed
2548 5792 2598 5836 et
2622 5782 2921 5840 adulterum
2951 5786 3124 5858 ipsum
3152 5802 3524 5858 saepenumero
