4054 6324
580 407 681 462 299

580 532 631 575 ct
658 517 971 583 semctipsos
995 516 1377 569 interimereut.
1405 510 1569 565 Tanta
1600 511 1674 564 rei
1707 510 1861 577 hujus
1889 520 1969 563 est
2000 510 2141 561 insa-

581 612 663 662 nia
685 649 699 669 ,
730 616 834 660 tam
867 607 1131 674 impotens
1152 610 1205 667 ot
1231 600 1481 655 indomita
1509 608 1592 654 est
1617 599 1895 671 zelotypia,
1924 607 1982 652 ut
2022 612 2142 650 eum

579 699 668 765 qui
700 696 860 751 semel
890 694 987 747 hac
1008 692 1312 761 :egritudine
1336 697 1612 757 curreptus
1637 690 1725 749 sit,
1752 688 1946 741 chiciat
1984 688 2141 739 etiam

580 786 843 853 propriam
869 785 1091 837 salutem
1122 790 1481 834 contemnere.
1513 780 1591 831 Ac
1617 776 1977 832 fortitudinem
2021 777 2140 845 qni-

576 879 697 934 dem
732 879 861 945 justi
908 878 1030 932 licet
1077 876 1197 929 inde
1240 888 1560 943 cognoscere
1587 891 1600 927 :
1631 874 1959 942 prudentiam
2011 887 2143 926 vero

577 984 683 1020 non
711 960 1029 1021 mediocrem
1056 983 1118 1017 ex
1147 982 1233 1030 eo,
1263 965 1402 1033 quod
1448 966 1500 1016 in
1550 974 1721 1019 tantas
1766 964 2007 1018 redactus
2048 978 2139 1015 au-

573 1060 774 1124 gustius
811 1069 863 1111 et
896 1065 1160 1124 tamquam
1190 1056 1387 1122 laqueis
1414 1055 1670 1116 irretitus,
1700 1055 2015 1131 hancpiam
2043 1068 2138 1121 po-

576 1147 734 1198 tuerit
759 1144 1084 1207 adiuvenire,
1113 1159 1216 1212 qua
1247 1145 1441 1195 malum
1476 1144 1891 1196 imminueretur.
1917 1139 2049 1195 Nam
2095 1141 2137 1194 si

572 1236 785 1301 quidem
807 1234 1023 1287 dixisset
1052 1248 1268 1287 uxorem
1290 1247 1349 1287 se
1376 1232 1516 1285 illius
1540 1248 1679 1297 esse,
1702 1245 1871 1302 neque
1914 1231 2138 1285 fabulam

576 1328 715 1380 illam
743 1327 954 1395 egisset,
981 1341 1047 1377 ac
1066 1326 1267 1379 sororis
1314 1340 1505 1377 nomen
1549 1331 1892 1390 usorpasset:
1920 1330 1975 1377 et
2026 1318 2145 1389 ipsa

568 1421 709 1486 justo
736 1427 919 1486 erepta
937 1426 1099 1478 esset,
1123 1431 1243 1470 cum
1270 1415 1385 1484 eius
1410 1415 1591 1468 forma:
1623 1412 1955 1483 pulchritudo
1982 1412 2139 1465 lasci-

570 1525 695 1564 vum
721 1506 1093 1577 Egyption
1117 1502 1351 1559 animum
1393 1505 1716 1573 pellexisset,
1745 1515 1795 1558 et
1833 1504 2139 1557 interfectus

567 1598 740 1666 justus
769 1598 972 1663 finisset,
1022 1606 1078 1651 ut
1121 1597 1336 1651 scelera:
1371 1603 1643 1649 accusator
1667 1609 1697 1649 e
1722 1593 1895 1649 medio
1923 1594 2135 1647 tollere-

572 1668 676 1742 ὧν.
704 1688 922 1753 Quando
951 1687 1103 1757 igitur
1132 1686 1213 1739 ιω
1254 1684 1371 1747 duit
1394 1684 1626 1739 molesto
1662 1698 1748 1739 res
1773 1683 1991 1737 omnino
2018 1698 2140 1751 pro-

569 1789 689 1848 pter
716 1779 984 1833 hominum
1015 1776 1226 1831 illorum
1268 1775 1725 1845 intemperantiam
1781 1777 2025 1843 regisque
2056 1784 2137 1843 ty-

569 1867 842 1927 rannidem
866 1875 1133 1922 eventura
1155 1872 1330 1929 erant,
1358 1872 1413 1918 ut
1458 1864 1510 1917 iu
1539 1864 1698 1918 tantis
1738 1861 2136 1918 difiicultatihus

566 1958 813 2027 exiguum
849 1956 1065 2024 aliquod
1105 1954 1352 2009 solatium
1396 1953 1628 2008 nancisci
1681 1960 1898 2023 possent
1949 1968 1965 2007 :
2015 1951 2130 2016 Dic,

568 2049 758 2117 inquit,
786 2047 952 2102 Soror
980 2043 1273 2116 ejus'sunt;
1301 2044 1402 2099 hoc
1421 2045 1562 2098 enim
1604 2042 1831 2099 fortasse
1858 2058 1944 2099 me
1978 2060 2008 2099 a
2039 2057 2137 2114 pe-

569 2138 749 2192 riculis
774 2137 1032 2193 liberabit.
1052 2134 1183 2191 Nam
1207 2136 1347 2204 quod
1370 2132 1438 2189 ad
1464 2143 1516 2188 te
1542 2133 1755 2204 quidem
1783 2134 1990 2197 attinet,
2019 2132 2137 2188 sive

563 2242 804 2284 sororem
831 2224 1049 2295 teipsatu
1072 2223 1295 2290 dixeris,
1319 2224 1435 2279 sive
1468 2223 1767 2293 coniugem,
1794 2225 1951 2280 nemo
1977 2237 2135 2294 nega-

567 2317 640 2372 bit
666 2316 1031 2386 quinontnino
1055 2314 1289 2390 futurum
1313 2314 1402 2377 sit,
1433 2322 1492 2367 ut
1534 2322 1585 2369 te
1632 2320 1851 2382 propter
1890 2313 2137 2384 corporis

564 2408 1009 2481 pulchritudinem
1059 2406 1343 2462 matutini
1378 2404 1642 2475 eripiant;
1680 2418 1915 2460 movero
1938 2405 2133 2475 proba-

566 2499 672 2554 bile
695 2509 776 2555 est
803 2498 1023 2553 iusidias
1056 2510 1360 2560 evasurum,
1392 2496 1437 2549 si
1468 2510 1662 2550 nomen
1680 2496 1881 2551 sororis
1904 2510 2133 2563 usurpa-

566 2590 727 2647 veris.
762 2588 920 2643 Vides
944 2587 1274 2658 prudentiam
1296 2586 1456 2655 justi;
1484 2601 1592 2655 quo
1618 2596 1771 2656 pacto
1810 2586 2133 2656 interceptus

571 2684 712 2734 vtato
758 2678 986 2747 potuerit
1027 2678 1298 2741 invenire.
1346 2667 1412 2732 ac
1456 2676 1669 2732 modum
1718 2677 2127 2747 excogitaverit,

562 2787 674 2842 quo
715 2769 1082 2841 Egyptiorum
1125 2768 1344 2825 insidias
1391 2776 1569 2838 posset
1610 2768 1884 2824 evadere?
1931 2769 2131 2825 Rursus

562 2862 662 2919 hoc
691 2863 810 2919 loco
838 2861 965 2915 mihi
994 2859 1300 2930 patientiam
1345 2872 1559 2929 quoque
1589 2858 1718 2929 justi
1750 2859 2037 2929 perpende,
2067 2875 2131 2915 ac

560 2952 797 3007 mulieris
822 2951 1137 3020 probitatem
1165 2965 1180 3001 :
1204 2946 1332 3019 justi
1376 2948 1612 3019 quidem,
1664 2951 1804 3017 quod
1843 2963 1948 3003 non
1995 2950 2131 3003 indi-

558 3051 748 3111 gnatus
774 3040 846 3094 sit
869 3054 1041 3109 neque
1066 3037 1261 3095 dixerit
1284 3057 1300 3093 :
1321 3037 1429 3095 Cur
1465 3048 1640 3094 autem
1678 3037 1812 3093 hanc
1855 3039 2126 3093 mulierem

560 3146 768 3184 thecam
784 3131 941 3194 duco,
966 3128 1119 3199 cuius
1142 3128 1311 3198 gratia
1339 3136 1479 3182 tanta
1502 3128 1555 3182 in
1580 3143 1665 3183 me
1686 3138 1967 3196 tempestas
1985 3130 2130 3183 exci-

560 3222 742 3273 tatur?
768 3218 893 3288 quid
921 3220 1063 3273 enim
1088 3206 1205 3287 eius
1242 3217 1370 3273 mihi
1398 3217 1614 3287 prodest
1633 3218 1979 3282 consuetudo,
2008 3233 2127 3273 cum

556 3313 673 3379 ejus
697 3325 854 3365 causa
895 3311 951 3364 in
989 3320 1255 3365 summum
1297 3310 1487 3378 capitis
1531 3308 1820 3364 discrimen
1856 3310 2128 3365 adducar?

557 3403 681 3470 quid
712 3402 837 3455 mihi
862 3400 1088 3471 proiicit,
1113 3415 1234 3455 cum
1262 3416 1368 3455 non
1409 3400 1570 3455 modo
1609 3402 1755 3455 nttllo
1810 3416 1895 3456 me
1936 3403 2126 3455 solatio

553 3493 721 3559 iuvet.
752 3491 845 3546 sed
873 3494 1032 3546 etiam
1056 3504 1151 3545 sua
1188 3488 1577 3560 pulchritudine
1600 3491 1786 3545 mortis
1829 3491 1955 3553 mihi
1988 3494 2126 3561 peri-

553 3580 732 3636 cttlmn
776 3580 962 3636 creet?
988 3579 1124 3635 Nihil
1155 3579 1343 3635 horum
1391 3580 1524 3634 dixit
1568 3589 1660 3645 aut
1713 3581 1979 3650 cogitavit,
2027 3582 2124 3636 sed

557 3672 701 3724 omni
730 3671 989 3739 ejusmodi
1026 3670 1222 3740 reiecta
1267 3670 1587 3739 cogitatione
1628 3670 1697 3726 de
1724 3672 1813 3726 Dei
1863 3673 2124 3742 promisso

557 3762 775 3816 minime
797 3761 1086 3827 dubitavit;
1107 3762 1200 3817 sed
1221 3762 1274 3816 in
1297 3762 1345 3816 id
1372 3778 1530 3816 unum
1557 3763 1813 3831 incubuit,
1842 3774 1895 3819 ut
1935 3765 2123 3834 praevi-

556 3868 673 3906 sum
699 3850 984 3907 discrimen
1004 3861 1184 3920 posset
1210 3852 1459 3907 evadere.
1493 3852 1589 3907 llic
1636 3853 1777 3909 enim
1806 3853 2123 3911 iuell'abilem

555 3942 647 3996 Dei
677 3944 979 4011 patientiam
1011 3941 1397 4010 aubnadsertc,
1441 3942 1804 4006 dilectissime,
1834 3960 1938 4014 quo
1969 3955 2122 4014 pacto

552 4045 660 4086 non
706 4032 919 4085 assistat
956 4045 1128 4102 neque
1146 4031 1452 4087 consoletur
1473 4031 1697 4101 justum,
1739 4033 1832 4087 sed
1884 4034 2123 4103 ingrave-

551 4134 701 4175 scere
727 4120 861 4173 mala
890 4121 1030 4175 sinat
1052 4130 1105 4173 et
1127 4120 1327 4190 augeri,
1354 4128 1511 4191 atque
1558 4122 1610 4175 in
1644 4130 1908 4179 extremas
1953 4139 2121 4195 angu-

551 4209 681 4264 stias
729 4210 917 4278 redigi,
961 4220 1177 4280 tumque
1218 4225 1367 4264 suam
1423 4211 1803 4279 providentiam
1853 4214 2117 4269 ostendat.

548 4297 844 4368 Dicigitttr,
866 4298 1055 4369 inquit,
1082 4299 1246 4353 Soror
1290 4301 1398 4367 ejus
1447 4316 1560 4352 sum
1586 4311 1682 4353 :ut
1727 4300 1850 4354 bene
1890 4303 1950 4353 sit
1994 4302 2119 4356 mihi

552 4400 755 4459 μωρία·
798 4402 865 4453 te,
912 4399 960 4444 et
1006 4391 1130 4444 viset
1177 4392 1348 4445 animo
1383 4406 1492 4443 mea
1517 4400 1718 4460 propter
1736 4402 1800 4446 te.
1826 4392 1939 4447 Non
1968 4395 2115 4463 quasi

549 4480 801 4532 moritura
828 4487 969 4533 esset
994 4478 1158 4547 ipsius
1184 4479 1377 4541 anima,
1402 4478 1514 4532 hrec
1540 4479 1670 4533 dixit
1696 4481 1866 4547 justus
1906 4482 1927 4549 (
1945 4480 2118 4536 Nolite

548 4570 689 4623 enim
710 4569 902 4635 timere,
928 4570 1116 4638 inquit,
1146 4586 1229 4622 eos
1262 4570 1346 4637 qui
1374 4570 1610 4624 occidunt
1646 4588 1845 4640 corpus,
1896 4577 2115 4627 animum

547 4668 717 4711 autem
744 4674 843 4711 non
868 4666 1071 4726 possunt
1095 4658 1318 4712 occidere
1344 4656 1555 4731 [Matth.
1587 4659 1671 4715 10.
1702 4660 1841 4729 28]),
1870 4664 1961 4715 sed
1984 4667 2112 4716 siut-

551 4747 756 4817 plicitcr
775 4763 842 4802 ex
859 4746 1241 4801 consuetudine
1265 4747 1347 4800 his
1367 4748 1540 4801 verbis
1562 4763 1778 4801 uxorem
1801 4749 1989 4805 allatus
2012 4760 2111 4805 est.

553 4836 622 4892 Ut
641 4840 759 4891 bene
784 4837 1008 4900 mihisit,
1038 4837 1220 4906 inquit,
1248 4848 1449 4907 prapter
1476 4847 1543 4904 te,
1576 4848 1625 4891 et
1649 4836 1770 4893 vivet
1808 4841 1977 4894 animo
2005 4858 2115 4895 mea

548 4937 751 4999 propter
791 4938 837 4981 te
867 4944 886 4982 :
913 4929 1062 4997 quasi
1088 4929 1289 4983 diceret
1334 4930 1404 4984 illi
1436 4931 1591 4993 τοίς,
1638 4930 1798 4985 Soror
1823 4936 1930 4997 eius
1955 4951 2064 4988 sum
2092 4951 2112 4989 :

549 5034 616 5073 ne
641 5018 841 5073 efﬁcias
866 5026 943 5084 ttt,
969 5033 1088 5073 cum
1119 5027 1334 5087 promer
1358 5018 1547 5075 famem
1587 5035 1619 5076 e
1641 5022 1936 5077 Chanantea
1967 5024 2109 5095 fuge-

545 5109 667 5172 rim,
700 5108 941 5161 manibus
977 5122 1167 5162 enecer
1194 5109 1583 5179 Egyptiorum.
1616 5112 1737 5166 Fias
1782 5116 1956 5181 potius
1982 5117 2109 5171 tttilti

546 5199 729 5253 salutis
760 5212 937 5260 causa.
973 5196 1042 5252 Ut
1079 5200 1198 5252 bene
1228 5200 1291 5252 sit
1333 5199 1455 5252 mihi
1483 5212 1684 5269 prapter
1707 5211 1769 5256 te.
1798 5202 2107 5259 Miscrahilia

540 5288 807 5343 sunttunc
846 5289 1028 5354 verba,
1078 5290 1246 5345 sedet
1294 5292 1488 5347 multus
1528 5303 1644 5345 erat
1686 5292 1842 5346 timor
1893 5309 2107 5365 propter

543 5378 798 5431 insaniam
833 5377 1228 5449 Egyptiacam,
1271 5387 1325 5433 et
1372 5380 1491 5447 quia
1537 5379 1768 5433 nondum
1793 5385 1975 5437 mortis
1995 5396 2109 5439 erat

540 5468 715 5521 soluta
737 5469 997 5537 tyrannis;
1031 5478 1305 5537 propterea
1332 5469 1381 5520 in
1408 5469 1717 5524 adulterium
1759 5473 1934 5526 uxoris
1979 5487 2107 5527 con~

539 5558 699 5609 sentit
738 5557 930 5624 justus,
960 5566 1017 5610 et
1057 5558 1204 5625 quasi
1257 5559 1419 5611 servit
1464 5558 1704 5612 adultero
1754 5561 1806 5613 itt
1856 5562 2094 5616 mulieris

538 5645 935 5710 contumeliam,
964 5656 1019 5699 ut
1062 5657 1284 5701 mortem
1333 5647 1563 5719 cll‘ugiat.
1607 5650 1730 5704 Erat
1765 5653 1905 5706 enim
1934 5651 2106 5707 adhuc

542 5733 791 5786 terribilis
832 5735 988 5792 facies
1020 5737 1244 5803 mortis;
1289 5739 1520 5793 nondum
1572 5752 1721 5797 erant
1757 5760 1909 5800 terea:
1935 5756 2102 5816 portae

1350 400 1404 458 S.
1444 399 1714 455 JO.\i\NiS
1748 398 2215 461 CllllYSOSTOMI
2258 399 2569 453 ARClllEl‘.
2612 401 3131 459 CONSTANTINOP.
3736 419 3835 472 ξω

2250 508 2535 563 ειιιιῐτιιθιιυ
2586 528 2602 574 ς
2655 514 2886 570 nondum
2933 526 3046 569 erat
3096 519 3313 575 aculeus
3362 522 3480 591 ejus
3528 526 3829 581 llet‘li‘llH.

2254 596 2440 652 Vidisti
2479 600 2748 655 vinculum
2794 606 3029 659 caritatis
3082 607 3177 661 tiri
3224 619 3280 665 et
3324 611 3603 668 mulieris?
3652 620 3830 673 vidisti

2247 689 2419 742 virum
2441 730 2456 753 ,
2487 690 2662 757 qualia
2685 692 2890 748 mulieri
2917 709 3199 763 suggerere
3228 700 3297 753 si:
3332 717 3522 767 ausus,
3568 713 3626 759 et
3667 709 3825 774 quale

2246 778 2527 836 collsilium
2552 783 2816 849 accererit
2842 785 3072 839 mulier?
3099 786 3215 842 Non
3243 792 3454 855 renuit,
3483 809 3659 863 neque
3704 808 3831 866 gla-

2246 868 2408 920 vatiut
2435 868 2537 925 fert
2564 886 2581 924 :
2611 873 2701 924 sed
2732 874 2908 928 omnia
2953 876 3118 938 facit,
3146 879 3215 932 ita
3264 890 3319 933 ut
3370 883 3545 937 fahula
3588 896 3644 941 et
3684 886 3830 942 fictio

2247 955 2335 1010 illa
2378 958 2553 1013 lateat.
2603 962 2831 1015 Audiant
2880 965 2975 1016 viri
3024 975 3078 1018 et
3126 967 3415 1032 mulieres,
3460 981 3515 1025 et
3554 974 3831 1030 imitentur

2248 1044 2435 1100 horum
2489 1052 2868 1116 cuneordiam,
2925 1056 3193 1109 vinculum
3249 1061 3515 1124 caritatis,
3573 1064 3828 1131 pietatem

2247 1137 2539 1207 insignem,
2587 1152 2639 1194 et
2677 1144 2823 1199 Sara:
2872 1148 3249 1202 continentiam
3300 1150 3650 1215 atmoleutur;
3705 1171 3829 1223 qua:

2248 1228 2417 1282 vetula
2462 1229 2513 1282 in
2558 1239 2700 1285 tanta
2745 1242 3019 1289 venustate
3052 1251 3401 1304 permanens,
3439 1242 3680 1295 Cenabat
3705 1258 3829 1297 cum

2240 1318 2388 1386 justo
2419 1319 2697 1375 virtutibus
2729 1339 2740 1375 :
2771 1324 2889 1379 ideo
2918 1335 2970 1379 et
3005 1336 3203 1381 tantam
3255 1331 3370 1399 ejus
3411 1346 3593 1385 coram
3643 1331 3831 1387 habuit

2248 1408 2385 1461 Deus
2411 1449 2428 1473 ,
2459 1418 2766 1482 tantumque
2796 1427 3025 1482 superne
3056 1417 3127 1469 illi
3161 1419 3471 1473 retributum
3503 1431 3605 1475 est.
3640 1422 3831 1477 Nullus

2247 1497 2404 1566 igitur
2442 1508 2659 1553 accuset
2703 1502 3180 1571 pulchritudinem,
3234 1507 3408 1563 nullus
3455 1508 3571 1564 huic
3622 1512 3829 1564 inutilia

2241 1590 2401 1641 verba
2425 1588 2608 1643 dicat:
2642 1590 2787 1647 lianc
2830 1594 3060 1659 perdidit
3089 1596 3291 1659 forma;
3322 1597 3444 1652 huic
3489 1600 3831 1669 pulchritudo

2241 1693 2399 1732 causa
2448 1681 2544 1734 fuit
2582 1681 2841 1737 interitus.
2879 1684 2993 1739 Non
3039 1687 3376 1755 pulchritudo
3416 1689 3468 1743 iu
3511 1696 3671 1744 causa
3693 1700 3822 1747 est:

2239 1767 2404 1829 absit;
2432 1782 2568 1838 opus
2594 1772 2736 1825 enim
2762 1770 2852 1826 Dei
2874 1784 2954 1827 est
2979 1784 3029 1828 et
3058 1776 3167 1845 ipsa
3192 1794 3205 1829 :
3232 1778 3327 1833 sed
3344 1794 3600 1847 perversa
3632 1791 3827 1837 votnn-

2251 1863 2335 1911 tas
2363 1856 2621 1913 malorum
2656 1862 2892 1915 omnium
2919 1874 3205 1919 causaest.
3241 1866 3429 1921 Vidisti
3454 1869 3824 1927 admirabilem

2252 1946 2389 2001 hanc
2412 1949 2686 2005 mulierem
2714 1953 2957 2022 utrinque
2984 1954 3329 2022 relucentem,
3357 1970 3410 2014 et
3436 1959 3507 2014 ob
3531 1961 3827 2029 pulchrituo

2240 2035 2417 2092 dinem
2442 2039 2655 2108 animis,
2678 2053 2732 2095 et
2759 2043 2829 2096 ob
2854 2041 3241 2101 formositatem
3266 2048 3419 2103 faciei
3447 2052 3669 2120 vestigia
3690 2052 3824 2118 justi

2238 2135 2480 2199 proxime
2522 2135 2875 2203 sequentem?
2907 2134 3053 2190 Hanc
3097 2136 3370 2194 imitentur
3412 2142 3683 2196 mulieres.
3726 2144 3824 2197 lit-

2235 2223 2378 2299 enim
2407 2238 2505 2278 nec
2533 2225 2819 2278 venustatis
2847 2224 3033 2291 decor,
3065 2240 3164 2282 nec
3182 2228 3453 2294 sterilitas,
3484 2246 3581 2285 nec
3617 2241 3824 2287 tantum

2239 2322 2472 2382 tempus,
2501 2329 2597 2367 nec
2619 2312 2923 2369 facultatum
2962 2306 3307 2383 abundantia,
3330 2333 3503 2388 neque
3529 2330 3607 2374 tot
3632 2323 3825 2390 nigra-

2239 2402 2431 2468 tiones,
2463 2418 2632 2472 neque
2670 2404 3142 2474 peregrinationes,
3181 2415 3238 2461 et
3276 2410 3543 2463 continua:
3583 2412 3824 2465 crebra:-

2234 2508 2339 2563 que
2386 2493 2739 2558 tentatioues,
2785 2493 2867 2548 vel
2917 2495 3172 2566 quidquid
3225 2496 3365 2561 tale,
3413 2508 3647 2554 tuentem
3695 2502 3823 2568 ejus

2237 2596 2451 2637 movere
2480 2592 2800 2652 potuerunt:
2830 2583 3116 2640 immobilis
3149 2588 3291 2641 enim
3323 2589 3535 2641 mansit.
3566 2588 3718 2645 Unde
3748 2591 3827 2647 ob

2236 2673 2543 2742 patientiam
2568 2714 2584 2738 ,
2633 2673 2845 2743 dignam
2874 2677 3190 2730 mercedem
3245 2679 3577 2747 reportavit:
3610 2681 3663 2734 ln
3712 2695 3822 2736 ex-

2239 2771 2405 2817 trema
2430 2764 2571 2817 enim
2601 2774 2893 2829 senectute,
2916 2782 2978 2819 ex
3004 2768 3155 2821 vulva
3183 2769 3351 2823 sterili
3379 2778 3434 2824 et
3459 2778 3609 2826 utero
3632 2786 3824 2826 emor-

2237 2861 2327 2904 tuo
2349 2867 2535 2920 parere
2563 2854 2753 2921 potuit.
2787 2852 2853 2909 Ut
2878 2853 3021 2920 milii,
3047 2854 3237 2926 inquit,
3264 2857 3387 2912 bene
3409 2859 3471 2912 sit
3496 2870 3701 2930 propter
3728 2872 3819 2930 te,

2233 2940 2424 2994 etaim
2466 2943 2635 2994 annua
2678 2957 2789 2995 meo
2833 2955 3039 3014 propter
3073 2955 3139 2999 te.
3189 2948 3351 3012 Quasi
3398 2949 3637 3003 diceret:
3666 2950 3819 3008 Nihil

2231 3029 2371 3085 aliud
2400 3031 2635 3085 relictum
2667 3032 2794 3087 mihi
2839 3044 2921 3089 est
2966 3034 3031 3089 ad
3074 3037 3335 3103 salutem,
3363 3054 3518 3108 quam
3547 3051 3603 3094 ut
3623 3042 3816 3098 ilicis:

2234 3119 2395 3173 Soror
2436 3122 2544 3192 ejus
2582 3138 2713 3176 sum.
2762 3123 3026 3180 Fortassis
3052 3126 3195 3181 enim
3235 3126 3483 3199 ellugiam
3516 3134 3819 3202 periculurn

2194 3234 2199 3239 ~
2232 3210 2373 3278 quod
2406 3212 2691 3266 teformido
2716 3252 2731 3278 ,
2757 3222 2811 3268 et
2834 3215 3053 3282 posthac
3078 3230 3294 3288 propter
3317 3228 3372 3275 te
3400 3222 3569 3276 vivant
3588 3263 3605 3288 ,
3634 3234 3685 3278 et
3711 3226 3817 3283 tibi

2230 3298 2369 3367 quod
2394 3299 2653 3369 reliquum
2678 3304 2797 3356 vita:
2818 3302 2976 3358 fuerit
2997 3315 3270 3376 acceptum
3297 3309 3540 3366 referam.
3569 3312 3818 3372 Sullleie-

2231 3388 2358 3444 bant
2394 3390 2508 3445 haec
2540 3393 2701 3448 verba
2729 3394 2797 3449 ad
2823 3396 3340 3455 cctntttiserationem
3371 3404 3549 3457 uxoris
3578 3421 3816 3462 moven-

2228 3478 2350 3533 dam
2375 3520 2390 3543 ,
2432 3490 2485 3535 et
2529 3481 2596 3535 ad
2643 3484 3093 3552 persuadendum.

2298 3570 2351 3625 6.
2386 3570 2496 3625 lloc
2535 3588 2661 3627 vere
2686 3583 2768 3628 est
2792 3575 3091 3645 conjugium
3112 3618 3128 3641 ,
3168 3581 3381 3648 quando
3411 3598 3514 3637 non
3544 3586 3716 3641 solum
3753 3588 3813 3645 in

2228 3662 2599 3730 prosperitate,
2623 3664 2715 3716 sed
2742 3674 2795 3717 et
2820 3663 2871 3718 in
2893 3667 3145 3736 periculis
3172 3670 3328 3723 simul
3357 3673 3626 3727 ambulant
3656 3677 3812 3733 ειυς

2224 3766 2492 3822 germanae
2518 3755 2752 3809 caritatis
2779 3756 3028 3811 iudicium
3057 3770 3139 3814 est
3162 3775 3176 3822 ;
3202 3760 3302 3816 ltoe
3334 3764 3484 3832 signo
3506 3769 3811 3825 certissimo

2226 3840 2597 3896 internoscitur
2619 3844 2867 3899 amicitia.
2896 3844 3009 3900 Nan
3034 3851 3111 3902 sic
3136 3848 3374 3904 diadema
3400 3854 3451 3906 in
3467 3856 3634 3923 capite
3654 3858 3807 3926 posi-

2225 3938 2338 3985 tum
2364 3946 2540 4002 regem
2566 3933 2807 3999 illustrat,
2829 3944 2986 4004 atque
3004 3939 3301 3994 obcdientia
3319 3943 3427 4007 illa,
3450 3960 3559 4013 qua
3575 3949 3808 4004 consilio

2220 4022 2347 4090 justi
2371 4024 2560 4091 paruit,
2587 4026 2720 4079 hanc
2740 4025 2943 4081 beatam
2969 4030 3213 4085 feminam
3239 4033 3496 4090 illustrem
3522 4049 3575 4090 et
3596 4039 3805 4098 claram

2224 4109 2621 4166 detnonstravit.
2672 4114 2837 4180 Quem
2884 4117 3043 4186 igitur
3068 4135 3172 4175 non
3220 4123 3646 4193 obstupefaceret
3680 4131 3805 4187 base

2225 4202 2446 4270 parendi
2474 4202 2730 4257 facilitas?
2775 4207 2894 4273 quis
2934 4207 3070 4263 hanc
3110 4211 3238 4265 satis
3287 4214 3624 4283 laudat-erit,
3653 4221 3804 4287 quod

2223 4302 2341 4359 post
2384 4301 2580 4347 tantum
2622 4294 3040 4360 continentiam.
3071 4308 3127 4354 et
3161 4300 3215 4355 iit
3256 4305 3342 4356 tali
3385 4316 3543 4360 astate
3586 4308 3653 4362 ad
3694 4309 3804 4367 hoc

2222 4389 2280 4435 ut
2317 4382 2515 4451 justum
2544 4396 2748 4450 servet,
2783 4398 3036 4458 quantum
3063 4404 3127 4443 ex
3154 4391 3317 4460 ipsius
3355 4398 3624 4452 voluntate
3662 4415 3803 4469 pen-

2219 4469 2409 4536 debat,
2446 4475 2602 4527 etiam
2652 4476 2910 4532 adulterio
2962 4491 3022 4533 se
3070 4486 3311 4549 exponit
3353 4491 3407 4537 et
3449 4486 3801 4546 barbarorum

2218 4565 2523 4631 congressui
2546 4566 2587 4643 ?‘
2616 4568 2720 4621 Sed
2759 4569 3025 4638 paulisper
3069 4584 3345 4641 exspecta,
3372 4584 3425 4630 et
3473 4578 3682 4634 videbis
3705 4596 3798 4635 sa-

2221 4656 2449 4722 pientem
2477 4659 2831 4727 solertemque
2859 4662 2947 4713 Det
2980 4664 3385 4729 providentiam.
3415 4667 3545 4721 Nam
3574 4682 3799 4740 propter

2220 4744 2321 4798 hoc
2354 4746 2488 4799 Deus
2513 4756 2707 4802 tantam
2736 4764 2840 4817 pra:
2871 4766 2927 4805 sc
2958 4754 3074 4806 tulit
3099 4754 3402 4821 patientiam
3422 4797 3438 4822 ,
3466 4768 3518 4812 ct
3545 4763 3796 4829 opitulari

2216 4834 2450 4901 distulit,
2474 4845 2531 4890 ut
2551 4838 2749 4904 justum
2774 4840 3052 4896 clariorem
3084 4845 3281 4899 faceret
3298 4885 3313 4908 ,
3341 4856 3395 4900 et
3425 4863 3519 4916 per
3542 4865 3605 4905 ea
3630 4890 3646 4915 ,
3675 4869 3798 4924 qua

2218 4925 2322 4979 illic
2345 4937 2490 4995 gesta
2511 4936 2635 4981 sunt
2653 4970 2667 4994 ,
2695 4943 2797 4983 non
2831 4930 3002 4985 solum
3033 4932 3288 5004 Egyptii,
3320 4938 3411 4993 sed
3439 4949 3494 4993 et
3522 4941 3793 5001 Palaestini

2216 5017 2550 5071 erudirentur
2573 5058 2587 5081 ,
2614 5028 2859 5086 quantam
2886 5024 3306 5080 benevolentiam
3338 5028 3543 5085 Domini
3575 5036 3788 5091 univer-

2216 5121 2393 5160 sorum
2424 5111 2753 5178 experiretur
2770 5114 3086 5180 patriarcha.
3118 5116 3204 5172 14.
3234 5116 3449 5173 Factum
3466 5134 3561 5187 est,
3595 5125 3789 5195 inquit,

2215 5204 2415 5268 quando
2429 5202 2628 5256 intrauit
2645 5204 2830 5258 Abram
2844 5206 2897 5258 in
2914 5204 3217 5277 Egyptttm,
3242 5221 3296 5264 ut
3316 5213 3791 5287 ridemutzEgyptii

2214 5307 2440 5360 uxorem,
2470 5294 2606 5363 quod
2632 5306 2755 5349 esset
2773 5297 2919 5349 valde
2938 5298 3149 5366 pulchra
3178 5316 3199 5354 :
3229 5300 3316 5358 15.
3340 5314 3388 5358 et
3411 5306 3645 5361 uiderunt
3676 5326 3790 5367 eum

2214 5384 2461 5452 principes
2487 5381 2794 5449 Pharaonis,
2821 5395 2869 5439 et
2893 5387 3223 5443 laudauerunt
3248 5406 3359 5446 eam
3384 5397 3521 5463 apud
3552 5396 3788 5453 Pharao-

2213 5490 2344 5537 nem,
2391 5485 2439 5528 ct
2478 5474 2858 5530 introduxerunt
2883 5493 2993 5531 eam
3024 5481 3078 5533 in
3115 5481 3316 5536 domum
3353 5484 3662 5554 Pharaonis,
3696 5490 3783 5545 £6.

2211 5572 2258 5615 et
2303 5565 2489 5617 Abram
2517 5565 2637 5617 bene
2663 5568 2738 5619 usi
2771 5577 2889 5619 sunt
2942 5578 3146 5637 propter
3183 5571 3347 5625 illam.
3392 5572 3456 5627 Et
3499 5581 3701 5645 {iterm
3741 5581 3785 5633 ei

2210 5667 2343 5714 ores.
2366 5664 2414 5709 et
2438 5655 2598 5716 vituli,
2641 5664 2685 5708 et
2712 5658 2861 5723 asini,
2900 5667 2946 5711 et
2991 5661 3136 5724 servi,
3179 5670 3225 5716 et
3247 5665 3467 5730 ancilla,
3492 5676 3539 5721 et
3574 5669 3718 5736 muli,
3738 5679 3785 5724 ιι

2212 5745 2408 5798 cameli.
2439 5743 2569 5799 Vide
2591 5746 2854 5815 quomodo
2878 5763 2939 5803 ea
2966 5764 3084 5818 qua:
3112 5750 3257 5820 prius
3278 5754 3454 5823 justus
3476 5762 3791 5831 suspicaba-
