4054 6324
134 283 219 336 301

136 407 234 460 tnr,
269 409 328 449 re
353 394 466 464 ipsa
491 405 799 452 evenerunt.
827 394 957 450 Nam
981 404 1036 450 ut
1078 396 1129 450 in
1159 395 1447 465 Egyptian:
1469 393 1704 460 intravit,

1150 280 1215 339 ΙΝ
1247 281 1402 336 CAP.
1446 279 1561 335 XII.
1600 278 1847 336 GENES.
1891 278 2118 335 ιιοΜιι..
2163 277 2376 338 XXXII.

3297 273 3402 330 δω

1815 394 2106 450 auferendo
2127 394 2258 465 justi
2289 394 2546 450 uxorem?
2591 394 2925 463 QuaprOpter
2952 406 3056 448 non
3096 393 3209 465 ipse
3234 395 3400 458 solus,

137 484 196 541 Ut
239 487 474 540 uiderunt
525 486 766 558 £gyptii
816 486 1096 553 mulierem,
1147 486 1283 554 quod
1325 485 1538 555 ρηιειω
1586 492 1712 537 esset
1817 485 1908 539 sed
1935 493 1989 539 et
2015 501 2206 540 omnes
2221 486 2497 541 domestici
2525 485 2641 553 ejus
2663 499 2835 554 poenae
2863 483 3074 538 fuerunt
3095 481 3401 553 participes,

135 577 292 631 valde.
331 577 444 632 Non
473 578 786 647 simpliciter
815 576 999 648 inquit,
1035 577 1272 645 pulchra,
1311 575 1404 630 sed
1440 573 1714 628 excellen-

1820 588 1875 629 ut
1899 575 2168 630 discerent
2197 590 2254 630 se
2283 592 2387 630 non
2412 578 2461 630 in
2486 576 2823 644 peregrinum
2840 573 3152 644 simpliciter
3169 573 3402 626 furorem

138 679 233 732 ter,
264 669 336 724 ita
361 679 418 724 ut
444 683 653 735 omnes,
683 669 772 738 qui
795 683 914 723 eam
940 667 1207 731 videbant,
1253 667 1612 720 allicerentur.
1646 661 1714 716 Et
1819 680 1973 718 suum
2003 667 2325 728 exercuisse,
2356 682 2527 735 neque
2557 668 2607 721 in
2639 665 2908 720 hominem
2936 680 2966 719 e
3003 663 3182 719 medio
3231 664 3408 732 vulgo,

137 769 186 812 ut
218 760 447 813 uiderant
469 775 581 812 eant
603 759 852 827 principes
876 757 1186 822 Pharaonis,
1231 756 1560 810 laudauerunt
1605 771 1716 807 eam

137 867 309 908 eorum
330 852 620 908 Pharaone.
641 850 769 919 Oro,
817 851 1032 916 dilecte,
1077 865 1144 906 ne
1190 859 1393 904 temere
1433 855 1719 917 pnetereas

139 943 277 1013 quod
305 944 506 998 dictum
527 954 628 1008 est,
657 943 748 998 sed
775 942 1038 997 admirare
1062 941 1329 1012 quomodo
1355 940 1530 994 nullus
1555 937 1720 1008 Egy-

142 1035 374 1104 ptiorum
403 1035 610 1092 mulieri
635 1042 818 1103 utpote
856 1034 1171 1104 peregrinum,
1203 1045 1256 1087 et
1280 1047 1308 1085 a
1355 1040 1496 1086 terra
1549 1030 1719 1084 aliena

142 1125 449 1179 adventanti
480 1139 665 1178 manus
707 1123 966 1194 injecerit,
990 1137 1164 1193 neque
1191 1119 1610 1190 contempserint
1639 1119 1719 1173 vi-

144 1230 260 1268 rum
292 1214 429 1270 :sed
457 1216 682 1284 ingressi
738 1215 846 1285 regi
880 1215 1057 1269 omnia
1097 1213 1410 1268 nuntiarint.
1458 1211 1724 1267 Cazterum

145 1307 243 1361 hoc
263 1305 466 1362 factum
494 1315 594 1372 est,
621 1314 676 1360 ut
714 1320 803 1360 res
833 1305 982 1360 lieret
1000 1303 1352 1369 manifestior,
1383 1312 1436 1357 et
1463 1302 1594 1356 ultio
1618 1317 1724 1356 non

147 1399 194 1451 in
226 1398 496 1466 privatum
521 1407 575 1450 ct
595 1396 858 1466 plebeium
886 1395 1138 1464 aliquem,
1169 1393 1261 1448 sed
1290 1394 1340 1448 in
1369 1408 1550 1460 regem
1575 1391 1727 1445 εωνί-

148 1495 247 1552 ret,
279 1497 332 1540 ut
365 1487 560 1554 ubique
582 1485 945 1554 divulgaretur
975 1485 1072 1539 hoc
1101 1484 1317 1538 factum.
1347 1483 1414 1536 Et
1441 1483 1732 1536 introduxe-

147 1585 262 1627 runt
306 1591 419 1629 eam
463 1576 517 1628 in
559 1574 760 1628 domum
810 1573 1117 1628 Pharaonis.
1170 1573 1415 1627 Protinus
1460 1572 1528 1626 ab
1568 1585 1732 1626 uxore

149 1666 325 1732 justus
349 1664 648 1731 abducitur,
675 1673 732 1718 et
755 1665 870 1733 ipsa
900 1664 965 1717 ad
993 1663 1325 1718 Pharaonem
1359 1662 1730 1717 introducitur.

153 1754 446 1810 Considera
465 1764 656 1824 quanta
690 1755 781 1810 Dei
807 1755 1058 1824 patientia
1087 1754 1282 1820 fuerit;
1331 1752 1600 1823 quomodo
1630 1767 1734 1806 non

152 1844 219 1897 ab
239 1845 414 1910 initio,
444 1859 616 1914 neque
636 1860 666 1898 a
689 1845 959 1913 praemiis
982 1859 1132 1898 suam
1171 1843 1521 1899 declaraverit
1554 1842 1737 1913 provi-

157 1934 419 1998 dentiam,
441 1937 534 1990 sed
557 1938 853 2005 permiserit
877 1936 1053 1990 omnia
1081 1937 1217 2001 ﬁeri,
1245 1946 1297 1991 et
1309 1936 1458 2007 quasi
1476 1935 1531 1989 in
1558 1934 1740 1990 fauces

158 2025 344 2080 bestiae
389 2026 668 2080 mulierem
719 2026 994 2092 incidere;
1033 2035 1088 2081 et
1117 2036 1242 2080 tunc
1271 2026 1485 2080 tandem
1515 2025 1738 2080 manife-

158 2126 294 2170 stam
313 2116 562 2171 omnibus
588 2131 737 2170 suam
756 2118 1003 2170 virtutem
1031 2115 1236 2172 fecerit.
1266 2115 1330 2169 Et
1355 2114 1741 2169 introduxerunt

157 2221 270 2258 eum
295 2205 347 2257 iu
374 2204 579 2258 domum
610 2204 916 2259 Pharaonis.
951 2204 1007 2258 In
1026 2220 1136 2275 quo
1161 2215 1299 2259 statu
1327 2220 1422 2274 per
1446 2202 1578 2258 illud
1602 2213 1741 2257 tem-

162 2309 261 2364 pus
284 2303 401 2350 erat
426 2295 660 2350 mulieris
688 2296 872 2350 mens?
900 2295 1168 2366 quomodo
1195 2295 1399 2349 turbata
1426 2303 1541 2349 erat
1569 2292 1746 2348 ratio?

158 2384 431 2452 quomodo
440 2383 631 2438 fluctus
640 2384 1003 2454 erigebantur?
1013 2385 1280 2456 quomodo
1297 2385 1626 2454 naufragium
1641 2399 1746 2438 non

163 2474 310 2541 fecit,
329 2475 423 2531 sed
441 2477 636 2531 mansit
647 2479 794 2546 quasi
816 2477 1099 2532 immobilis
1112 2486 1255 2547 petra
1268 2478 1334 2532 ad
1345 2479 1612 2533 caelestem
1630 2492 1750 2547 gra-

163 2568 292 2621 tiam
326 2583 540 2636 semper
565 2571 848 2638 spectans?
880 2570 1014 2636 Quid
1035 2580 1212 2624 autem
1232 2571 1405 2625 dicam
1435 2567 1752 2624 mulierem?

164 2656 387 2724 Qualem
403 2661 641 2713 animum
669 2660 956 2714 verisimile
983 2669 1064 2714 est
1087 2659 1423 2728 fuissejusto,
1452 2660 1540 2713 illa
1568 2659 1620 2712 in
1649 2657 1749 2712 do-

165 2763 315 2802 mum
336 2747 626 2802 Pharaonis
641 2749 937 2804 introducta
949 2749 973 2801 ?
985 2748 1051 2802 Et
1067 2750 1179 2819 ipso
1194 2749 1403 2813 Abram,
1425 2749 1612 2817 inquit,
1633 2748 1753 2800 bene

164 2838 246 2890 usi
268 2847 384 2890 sunt
425 2847 628 2907 propter
648 2839 812 2903 illam,
854 2850 1121 2912 tamquam
1171 2839 1335 2895 fratre
1365 2840 1628 2895 videlicet.
1691 2837 1756 2892 Et

168 2931 373 2998 fuerunt
397 2931 442 2982 ei
458 2945 594 2996 aea,
621 2939 668 2982 et
695 2930 858 2995 vituli,
886 2941 932 2984 et
968 2931 1119 2996 asini,
1165 2939 1213 2983 et
1244 2931 1392 2995 serei,
1440 2938 1486 2983 et
1529 2928 1752 2993 ancillte,

166 3027 215 3071 et
241 3017 443 3080 carnali,
485 3029 532 3072 et
575 3021 720 3076 ntuli.
749 3019 873 3074 Haec
917 3028 1094 3073 autem
1150 3020 1262 3088 ipsa
1310 3035 1429 3088 qua:
1459 3018 1676 3072 honoris
1702 3027 1759 3071 et

169 3108 456 3162 ministerii
484 3109 652 3178 gratia
693 3111 813 3164 data
852 3120 974 3164 sunt
1001 3111 1088 3175 ei,
1122 3120 1378 3180 quantum
1418 3125 1524 3163 non
1569 3124 1757 3179 rogum

170 3198 228 3251 in
257 3212 328 3251 eo
353 3197 785 3253 succenderunt?
821 3199 1092 3268 quomodo
1119 3210 1295 3253 autem
1322 3215 1427 3253 non
1453 3199 1568 3268 ejus
1594 3214 1757 3254 exus-

169 3288 245 3340 sit
298 3296 534 3342 mentem
556 3326 573 3351 ,
605 3303 701 3343 nec
723 3287 1065 3342 inﬂammavit
1092 3290 1470 3358 cogitationem
1493 3289 1758 3342 donorum

172 3377 479 3447 bnjusmodi
509 3380 925 3449 argumentum?
973 3380 1157 3434 Vidisti
1201 3381 1468 3449 quomodo
1500 3395 1662 3450 prepe
1691 3380 1756 3434 ad

78 3507 79 3510 η
173 3469 341 3524 linem
384 3473 720 3540 pervenerint
766 3471 1039 3539 pericula?
1087 3471 1260 3525 vidisti
1306 3473 1572 3541 quomodo
1616 3472 1760 3525 nulla

171 3562 477 3616 secundum
495 3576 672 3617 rerum
691 3561 1042 3617 humanarum
1061 3565 1253 3617 seriem
1275 3579 1397 3632 spes
1412 3564 1764 3618 correctionis

173 3652 410 3706 relicta?
435 3651 611 3707 vidisti
632 3653 900 3723 quomodo
924 3654 1214 3708 secundum
1241 3654 1529 3708 humanam
1551 3655 1760 3724 opinio~

179 3757 309 3798 nem
339 3758 427 3796 res
450 3741 738 3813 deplorata
767 3744 956 3798 fuere?
998 3743 1172 3798 vidisti
1215 3745 1482 3813 quomodo
1530 3747 1680 3813 quasi
1712 3746 1764 3799 in

171 3835 360 3902 gulam
381 3832 508 3888 ferae
535 3833 725 3888 mulier
748 3834 1029 3890 inciderit?
1054 3835 1171 3890 vide
1185 3835 1433 3906 deinceps
1449 3835 1767 3890 ineﬂahilem

177 3923 274 3977 Dei
329 3923 744 3978 miscricordiam
769 3966 786 3990 ,
813 3932 868 3979 et
893 3923 1208 3992 obstupesce
1236 3926 1485 3994 potentiae
1511 3926 1628 3994 ejus
1655 3941 1768 3980 ma-

171 4012 534 4082 gnitudinem.
586 4014 672 4068 i7.
709 4013 773 4067 Et
807 4015 983 4085 afﬂixit
1003 4054 1018 4079 ,
1047 4014 1246 4084 inquit,
1277 4015 1414 4068 Deus
1445 4014 1774 4070 Pharaonem”

173 4103 533 4174 apii-tionibus
572 4105 766 4174 magnis
791 4115 836 4158 et
857 4105 1107 4175 grauibus,
1134 4115 1181 4158 et
1202 4106 1404 4159 domum
1431 4107 1541 4176 ejus
1565 4118 1772 4176 prapter

178 4195 382 4249 Suram
422 4210 628 4248 uxorem
676 4195 882 4249 Abram.
934 4196 1068 4263 Quid
1095 4206 1216 4262 est,
1245 4197 1478 4267 Amisit?
1514 4198 1763 4264 Putnam,

173 4285 395 4354 inqit,
434 4285 607 4355 exegit
653 4285 834 4356 ﬂagitii
877 4295 934 4341 et
959 4288 1081 4343 mali
1120 4300 1362 4343 conatus.
1410 4290 1770 4360 Aﬁlictionibtts

171 4375 385 4444 magnis
420 4388 439 4427 :
467 4390 570 4428 non
604 4375 915 4443 simpliciter
953 4379 1155 4446 punivit
1196 4395 1374 4449 regem
1398 4419 1413 4444 ,
1460 4381 1554 4435 sed
1603 4381 1770 4436 Poenis

173 4465 404 4534 magnis.
446 4464 580 4532 Quia
623 4464 876 4536 flagitium
921 4483 1026 4522 non
1072 4479 1190 4523 erat
1217 4471 1467 4541 vulgare,
1496 4473 1590 4526 sed
1619 4474 1771 4529 valde

171 4570 458 4624 magnum,
486 4555 605 4609 ideo
629 4569 680 4610 et
704 4571 856 4624 pinna
885 4573 1092 4627 magna.
1116 4560 1182 4613 Et
1201 4561 1407 4615 domum
1431 4564 1558 4632 ejus,
1583 4565 1768 4634 inquit;

172 4660 284 4699 non
338 4645 512 4712 ipsum
568 4646 766 4713 solum,
818 4649 910 4702 sed
939 4644 1004 4702 Et
1043 4651 1246 4702 domum
1286 4653 1414 4720 ejus.
1472 4653 1536 4705 Et
1583 4669 1683 4721 qua
1705 4655 1773 4710 de

167 4749 370 4794 causa,
398 4749 519 4786 cum
551 4749 642 4788 res
675 4748 886 4803 peccet,
915 4754 1102 4793 omnes
1145 4742 1211 4794 de
1254 4743 1413 4796 domo
1441 4744 1557 4811 ejus
1601 4761 1767 4813 [unum

169 4835 304 4877 sunt
339 4824 666 4892 participes?
708 4826 823 4881 Non
872 4829 1074 4897 absque
1097 4829 1300 4886 ratione
1331 4832 1430 4886 hoc
1459 4850 1668 4904 quoque
1691 4837 1766 4895 fit.

170 4914 270 4967 sed
307 4923 375 4965 ut
404 4929 497 4978 per
523 4915 622 4967 hoc
661 4917 801 4984 regis
854 4918 1056 4971 insania
1106 4931 1497 4989 conipescatur.
1529 4925 1772 4980 Gravimi

170 5007 338 5072 plaga
369 5004 655 5072 indigebat,
689 5007 756 5060 ita
789 5015 847 5059 ut
882 5009 992 5076 ipse
1038 5023 1067 5060 a
1111 5010 1344 5065 facinore
1389 5013 1769 5071 dcterrerctur.

171 5096 243 5148 Et
273 5093 397 5163 qui,
425 5095 556 5160 aies,
592 5095 691 5148 hoc
715 5097 914 5164 justum
958 5099 1043 5163 sit,
1070 5110 1286 5169 propter
1335 5103 1480 5156 illntn
1520 5106 1650 5158 alios
1679 5122 1770 5175 pu-

169 5186 282 5238 niri
301 5186 331 5236 τ
359 5183 476 5237 Non
505 5195 721 5254 propter
750 5187 893 5242 illum
939 5191 1108 5244 solum
1148 5206 1358 5259 pinnam
1383 5194 1768 5262 sustinuerunt,

171 5277 274 5330 sed
311 5277 604 5330 verisimile
651 5287 734 5332 est
760 5293 854 5333 eos
894 5292 1208 5351 cooperatos
1239 5284 1432 5351 fuisse,
1487 5297 1541 5340 ut
1589 5299 1770 5357 postea

172 5367 900 5438 committereturiniquitas.
943 5374 1145 5427 Audisti
1172 5375 1311 5428 enim
1355 5390 1511 5446 supra
1533 5378 1770 5447 Scriptu-

176 5473 299 5512 ἐιη
327 5457 598 5512 dicentem
633 5479 648 5514 :
683 5459 750 5514 Ut
777 5463 1002 5516 uiderunt
1021 5480 1134 5516 eam
1175 5465 1427 5534 principes
1459 5466 1768 5537 Pharaonis,

178 5548 549 5614 laudauerunt,
601 5559 648 5604 et
687 5553 1072 5609 introduxerunt
1122 5572 1235 5611 eam
1285 5558 1337 5610 in
1385 5558 1588 5612 domum
1639 5562 1770 5630 ejus.

189 5641 415 5698 Vidistis
441 5657 538 5699 eos
560 5643 809 5701 lenonum
838 5663 996 5720 agere
1016 5648 1249 5705 ofﬁcium
1281 5652 1331 5705 in
1355 5652 1494 5721 regis
1521 5654 1767 5722 gratiam,

1823 756 1914 811 sed
1943 757 1994 811 in
2017 757 2187 811 virum
2216 757 2551 812 carissimum
2602 758 2730 821 Deo,
2779 757 2868 827 qui
2914 764 3060 810 tanta
3104 754 3256 810 illum
3282 768 3408 808 cura

1823 848 2156 917 dignaretur.
2181 847 2248 901 Et
2271 848 2469 903 idcirco
2500 848 2844 902 acerbissima
2891 861 3047 916 pmna
3100 846 3412 900 concutiens

1824 939 1941 1009 ejus
1969 947 2224 1004 mentem,
2253 940 2472 994 abduxit
2506 954 2536 994 a
2567 939 2770 994 nefario
2811 935 3028 1007 ﬂagitio,
3070 935 3308 991 coercuit
3345 933 3413 986 ab

1827 1032 2120 1086 irrationali
2150 1034 2346 1100 impetu
2369 1073 2384 1099 ,
2416 1030 2654 1086 cohibuit
2690 1030 3105 1086 incontinentem
3137 1034 3372 1081 mentem
3396 1063 3411 1086 ,
3494 1093 3498 1096 p

1825 1123 2060 1194 alligavit
2085 1122 2566 1193 concupiscentiam
2595 1121 2926 1186 indomitam,
2955 1117 3242 1175 refrenavit
3265 1113 3420 1170 furo-

1829 1214 1903 1268 ris
1933 1213 2213 1289 insaniam.

1903 1303 1955 1357 7.
1998 1303 2286 1372 Pmpterea
2323 1302 2443 1358 vide
2479 1310 2674 1371 quanta
2704 1308 2889 1371 postea
2929 1298 3146 1356 lenitate
3185 1295 3421 1365 loquitur

1835 1410 1929 1450 rex
1955 1437 1970 1463 ,
2001 1403 2260 1467 tyrannus
2295 1395 2385 1450 ille
2416 1394 2608 1464 hospiti
2636 1436 2651 1460 ,
2679 1395 2828 1463 quasi
2859 1405 2993 1461 vago
3017 1387 3383 1446 obambulanti
3403 1426 3419 1449 ,

1833 1487 1918 1541 cui
1949 1496 2001 1541 et
2033 1500 2250 1541 uxorem
2280 1484 2492 1541 auferre
2518 1500 2682 1540 ausus
2711 1483 2826 1539 fuit.
2861 1483 2926 1537 Et
2955 1481 3092 1536 bene
3115 1479 3247 1533 dixit
3272 1476 3422 1532 Seri-

1839 1588 2011 1650 ptura,
2045 1579 2232 1649 Aﬂlixit
2274 1576 2599 1632 Pharaonem
2642 1587 2690 1632 et
2733 1577 2939 1631 domum
2983 1575 3092 1646 ejus
3134 1571 3197 1626 ob
3237 1570 3425 1625 Suram

1838 1687 2044 1726 uxorem
2102 1670 2270 1725 Abrar.
2324 1670 2551 1723 Sensum
2596 1669 2646 1723 ei
2691 1681 2848 1738 paena
2889 1672 3102 1735 prastat
3126 1702 3142 1728 ,
3188 1659 3328 1730 quod
3357 1658 3426 1713 sit

1839 1775 1976 1815 uxor
1990 1759 2137 1830 justi.
2166 1759 2372 1814 Etenim
2395 1769 2446 1814 et
2469 1759 2521 1813 in
2544 1758 2760 1812 domum
2784 1753 3077 1811 Pharaonis
3103 1752 3423 1813 introducta,

1841 1855 2037 1908 tnansit
2057 1869 2191 1908 uxor
2214 1853 2364 1922 justi.
2391 1853 2477 1909 l8.
2501 1851 2630 1907 Cum
2645 1859 2864 1906 uocasset
2888 1857 3057 1903 autem
3084 1845 3270 1900 Abram
3293 1842 3430 1897 Plia-

1843 1961 1953 2009 rao,
1980 1945 2107 1998 dixit
2132 1945 2178 1998 ei
2194 1960 2214 1998 :
2237 1942 2405 2008 Quare
2429 1943 2523 1997 hoc
2547 1941 2711 2012 fecisti
2735 1926 2897 1993 mihi?
2917 1938 3051 1993 Vide
3069 1935 3246 2006 qualia
3268 1933 3432 1989 verba

1845 2050 1939 2091 res
1961 2034 2234 2106 profatur:
2257 2035 2426 2102 Quare
2441 2034 2536 2088 hoc
2551 2032 2713 2104 fecisti
2734 2030 2859 2084 mihi
2876 2031 2902 2085 γ
2930 2028 3120 2100 inquit.
3138 2027 3319 2098 Egone
3341 2023 3432 2077 tibi

1848 2126 1970 2192 feci,
2003 2128 2092 2194 qni
2122 2125 2432 2195 peregrinus
2456 2164 2469 2184 .
2499 2123 2588 2193 qni
2619 2122 2745 2176 nulli
2777 2129 2936 2175 nouis
2955 2157 2971 2184 ,
3000 2118 3092 2188 qui
3117 2124 3335 2188 prepter
3360 2113 3436 2166 fa-

1849 2230 1988 2269 mem
2015 2214 2200 2269 adsum
2226 2255 2240 2276 ,
2285 2214 2376 2268 tibi
2411 2213 2554 2284 regi,
2582 2221 2810 2285 tyranno
2831 2252 2847 2276 ,
2876 2217 2931 2265 et
2967 2207 3250 2279 imperanti
3275 2219 3439 2274 super

1850 2303 2176 2376 Egyptum?
2196 2303 2331 2372 Quid
2357 2303 2454 2358 feci
2484 2303 2576 2356 tibi
2595 2302 2714 2357 ?Tu
2736 2301 2866 2356 mihi
2886 2297 3151 2354 abstulisti
3179 2310 3436 2350 uxorem:

1852 2394 1989 2448 sicut
2012 2395 2347 2463 peregrinum
2379 2408 2465 2448 me
2489 2391 2795 2461 despexisti,
2824 2387 3216 2458 contempsisti,
3245 2385 3440 2439 nullius

1852 2486 2108 2538 momenti
2138 2498 2224 2539 me
2254 2482 2482 2537 habuisti
2512 2500 2526 2536 :
2559 2482 2779 2537 omnino
2823 2476 3199 2549 intemperanti
3240 2488 3442 2530 concu-

1856 2574 2126 2645 piscentia:
2155 2583 2258 2628 tute
2286 2575 2615 2643 obsequutus
2641 2587 2734 2638 es,
2770 2580 2824 2626 et
2853 2586 2974 2641 qua:
3004 2569 3097 2624 tibi
3128 2567 3404 2638 placebant
3422 2603 3442 2627 ,

1855 2677 2018 2733 opere
2047 2663 2263 2718 volebas
2289 2664 2582 2732 complere.
2612 2661 2876 2728 Quidnam
2899 2672 3028 2729 ergo
3054 2658 3153 2712 feci
3175 2656 3308 2710 tibi?
3339 2654 3446 2707 Ma-

1855 2768 1981 2823 gna,
2010 2752 2213 2822 inquit,
2241 2753 2369 2807 mihi
2399 2753 2566 2808 iecisti
2588 2795 2603 2819 ,
2634 2760 2690 2807 et
2712 2752 2891 2823 gravia
2919 2752 2974 2805 in
2996 2765 3083 2805 me
3107 2746 3443 2803 commisisti.

1859 2843 1993 2897 Vide
2031 2851 2229 2912 quanta
2276 2859 2454 2897 rerum
2497 2842 2851 2897 vicissitudo:
2891 2855 2983 2894 rex
3026 2838 3234 2910 privato
3271 2836 3444 2890 dicit:

1857 2933 1993 3000 Quid
2019 2933 2190 2988 fecisti
2218 2933 2345 2987 mihi
2373 2933 2397 2985 ?
2431 2933 2617 2996 Deum,
2646 2931 2838 3002 inquit,
2861 2929 3133 2984 inimictun
3166 2927 3294 2980 mihi
3324 2925 3449 2979 red-

1858 3023 2061 3085 didisti,
2080 3022 2212 3076 iram
2232 3026 2349 3091 ejus
2363 3038 2525 3092 super
2549 3037 2634 3076 me
2661 3020 2933 3086 indusisti,
2960 3033 3130 3088 preme
3155 3016 3447 3072 obnoxium

1861 3129 1947 3167 me
1967 3111 2266 3176 reddidisti,
2294 3111 2465 3166 fecisti
2481 3120 2538 3166 ut
2561 3126 2771 3179 ptBuam
2793 3110 2965 3164 lueret
2991 3118 3097 3162 tota
3121 3121 3238 3161 mea
3259 3108 3453 3160 domus

1861 3218 2048 3256 eorum
2074 3218 2194 3273 qua:
2234 3203 2286 3256 in
2328 3211 2380 3257 te
2409 3202 2637 3256 admissa
2668 3210 2811 3256 sunt.
2841 3199 2942 3253 Cur
2972 3201 3067 3254 hoc
3097 3199 3221 3252 mihi
3251 3197 3458 3268 fecisti?

1867 3295 2040 3362 Quare
2070 3311 2171 3348 non
2199 3294 2512 3348 annuntiasti
2538 3293 2664 3346 mihi
2691 3292 2825 3362 quod
2858 3308 2989 3345 uxor
3026 3301 3111 3344 tua
3149 3289 3321 3344 esset?
3362 3288 3451 3342 l9.

1869 3387 2038 3452 Quare
2065 3384 2238 3439 dixisti
2260 3400 2281 3439 :
2304 3383 2465 3439 Soror
2493 3400 2602 3438 utea
2628 3382 2736 3437 est?
2766 3392 2813 3436 et
2838 3382 3008 3452 accepi
3032 3397 3144 3435 eam
3177 3381 3301 3434 milii
3324 3395 3457 3431 uxo-

1865 3494 1986 3530 rem.
2011 3477 2141 3546 Ego,
2163 3475 2350 3546 inquit,
2373 3475 2523 3545 quasi
2550 3490 2789 3530 sororem
2810 3484 2950 3527 tuam
2973 3471 3214 3526 volebam
3235 3470 3451 3525 ducere.

1868 3566 1935 3620 At
1963 3567 2101 3621 unde
2128 3566 2356 3621 didicisti
2386 3581 2602 3621 uxorem
2633 3579 2752 3620 esse
2775 3564 2946 3634 juSti?
2975 3563 3128 3619 Ultor
3162 3570 3323 3616 tanta:
3351 3561 3455 3613 iui-

1867 3657 2082 3725 quitatis
2102 3698 2117 3721 ,
2148 3657 2233 3712 ille
2262 3657 2389 3712 mihi
2421 3673 2535 3710 rent
2566 3656 2830 3710 indicavit.
2860 3655 2962 3708 Cur
2987 3653 3148 3724 fecisti
3176 3651 3300 3705 mihi
3325 3652 3456 3714 hoc,

1869 3761 1913 3800 et
1942 3764 2038 3801 non
2061 3749 2296 3801 indicasti
2320 3749 2443 3802 mihi
2461 3749 2596 3818 quod
2618 3764 2748 3802 uxor
2769 3759 2856 3800 tua
2885 3745 3051 3800 esset?
3077 3755 3124 3798 et
3155 3743 3326 3812 accepi
3347 3760 3457 3795 eam

1871 3838 1995 3890 mihi
2023 3838 2122 3907 ipsi
2147 3854 2356 3892 uxorem
2385 3848 2716 3906 peccaturus.
2749 3837 2908 3904 Quasi
2935 3849 3174 3891 sororem
3199 3843 3341 3887 tuam
3366 3833 3460 3885 lia-

1873 3930 2078 3984 hiturus
2120 3930 2221 3984 hoc
2263 3929 2379 3986 feci.
2413 3930 2642 3984 Attende
2667 3929 2935 3999 quomodo
2960 3926 3202 3998 supplicii
3229 3924 3460 3996 gravitas

1871 4021 2141 4076 Concussit
2167 4019 2286 4087 ejus
2314 4029 2568 4086 mentem,
2602 4021 2671 4073 ita
2701 4027 2760 4072 ut
2784 4028 2838 4073 et
2863 4018 3010 4088 justo
3037 4018 3297 4071 rationem
3330 4013 3457 4068 red—

1873 4113 2024 4168 deret
2047 4154 2064 4179 ,
2104 4122 2159 4167 et
2196 4128 2355 4168 omne
2378 4128 2502 4183 erga
2531 4127 2652 4168 eum
2682 4111 2978 4166 declararet
3018 4109 3272 4164 officium.
3300 4107 3458 4175 Atqui

1875 4204 1976 4259 nisi
2007 4205 2097 4259 Dei
2125 4203 2310 4258 fuisset
2336 4205 2502 4273 gratia
2529 4246 2544 4269 ,
2570 4219 2688 4274 quat
2717 4211 2951 4257 mentem
2974 4200 3090 4270 cjus
3115 4197 3423 4254 emolliehat
3443 4238 3460 4262 ,

1874 4303 1928 4350 et
1957 4305 2156 4348 metum
2186 4294 2260 4347 illi
2283 4294 2590 4358 incutiebat,
2619 4307 2952 4362 consequens
2981 4300 3240 4351 eratcum
3264 4289 3316 4342 in
3348 4301 3462 4340 ma-

1871 4386 2043 4453 jorem
2089 4383 2325 4438 furorem
2373 4383 2642 4437 inductum
2681 4383 2832 4452 quasi
2878 4382 3218 4449 deceptorem
3256 4380 3462 4447 justum

1877 4476 2182 4545 punitorum
2214 4475 2376 4529 fuisse
2395 4515 2410 4540 ,
2451 4484 2504 4529 et
2532 4475 2788 4529 extremis
2816 4472 3130 4527 aﬂ'ecturum
3162 4468 3464 4540 suppliciis.

1877 4567 1946 4619 At
1972 4563 2100 4619 nihil
2128 4564 2314 4619 horum
2342 4564 2462 4619 fecit
2487 4583 2501 4618 :
2531 4567 2691 4619 timor
2714 4564 2858 4620 enim
2889 4562 3129 4632 supplicii
3159 4560 3464 4615 inﬂamma—

1878 4668 1981 4712 tam
2014 4661 2129 4727 ejus
2154 4659 2285 4713 iram
2322 4659 2574 4727 repressit
2601 4667 2655 4711 et
2683 4656 2927 4712 restinxit
2959 4673 2972 4710 :
3005 4654 3144 4708 unde
3170 4668 3332 4706 unum
3364 4650 3467 4705 hoc

1875 4751 2114 4816 curabat,
2138 4758 2196 4803 ut
2213 4764 2337 4819 erga
2362 4749 2561 4818 justum
2583 4749 2852 4804 ofﬁciosus
2871 4755 3033 4801 esset.
3064 4745 3298 4800 Rescivit
3319 4743 3470 4799 eniut

1879 4841 2090 4895 tandem
2115 4882 2129 4904 ,
2159 4857 2264 4895 non
2293 4855 2411 4895 esse
2433 4841 2686 4910 possibile
2708 4856 2830 4894 eum
2859 4839 3134 4909 vulgarem
3161 4837 3468 4906 quempiam

1876 4945 1998 4983 esse
2022 4969 2037 4996 ,
2075 4931 2162 5000 qui
2206 4939 2349 4984 tanta
2388 4946 2614 5000 superna
2656 4930 3026 4985 benevolentia
3065 4928 3348 4983 frueretur.
3399 4924 3468 4978 Et

1878 5034 2010 5071 nunc
2049 5035 2162 5072 ecce
2198 5035 2328 5073 uxor
2360 5028 2446 5073 tua
2480 5037 2653 5074 coram
2687 5031 2734 5073 te
2756 5061 2770 5085 ,
2805 5030 3011 5088 accepta
3049 5035 3107 5073 ea
3149 5019 3286 5072 ocius
3316 5017 3463 5070 uade.

1877 5111 2027 5165 Nunc
2049 5154 2063 5177 ,
2094 5111 2263 5181 inquit
2285 5152 2299 5175 ,
2328 5112 2449 5182 quia
2477 5114 2698 5183 cognovi
2731 5127 2836 5166 non
2865 5127 2986 5166 esse
3012 5126 3253 5166 sororem
3282 5119 3424 5164 tuam
3447 5151 3465 5176 ,

1876 5202 1971 5256 sed
1997 5217 2253 5266 uxorem,
2283 5217 2408 5257 ecce
2445 5205 2607 5261 habes
2634 5220 2773 5258 eam.
2805 5204 2987 5274 Neque
3015 5203 3155 5258 enim
3185 5203 3292 5256 ulla
3324 5202 3378 5258 in
3407 5216 3469 5255 re

1876 5291 2148 5360 deturpavi
2174 5293 2476 5362 conjugium
2505 5305 2763 5359 vestrum,
2794 5310 2965 5363 neque
2991 5293 3190 5363 privavi
3217 5302 3268 5346 te
3300 5306 3472 5347 uxore

1878 5391 1984 5436 tua.
2020 5383 2125 5437 Sed
2150 5399 2260 5437 ecce
2289 5401 2416 5440 uxor
2440 5394 2525 5438 tua
2546 5402 2716 5438 coram
2743 5396 2810 5454 te,
2839 5395 3045 5454 accepta
3069 5401 3128 5438 ea
3153 5384 3290 5436 ocius
3319 5381 3464 5434 vade.

1876 5473 2006 5541 Quae
2032 5489 2183 5528 mens
2211 5476 2405 5545 poterit
2430 5475 2585 5545 digne
2614 5492 2733 5546 qua:
2759 5477 2894 5531 facta
2923 5486 3049 5531 sunt
3075 5474 3351 5536 admirari,
3377 5481 3470 5526 aut

1874 5577 1993 5636 qua:
2017 5564 2192 5634 lingua
2217 5569 2528 5625 miraculum
2553 5569 2746 5624 valebit
2765 5569 3053 5627 enarrare?
3076 5567 3265 5621 Mulier
3282 5565 3467 5634 splen~

1885 5658 2004 5712 dida
2043 5660 2208 5716 forma
2238 5661 2394 5717 simul
2421 5677 2539 5717 cum
2567 5661 2683 5717 viro
2714 5661 2966 5735 Egyptio
2987 5705 3001 5731 ,
3035 5672 3088 5718 et
3114 5675 3239 5730 rege
3260 5701 3272 5722 ,
3300 5668 3354 5714 et
3383 5668 3468 5728 ly-
