4054 6324
628 408 633 419 .
678 373 723 420 οὗ
1397 369 1447 419 S.
1492 367 1763 422 J(l.\.\'NlS
1801 368 2272 423 CIIRYSOSTOSH
2315 368 2629 423 AlleIIIEP.
2674 369 3207 426 CONSTANTINOP.

622 496 803 546 unum,
833 492 885 535 et
913 481 987 536 sic
1011 482 1218 549 insano,
1238 492 1290 537 ct
1316 482 1697 535 incontinenter
1723 480 1910 537 all‘ccto
1933 497 2186 537 concutnr

618 576 782 640 hens,
836 574 1029 627 intacta
1074 574 1356 644 egreditur,
1404 583 1608 630 servata
1635 575 1875 629 castitate
1901 590 2017 630 sua.
2050 575 2190 630 Talia

613 665 774 724 enim,
804 666 942 718 sicut
970 667 1112 733 prius
1141 664 1279 727 dixi,
1314 674 1433 718 sunt
1458 680 1573 734 qua:
1601 681 1630 719 a
1661 666 1769 720 Deo
1795 666 2189 736 dispensantur,

616 774 729 809 rara
753 772 966 825 semper
991 766 1043 811 et
1072 756 1393 810 admirabilia
1423 773 1436 808 :
1465 766 1519 811 et
1544 757 1755 826 quando
1780 758 1917 827 apud
1950 758 2190 813 homines

611 849 945 916 tit-speratum
978 859 1055 902 est
1078 889 1093 911 ,
1125 858 1247 902 tunc
1276 849 1521 904 invictam
1551 851 1599 903 in
1626 849 1873 904 omnibus
1900 851 2186 920 potentiam

610 955 758 993 suam
806 941 943 992 Dens
980 939 1232 993 declarat.
1284 942 1565 995 Enimvero
1607 941 1740 994 sicut
1786 940 2098 997 admirabile
2137 949 2189 996 ct

608 1045 783 1083 rarum
815 1040 929 1083 erat
961 1030 1140 1084 videre
1161 1032 1329 1086 virum
1355 1031 1738 1087 desideriorum
1766 1042 1908 1087 stare
1939 1034 1989 1086 in
2016 1033 2189 1088 medio

609 1121 833 1173 terarum
863 1120 880 1189 (
909 1118 1041 1174 Dan.
1072 1122 1193 1191 Η),
1221 1133 1273 1177 et
1301 1122 1429 1176 nihil
1456 1122 1585 1191 pati,
1615 1123 1709 1178 sed
1739 1124 1888 1193 quasi
1916 1138 2039 1178 oves
2064 1138 2184 1177 cum

605 1213 1121 1279 circumstetissent,
1169 1214 1238 1268 ita
1284 1215 1505 1269 illzrsum
1551 1215 1727 1285 egredi
1760 1230 1790 1270 e
1818 1216 1971 1280 lacu;
1999 1225 2048 1268 et
2079 1222 2187 1268 tres

603 1318 797 1372 pueros
837 1304 888 1358 in
917 1304 1127 1359 camino
1153 1306 1303 1374 quasi
1334 1305 1385 1358 in
1426 1314 1580 1374 prato
1609 1315 1664 1360 et
1692 1307 1741 1361 in
1770 1307 1924 1360 horto
1948 1307 2182 1373 versari,

601 1404 653 1450 et
681 1396 811 1451 nihil
854 1397 921 1451 ab
950 1398 1068 1468 igne
1098 1396 1218 1451 lzcdi
1244 1395 1369 1466 (Id.
1398 1398 1433 1453 3
1456 1398 1476 1469 )
1498 1440 1512 1460 ,
1544 1398 1636 1453 sed
1684 1384 1859 1469 egredi
1892 1397 2016 1453 inde
2048 1409 2183 1452 tam-

601 1505 759 1557 quam
786 1498 987 1543 statuas
1015 1506 1027 1544 :
1063 1489 1280 1563 perinde
1312 1490 1381 1545 ita
1408 1490 1755 1545 admiratione
1778 1491 1993 1561 dignum
2020 1500 2102 1546 est
2130 1501 2183 1546 et

605 1579 703 1634 hoc
745 1578 986 1646 facinus,
1031 1570 1171 1649 σιεὸά
1211 1580 1339 1650 jI-sti
1389 1596 1523 1635 uxor
1569 1582 1764 1635 nullam
1807 1582 2179 1637 contumeliam

601 1680 818 1735 experta
863 1685 891 1723 a
934 1685 1055 1740 rege
1084 1670 1334 1741 Egyptio
1364 1713 1378 1737 ,
1427 1680 1650 1741 tyranno
1680 1711 1694 1736 ,
1751 1672 2135 1740 intemperante
2162 1712 2180 1737 ,

601 1762 792 1813 exierit
828 1761 992 1814 salva.
1028 1761 1162 1843 Degs
1194 1762 1333 1816 enim
1360 1772 1469 1816 crat
1498 1764 1587 1831 qui
1623 1763 1847 1817 faciebat
1875 1764 2052 1818 omnia
2081 1806 2094 1827 ,
2129 1774 2180 1818 et

602 1850 651 1902 in
681 1850 836 1904 inviis
859 1850 997 1903 viam
1018 1850 1198 1916 dabat,
1215 1850 1303 1921 qui
1329 1866 1475 1920 spem
1500 1853 1690 1907 bonam
1706 1867 1920 1923 semper
1940 1854 1991 1909 in
2021 1855 2182 1911 rebus

598 1942 883 2009 deploratis
910 1942 1102 1998 afferre
1124 1945 1284 1999 valet.
1315 1945 1377 1999 Et
1408 1964 1559 2008 num,
1591 1950 1782 2016 inquit,
1810 1966 1919 2003 erce
1945 1966 2072 2003 uxor
2094 1960 2181 2004 tua

598 2049 766 2085 rorant
798 2044 861 2096 te,
890 2046 1091 2105 accepta
1117 2053 1175 2089 ea
1202 2039 1339 2090 ocius
1368 2038 1513 2092 vade.
1546 2038 1620 2093 Ne
1643 2040 1918 2095 existimes
1942 2080 1956 2103 ,
1992 2041 2178 2111 inquit,

600 2135 651 2179 te
676 2140 705 2177 a
736 2126 888 2179 nobis
920 2127 1106 2195 injuria
1137 2127 1379 2182 all'cctnm
1411 2144 1549 2184 esse.
1588 2129 1717 2183 Nam
1766 2131 1887 2184 licet
1913 2146 2007 2199 per
2033 2132 2179 2200 igno-

598 2218 820 2271 rantiam
847 2220 1282 2273 altentaverimns
1307 2235 1425 2288 quze
1467 2219 1600 2273 facta
1641 2231 1761 2274 sunt
1791 2263 1805 2284 ,
1837 2238 1977 2275 nunc
2002 2232 2175 2276 tamen

598 2322 719 2361 cccc
743 2310 1084 2376 cognovimus
1107 2326 1265 2379 quem
1288 2310 1487 2365 habeas
1507 2311 1836 2368 defensorem
1855 2332 1867 2368 :
1888 2314 2177 2385 indignatio

597 2398 735 2452 enim
762 2413 880 2466 qua:
906 2399 956 2452 in
982 2414 1079 2454 nos
1106 2400 1327 2455 desccvit
1349 2442 1363 2465 ,
1396 2401 1575 2457 docuit
1601 2417 1696 2457 nos
1719 2414 1969 2473 quantum
1996 2407 2177 2474 gratiae

599 2487 687 2539 tibi
713 2489 779 2540 sit
810 2489 947 2555 apud
977 2489 1143 2544 Deum
1172 2492 1429 2545 omnium.
1454 2493 1680 2561 Accepta
1710 2495 1868 2563 igitur
1897 2510 2061 2550 uxore
2090 2504 2176 2549 tua

596 2580 744 2631 ocius
766 2580 915 2633 vade.
936 2580 1210 2637 Terribilis
1245 2593 1422 2652 postea
1442 2595 1557 2638 erat
1582 2586 1659 2639 eis
1676 2586 1868 2653 justus,
1900 2597 2174 2656 propterea

597 2669 799 2736 magnis
841 2668 1029 2725 officiis
1061 2685 1184 2726 eum
1221 2673 1465 2742 prosequi
1495 2675 1820 2729 contendunt
1849 2717 1865 2743 ,
1906 2678 2177 2747 p‘acantes

599 2761 763 2827 ipsius
808 2762 1084 2818 Dominum
1127 2772 1345 2835 propter
1384 2780 1445 2821 ea
1490 2782 1610 2836 qua:
1654 2768 1705 2821 in
1760 2768 1906 2821 illmu
1950 2771 2175 2824 commi-

596 2858 792 2903 St'taltl.

665 2938 717 2992 8.
755 2939 959 3002 Vidisti,
988 2940 1178 2996 dilecte
1203 2983 1215 3005 ,
1246 2952 1499 3011 quantum
1529 2943 1722 2999 bonum
1749 2948 1816 3000 sit
1843 2948 2090 3013 patientia
2122 2957 2177 3003 et

597 3031 1030 3097 perseverantia?
1060 3032 1173 3097 llic,
1203 3048 1402 3102 qnarso,
1437 3050 1640 3088 memor
1659 3050 1690 3090 e
1724 3046 1776 3090 to
1805 3038 2086 3093 verborum
2113 3040 2176 3094 il-

596 3120 765 3174 lorum
794 3137 911 3189 qua:
942 3122 1235 3191 patriarcha
1262 3123 1471 3178 dicebat
1498 3124 1783 3196 x’Egyptum
1812 3128 2174 3197 ingressurus:

596 3209 718 3263 Scio
752 3212 886 3280 quod
925 3214 1103 3265 mulier
1131 3214 1344 3282 pulchra
1370 3216 1438 3268 sis
1464 3229 1481 3267 :
1510 3216 1737 3283 futurum
1781 3228 1854 3271 est
1892 3219 2092 3289 itaque,
2122 3230 2177 3274 ut

595 3315 708 3351 cum
735 3310 782 3352 te
806 3301 1015 3353 viderint
1036 3301 1293 3372 Egyptii,
1326 3320 1405 3356 me
1426 3306 1628 3373 quidem
1657 3307 1907 3371 occidant,
1938 3318 1986 3362 te
2007 3321 2173 3363 autem

593 3396 803 3440 seruent.
828 3388 933 3443 Illis
951 3389 1108 3458 igitur
1127 3392 1177 3443 in
1202 3401 1377 3446 mente
1395 3395 1702 3464 resumptis,
1717 3397 1995 3452 considera
2012 3399 2173 3453 etiam

593 3492 711 3546 qua:
741 3494 879 3533 nunc
912 3478 1041 3533 fiunt
1062 3522 1075 3544 ,
1108 3490 1164 3534 et
1198 3482 1461 3538 admirare
1489 3484 1643 3539 simul
1682 3486 1808 3554 justi
1838 3488 2171 3542 tolerantiam

593 3578 647 3622 et
664 3569 1020 3625 misericordis
1045 3570 1135 3625 Dei
1160 3572 1427 3639 virtutem,
1446 3584 1639 3643 quanta
1668 3591 1788 3629 cum
1807 3577 1973 3647 gloria
1998 3578 2175 3634 redire

592 3670 741 3714 curet
765 3661 960 3730 justum
987 3706 1000 3726 ,
1028 3663 1115 3732 qui
1144 3679 1262 3718 cum
1293 3672 1439 3719 tanto
1468 3666 1655 3721 timore
1682 3675 1734 3721 et
1762 3677 1903 3723 metu
1934 3678 2172 3724 venerat.

591 3752 680 3805 20.
712 3752 776 3805 Et
806 3756 1058 3823 pra'cepit.
1093 3755 1279 3825 inquit,
1314 3755 1517 3811 Pharao
1543 3758 1669 3812 viris
1692 3776 1843 3829 super
1866 3760 2051 3814 Abram
2073 3802 2088 3824 ,
2121 3772 2175 3814 ut

592 3844 709 3897 inde
733 3842 980 3897 deducant
1005 3862 1118 3898 eum
1142 3888 1155 3910 ,
1184 3857 1229 3900 et
1257 3863 1463 3902 uxorem
1491 3851 1601 3918 ejus
1620 3892 1634 3914 ,
1662 3861 1707 3903 et
1732 3853 1902 3905 omnia
1925 3868 2039 3919 qua:
2064 3857 2172 3917 eius

592 3943 734 3986 eram
754 3977 768 4000 ,
796 3945 841 3987 et
876 3934 966 3987 Lot
992 3952 1107 3988 cum
1149 3953 1224 3989 eo.
1255 3936 1439 4006 Magna
1466 3953 1585 3993 cum
1610 3940 1851 3995 claritate
1877 3952 1931 3995 et
1966 3942 2130 4011 gloria
2156 3984 2169 4006 ,

598 4024 1050 4093 locupletatusque
1076 4025 1274 4080 divitiis
1304 4026 1440 4081 redit
1469 4028 1635 4091 iustus
1662 4045 1675 4082 :
1705 4038 1757 4082 et
1783 4028 1842 4083 fit
1868 4028 2057 4084 doctor
2084 4047 2178 4099 per

598 4128 659 4167 ea
690 4128 807 4182 qua:
842 4116 1215 4182 contigerunt,
1249 4131 1353 4169 non
1384 4117 1555 4171 solum
1583 4116 1863 4187 Egyptiis,
1895 4119 1987 4173 sed
2015 4120 2174 4173 etiam

596 4207 841 4260 omnilms
866 4207 952 4276 qui
986 4207 1035 4260 in
1066 4207 1254 4262 itinere
1285 4216 1438 4262 erant
1458 4249 1471 4270 ,
1500 4217 1554 4261 et
1585 4209 1645 4261 iis
1672 4209 1761 4278 qui
1805 4210 1855 4263 in
1895 4210 2175 4265 Palestina

598 4297 918 4349 habitabant.
963 4295 1093 4350 Nam
1118 4306 1372 4367 quotquot
1400 4296 1639 4351 viderant
1673 4313 1793 4351 eum
1833 4298 2044 4367 quando
2078 4300 2172 4354 de-

597 4387 804 4443 scendit
848 4387 984 4441 fame
1018 4395 1232 4441 coactus
1254 4427 1269 4452 ,
1307 4390 1498 4441 timore
1527 4398 1580 4441 et
1610 4397 1836 4441 tremore
1862 4396 2136 4457 correptus
2157 4430 2173 4453 ,

595 4494 735 4533 nunc
760 4494 885 4533 vero
908 4479 1215 4534 redeuntem
1251 4494 1371 4533 cum
1402 4488 1543 4533 tanta
1572 4478 1814 4533 claritate
1838 4488 1890 4533 et
1918 4479 2179 4534 facultati~

596 4571 695 4623 bus
729 4579 780 4623 et
819 4570 1015 4623 divitiis
1040 4610 1055 4635 ,
1098 4570 1371 4623 discebant
1405 4570 1652 4625 virtutem
1693 4571 2037 4638 providentia:
2081 4571 2173 4626 Dei

595 4676 717 4729 erga
742 4661 909 4714 illum.
943 4661 1071 4728 Quis
1099 4660 1229 4715 vidit
1254 4662 1541 4730 umquam?
1562 4661 1680 4729 quis
1696 4660 1933 4717 audivit?
1958 4662 2099 4715 Abiit
2123 4672 2179 4718 ut

597 4752 787 4805 lamem
819 4768 967 4805 suam
997 4754 1295 4821 mitigaret;
1327 4760 1381 4806 et
1409 4752 1605 4807 divitiis
1632 4753 1908 4807 abundans
1934 4754 2177 4808 ineffabi-

599 4844 736 4909 liqnc
764 4858 880 4895 cum
910 4843 1073 4909 gloria
1106 4842 1258 4897 redit.
1292 4842 1369 4897 Ne
1399 4843 1677 4897 admireris
1697 4885 1708 4906 ,
1735 4844 1929 4897 dilecte
1952 4884 1968 4907 ,
2000 4860 2065 4899 ne
2098 4843 2175 4897 fa-

600 4943 739 4984 ctum
770 4932 867 4984 hoc
900 4936 967 4985 ita
1002 4934 1318 5001 stupendum
1349 4934 1439 4987 tibi
1469 4934 1707 4987 videatur
1733 4952 1746 4987 :
1780 4936 1885 4987 imo
1912 4935 2176 4989 admirare

597 5034 650 5075 et
676 5024 1010 5092 olistnpesce,
1039 5033 1090 5078 et
1115 5026 1323 5078 celebra
1353 5027 1650 5079 communis
1675 5027 1910 5080 omnium
1940 5036 2177 5081 nostrum

602 5115 807 5167 lioniini
855 5117 1120 5171 virtutem.
1175 5117 1241 5170 Et
1291 5116 1408 5171 vide
1461 5119 1618 5171 etiam
1670 5119 1808 5171 illius
1848 5131 2064 5187 nepotes
2110 5120 2180 5173 ob

598 5206 837 5259 eamdem
870 5206 1019 5259 fatuis
1039 5210 1405 5263 neccs~itatcm
1430 5207 1480 5263 in
1510 5208 1794 5278 [Egyptum
1817 5209 2176 5269 descendisse.

598 5305 646 5347 et
677 5311 795 5350 cum
822 5298 887 5350 ibi
917 5298 965 5349 in
993 5298 1133 5365 gravi
1157 5299 1408 5353 servitute
1430 5299 1704 5363 vixissent,
1730 5302 2024 5367 multasque
2056 5316 2175 5366 pcr-

600 5389 841 5441 tulisscnt
858 5405 1141 5452 a-rumnas,
1162 5389 1490 5444 facu'tatihus
1507 5401 1691 5445 auctos
1709 5392 1916 5446 tandem
1936 5392 2178 5445 rediisse.

600 5476 742 5529 Talis
778 5479 914 5530 enim
944 5489 1024 5533 est
1070 5480 1489 5547 sapientissimus
1536 5482 1669 5535 licus
1714 5491 1926 5545 noster,
1971 5482 2181 5549 quando

602 5571 850 5635 permittit
886 5572 1062 5640 augeri
1092 5582 1144 5625 et
1169 5573 1469 5626 coacervari
1506 5574 1773 5627 molestias
1797 5616 1809 5638 ,
1842 5583 1964 5627 tunc
1991 5574 2179 5626 iterant

602 5660 837 5713 discussa
886 5672 1234 5732 tempestate,
1281 5664 1620 5720 serenitatem
1667 5681 1950 5734 rerumque
1992 5665 2178 5717 miram

604 5750 1021 5807 vicissitudinem
1050 5754 1191 5821 facit,
1214 5754 1411 5810 ducens
1443 5770 1537 5810 nos
1556 5772 1662 5810 sun
1694 5758 1942 5825 potentia:
1971 5760 2176 5824 magni-

3790 373 3887 426 ΞΜ

2298 482 2555 537 tudinem.
2581 484 2627 537 l.
2652 484 2669 550 (
2694 483 2817 552 (ἔαρ.
2845 486 2908 540 l5
2929 488 2946 555 )
2970 487 3201 538 Ascendit
3229 495 3394 538 autem
3414 486 3599 538 Abram
3628 502 3694 540 ea:
3717 486 3886 554 ,1199-

2297 583 2402 643 pto,
2426 574 2533 641 ipse
2564 585 2610 629 et
2635 591 2763 628 umor
2786 578 2892 645 ejus
2916 618 2928 639 ,
2957 587 3004 630 et
3033 578 3203 630 onmia
3227 592 3339 645 qum
3365 578 3475 646 ejus
3502 590 3645 630 erant
3670 618 3686 639 ,
3722 590 3768 630 et
3800 578 3889 629 Lat

2296 680 2411 716 cum
2452 681 2508 718 eo
2531 706 2547 731 ,
2600 666 2651 718 in
2681 667 3018 719 solitudinem.
3067 666 3375 736 Opportune
3406 667 3492 721 hic
3529 670 3652 739 quis
3671 684 3887 722 accom-

2296 758 2523 812 modarit
2554 759 2710 812 verba
2743 758 2827 812 illa
2854 801 2869 823 ,
2902 776 3020 828 qua:
3047 761 3230 814 beatus
3264 760 3425 815 David
3452 761 3516 815 iis
3540 761 3631 830 qui
3658 775 3692 814 e
3720 761 3887 831 [ωιν-

2294 846 2465 902 Ionica
2506 848 2747 903 redibant
2786 849 3091 919 captivitate
3129 850 3379 906 dicebat:
3411 851 3514 916 Qui
3555 852 3889 904 seminantin

2297 939 2555 1009 lacrymis,
2584 940 2635 993 in
2666 941 2998 995 exsultatione
3026 950 3228 997 metent.
3251 940 3442 996 Euntes
3461 944 3602 996 ibant
3624 952 3672 996 et
3698 943 3887 1011 ﬂebant

2295 1032 2542 1085 mittentes
2557 1032 2748 1084 semina
2768 1049 2877 1086 sua.
2907 1031 3165 1087 Venientes
3188 1045 3355 1087 autem
3370 1035 3565 1088 venient
3580 1035 3636 1088 in
3655 1038 3886 1089 asella-

2294 1123 2449 1189 tione,
2471 1134 2717 1193 gestantes
2737 1124 3023 1191 manipulos
3042 1142 3161 1180 suos
3184 1125 3351 1196 (Psat.
3373 1127 3496 1181 125.
3510 1127 3566 1182 5.
3589 1126 3671 1197 6).
3700 1127 3887 1182 Vidisti

2292 1212 2605 1268 descensum
2636 1216 2900 1270 anxietate
2927 1226 3085 1286 atque
3112 1217 3300 1278 timore
3326 1217 3561 1287 plenum,
3591 1217 3881 1273 habentem

2292 1318 2471 1359 secum
2497 1314 2552 1358 et
2578 1304 2764 1359 mortis
2793 1306 3176 1361 formidinem?
3204 1307 3335 1362 Vide
3355 1323 3495 1363 nunc
3519 1309 3752 1363 reditum
3780 1310 3887 1364 cla-

2291 1394 2447 1448 ritate
2473 1404 2527 1448 ct
2552 1394 2806 1464 dignitate
2846 1396 3009 1450 multa
3048 1400 3414 1467 conspicuum.
3446 1398 3710 1454 Omnibus
3740 1402 3882 1456 enim

2294 1485 2513 1552 posthac
2540 1487 2860 1541 venerabilis
2903 1496 3017 1543 erat
3063 1487 3241 1555 justus
3285 1488 3376 1542 ille
3419 1498 3525 1543 tam
3574 1489 3643 1545 iis
3689 1492 3783 1560 qui
3836 1493 3886 1545 in

2291 1574 2522 1646 Egypto
2542 1618 2555 1641 ,
2588 1592 2747 1646 quam
2793 1577 2858 1631 iis
2900 1580 2987 1647 qui
3028 1577 3081 1632 in
3110 1576 3412 1633 Pala‘slina.
3442 1577 3574 1645 Quis
3598 1581 3749 1634 enim
3781 1598 3886 1635 non

2289 1666 2549 1721 reveritus
2582 1666 2767 1721 fuisset
2791 1683 2911 1721 eum
2939 1670 3029 1738 qui
3059 1670 3138 1721 sic
3164 1683 3194 1721 a
3221 1669 3336 1723 Deo
3361 1669 3663 1725 custoditus
3690 1671 3765 1725 sit
3788 1712 3804 1735 ,
3835 1681 3889 1726 et

2290 1765 2485 1809 tantam
2536 1756 2959 1812 benevolentiam
3004 1759 3369 1827 assequutus?
3410 1758 3693 1815 Neminem
3741 1762 3883 1816 enim

2289 1850 2422 1903 forte
2454 1849 2688 1903 latebant
2714 1864 2797 1915 ea,
2828 1864 2947 1919 quae
2976 1851 3089 1919 regi
3113 1857 3169 1905 et
3193 1850 3377 1905 domui
3404 1850 3521 1920 ejus
3548 1852 3880 1909 acciderant.

2286 1941 2473 1995 Onmia
2501 1942 2640 1996 cnim
2672 1942 2808 1997 Deus
2834 1950 3114 2012 propterea
3146 1942 3404 2011 permisit,
3435 1952 3490 1999 et
3516 1958 3763 2014 eousque
3783 1946 3883 2001 du-

2286 2042 2537 2086 raverunt
2559 2034 2875 2088 tentationes
2897 2033 3045 2103 justi,
3069 2042 3126 2088 ut
3146 2034 3263 2103 ejus
3288 2034 3538 2103 patientia
3568 2035 3775 2090 clarior
3794 2037 3885 2090 ﬁe-

2287 2130 2388 2183 ret,
2413 2131 2468 2177 et
2490 2121 2623 2176 facta
2650 2123 2768 2191 ejus
2795 2125 2846 2176 in
2880 2132 3046 2178 totum
3069 2124 3252 2179 orbem
3282 2123 3710 2194 divulgarentur,
3740 2128 3887 2181 itaut

2287 2212 2463 2265 nullus
2487 2223 2629 2267 esset
2657 2213 2745 2282 qui
2772 2213 2899 2279 justi
2929 2213 3177 2268 virtutem
3204 2214 3491 2283 ignoraret.

2354 2302 2408 2357 9.
2455 2301 2667 2359 Moralis
2716 2304 3018 2358 exhortatio.
3059 2305 3269 2375 Aﬁlictio
3308 2306 3511 2375 signum
3553 2307 3887 2376 providentia:

2283 2395 2484 2448 divinae.
2517 2424 2588 2433 —
2615 2393 2854 2459 Vidistis,
2883 2394 3093 2461 dilecti,
3124 2405 3379 2463 quantum
3404 2411 3470 2449 ex
3496 2397 3885 2451 tentatitmihns

2285 2483 2528 2537 lucrum?
2550 2482 2754 2538 vidistis
2771 2494 3027 2553 quantum
3045 2484 3312 2553 patientia:
3333 2488 3608 2555 przcmium
3625 2486 3651 2539 ἲ
3670 2486 3887 2542 vidistis

2283 2587 2334 2628 et
2361 2575 2557 2637 virum,
2591 2584 2643 2628 et
2672 2575 2983 2641 mulierem,
3019 2583 3074 2629 et
3097 2590 3304 2641 senem,
3337 2585 3391 2630 et
3421 2576 3673 2643 vetulam,
3706 2593 3883 2647 quan-

2285 2673 2392 2718 tum
2423 2664 2772 2734 philosophiae
2800 2681 2905 2733 pne
2934 2681 2994 2720 se
3019 2666 3293 2720 tulerunt?
3321 2677 3574 2737 quantum
3604 2667 3884 2723 fortitudi-

2285 2755 2371 2807 nis
2395 2796 2410 2821 ,
2438 2764 2691 2824 quantum
2738 2765 2934 2809 muttire
2973 2755 3307 2819 dilectionis,
3339 2766 3590 2826 quantum
3633 2759 3887 2813 Caritatis

2284 2847 2550 2901 vinculum
2580 2845 3057 2900 demonstrarunt?
3093 2847 3244 2901 Illum
3274 2862 3464 2902 omnes
3492 2848 3779 2911 imitemur,
3814 2860 3884 2902 et

2283 2953 2571 3008 numquam
2592 2939 2882 2993 tristemur.
2900 2938 2978 2993 Ne
2993 2938 3356 2993 existimemus
3371 2954 3491 2993 esse
3504 2939 3705 3008 signum
3724 2940 3883 3009 quod

2283 3042 2380 3083 nos
2408 3029 2751 3098 dereliqucrit
2775 3036 2829 3083 et
2864 3027 3123 3096 despiciat
3150 3027 3408 3112 Dominus
3430 3071 3445 3093 ,
3476 3030 3521 3084 si
3547 3030 3885 3084 tentationes

2282 3123 2435 3178 nobis
2465 3123 2760 3177 inferantur
2793 3140 2806 3177 :
2836 3121 2931 3177 sed
2960 3120 3061 3175 hoc
3102 3122 3389 3175 maximum
3427 3121 3500 3176 sit
3539 3121 3688 3175 nobis
3730 3121 3882 3175 indi-

2281 3214 2443 3280 cium,
2472 3213 2613 3282 quod
2637 3213 2773 3266 Dens
2799 3213 2964 3266 nostri
2986 3227 3168 3266 curam
3189 3224 3357 3282 gerat.
3386 3212 3517 3266 Nam
3544 3212 3639 3266 etsi
3667 3212 3884 3267 habea-

2282 3320 2400 3357 mus
2422 3313 2757 3371 peccatorum
2779 3302 3013 3356 sarcinas
3031 3317 3150 3369 qutc
3176 3316 3273 3356 nos
3290 3311 3550 3371 premant,
3575 3303 3883 3371 poterimus

2283 3408 2524 3461 magnam
2552 3393 2856 3461 patientiam
2876 3403 2924 3447 et
2947 3392 3235 3460 gratiarum
3262 3391 3525 3445 actionem
3547 3391 3883 3446 declaranda

2282 3484 2510 3538 leviores
2534 3498 2625 3537 eas
2661 3483 2836 3537 facere
2868 3501 2880 3537 :
2912 3492 2967 3537 et
3003 3482 3046 3535 si
3087 3496 3193 3534 non
3224 3481 3386 3535 multa
3416 3480 3702 3535 habeamus
3735 3497 3875 3552 ρω-
3958 3520 3963 3523 -

2281 3582 2417 3639 cata,
2442 3573 2633 3626 iterum
2659 3571 2842 3641 majori
2873 3570 3107 3623 fruemur
3124 3570 3312 3639 gratia,
3345 3571 3391 3623 si
3411 3581 3561 3639 grato
3585 3570 3769 3623 animo
3792 3581 3882 3625 tu-

2282 3661 2517 3715 lerimus.
2533 3660 2665 3728 Quia
2687 3662 2827 3715 enim
2853 3660 2990 3714 Deus
3016 3671 3196 3713 noster
3213 3658 3444 3712 liberalis
3467 3667 3571 3723 est,
3593 3669 3642 3712 et
3669 3670 3879 3716 nostrae

2280 3752 2466 3808 salutis
2490 3768 2669 3808 curam
2696 3750 2832 3821 gerit
2857 3768 2870 3804 :
2899 3766 2960 3804 ca
2985 3750 3052 3805 de
3076 3764 3232 3804 causa
3250 3750 3399 3818 quasi
3419 3751 3614 3804 lactant
3635 3759 3689 3805 et
3708 3767 3876 3805 exer-

2280 3830 2436 3901 cendi
2468 3848 2741 3899 materiam
2780 3843 2930 3896 nobis
2969 3842 3251 3909 proponit,
3283 3856 3380 3912 pro
3417 3840 3589 3895 stadio
3618 3850 3671 3894 et
3703 3855 3875 3898 arena

2284 3935 2602 3989 tentatioaes
2628 3934 2858 3987 inferens
2891 3951 2904 3987 :
2936 3939 2996 3985 ut
3025 3931 3069 3983 si
3095 3933 3234 4001 quod
3263 3942 3502 3985 nostrum
3531 3940 3612 3985 est
3645 3942 3876 4001 praste-

2285 4042 2423 4094 mus,
2447 4027 2672 4096 largiore
2689 4024 2937 4095 dignetur
2962 4038 3059 4078 nos
3081 4038 3173 4077 sua
3198 4023 3547 4092 providentia.
3570 4021 3723 4088 Quod
3746 4039 3872 4077 eum

2283 4121 2542 4183 sciamus,
2574 4134 2639 4172 ne
2669 4119 2846 4171 tristes
2876 4118 3041 4170 simus
3068 4116 3121 4169 in
3153 4114 3556 4177 tentatinnibus,
3590 4130 3765 4185 neque
3792 4115 3873 4171 af-

2284 4210 2544 4265 ﬂictiones
2570 4209 2826 4278 gravatim
2858 4208 3089 4262 feramus
3117 4223 3131 4260 :
3164 4206 3256 4260 sed
3285 4215 3339 4261 et
3374 4204 3705 4275 gaudeamus
3728 4246 3745 4270 ,
3780 4223 3873 4262 se-

2282 4300 2512 4355 cundum
2542 4300 2754 4354 beatum
2785 4297 3005 4352 Paulum
3035 4314 3048 4349 :
3082 4294 3236 4349 Nune
3261 4296 3393 4347 enim
3412 4336 3427 4355 ,
3453 4296 3643 4362 inquit,
3672 4297 3872 4365 gaudeo

2282 4393 2333 4446 in
2360 4390 2705 4463 afﬂictionibus
2729 4389 2850 4443 meis
2871 4386 3006 4455 (Col.
3036 4387 3088 4441 ‘I.
3117 4386 3187 4440 24
3215 4387 3254 4455 ).
3290 4385 3472 4439 Vidisti
3500 4386 3734 4439 animam
3757 4401 3880 4454 grue

2287 4494 2391 4536 tam
2415 4483 2438 4534 ?
2467 4481 2597 4535 Nam
2626 4480 2669 4534 si
2698 4480 2748 4533 in
2773 4477 3148 4533 afflictionibus
3172 4474 3456 4545 gaudebat,
3481 4475 3755 4542 quomodo
3781 4490 3878 4546 po-

2286 4577 2385 4629 tuit
2416 4586 2644 4643 unquam
2678 4574 2728 4626 in
2759 4570 2969 4624 tristitia
3010 4568 3176 4623 esse?
3212 4568 3257 4621 si
3300 4581 3421 4635 qua:
3461 4565 3596 4619 alios
3632 4566 3872 4627 alliciunt

2285 4664 2497 4718 tristitia
2531 4663 2628 4731 ipsi
2660 4659 2865 4729 pariant
2891 4656 3087 4712 laetitiae
3115 4656 3451 4710 occasionem
3476 4695 3491 4716 ,
3518 4655 3727 4724 cogita,
3756 4670 3869 4718 oro,

2286 4755 2338 4808 in
2366 4770 2468 4823 quo
2495 4761 2635 4806 statu
2662 4751 2806 4804 illius
2834 4757 2949 4803 erat
2972 4747 3168 4801 anima.
3198 4745 3262 4799 Et
3289 4753 3347 4798 ut
3373 4743 3550 4798 discas
3574 4759 3685 4798 non
3716 4759 3871 4815 posse

2284 4848 2438 4903 aliter
2463 4860 2558 4899 nos
2588 4844 2847 4913 promissa
2887 4842 3021 4895 bona
3061 4838 3306 4907 assequi,
3337 4846 3394 4892 et
3418 4851 3587 4906 regno
3617 4838 3873 4893 actorum

2283 4939 2472 5006 dignos
2512 4935 2624 4989 fieri
2651 4975 2665 4998 ,
2707 4934 2807 4986 nisi
2853 4947 2945 4999 per
2975 4929 3315 4983 afﬂictionem
3345 4928 3505 4980 vitam
3544 4938 3872 4997 prmsentem

2286 5038 2638 5087 transeamus,
2669 5024 2789 5077 audi
2821 5021 3093 5087 apostolos
3119 5019 3355 5073 dicentes
3381 5019 3459 5073 eis
3485 5018 3575 5087 qui
3606 5034 3784 5087 nuper
3810 5018 3871 5072 ad

2287 5118 2443 5172 fidem
2490 5115 2734 5171 conversi
2777 5121 2931 5166 erant
2974 5108 3082 5166 :Et
3130 5126 3245 5163 cum
3291 5109 3612 5171 docuissent,
3656 5109 3873 5178 inquit,

2286 5211 2488 5273 multos,
2507 5206 2689 5261 reversi
2708 5213 2823 5259 sunt
2838 5201 3092 5271 Lystram,
3115 5209 3161 5254 et
3183 5198 3429 5260 Iconium,
3453 5208 3501 5251 et
3527 5199 3874 5261 Antiochiam,

2284 5302 2449 5353 denuo
2471 5298 2825 5365 eouﬁrmantes
2842 5296 3035 5347 animas
3055 5292 3441 5361 discipulorum,
3459 5291 3875 5359 altortantesque

2287 5400 2340 5442 ut
2368 5396 2734 5459 perseverarent
2760 5387 2811 5438 in
2838 5386 2939 5451 ﬁde
2962 5426 2987 5457 ,_
3008 5394 3054 5437 et
3090 5384 3223 5452 quod
3254 5400 3343 5451 per
3369 5382 3556 5436 multas
3581 5383 3877 5451 aﬂh‘ctiones

2286 5490 2475 5551 oportet
2498 5497 2588 5534 nos
2609 5484 2798 5532 intrare
2814 5477 2867 5529 in
2881 5491 3088 5545 regnum
3111 5475 3350 5528 ca’lorutn
3371 5473 3504 5539 (Act.
3533 5474 3622 5527 14.
3640 5473 3706 5526 2i
3724 5514 3736 5524 .
3759 5473 3872 5540 ξε).

2285 5573 2465 5641 Qualis
2495 5571 2652 5640 igitur
2680 5569 2899 5638 posthac
2928 5565 3030 5619 erit
3061 5564 3211 5619 nobis
3236 5563 3532 5624 excusatio,
3561 5562 3606 5615 si
3641 5564 3877 5618 nolueri-

2289 5679 2404 5717 mus
2434 5675 2691 5731 generose
2714 5674 2775 5713 ac
2803 5657 3006 5712 fortiter
3025 5656 3201 5711 omnia
3236 5652 3374 5709 ferre
3397 5668 3518 5722 quae
3543 5652 3872 5708 inferuntur:

2292 5764 2583 5819 praismtm
2627 5749 2858 5803 scientes
2897 5762 2999 5803 non
3043 5758 3199 5816 posse
3225 5744 3378 5798 aliter
3402 5757 3501 5796 nos
3531 5742 3761 5797 salutem
3790 5758 3873 5796 ss-
