4054 6324
164 422 261 486 603

160 541 455 613 Αἰγυπτίῳ,
508 526 606 596 καί.
638 537 881 611 βασιλεῖ,
915 537 1008 593 καὶ
1038 536 1315 611 τυράννῳ,
1369 538 1464 594 καὶ
1508 538 1651 594 οῦτω
1702 558 1831 613 μαι-

162 628 365 699 νομένῳ
382 666 400 692 ,
448 628 545 680 καὶ
596 623 912 688 ἀκολάστως
952 620 1285 694 διακειμένῳ
1342 622 1836 690 συγκατακλιθεῖσα

158 710 434 781 ἀνέπαφος
466 710 637 781 ἐξῄει,
666 710 766 779 τὴν
802 707 1009 762 οἰκείαν
1043 706 1397 778 σωφροσύνην
1424 705 1684 776 ἀκέραιον
1717 706 1835 760 δια-

157 795 459 865 τηρήσασα.
494 790 731 859 Τοιαῦτα
756 789 887 861 γὰρ,
923 788 1174 861 καθάπερ
1208 787 1378 859 ἔφθην
1423 790 1615 852 εἰπὼν,
1650 789 1737 842 ἀεὶ
1765 790 1833 843 τὰ

159 878 303 947 παρά
326 875 428 930 τοῦ
457 873 594 929 Θεοῦ
619 871 1070 943 οἰκονομούμενα,
1103 872 1393 943 Θαυμαστὰ
1414 874 1509 926 καὶ
1533 872 1829 943 παράδοξα.

158 958 261 1013 Καὶ
284 959 416 1012 ὅταν
443 955 594 1029 παρά
612 955 724 1009 τῶν
743 953 1047 1026 ἀνθρώπων
1068 953 1396 1025 ἀπογνωσθῇ
1420 956 1488 1008 τά
1508 956 1829 1026 πράγματα,

153 1042 272 1097 τότε
300 1041 468 1105 αὐτὸς
492 1041 764 1095 δείκνυσιν
798 1035 967 1091 αὑτοῦ
994 1037 1097 1109 τὴν
1126 1039 1338 1110 ἄμαχον
1380 1042 1439 1093 ἐν
1470 1042 1642 1095 ἀπασι
1665 1038 1830 1093 δύνα-

157 1140 264 1195 μιν.
292 1122 643 1192 Ὠσπερλγάρ
678 1119 989 1189 θαυμαστὸν
1012 1115 1080 1190 ἦν
1112 1120 1205 1173 καὶ
1238 1121 1575 1191 παράδοξον,
1609 1119 1701 1174 τὸν
1738 1120 1832 1175 ἄν·

152 1207 248 1278 δρα
290 1206 405 1259 τῶν
448 1202 754 1273 ἐπιθυμιῶν
787 1203 912 1257 ἰδεῖν
944 1204 1002 1256 ἐν
1033 1202 1184 1273 μέσῳ
1226 1205 1335 1257 τῶν
1369 1205 1573 1278 Θηρίων
1605 1206 1830 1258 ἐκείνων

154 1291 539 1360 κυκλούμενον,
581 1287 678 1341 καὶ
727 1286 892 1357 μηδὲν
924 1287 1224 1356 πάσχοντα,
1255 1287 1392 1340 ἀλλὰ
1432 1287 1683 1356 καθάπερ
1723 1288 1827 1340 ὐπῖί

151 1374 439 1446 προϐάτων
472 1372 1027 1443 περιστοιχιζόμενον,
1056 1367 1229 1435 οὕτως
1259 1373 1417 1444 ἀσινῆ
1464 1374 1527 1425 ἐκ
1567 1373 1661 1425 τοῦ
1698 1373 1829 1426 λάκ-

150 1470 243 1507 κου
274 1454 515 1515 ἀνιόντα,
563 1454 660 1509 καὶ
705 1453 832 1516 τοὺς
883 1454 1033 1524 τρεῖς
1087 1453 1284 1517 παῖδας
1341 1456 1401 1507 ἐν
1454 1456 1521 1525 τῇ
1568 1454 1824 1526 καμίνῳ,

150 1536 401 1608 καθάπερ
445 1538 504 1589 ἐν
533 1534 758 1606 λειμῶνι
798 1535 891 1588 κα)⁵
928 1534 1240 1607 παραδείσῳ
1287 1535 1683 1610 διατρίϐοντας,
1731 1538 1827 1590 καὶ

152 1621 311 1691 μηδὲν
347 1620 455 1675 ὑπὸ
484 1618 580 1673 τοῦ
608 1618 778 1690 πυρὸς
808 1617 1237 1689 βλαπτομένους,
1269 1619 1404 1673 ἀλλά
1436 1620 1687 1691 καθάπερ
1730 1621 1825 1674 ἀν-

146 1700 399 1773 δριάντας
426 1701 599 1766 οὕτως
624 1699 835 1754 ἐκεῖθεν
864 1699 1196 1767 ἐξελθόντας·
1225 1700 1316 1754 τὸν
1344 1701 1509 1755 αὐτὸν
1526 1702 1589 1774 δὴ
1625 1702 1825 1775 τρόπον

150 1784 425 1854 θαυμάσαι
454 1783 605 1848 ἄξιον
635 1784 727 1836 καὶ
758 1783 820 1836 τδ
849 1782 944 1837 νῦν
986 1784 1209 1851 γεγονὸς
1229 1823 1245 1849 ,
1278 1783 1361 1837 ὅτι
1402 1786 1435 1854 ἠ
1479 1784 1574 1837 τοῦ
1613 1784 1822 1839 δικαίου

100 1936 101 1939 η
147 1864 280 1935 γυνὴ
321 1862 788 1934 οὐδεμίανῦϐριν
842 1863 1183 1935 ὑπομείνασα
1227 1865 1378 1934 παρά
1419 1865 1514 1918 τοῦ
1557 1866 1823 1936 βασιλέως

147 1944 237 2000 τοῦ
266 1945 589 2015 Αἰγυπτίου,
614 1945 707 1999 τοῦ
734 1946 1024 2017 τυράννου,
1045 1944 1142 1999 τοῦ
1164 1946 1487 2011 ἀκολάστου,
1510 1947 1659 2019 ἐξῄει
1684 1948 1819 2005 σώα.

145 2029 272 2093 Θεὸς
299 2031 411 2100 γάρ
437 2024 506 2100 ἦν
527 2030 557 2082 6
587 2028 655 2082 τά
682 2029 860 2083 πάντα
894 2029 1268 2101 ἐργασάμενος
1286 2070 1300 2094 ,
1327 2032 1356 2084 6
1381 2033 1475 2084 καὶ
1506 2034 1563 2085 ἐν
1594 2033 1821 2103 ἀπόροις

146 2114 309 2184 πόρον
335 2113 531 2177 διδοὺς,
577 2113 673 2166 καὶ
714 2112 784 2166 τά
826 2113 1128 2183 πράγματα
1173 2113 1233 2179 ἐξ
1264 2114 1707 2185 ἀπεγνωσμένων
1741 2117 1820 2180 εἰς

146 2196 332 2250 ἐλπίδα
359 2194 603 2266 χρηστὴν
630 2194 785 2263 ἄγειν
827 2196 917 2249 ἀεὶ
954 2194 1272 2265 δυνάμενος.
1305 2197 1415 2251 Kal
1452 2197 1571 2251 νῦν
1604 2198 1735 2252 ἰδοὺ
1779 2199 1819 2268 ἠ

146 2280 295 2348 γυνή
329 2293 449 2332 σου
469 2278 750 2337 ἐναντίον
782 2291 922 2332 σου“
959 2277 1165 2331 λαϐὼν
1188 2279 1502 2348 ἀπότρεχε.
1536 2278 1629 2350 Μὴ
1666 2280 1819 2350 νομίο

147 2371 263 2431 σῃς,
304 2362 492 2430 φησὶν,
534 2359 827 2430 ⁴ἰιδικῆσθαί
867 2376 927 2413 σε
978 2359 1108 2429 παρ’
1156 2362 1337 2431 ήμῶν.
1374 2361 1438 2414 Εἰ
1484 2362 1593 2433 γὰρ
1636 2363 1733 2416 καὶ
1761 2364 1821 2429 ἐξ

143 2442 366 2511 ἀγνοίας
397 2442 469 2495 τὰ
498 2441 599 2513 τῆς
634 2442 1028 2513 ἐπιχειρήσεως
1073 2444 1206 2513 ήμῖν
1255 2443 1500 2511 γέγονεν,
1543 2445 1657 2497 ἁλλ’
1706 2445 1819 2499 ἰδοὺ

144 2529 236 2582 νῦν
265 2529 531 2599 εγνωμεν,
569 2523 680 2582 οἷον
714 2528 859 2599 ἔχεις
889 2530 1221 2600 προστάτηνο
1257 2531 1351 2585 καὶ
1382 2533 1417 2602 ή
1446 2532 1821 2605 ἀγανάκτησις

140 2616 173 2681 ή
201 2613 319 2666 καθ’
346 2611 502 2683 ήμῶν
529 2612 795 2681 γενομένη
842 2611 1079 2676 ἐδίδαξεν
1122 2614 1307 2683 ἡμᾶς,
1344 2614 1477 2684 ὅσης
1524 2616 1819 2678 ἀπολαύεις

144 2693 292 2766 παρὰ
324 2693 419 2747 τοῦ
454 2693 563 2747 τῶν
599 2694 856 2748 ἀπάντων
899 2693 1036 2746 Θεοῦ
1073 2695 1173 2766 τῆς
1216 2696 1449 2761 εὐνοίας.
1490 2696 1688 2750 Λαϐὼν
1722 2693 1817 2750 οὖν

142 2779 237 2848 τὴν
273 2777 507 2845 γυναῖκά
530 2792 626 2829 σου
652 2776 944 2847 ἀπότρεχε.
976 2776 1210 2848 Φοϐερὸς
1242 2778 1427 2833 λοιπὸν
1464 2776 1531 2851 ἦν
1565 2780 1751 2843 αὐτοῖς
1788 2780 1817 2832 6

135 2860 366 2926 δίκαιος,
402 2859 469 2913 δι’
519 2858 549 2912 δ
601 2861 697 2913 καὶ
750 2860 890 2929 μετά
941 2859 1153 2929 πολλῆς,
1175 2861 1276 2932 τῆς
1308 2861 1605 2932 θεραπείας
1652 2862 1817 2916 αὐτὸν

143 2943 462 3013 προπέμψαι
492 2942 824 3010 ἐπείγονται,
875 2941 964 2995 διά
1010 2940 1121 2996 τῶν
1168 2945 1248 3009 εἰς
1306 2946 1467 3000 αὑτὸν
1516 2946 1818 3018 γινομένων

140 3026 228 3080 τὸν
258 3025 427 3081 αὐτοῦ
454 3026 732 3095 Δεσπότην
764 3024 1265 3097 ἐξευμενιζόμενοι.

204 3126 275 3190 η’.
307 3114 481 3183 Εἶδες,
510 3119 785 3189 ἀγαπητέ.
811 3122 935 3173 ὅσον
958 3120 1105 3174 ἐστὶν
1129 3122 1377 3193 ὑπομονὴ
1399 3124 1493 3176 καὶ
1513 3124 1811 3196 καρτερία;

148 3200 411 3255 Ἐνταῦθά
445 3217 536 3271 μοι
563 3201 987 3273 ἀναμιμνήσκου
1016 3202 1123 3255 τῶν
1150 3206 1412 3275 ῥημάτων
1441 3207 1690 3272 ἐκείνων,
1715 3200 1812 3274 ὧν,

133 3286 206 3337 ὅτ’
258 3281 488 3353 ἔμελλον
543 3282 865 3353 πλησιάζειν
913 3287 978 3356 τῇ
1034 3286 1329 3357 Αἰγύπτῳ,
1386 3287 1416 3340 6
1467 3289 1815 3360 πατριάρχης

132 3366 302 3436 ἰλεγν
346 3364 634 3420 Γινώσκω
661 3366 753 3420 ὅτι
779 3366 934 3436 γυνὴ
960 3369 1355 3436 εὐπρόσωπος
1379 3364 1451 3424 εἴ·
1474 3370 1646 3425 ἔσται
1675 3368 1810 3436 οὖν,

130 3451 205 3516 ὡς
231 3450 309 3504 ἂν
342 3448 518 3501 ἴδωσί
540 3462 616 3502 σε
650 3451 703 3503 οἰ
742 3450 1072 3519 Αἰγύπτιοι,
1110 3450 1216 3519 ἐμὲ
1259 3452 1688 3520 ἀποκτενοῦσι,
1739 3455 1814 3508 σὲ

129 3532 196 3587 δὲ
228 3532 747 3600 περιποιήσονται.
792 3532 1004 3586 Ἐκεῖνα
1036 3533 1216 3586 τοίνυν
1264 3534 1323 3587 ἐν
1371 3535 1580 3607 διανοίᾳ
1630 3536 1811 3589 λαϐὼν

132 3616 321 3669 σκόπει
350 3615 424 3668 τά
459 3614 554 3667 νῦν
592 3614 875 3685 γινόμενα,
905 3615 1000 3669 καὶ
1044 3614 1291 3687 θαύμαζε
1330 3617 1425 3670 καὶ
1463 3617 1557 3671 τοῦ
1600 3619 1809 3674 δικαίου

129 3698 225 3770 τὴν
261 3695 565 3767 ὑπομονὴν,
597 3697 691 3749 καὶ
721 3696 815 3750 τοῦ
846 3696 1233 3769 φιλανθρώπου
1263 3698 1399 3752 Θεοῦ
1420 3698 1518 3771 τὴν
1548 3700 1807 3772 δύναμιν,

133 3782 247 3851 μεθ’
274 3782 412 3851 ὅσης
464 3779 623 3849 δόξης
650 3779 969 3836 ἐπανελθεῖν
1003 3782 1416 3851 παρασκευάζει
1438 3783 1529 3836 τὸν
1562 3783 1770 3838 δίκαιον
1792 3829 1806 3853 ,

130 3863 217 3916 τὸν
258 3862 400 3934 μετὰ
426 3861 682 3917 τοσούτου
727 3862 896 3932 φόϐου
945 3864 1041 3917 καὶ
1083 3862 1232 3928 δέους
1284 3864 1527 3920 ἐλθόντα.
1577 3869 1683 3921 Καὶ
1712 3869 1811 3922 ὲν-

131 3947 417 4007 ετείλατο,
434 3945 591 4015 φησὶ,
614 3944 825 4014 Φαραὼ
840 3944 1097 4014 ἀνδράσι
1120 3946 1253 4014 περὶ
1278 3946 1513 4017 Ἅϐραμ,
1539 3963 1810 4019 συμπρο-

128 4029 357 4098 πέμψαι
382 4028 573 4083 αὐτὸν
616 4030 714 4083 καί
757 4028 873 4097 τὴν
916 4028 1172 4098 γυναῖκα
1199 4028 1422 4094 αὐτοῦ,
1468 4032 1566 4085 καί
1610 4032 1808 4087 πάντα

124 4110 239 4165 ὅσα
258 4106 340 4179 ἦν
358 4110 543 4175 αὐτῷ,
570 4111 668 4164 καί
714 4109 825 4164 τὸν
872 4109 1005 4165 Λὼτ
1045 4111 1405 4181 ιιετάῠτοῦ.
1452 4114 1606 4169 Μετὰ
1646 4133 1806 4187 περι-

126 4195 351 4259 φανείας
384 4192 570 4247 λοιπὸν
604 4194 823 4263 ἀπάσης
858 4193 887 4245 6
917 4192 1125 4258 δίκαιος
1167 4195 1416 4249 ἐπάνεισι
1453 4198 1547 4250 καὶ
1589 4216 1808 4270 περιου-

126 4276 244 4337 σίας
270 4275 498 4345 πολλῆς,
545 4277 640 4329 καί⁵
680 4276 891 4343 γίνεται
944 4276 1007 4330 ού
1066 4277 1226 4347 μόνον
1271 4278 1380 4333 τῶν
1433 4282 1492 4333 ἐν
1543 4282 1807 4355 Αἰγύπτῳ

122 4357 443 4422 διδάσκαλος
476 4358 566 4411 διὰ
596 4358 701 4413 τῶν
725 4359 1173 4430 συμϐεϐηκότων,
1203 4361 1342 4416 ἀλλὰ
1388 4363 1483 4417 καὶ
1515 4367 1628 4427 τοῖς
1664 4368 1806 4421 κατὰ

122 4438 216 4508 τὴν
245 4439 367 4494 ὁδὸν
398 4440 594 4506 ἅπασι,
626 4441 721 4493 καὶ
749 4443 861 4504 τοῖς
894 4443 975 4506 εἰς
1007 4442 1110 4514 τὴν
1144 4444 1509 4516 Παλαιστίνην
1538 4447 1801 4502 οἰκοῦσιν.

123 4525 180 4575 υἱ
206 4522 318 4594 γάρ
350 4523 557 4583 ἰδόντες
587 4522 772 4587 αὐτὸν,
818 4524 979 4594 ἡνίκα
1010 4525 1205 4597 κατῄει
1242 4526 1332 4580 διὰ
1357 4528 1457 4598 τὴν
1500 4529 1595 4583 τοῦ
1641 4530 1804 4602 λιμοῦ

119 4610 388 4682 ἀνάγκην,
444 4610 584 4681 μετά
621 4609 787 4679 φόϐου
835 4611 930 4665 καὶ
979 4612 1185 4683 τρόμου
1241 4616 1523 4677 κατιόντα,
1574 4619 1669 4672 καὶ
1709 4619 1805 4673 νῦν

124 4694 279 4746 πάλιν
296 4694 359 4746 ἐν
388 4691 629 4764 τοσαύτῃ
658 4694 989 4766 περιφανείᾳ
1014 4697 1108 4749 καὶ
1136 4701 1426 4771 περιουσία
1447 4702 1543 4753 καὶ
1565 4702 1800 4774 πλούτῳ,

120 4774 552 4855 ἐμάνθανοντῆς
579 4777 708 4846 περὶ
747 4777 906 4830 αὐτὸν
932 4778 1027 4831 τοῦ
1057 4779 1192 4832 Θεοῦ
1229 4783 1485 4850 προνοίας
1515 4784 1612 4855 τὴν
1640 4785 1803 4839 δύνα-

122 4877 229 4931 μιν.
265 4860 367 4924 Τίς
395 4854 506 4913 εἰ.δὲ
533 4876 700 4927 nunc;
728 4860 807 4925 τίς
846 4862 1113 4931 ὴκουσενς
1158 4865 1394 4935 Ἀπῆλθε
1431 4854 1592 4938 λιμοῦ
1626 4887 1804 4939 παρα-

123 4944 319 5012 μυθίαν
334 4944 398 5001 εὖ
408 4943 625 5016 ρασθαι’
642 4946 737 4998 καὶ
758 4945 987 4999 πλοῦτον
1009 4964 1073 5000 πε
1081 4947 1518 5021 ριϐαλ.[λ]όμενος
1536 4953 1803 5017 καὶδόξαν

120 5023 358 5093 ἄφατον,
423 5026 599 5091 οὕτως
630 5027 1011 5099 ἐπανέρχεται.
1048 5029 1139 5100 Μὴ
1191 5031 1472 5106 ξενισθῇς,
1511 5036 1800 5106 ἀγαπητοὶ,

124 5109 256 5179 μηδι
281 5107 442 5181 [529]
475 5108 768 5183 θαυμάσῃς
797 5111 890 5165 ἐπὶ
938 5110 1017 5183 τῷ
1047 5103 1315 5181 γεγονότιο
1362 5103 1567 5185 μᾶλλον
1607 5120 1664 5173 δὲ
1689 5103 1802 5174 ’καὶ

122 5192 427 5265 θαύμασον,
461 5192 558 5246 καὶ
589 5193 919 5264 ἐκπλάγηθι.
954 5195 1049 5248 καὶ
1080 5195 1271 5261 δόξαζε
1316 5198 1411 5251 τοῦ
1446 5201 1627 5255 κοινοῦ
1665 5204 1801 5257 πάν-

122 5291 227 5331 των
255 5275 423 5347 ήμῶν
450 5276 725 5329 Δεσπότου
755 5277 853 5347 τὴν
883 5277 1134 5351 δύναμιν.
1162 5282 1270 5335 Καὶ
1291 5283 1393 5356 δρα
1420 5284 1514 5337 καὶ
1536 5289 1657 5351 τοὺς
1680 5290 1802 5343 τού-

122 5374 213 5414 του
247 5358 576 5425 ἀπογόνους,
614 5360 756 5413 κατὰ
786 5359 877 5414 τδν
929 5363 1093 5417 αὐτὸν
1126 5366 1329 5436 τρόπον
1379 5368 1663 5434 κατιόντας
1702 5374 1803 5443 μὲν

123 5445 201 5508 εἰς
226 5445 508 5522 Αιγυπτον
538 5443 698 5497 πάλιν
729 5444 819 5497 διὰ
849 5444 948 5515 τὴν
992 5447 1238 5519 ἀνάγκην
1267 5450 1360 5502 τοῦ
1392 5451 1574 5523 λιμοῦ,
1616 5461 1799 5509 κακεῖ-

124 5523 213 5578 θεν
239 5514 426 5586 πάλιν.
454 5524 596 5596 μετὰ
626 5526 825 5598 πολλὴν
852 5514 1223 5585 δουλείανψκαὶ
1248 5514 1647 5605 ταλαιπωρίαν,
1675 5542 1796 5609 μετ’

124 5609 380 5691 εὐπορίας
405 5610 678 5671 ἀνιόντας.
706 5609 959 5664 Τοιοῦτον
990 5612 1102 5685 γάρ
1134 5615 1443 5686 εὐμήχανος
1473 5620 1502 5671 6
1524 5621 1800 5691 Δεσπότης

126 5690 152 5743 6
181 5692 470 5763 ήμιτερος.
509 5692 682 5746 Ὅταν
715 5696 1045 5766 συγχωρήσῃ
1079 5698 1465 5769 κορυφωθῆναι
1514 5700 1583 5755 τά
1627 5690 1798 5769 δεινά,

126 5774 241 5827 τότε
268 5774 437 5829 πάλιν
451 5774 811 5839 διασκεδάσας
823 5776 914 5829 τὸν
940 5778 1205 5849 χειμῶνα,
1230 5780 1471 5853 γαλήνην
1485 5784 1801 5855 ἐργάζεται,

133 5859 217 5911 θαι
253 5858 457 5927 πολλὴν
490 5858 600 5912 τῶν
647 5858 987 5930 πραγμάτιον
1014 5862 1130 5933 τὴν
1159 5863 1479 5937 μεταϐολὴν,
1532 5868 1798 5923 διδάσκων

1289 419 1360 480 IN
1389 421 1543 481 CAP.
1584 419 1677 479 XII
1709 419 1956 479 GENES.
1999 418 2233 479 IIOMIL.
2273 415 2490 476 XXXII.

3524 416 3629 474 5οι

1942 539 2091 609 ἡμᾶς
2104 538 2207 607 τῆς
2225 533 2699 606 αὐτοῦ’δυνάμεως
2717 532 2779 587 τὸ
2801 525 3052 605 μέγεθος.
3069 531 3280 601 Ἀνέϐη
3300 531 3369 587 δὲ
3400 532 3628 605 Ἀϐραμ

1939 626 2005 689 ἐξ
2029 626 2348 694 Αἰγύπτου,
2379 624 2565 689 αὐτὸς
2588 624 2685 676 καί
2719 623 2758 689 ῆ
2779 621 2934 692 γυνὴ
2956 621 3166 685 αὐτοῦ,
3201 622 3301 675 καί
3335 620 3533 675 πάντα
3556 625 3629 676 τὰ

1937 706 2142 769 αὑτοῦ,
2163 705 2258 759 καί
2285 705 2415 760 Λὼτ
2431 705 2560 773 μετ’
2587 704 2798 767 αὐτοῦ,
2824 706 2913 771 εἰς
2928 703 3047 773 τὴν
3070 704 3319 773 ἔρημον.
3338 704 3627 775 Εὐκαίρως

1935 791 2000 844 ἄν
2016 807 2098 853 τις
2128 787 2389 860 ἁρμόσειε
2408 786 2485 858 τῷ
2512 787 2705 857 δικαίῳ
2722 786 2900 857 τούτῳ
2920 788 3103 840 ἐκεῖνα
3122 787 3190 839 τὰ
3212 788 3459 858 ῥήματα,
3482 787 3626 858 ᾇπερ

1933 876 1969 925 δ’
1991 872 2260 943 μακάριος
2285 869 2450 923 Δαυῖδ
2471 872 2583 933 τοῖς
2604 870 2712 923 ἀπὸ
2730 870 2831 941 τῆς
2853 872 2911 923 ἐν
2941 869 3223 924 Βαϐυλῶνι
3243 870 3627 941 αἰχμαλωσίας

1932 954 2320 1010 ἐπανελθοῦσιν
2347 952 2553 1021 ἔλεγεν·
2574 955 2641 1007 Ol
2673 954 3031 1021 σπείροντες
3065 954 3137 1007 ἐν
3167 952 3505 1022 δάκρυσιν,
3553 953 3627 1006 ἐν

1932 1036 2290 1104 ἀγαλλιάσει
2343 1035 2628 1104 θεριοῦσι.
2659 1036 3056 1106 Πορευόμενοι
3092 1036 3479 1105 ἐπορεύοντο,
3522 1038 3623 1092 καί

1931 1122 2186 1175 ἔκλαιον
2203 1118 2552 1184 βάλλοντες
2582 1119 2655 1171 τὰ
2683 1116 2999 1188 σπέρματα
3021 1116 3242 1173 αὐτῶν.
3274 1119 3626 1189 Ἐρχόμενοι

1930 1199 2000 1255 δὲ
2027 1201 2290 1270 ἥξουσιν
2323 1202 2389 1255 ἐν
2426 1200 2820 1271 ἀγαλλιάσει,
2868 1201 3145 1269 αἴροντες
3189 1202 3265 1257 τὰ
3312 1201 3623 1273 δράγματα

1928 1281 2149 1339 αὐτῶν.
2168 1280 2321 1348 Εἶδες
2342 1280 2570 1338 κάθοδον
2595 1283 2807 1353 ἀγῶνος
2844 1284 2940 1337 καὶ
2970 1283 3125 1349 δέους
3152 1285 3622 1358 πεπληρωμένην,

1931 1368 2026 1422 καὶ
2059 1370 2187 1441 περὶ
2218 1367 2385 1422 αὐτοῦ
2416 1366 2512 1421 τοῦ
2544 1367 2777 1421 θανάτου
2808 1368 2899 1420 τὸν
2932 1366 3099 1437 φόϐον
3150 1367 3382 1438 ἔχουσαν
3412 1371 3626 1424 ἐπικεί-

1932 1450 2289 1523 μενον;“ορα
2322 1452 2486 1506 πάλιν
2508 1451 2693 1505 ἄνοδον
2709 1451 3071 1520 περιφανείας
3105 1451 3312 1523 πολλῆς
3344 1453 3623 1522 γέμουσαν

1929 1534 2022 1587 καὶ
2045 1533 2449 1607 λαμπρότητος.
2465 1534 2607 1587 Πᾶσι
2627 1533 2736 1602 γὰρ
2755 1531 2942 1586 λοιπὸν
2967 1532 3247 1604 αἰδέσιμος
3263 1530 3334 1606 ἦν
3349 1535 3377 1587 6
3390 1535 3620 1599 δίκαιος,

1927 1617 2023 1672 καὶ
2042 1620 2152 1680 τοῖς
2186 1617 2245 1671 ἐν
2264 1615 2547 1686 Αἰγύπτῳ,
2565 1618 2659 1669 καὶ
2682 1618 2794 1679 τοῖς
2830 1617 2889 1669 ἐν
2907 1615 3262 1689 Παλαιστίνῃ.
3278 1617 3376 1680 Τίς
3393 1618 3503 1688 γὰρ
3524 1620 3625 1671 οὐκ

1927 1696 1994 1752 ἂν
2013 1698 2213 1770 ᾐδέσθη
2229 1698 2320 1752 τὸν
2335 1698 2509 1763 οὓτως
2529 1697 2634 1751 ὑπὸ
2649 1696 2745 1751 τοῦ
2766 1696 2902 1751 Θεοῦ
2926 1698 3359 1770 φρουρούμενον,
3384 1702 3478 1753 καὶ
3498 1719 3625 1755 τοσ-

1925 1780 2100 1854 αύτης
2134 1781 2454 1854 ἀξιούμενον
2487 1780 2781 1855 προνοίας;
2818 1778 3030 1835 Οὐδένα
3061 1780 3172 1853 γάρ
3204 1782 3335 1847 ἴσως
3367 1783 3524 1837 ἔλαθε
3553 1786 3624 1839 τὰ

1926 1866 2006 1928 είς
2020 1865 2113 1919 τὸν
2145 1865 2372 1935 βασιλέα
2391 1866 2675 1935 γεγονότα,
2695 1862 2897 1917 καὶτὸν
2924 1860 3073 1918 οἷκον
3094 1864 3282 1919 αὑτοῦ.
3305 1867 3491 1941 ῌάντα
3512 1869 3584 1936 γά
3591 1888 3623 1939 ρ

1923 1946 2013 2001 διὰ
2039 1948 2197 2003 τοῦτο
2234 1948 2619 2021 συνεχωρήθη,
2672 1950 2766 2001 καὶ
2814 1946 2902 2000 διὰ
2949 1948 3108 2002 τοῦτο
3152 1951 3315 2020 μέχρι
3366 1952 3623 2007 τοσούτου

1926 2031 2168 2105 προῆλθε
2189 2032 2259 2086 τά
2284 2033 2394 2086 τῶν
2426 2032 2751 2104 πειρασμῶν
2784 2024 2864 2102 τῷ
2895 2031 3114 2104 δικαίῳ,
3143 2032 3231 2087 ἵνα
3258 2034 3351 2087 καὶ
3391 2035 3559 2090 αὐτοῦ
3587 2042 3618 2105 ἡ

1925 2116 2170 2187 ὑπομονὴ
2200 2115 2560 2188 λαμπροτέρα
2598 2115 2845 2185 γένηται,
2894 2115 2991 2168 καὶ
3040 2114 3112 2168 τὰ
3160 2118 3295 2187 παρ’
3337 2117 3505 2171 αὐτοῦ
3541 2122 3621 2182 εἰς

1924 2197 2141 2253 ἃπασαν
2179 2198 2434 2270 ἐξενεχθῇ
2468 2196 2566 2270 τὴν
2604 2198 2963 2270 οἰκουμένην,
3010 2201 3109 2255 καὶ
3153 2200 3344 2272 μηδεὶς
3391 2202 3623 2268 ἀνήκοος

1923 2279 2153 2351 γένηται
2186 2282 2287 2352 τῆς
2317 2282 2522 2352 ἀρετῆς
2548 2280 2643 2334 τοῦ
2678 2280 2913 2334 δικαίου.

1992 2361 2061 2418 θ’.
2090 2362 2297 2429 Είδετε,
2335 2364 2633 2434 ἀγαπητοὶ,
2661 2365 2781 2419 ὅσον
2814 2364 2925 2417 τῶν
2958 2363 3285 2435 πειρασμῶν
3305 2364 3368 2418 τὸ
3390 2364 3619 2437 κέρδος;

1922 2445 2093 2501 είδετε
2124 2447 2223 2518 ὅση
2255 2450 2355 2519 τῆς
2391 2447 2672 2519 ὑπομονῆς
2708 2449 2743 2518 ή
2790 2448 2993 2519 ἀμοιϐή
3019 2465 3034 2513 ;
3064 2448 3235 2502 εἴδετε
3275 2450 3371 2503 καὶ
3406 2450 3577 2523 ἄνδρα
3604 2493 3619 2515 ,

1922 2530 2020 2584 καὶ
2065 2533 2321 2600 γυναῖκα,
2378 2531 2473 2585 καὶ
2524 2531 2777 2602 γέροντα,
2843 2532 2938 2585 καὶ
2987 2532 3435 2605 προϐεϐηκυῖαν,
3486 2536 3621 2605 ὅσην

1921 2612 2265 2677 ἐπεδείξαντο
2307 2612 2406 2684 τὴν
2440 2613 2788 2683 φιλοσοφίαν,
2844 2616 2979 2686 δσην
3014 2615 3117 2687 τὴν
3166 2616 3445 2687 ἀνδρείαν,
3487 2619 3622 2689 ὅσην

1918 2695 2022 2765 τὴν
2082 2696 2213 2765 περί
2270 2695 2539 2766 ἀλλήλους
2594 2696 3004 2769 φιλοστοργίαν,
3052 2699 3187 2769 ὅσην
3238 2699 3341 2769 τῆς
3394 2700 3621 2771 ἀγάπης

1919 2777 2011 2830 τὸν
2077 2780 2410 2849 σύνδεσμον;
2474 2778 2680 2834 Τοῦτον
2736 2780 2981 2846 ἅπαντες
3043 2782 3465 2858 μιμησιῦμεθα⁹
3525 2786 3619 2839 καὶ

1923 2858 2194 2929 μηδέποτε
2247 2860 2607 2931 ἀσχάλλωμεν
2634 2903 2648 2928 ,
2716 2862 2853 2934 μηδέ
2911 2863 3228 2935 νομίζωμεν
3288 2865 3614 2933 ἐγκαταλεί-

1916 2940 2065 3009 ψεως
2095 2938 2237 2996 εἶναι
2277 2941 2373 2995 τοῦ
2414 2942 2551 2996 Θεοῦ
2603 2943 2698 2997 καὶ
2748 2944 2844 2998 τοῦ
2889 2945 3258 3017 περιορᾶσθαι
3313 2948 3619 3018 τεκμήριον

1917 3023 2016 3093 τὴν
2054 3023 2163 3077 τῶν
2203 3025 2527 3096 πειρασμῶν
2574 3026 2898 3096 ἐπαγωγὴν,
2952 3025 3091 3080 ἀλλά
3140 3026 3303 3081 τοῦτο
3357 3028 3617 3100 μέγιστον

1919 3104 2202 3175 ποιώμεθα
2239 3106 2437 3176 μᾶλλον
2464 3106 2666 3177 δεῖγμα
2696 3109 2792 3180 τῆς
2816 3108 2947 3178 περὶ
2968 3110 3120 3180 ἡμᾶς
3152 3108 3248 3163 τοῦ
3281 3109 3420 3164 Θεοῦ
3456 3110 3615 3181 κηδε-

1920 3192 2133 3261 μονίας.
2170 3193 2270 3246 'Av
2322 3209 2382 3245 τε
2439 3193 2549 3264 γάρ
2577 3195 2996 3265 ἁμαρτημάτων
3029 3195 3246 3267 ἔχωμεν
3290 3197 3617 3268 ἐπικείμενα

1916 3281 2049 3351 ήμῖν
2076 3278 2301 3351 φορτία,
2332 3279 2699 3351 δυνησόμεθα.
2732 3281 2935 3353 πολλὴν
2959 3281 3058 3354 τὴν
3086 3284 3367 3354 ὑπομονὴν
3396 3285 3490 3338 καὶ
3517 3285 3616 3348 τὴν

1916 3366 2267 3438 εὐχαριστίαν
2284 3365 2709 3438 ἐπιδειξάμενοι,
2725 3370 3036 3441 κουφότερα
3052 3370 3228 3426 ταῦτα
3248 3373 3609 3442 ἐργάσασθαι·

1916 3454 1981 3508 ἄν
2017 3471 2077 3508 τε
2116 3454 2193 3526 μὴ
2222 3453 2395 3508 πολλά
2424 3454 2639 3525 ἔχωμεν
2690 3457 3090 3528 ἁμαρτήματα,
3134 3458 3301 3513 πάλιν
3333 3461 3428 3513 καὶ
3470 3462 3619 3514 οὕτω

1915 3541 2157 3606 πλείονος
2182 3540 2567 3613 ἀπολαύσομεν
2584 3543 2685 3613 τῆς
2712 3542 2919 3597 ἀνωθεν
2940 3544 3173 3611 εὐνοίας,
3196 3547 3245 3599 εἰ
3271 3548 3609 3619 εὐχαρίστως

1913 3629 2253 3701 ἐνέγκοιμεν.
2289 3628 2574 3700 Φιλότιμος
2610 3630 2720 3701 γάρ
2753 3629 2829 3683 ὢν
2858 3632 2886 3684 6
2920 3631 3203 3703 Δεσπότης
3245 3634 3275 3687 6
3318 3636 3609 3705 ἡμέτερος,

1913 3719 2007 3771 καὶ
2040 3717 2141 3788 τῆς
2165 3716 2441 3788 ἡμετέρας
2471 3716 2769 3788 κηδόμενος
2796 3719 3096 3788 σωτηρίας,
3132 3720 3222 3774 διά
3252 3721 3411 3774 τοῦτο
3442 3724 3611 3776 καῦσι-

1912 3822 2018 3875 περ
2044 3803 2346 3875 γυμνάσιόν
2395 3821 2448 3857 τι
2504 3804 2598 3858 καὶ
2642 3804 2865 3873 ἀγῶνας
2917 3806 3240 3878 προτίθησιν
3297 3810 3430 3880 ήμῖν
3488 3812 3609 3864 ἀντὶ

1913 3893 2255 3964 σκαμμάτων
2298 3891 2557 3957 πολλάκις
2608 3892 2711 3964 τὴν
2746 3892 2859 3946 τῶν
2904 3895 3235 3966 πειρασμῶν
3285 3899 3608 3967 ἐπαγωγὴν,

1911 3981 2002 4035 ἵνα
2028 3981 2097 4034 τά
2123 3980 2255 4051 παρ’
2298 3980 2509 4034 ἑαυτῶν
2538 3981 2633 4034 καὶ
2673 3983 2837 4051 ἡμεῖς
2891 3982 3317 4055 ἐπιδειξάμενοι,
3350 3986 3609 4056 δαψιλοῦς

1910 4069 2308 4141 ἀπολαύσωμεν
2341 4072 2441 4140 τῆς
2486 4072 2617 4142 παρ’
2662 4068 2831 4123 αὐτοῦ
2880 4072 3163 4141 προνοίας.
3196 4073 3375 4143 Ὅπερ
3408 4075 3606 4139 εἰδότες

1913 4158 1989 4230 μὴ
2020 4160 2313 4231 ναρκῶμεν
2341 4159 2399 4211 ἐν
2426 4162 2535 4221 τοῖς
2578 4161 2908 4228 πειρασμοῖς
2933 4201 2947 4220 ,
2985 4160 3123 4229 μηδέ
3157 4160 3605 4232 δυσχεραίνωμεν

1908 4247 1968 4299 ἐν
1983 4249 2104 4309 ταῖς
2119 4246 2385 4315 θλίψεσιν,
2418 4245 2557 4300 ἀλλὰ
2588 4248 2681 4299 καὶ
2710 4246 3016 4317 χαίρωμεν,
3047 4248 3188 4302 κατὰ
3218 4248 3311 4302 τὸν
3336 4250 3607 4320 μακάριον

1911 4335 2123 4390 Παῦλον
2144 4353 2157 4367 ·
2200 4336 2331 4391 Νῦν
2361 4339 2489 4409 γὰρ,
2519 4338 2675 4408 φησί,
2710 4337 2897 4406 χαίρω
2925 4337 2996 4390 ἐν
3025 4336 3155 4399 ταῖς
3181 4338 3434 4406 θλίψεσί
3452 4338 3605 4411 [550}

1903 4442 2044 4492 μου.
2082 4417 2235 4489 Εἶδες
2268 4424 2449 4497 ψυχὴν
2487 4424 2807 4495 εὐγνώμονα
2835 4440 2849 4490 ;
2881 4425 2944 4478 Εἰ
2972 4424 3081 4496 γάρ
3113 4425 3171 4478 ἐν
3208 4427 3330 4490 ταῖς
3360 4425 3607 4495 θλίψεσιν

1909 4511 2115 4583 ἔχαιρε,
2140 4512 2266 4565 πότε
2290 4512 2521 4583 ἠδύνατο
2549 4511 2723 4576 οὕτως
2743 4513 2801 4565 ἐν
2834 4511 2982 4585 λύπῃ
3011 4512 3269 4582 γενέσθαι
3292 4529 3305 4579 ;
3331 4515 3392 4567 Εἰ
3414 4515 3482 4568 τὰ
3511 4514 3608 4569 ἐπὶ

1906 4599 2015 4653 τῶν
2029 4598 2205 4654 ἄλλων
2220 4599 2494 4653 λυποῦντα
2512 4600 2707 4673 ἐκείνῳ
2723 4599 3067 4671 εὐφροσύνης
3087 4599 3349 4654 ὑπόθεσιν
3370 4600 3602 4668 ἔτικτεν,

1909 4687 2080 4741 ἐννόει
2112 4703 2204 4757 μοι
2237 4688 2337 4759 τὴς
2368 4678 2547 4758 ψυχῆς
2601 4688 2769 4742 αὐτοῦ
2822 4686 2922 4759 τὴν
2954 4687 3317 4743 κατάστασιν.
3374 4689 3484 4743 Καὶ
3517 4690 3608 4744 ἵνα

1910 4772 2089 4845 μάθῃς
2114 4775 2198 4827 ὃτι
2219 4774 2318 4845 οὐχ
2355 4771 2467 4827 οἶόν
2499 4791 2558 4827 τε
2610 4775 2814 4847 ἐτέρως
2845 4774 2958 4828 τῶν
3011 4773 3441 4845 ἐπηγγελμένων
3472 4778 3605 4847 ήμῖν

1906 4861 2128 4930 ἀγαθῶν
2155 4863 2457 4932 ἐπιτυχεῖν,
2481 4863 2577 4915 καὶ
2594 4862 2696 4933 τῆς
2717 4861 2827 4915 τῶν
2853 4861 3102 4933 οὐρανῶν
3135 4862 3412 4934 βασιλείας
3442 4863 3606 4930 άξιω-

1906 4950 2089 5022 θῆναι,
2120 4952 2169 5004 εἰ
2202 4952 2276 5022 μὴ
2300 4951 2389 5004 διὰ
2418 4950 2653 5020 θλίψεως
2682 4949 3007 5021 όδεύσαιμεν
3058 4949 3149 5004 τὸν
3176 4951 3425 5021 παρόντα
3460 4950 3599 5022 βίον,

1904 5038 2070 5092 ἄκουε
2090 5038 2200 5092 τῶν
2223 5039 2541 5093 ἀποστόλων
2566 5038 2838 5107 λεγόντων
2866 5038 3005 5109 πρὸς
3034 5039 3163 5103 τοὺς
3180 5038 3307 5111 άρτι
3331 5042 3398 5111 τῇ
3420 5039 3603 5095 πίστει

1905 5127 2269 5197 προσιόντας’
2312 5128 2417 5183 Καὶ
2466 5127 2960 5197 μαθητεύσαντες
2990 5166 3005 5189 ,
3042 5125 3210 5197 φησὶν
3244 5166 3261 5191 ,
3321 5128 3599 5195 ἱκανοὺς,

1910 5209 2307 5279 ὑπέστρεψαν
2341 5215 2427 5278 εἰς
2457 5213 2763 5280 Λύστραν,
2794 5211 2892 5263 καί
2937 5211 3213 5275 Ἰκόνιον,
3238 5210 3337 5264 καί
3383 5213 3599 5280 Ἀντιό-

1910 5230 2307 5279 υπεστρεψαν
2341 5230 2427 5278 εις
2457 5230 2763 5280 Λυστραν,
2794 5230 2892 5263 και
2952 5230 3213 5275 ικονιον,
3238 5230 3337 5264 και
3389 5230 3598 5350 Αντιο-

1905 5310 2098 5362 χειαν,
2136 5290 2618 5362 ἐπιστηρίζοντες
2640 5294 2747 5359 τὰς
2774 5291 2984 5362 ψυχὰς
3005 5290 3125 5356 τῶν
3151 5291 3460 5362 μαθητῶν,
3539 5296 3598 5349 αἰ

1906 5379 2405 5445 παρακαλοῦντες
2424 5376 2704 5445 ἐμμένειν
2728 5374 2803 5444 τῇ
2834 5378 3057 5440 πίστει,
3086 5377 3182 5431 καὶ
3213 5375 3303 5430 ὅτι
3332 5376 3432 5430 διὰ
3457 5381 3601 5431 πολ-

1905 5459 2033 5515 λῶν
2060 5464 2330 5531 θλίψεων
2355 5461 2447 5516 δεῖ
2472 5457 2633 5531 ἡμᾶς
2656 5459 2960 5515 εἰσελθεῖν
3004 5460 3090 5527 εἰς
3128 5458 3245 5528 τὴν
3266 5460 3616 5527 ,βασιλείαν

1905 5542 2023 5597 τῶν
2043 5544 2337 5614 οὐρανῶν.
2367 5544 2505 5599 Ποία
2534 5540 2627 5599 οὖν
2649 5542 2915 5611 ἀπολογία
2942 5542 3092 5596 ἔσται
3116 5545 3269 5613 ἡμῖν,
3302 5542 3377 5614 μὴ
3406 5542 3598 5613 βουλοί-

1907 5626 2090 5695 μένοις
2135 5627 2399 5697 γενναίως
2446 5626 2543 5681 καὶ
2589 5625 2851 5696 ἀνδρείως
2909 5625 3005 5677 καὶ
3042 5624 3382 5696 εὐχαρίστως
3414 5624 3595 5679 πάντα

1902 5707 2186 5779 φέρειντά
2216 5709 2555 5780 ἐπαγόμενα,
2606 5707 2736 5762 ὅταν
2790 5707 3011 5777 ἴδωμεν,
3064 5708 3148 5761 ὅτι
3197 5706 3322 5761 οὐδὲ
3371 5706 3595 5763 δυνατὸν

1902 5792 2107 5861 ἑτέρως
2136 5793 2287 5863 ήμᾶς
2314 5792 2415 5865 τῆς
2439 5792 2713 5864 σωτηρίας
2743 5792 3041 5861 ἐπιτυχεῖν,
3080 5791 3157 5863 μὴ
3206 5792 3413 5866 ταύτην
3445 5794 3597 5849 ὁδεύσ-

1908 5891 2106 5936 σαντας
2136 5874 2233 5947 τὴν
2265 5875 2381 5931 ὁδόν
2405 5892 2419 5941 ;
2453 5874 2581 5930 Ὅτι
2610 5875 2719 5946 γὰρ
2750 5874 2902 5928 οὐδὲν
2920 5873 3067 5939 ξένον
3091 5876 3182 5929 καὶ
3209 5875 3395 5930 καινὸν
3420 5875 3596 5939 ούδεὶς
