4054 6324
173 490 264 547 805

175 604 308 673 sequi
332 643 346 666 ,
392 599 500 655 nisi
541 597 642 652 hac
684 590 1056 649 incesserimus
1093 585 1219 640 via?
1245 580 1567 673 Quodenim
1608 575 1741 673 nihil

176 668 392 748 insolens
418 697 510 743 aut
536 700 728 740 novum
753 684 824 738 sit
850 695 1034 752 passus
1061 677 1327 747 jnstorum
1351 671 1512 734 ullus,
1535 668 1626 739 qui
1651 682 1748 736 per

177 782 474 837 amictiones
496 775 750 845 transegit
766 773 904 827 hanc
926 769 1109 830 vitam,
1134 764 1255 819 audi
1272 762 1542 818 Christum
1563 757 1746 812 dicen-

176 885 310 929 tem:
346 869 413 923 In
459 866 651 921 mundo
687 865 1000 936 aﬂiietionem
1040 855 1282 911 habebitis
1312 895 1328 919 ,
1368 851 1463 907 sed
1507 846 1747 915 conﬁdite

180 963 341 1031 (loca.
365 960 455 1014 l6.
480 957 552 1013 33
572 958 610 1023 ).
641 955 773 1010 Nam
800 967 868 1006 ne
892 949 1071 1005 audita
1095 945 1330 1007 tristitia,
1355 957 1453 1010 spe
1471 937 1743 1031 excidant,

175 1029 338 1106 statim
365 1047 611 1102 fiduciam
636 1045 715 1101 eis
741 1042 920 1107 affert,
939 1049 992 1094 et
1017 1052 1168 1093 suam
1196 1034 1476 1105 pollicetur
1497 1029 1743 1099 gratiam.

177 1140 272 1194 Sed
289 1137 548 1206 conﬁdite,
571 1133 739 1203 inquit
764 1148 778 1195 ;
800 1145 892 1201 ego
909 1128 1014 1183 uici
1029 1125 1294 1180 mundum.
1328 1119 1525 1183 Habes,
1554 1116 1744 1206 inquit,

178 1245 286 1285 eum
307 1203 394 1297 qui
416 1225 587 1296 gratia
605 1222 836 1288 allevict,
861 1218 950 1290 qui
973 1231 1078 1272 non
1101 1211 1381 1284 permittat
1401 1220 1452 1263 te
1478 1203 1744 1297 submersi

178 1319 238 1372 ab
262 1294 431 1371 illatis
445 1311 848 1374 tentationibus,
879 1307 970 1378 qui
998 1320 1121 1360 cum
1151 1299 1443 1358 tentatione
1469 1305 1524 1351 et
1545 1294 1746 1349 exitum

181 1408 398 1480 przebeat
415 1448 432 1472 ,
459 1416 514 1460 et
541 1421 648 1459 non
677 1401 949 1473 permittat
974 1409 1134 1466 supra
1165 1401 1373 1449 nostras
1400 1389 1542 1444 vires
1564 1383 1748 1439 inferri

177 1475 341 1570 gms.
362 1499 385 1567 (
405 1498 456 1551 ι.
488 1495 606 1551 Car.
633 1481 720 1551 to.
747 1492 816 1546 ts
833 1492 875 1561 ).
903 1487 1039 1558 Quid
1065 1481 1334 1541 tristaris?
1359 1479 1484 1552 quid
1514 1475 1751 1570 oneres?

178 1567 291 1657 quid
319 1586 598 1658 impatiens
616 1583 714 1640 es?
733 1597 898 1653 quare
924 1588 1031 1634 tam
1056 1575 1264 1646 abjecto
1288 1572 1470 1628 animo
1493 1568 1590 1625 es?
1615 1567 1749 1622 Num

179 1681 218 1736 si
241 1695 353 1749 qua:
381 1687 563 1733 nostra
603 1683 728 1731 sunt
765 1671 1100 1728 attulerimus
1123 1708 1139 1734 ,
1171 1665 1481 1736 patientiam
1507 1662 1627 1716 dico
1654 1701 1668 1724 ,
1699 1667 1750 1714 et

183 1772 554 1837 fortitudinem,
585 1778 642 1824 et
666 1776 874 1839 gratum
903 1763 1138 1818 animum
1159 1802 1175 1827 ,
1205 1773 1306 1814 nos
1331 1757 1473 1812 sinet
1500 1753 1704 1823 despici
1729 1752 1752 1806 τ

182 1865 303 1920 Num
323 1863 420 1918 etsi
443 1862 740 1931 desperatae
764 1863 889 1911 sunt
915 1869 1023 1921 res,
1046 1853 1262 1908 vincere
1289 1855 1512 1919 possunt
1536 1845 1752 1915 sapien-

182 1956 296 2011 tiam
314 1953 519 2009 Domini
544 1950 749 2006 nostri?
770 1947 876 2003 Nos
896 1960 1014 2015 qute
1036 1951 1216 1998 nostra
1237 1947 1363 1997 sunt
1383 1937 1750 2002 exhibeamus,

182 2055 230 2101 et
251 2045 508 2101 sinceram
536 2040 830 2096 habeamus
857 2035 1016 2092 ﬁdem
1042 2075 1057 2098 ,
1089 2033 1321 2088 scientes
1349 2028 1621 2084 solertiam
1647 2025 1757 2080 'l'u-

183 2137 304 2192 toris
341 2135 641 2190 animarum
683 2138 1007 2184 nostrarum.
1058 2123 1123 2178 Et
1162 2122 1276 2191 ipse
1311 2132 1532 2190 prorsus
1565 2116 1756 2171 melius

183 2228 319 2282 novit
340 2240 500 2296 quam
523 2237 622 2277 nos
639 2262 654 2285 ,
679 2218 806 2288 quid
833 2216 1129 2279 conducat,
1155 2213 1244 2281 qui
1268 2212 1336 2266 ita
1365 2225 1453 2265 res
1477 2209 1756 2278 dispensa-

185 2319 290 2383 bit,
333 2326 390 2371 ut
440 2315 541 2385 ipsi
571 2312 728 2387 fuerit
756 2306 1109 2363 honorificum
1134 2345 1149 2368 ,
1189 2313 1244 2358 et
1272 2301 1428 2358 nobis
1454 2300 1582 2354 utile
1609 2316 1622 2353 :
1651 2312 1758 2367 quo

181 2419 232 2464 et
253 2406 514 2479 patientia:
543 2399 845 2472 mercedem
871 2396 1215 2466 accipiamus,
1241 2402 1294 2448 et
1315 2393 1433 2461 ejus
1458 2389 1758 2458 benignita-

185 2511 280 2554 tem
309 2497 665 2556 obtineamus,
692 2488 862 2561 gratia
887 2497 941 2542 et
961 2482 1395 2541 miserationibus
1426 2479 1633 2535 Domini
1662 2494 1760 2532 no-

183 2591 270 2646 stri
308 2589 430 2644 Jesu
470 2583 708 2649 Christi,
734 2596 856 2636 cum
904 2591 1012 2648 quo
1053 2576 1199 2631 Patri
1246 2573 1404 2628 simul
1444 2580 1500 2625 et
1540 2569 1759 2640 Spiritui

185 2689 358 2736 sancto
382 2677 454 2733 sit
479 2675 678 2748 gloria,
709 2669 1012 2740 imperium,
1042 2665 1238 2732 honor,
1269 2677 1412 2719 nunc
1439 2669 1494 2718 et
1520 2675 1755 2729 semper,

186 2771 308 2828 etin
334 2767 529 2825 secula
555 2764 896 2822 sa'culorum.
927 2760 1122 2814 Amen.

681 2888 966 2949 llOMIIdA
1001 2883 1243 2942 XXXIII.

190 3010 365 3065 Abram
407 3016 573 3062 autem
605 3012 712 3058 erat
759 3002 895 3055 dives
930 2996 1078 3052 valde
1123 2993 1404 3063 pecoribus,
1440 3003 1486 3046 et
1529 2999 1757 3062 argento,

251 3109 298 3154 et
324 3114 469 3152 auro.
498 3094 566 3150 Et
597 3094 852 3165 profectas
894 3097 984 3152 est,
1014 3086 1150 3139 unde
1177 3091 1400 3147 venerat,
1433 3081 1486 3134 in
1522 3079 1762 3134 solitudi-

253 3206 363 3245 nem
388 3202 548 3256 asciae
583 3183 780 3250 Bethet,
809 3195 964 3249 usque
997 3176 1066 3230 ad
1094 3175 1261 3229 locum
1291 3173 1345 3226 in
1372 3187 1470 3241 quo
1504 3171 1642 3238 prius
1668 3171 1762 3239 fuit

253 3277 628 3336 tabernaculum
651 3274 759 3344 ejus
784 3272 914 3325 inter
932 3265 1108 3322 Bethel
1122 3273 1171 3319 et
1193 3263 1370 3334 Aggte,
1397 3261 1464 3313 ad
1493 3260 1658 3314 locum
1685 3258 1766 3311 al-

255 3371 376 3426 taris
397 3355 626 3440 quodibi
657 3361 906 3435 principio
937 3362 1124 3430 fecerat
1151 3353 1302 3425 (Gen.
1341 3353 1424 3408 l5.
1456 3351 1595 3420 2-4).

257 3504 306 3554 l.
345 3497 482 3554 Cum
519 3495 749 3548 alacrem
799 3496 1035 3543 vestrum
1081 3490 1422 3546 conventum,
1475 3488 1530 3534 et
1581 3479 1769 3549 ingens

191 3590 430 3648 audiendi
453 3578 966 3654 desiderium'hodie
990 3575 1222 3636 videam,
1252 3573 1373 3627 volo
1394 3571 1632 3626 debitum
1657 3570 1770 3625 sol-

192 3700 330 3748 vere,
361 3697 469 3752 quo
494 3692 620 3749 erga
660 3675 936 3730 caritatem
963 3677 1195 3724 vestram
1218 3665 1505 3720 obstrictus
1534 3677 1673 3716 sum.
1708 3661 1774 3716 Et

191 3778 297 3832 scio
319 3775 438 3845 ejus
469 3772 699 3827 fortasse
723 3780 818 3821 vos
840 3763 1034 3819 oblitos
1059 3774 1181 3815 esse
1202 3774 1270 3815 eo
1295 3755 1437 3828 quod
1471 3755 1623 3809 multi
1656 3753 1774 3808 dies

194 3864 604 3925 intercesserint,
651 3870 936 3925 sermoque
981 3859 1166 3907 noster
1209 3849 1275 3903 ad
1312 3849 1415 3902 alia
1447 3847 1659 3902 interim
1707 3847 1776 3900 sit

192 3958 466 4013 deductus.
511 3952 646 4007 Nam
685 3957 883 4004 sanctae
928 3941 1230 3999 festivitatis
1277 3939 1538 3993 adventus
1580 3938 1776 3992 seriem

196 4048 340 4103 nobis
378 4039 757 4114 interpellavit.
802 4037 986 4107 Neque
1026 4034 1169 4089 enim
1215 4047 1310 4102 par
1354 4039 1470 4085 erat
1523 4038 1600 4094 ut,
1651 4029 1776 4082 dum

194 4154 397 4195 crucem
431 4133 640 4191 Domini
680 4130 1074 4187 celebraremus
1105 4124 1201 4195 (a),
1232 4123 1300 4178 de
1327 4123 1447 4176 aliis
1475 4135 1776 4178 sermonem

196 4232 504 4286 all‘erremus
523 4245 536 4280 :
555 4238 740 4280 mensa
763 4229 941 4276 autem
979 4217 1130 4271 vobis
1157 4211 1500 4285 proponenda
1527 4221 1642 4266 erat
1669 4212 1780 4266 suis

195 4336 420 4391 congrua
481 4313 835 4386 temporibus.
875 4309 960 4363 Et.
986 4307 1184 4361 idcirco
1231 4303 1444 4373 quando
1484 4301 1627 4356 venit
1664 4300 1780 4356 dies

195 4408 535 4472 'I'iaditionis,
563 4404 813 4460 continua
840 4397 1094 4454 doctrina:
1122 4395 1259 4450 serie
1286 4403 1511 4454 resecta,
1544 4407 1781 4461 priesen-

200 4501 330 4555 tibus
357 4514 480 4569 qua:
507 4494 768 4565 urgebant
810 4505 907 4544 nos
937 4485 1424 4547 accommodantes,
1465 4482 1517 4536 in
1545 4481 1783 4550 prodito-

201 4607 307 4646 rem
344 4590 583 4658 linguam
630 4582 924 4638 laxavimus
953 4578 1024 4648 (ὑ)
1057 4595 1068 4630 :
1097 4574 1291 4658 deinde
1320 4573 1386 4628 de
1417 4588 1577 4627 cruce
1604 4572 1779 4639 aliqua

201 4683 249 4734 iu
276 4679 513 4736 medium
558 4673 895 4745 protulimus.
940 4669 1154 4732 Postea,
1203 4665 1545 4718 illucescente
1590 4662 1786 4716 Resur-

202 4769 448 4826 rcctionis
490 4765 598 4828 die,
628 4760 991 4819 necessarium
1032 4766 1148 4812 erat
1187 4765 1243 4809 ut
1283 4754 1350 4809 de
1398 4753 1787 4808 resurrectione

205 4859 407 4916 Domini
434 4858 718 4914 caritatem
739 4862 969 4908 vestram
993 4848 1308 4904 doceremus
1331 4861 1346 4899 :
1369 4853 1423 4899 et
1445 4842 1789 4912 sequentibus

259 4973 332 5033 (α)
364 4981 434 5022 De
457 4969 588 5033 festo
604 4966 778 5033 Crucis
791 4963 1041 5033 dominica:
1063 4960 1293 5033 loquitur.

365 5016 448 5082 ilic
459 5016 472 5018 ’
486 5016 716 5095 Ῐρἑιίιὶίιιι·Δ
732 5027 1093 5095 chrysostomus
1129 5016 1196 5095 de
1215 5094 1221 5095 γ
1231 5030 1394 5095 causa
1417 5016 1790 5095 interpellatque

205 5078 346 5145 seriei
367 5078 681 5144 heminarum
706 5090 754 5137 in
773 5078 1031 5154 Géuesim,
1055 5094 1176 5154 quas
1197 5093 1404 5154 numero
1437 5078 1635 5150 triginta
1673 5078 1793 5126 duas

202 5142 293 5215 jam
313 5142 510 5215 habitas
528 5165 614 5215 per
635 5158 782 5199 totam
799 5142 1244 5215 Quadragesimam,
1261 5149 1366 5213 post
1390 5142 1686 5215 tri'gfsimam
1709 5153 1793 5187 se-

205 5202 406 5282 ἱηῶᾦξῇ
425 5202 566 5282 aliud
577 5214 639 5282 _in
666 5202 860 5282 tempus
881 5202 1066 5282 distulit
1085 5242 1099 5263 ,
1138 5212 1189 5282 ut
1221 5202 1621 5282 feri‘a‘quiniiin
1649 5203 1794 5282 (gaesa

207 5259 635 5327 ῐιῦὦῐῖἀῐὰωε
653 5259 900 5332 proditore
920 5259 1239 5332 ,ιοιιιιειλοιυνι
1272 5270 1324 5332 Pl
1349 5259 1493 5332 cf“!!!
1518 5267 1687 5332 ιηρηει
1709 5259 1795 5310 ί¹¹⁰

209 5322 471 5387 Midam};
501 5335 567 5384 de
589 5322 724 5390 Juda,
749 5322 1123 5393 cujusinit'ium,
1158 5325 1394 5393 Volebam,
1421 5322 1584 5393 dilecti
1614 5335 1796 5393 :quam

210 5381 593 5449 sdiiaa'ioiﬁo
615 5381 785 5443 babes.
805 5381 1005 5441 'IJeinde
1038 5381 1276 5449 de'crace
1309 5385 1470 5448 aliqua
1502 5383 1553 5433 in
1584 5381 1798 5449 nwdium

213 5445 512 5519 bibimus.
548 5457 713 5516 Pergit
740 5455 1130 5519 Clirysostoiiius,
1165 5445 1446 5519 alterutram
1473 5459 1563 5519 ⁸ος(-
1585 5445 1799 5493 ltomiliis

213 5507 452 5571 {leva-luce
502 5507 767 5580 rqua’vpost
797 5507 1022 5580 ubmilias
1041 5507 1378 5580 deprtxliwre
1400 5507 1516 5555 .tuda
1539 5515 1686 5580 :I'OIIID
1719 5521 1798 5576 se-

215 5569 364 5632 cundo
387 5569 908 5632 nodutitur.'iiidicans.
934 5576 1020 5622 ltio
1043 5569 1209 5622 autem
1234 5569 1420 5618 Pascha:
1443 5575 1609 5616 contra
1635 5569 1792 5615 ebrio-

217 5595 364 5632 ωηιιο
453 5595 653 5630 nuntur.
677 5595 908 5626 ιιιαιωυδ.
935 5595 1020 5622 ιιιυ
1043 5595 1209 5622 Ἀυιΰιιι
1235 5595 1420 5618 Fabulla:
1443 5595 1572 5616 Luuu
1583 5595 1609 5615 σι
1635 5595 1712 5615 cm
1729 5595 1792 5615 ιυ-

217 5656 293 5692 sos
313 5651 364 5692 et
473 5639 839 5690 resurrectione
863 5637 1174 5683 concionatus
1207 5639 1283 5681 cst
1307 5645 1319 5678 :
1347 5632 1543 5678 demum
1576 5636 1797 5692 tempore

222 5689 680 5752 I‘aisdiali‘lttittiilias
702 5698 872 5747 habuit
903 5697 951 5744 in
985 5696 1268 5756 principium
1294 5689 1802 5756 Actorutn._tttee_plu-

221 5765 346 5813 ribus
381 5769 607 5816 enarrata
641 5760 750 5808 \ide
782 5767 926 5807 Tento
955 5752 1170 5806 secundo
1201 5757 1258 5803 ad
1294 5753 1513 5816 Itomilias
1547 5753 1592 5816 in
1625 5752 1799 5816 p'inci-

222 5810 344 5883 piuiii
371 5810 630 5883 ictorum,
667 5823 1047 5882 itenviue'l'onto
1083 5821 1226 5866 tertio
1259 5818 1304 5864 i.i
1343 5815 1513 5862 Mouito
1566 5810 1634 5862 de
1678 5810 1800 5861 Juda

224 5889 483 5950 proditore.

1189 468 1252 529 IN
1291 468 1440 526 CAP.
1485 460 1618 523 XIII.
1662 457 1905 519 GENES.
1947 456 2178 515 IlOMIL.
2221 453 2461 514 XXXIII.

3331 450 3438 507 305
3494 452 3498 456 ’

1852 570 2060 635 diebus,
2091 586 2188 641 per
2220 585 2282 624 ea
2313 567 2567 624 miracula
2594 580 2714 637 qua:
2745 575 2870 621 tunc
2910 563 3052 620 facta
3087 571 3233 630 sunt,
3261 577 3436 618 resur-

1849 661 2102 717 rectionis
2126 659 2509 715 demonstratio
2531 659 2723 712 iterum
2751 655 3019 712 afferenda
3043 665 3157 710 erat
3186 653 3438 724 :quando

1849 753 2011 808 etiam
2055 752 2434 821 Apostolorum
2480 750 2611 804 Acta
2664 748 2955 817 explanare
2993 745 3276 815 capimus,
3315 743 3438 798 inde

1851 845 2002 900 vobis
2017 844 2268 899 continua
2294 842 2664 912 'proponentcs
2687 837 2952 904 convivia,
2991 845 3049 895 et
3071 835 3278 892 crebris
3306 849 3435 904 quo-

1853 933 2175 1003 tidianisque
2215 931 2671 988 admonitionibus
2709 944 2826 994 eos,
2861 927 2954 999 qui
2993 941 3165 996 nuper
3189 924 3438 995 baptismi

1848 1024 2073 1094 gratiam
2111 1030 2448 1091 acceperant,
2487 1020 2854 1075 exhortantes.
2883 1015 3034 1072 Nunc
3062 1015 3222 1086 igitur
3247 1027 3434 1069 neces-

1850 1112 2048 1166 sarium
2075 1119 2159 1166 est
2188 1119 2247 1165 ut
2264 1109 2429 1166 debiti
2452 1123 2658 1164 memor
2678 1108 2803 1171 sim,
2831 1113 2888 1162 et
2911 1104 3064 1160 vobis
3092 1103 3436 1161 satisfaciam.
3520 1152 3523 1154 .

1850 1201 2085 1256 Tametsi
2112 1201 2256 1256 enim
2279 1215 2372 1255 vos
2395 1199 2562 1255 debiti
2591 1214 2756 1270 genus
2786 1196 3060 1268 ignoretis,
3085 1201 3271 1262 utpote
3296 1192 3440 1248 curis

1821 1340 1826 1344 .
1853 1291 2032 1345 multis
2061 1289 2322 1360 impliciti,
2345 1297 2401 1344 et
2418 1288 2629 1345 solliciti
2661 1302 2756 1356 pro
2779 1285 3054 1348 uxoribus,
3080 1293 3135 1338 et
3155 1283 3358 1347 liberis,
3387 1289 3436 1336 et
3534 1297 3541 1314 ι

1851 1380 2159 1452 quotidiana
2188 1380 2460 1443 alimonia,
2487 1377 2774 1446 multisque
2817 1375 2938 1431 aliis
2973 1374 3321 1429 saecularibus
3359 1387 3434 1427 ne-

1851 1473 2040 1543 gotiis:
2061 1489 2248 1528 verum
2279 1487 2377 1528 nos
2404 1471 2501 1542 qui
2525 1470 2684 1525 nullis
2703 1470 2754 1524 id
2781 1483 2950 1539 genus
2978 1467 3122 1522 curis
3145 1468 3438 1528 turbamur,

1855 1576 1908 1621 et
1927 1566 2078 1622 vobis
2095 1566 2258 1622 debiti
2284 1564 2594 1620 memoriam
2616 1561 2968 1633 suggerimus,
2991 1567 3045 1613 et
3065 1556 3130 1612 ad
3157 1557 3435 1614 restituen-

1857 1658 1983 1711 dum
2016 1671 2114 1711 nos
2143 1670 2413 1726 paramus.
2458 1653 2644 1723 Neque
2683 1648 3044 1713 admiremini,
3071 1648 3115 1703 si
3149 1657 3253 1701 tam
3289 1654 3450 1716 grato

1855 1751 2035 1803 animo
2067 1747 2117 1803 id
2144 1756 2479 1817 praestamus.
2513 1745 2681 1816 Hujus
2710 1744 2853 1798 enim
2880 1742 3044 1797 debiti
3072 1756 3240 1812 genus
3260 1755 3288 1793 a
3318 1754 3442 1795 sen-

1856 1836 2099 1892 sibilibus
2142 1835 2380 1908 pecuniis
2407 1836 2681 1892 diversum
2724 1843 2825 1889 est.
2860 1831 2916 1886 In
2947 1831 3049 1886 illis
3092 1832 3239 1885 enim
3286 1845 3441 1884 num-

1856 1944 2014 1999 quam
2041 1926 2250 1984 debitor
2279 1934 2386 1981 tam
2426 1935 2634 1996 gratum
2683 1939 2793 1994 pra:
2821 1937 2880 1976 se
2919 1920 3018 1976 fert
3047 1920 3304 1974 animum.
3333 1917 3442 1973 Scit

1856 2020 1999 2075 enim
2013 2034 2072 2075 se
2087 2019 2266 2074 debita
2282 2016 2538 2073 solvendo
2549 2031 2698 2070 suam
2726 2013 3046 2069 imminuere
3069 2011 3443 2075 substantiam,

1858 2119 1911 2165 et
1938 2109 2250 2179 accipientis
2276 2123 2474 2178 augere
2505 2105 2807 2161 facultates.
2826 2102 2942 2158 Non
2971 2104 3042 2157 ita
3071 2111 3249 2156 autem
3278 2109 3362 2156 est
3391 2100 3443 2156 in

1859 2200 2120 2270 spirituali
2162 2199 2264 2254 hoc
2290 2198 2491 2261 debito,
2537 2196 2632 2252 sed
2670 2197 2724 2251 in
2766 2211 2835 2251 eo
2858 2193 3069 2250 debitor
3096 2193 3222 2248 dum
3266 2190 3445 2256 solvit,

1859 2291 2030 2360 magis
2065 2288 2300 2345 abundat
2324 2288 2546 2354 divitiis,
2589 2295 2641 2342 et
2670 2284 3054 2356 accipientibus
3079 2284 3314 2351 majores
3353 2297 3446 2336 ac-

1859 2389 2109 2435 crescunt
2135 2394 2286 2449 opes.
2317 2378 2385 2434 Et
2415 2378 2615 2433 idcirco
2643 2377 2753 2432 illic
2782 2376 2988 2446 ingrata
3033 2374 3319 2429 admodum
3349 2387 3445 2426 vo-

1861 2469 2062 2525 luntate
2087 2472 2170 2540 agi
2211 2470 2383 2533 solet;
2417 2468 2503 2523 hic
2528 2477 2705 2522 autem
2735 2466 2974 2536 utrisque
3001 2465 3208 2520 lucrum
3255 2473 3359 2528 est,
3392 2473 3449 2517 et

1862 2560 2244 2626 dinumeranti,
2290 2568 2346 2614 et
2390 2558 2796 2629 accipientibus.
2846 2556 2913 2611 Et
2941 2554 3044 2610 hoc
3084 2564 3168 2609 est
3209 2553 3353 2624 quod
3384 2553 3452 2606 de

1861 2651 2085 2706 caritate
2135 2650 2411 2705 admonuit
2455 2649 2641 2703 beatus
2696 2646 2894 2701 Paulus
2944 2645 3128 2699 dicens
3176 2661 3189 2697 :
3244 2642 3453 2697 Nemini

1860 2741 2136 2812 quidquam
2168 2741 2406 2807 debeatis,
2451 2740 2551 2794 nisi
2579 2748 2633 2793 stt
2669 2736 2894 2808 diligatis
2919 2738 3131 2791 invicem
3155 2735 3330 2808 (Rom.
3363 2737 3449 2790 I5.

1864 2833 1940 2901 8).
1972 2833 2089 2900 Quo
2117 2832 2334 2898 indicat,
2367 2831 2470 2888 hoc
2494 2830 2727 2886 debitum
2758 2844 2973 2898 semper
2993 2829 3148 2896 solvi,
3175 2840 3228 2883 et
3254 2828 3452 2883 nihilo-

1866 2921 2042 2975 minus
2067 2921 2264 2976 durare
2293 2935 2526 2990 semper.
2556 2918 2740 2989 Neque
2781 2918 3052 2988 negligere
3093 2932 3189 2972 vos
3217 2902 3458 2988 oportet,

1865 3011 1929 3063 ad
1958 3011 2321 3079 recipiendum
2354 3019 2567 3079 paratos
2597 3027 2610 3061 :
2641 3009 2746 3064 hoc
2786 3009 2929 3064 enim
2965 3017 3020 3064 et
3059 3023 3156 3062 nos
3181 3008 3453 3062 debitores

1867 3099 2239 3170 locupletiores
2271 3099 2418 3160 facit,
2445 3108 2500 3154 et
2526 3098 2675 3152 vobis
2703 3097 2923 3165 majoris
2949 3097 3196 3152 utilitatis
3220 3098 3325 3152 erit
3350 3114 3455 3152 ma-

1873 3191 2027 3245 teria.
2061 3189 2222 3260 Igitur
2249 3189 2498 3260 qttoniam
2529 3188 2650 3243 talis
2676 3196 2761 3244 est
2782 3187 2938 3257 hujus
2961 3188 3125 3243 debiti
3158 3199 3367 3253 natura,
3403 3199 3461 3244 ut

1870 3288 2068 3350 quanto
2119 3281 2289 3350 magis
2335 3279 2690 3349 dependitur,
2740 3286 2887 3333 tanto
2943 3277 3212 3334 auctiores
3261 3289 3460 3334 nostra:

1871 3371 2162 3426 reddantur
2186 3385 2318 3441 opes
2342 3389 2354 3423 :
2383 3385 2480 3440 age
2505 3369 2796 3425 doceamus
2839 3384 2980 3424 nunc
3019 3379 3076 3426 et
3098 3370 3263 3426 debiti
3293 3382 3463 3426 matc-

1871 3462 2028 3528 riam,
2059 3469 2188 3516 utet
2216 3455 2314 3530 ipSi
2344 3449 2631 3514 alacriores
2660 3459 2883 3513 dicenda
2914 3460 3238 3528 suscipiatis,
3260 3471 3308 3515 et
3338 3476 3460 3531 gra-

1875 3564 1981 3609 tam
2035 3563 2273 3608 nostram
2332 3553 2659 3608 voluntatem
2715 3562 2992 3623 acceptam
3041 3551 3320 3617 habentes,
3368 3569 3465 3606 nos

1873 3648 2112 3719 diligenti
2165 3647 2504 3702 auscultandi
2550 3645 2729 3701 studio
2781 3647 3158 3701 remuncrctis.
3203 3646 3460 3712 Quantam

1877 3743 2035 3810 igitur
2052 3739 2217 3795 debiti
2244 3740 2499 3795 materia?
2520 3738 2700 3804 Scitis,
2722 3747 2774 3793 et
2798 3753 3064 3793 memores
3083 3739 3234 3805 estis,
3256 3739 3469 3809 quando

1875 3832 1944 3886 de
1968 3831 2270 3901 patriarcha
2289 3829 2532 3900 qua-dam
2557 3831 2608 3884 in
2634 3829 2865 3884 medium
2883 3828 3173 3894 attulimus,
3200 3831 3469 3899 quomodo

1877 3921 2420 3976 demonstraverimus
2445 3920 2760 3975 descensum
2791 3918 2909 3987 ejus
2940 3919 2992 3972 in
3019 3917 3308 3991 Egyptum
3342 3935 3464 3986 pro-

1882 4024 1996 4081 ptcr
2022 4013 2237 4079 famem,
2269 4020 2324 4066 et
2367 4019 2573 4082 raptam
2617 4010 2802 4066 Saram
2843 4024 2872 4062 a
2905 4009 3204 4075 Pharaone,
3234 4019 3286 4064 et
3333 4009 3472 4064 indi-

1880 4106 2182 4174 gnationem
2226 4102 2343 4170 Dei,
2376 4117 2537 4173 quam
2569 4102 2625 4156 in
2663 4101 2996 4156 Pharaonem
3023 4109 3077 4155 ct
3104 4100 3324 4153 domum
3354 4101 3474 4168 ejus

1881 4200 1950 4252 ob
1975 4212 2123 4252 suam
2155 4211 2278 4266 erga
2302 4197 2504 4263 justum
2535 4209 2718 4249 curam
2747 4194 2991 4258 immisit,
3026 4201 3078 4245 ct
3113 4190 3344 4246 reditum
3379 4207 3468 4260 pa-

1885 4289 2130 4342 triarcha:
2173 4288 2240 4340 ab
2281 4285 2516 4356 Egypto
2563 4300 2752 4354 magna
2792 4300 2915 4338 cum
2962 4283 3155 4352 gloria.
3207 4282 3473 4338 Mandaoit

1885 4380 2037 4441 enim,
2097 4379 2284 4447 inquit,
2347 4375 2556 4430 Pharao
2610 4375 2730 4428 viris
2773 4390 2924 4443 super
2965 4373 3177 4439 Abram,
3225 4380 3278 4426 ut
3318 4372 3478 4426 dedu-

1886 4480 2002 4522 cant
2029 4485 2164 4534 eum,
2193 4478 2239 4520 et
2264 4484 2470 4520 uxorem
2492 4467 2620 4536 ejus,
2654 4476 2699 4517 et
2720 4464 2890 4517 omnia
2918 4479 3030 4533 qua
3054 4462 3283 4524 habebat,
3308 4473 3352 4516 et
3381 4462 3477 4516 Lot

1885 4577 1998 4613 cum
2024 4560 2138 4612 eo‘.
2170 4558 2406 4612 Ascendit
2454 4568 2620 4610 autent
2654 4556 2839 4608 Abram
2878 4571 2940 4609 ea:
2983 4553 3237 4626 zEgypto,
3271 4557 3378 4623 ipse
3425 4569 3471 4609 ct

1887 4667 2018 4705 uxor
2041 4650 2170 4716 eius,
2202 4658 2248 4703 et
2277 4648 2447 4701 omnia
2475 4664 2588 4719 qtae
2616 4657 2759 4701 erant
2787 4647 2943 4709 illius,
2973 4657 3016 4698 et
3045 4645 3272 4698 Lotcum
3296 4647 3408 4712 ipso
3429 4648 3480 4699 in

1889 4742 2230 4797 solitudinem.
2262 4739 2358 4794 Hic
2397 4754 2701 4794 sermonem
2737 4737 2955 4790 missum
2987 4735 3233 4802 fecimus,
3265 4737 3482 4790 mediis-

1889 4850 1993 4903 que
2014 4832 2202 4888 dicbus
2226 4831 2521 4886 doctrinam
2548 4830 2916 4884 transtulimus
2947 4828 2999 4882 in
3023 4837 3333 4899 argumenta
3361 4837 3485 4882 tunc

1893 4923 2150 4993 temporis
2213 4922 2568 4978 occurrentia.
2626 4919 2750 4974 Ideo
2807 4918 2968 4976 hodie
3019 4935 3198 4990 opera:
3252 4922 3484 4989 pretium

1893 5016 2070 5080 fuerit,
2109 5023 2168 5069 ut
2196 5015 2393 5069 seriem
2434 5022 2758 5083 repetamus,
2808 5020 2862 5067 et
2906 5011 3129 5066 dicenda
3175 5027 3296 5066 cum
3327 5013 3486 5067 dictis

1894 5109 2044 5177 quasi
2085 5108 2138 5162 in
2167 5123 2331 5162 unum
2379 5121 2576 5175 corpus
2614 5114 2924 5174 coaptemus
2956 5122 2968 5157 :
2999 5105 3076 5159 sic
3118 5105 3260 5159 enim
3308 5121 3490 5160 sermo

1895 5199 2153 5255 doctrina;
2183 5199 2334 5268 quasi
2375 5212 2539 5252 unum
2589 5197 2689 5251 sub
2726 5205 2998 5265 aspectum
3030 5195 3204 5250 cadet.
3245 5196 3355 5251 Sed
3385 5212 3492 5265 quo

1901 5289 2264 5345 manifestiora
2311 5292 2420 5341 sint
2459 5301 2520 5342 ea
2563 5301 2682 5356 qua:
2721 5285 2994 5351 dicuntur,
3038 5301 3217 5354 opera:
3262 5287 3491 5356 pretium

1902 5381 2083 5445 fuerit,
2116 5388 2173 5434 ut
2197 5379 2404 5434 caritati
2449 5388 2639 5433 vestrae
2684 5387 3016 5447 proponatur
3047 5377 3365 5447 principium
3393 5393 3487 5433 eo-

1902 5489 2018 5532 rum
2056 5490 2174 5541 quze
2202 5471 2362 5525 hodie
2390 5480 2513 5525 sunt
2552 5471 2712 5525 lecta.
2752 5470 2807 5524 9...
2843 5471 3030 5524 Abram
3071 5482 3258 5534 aulem,
3295 5472 3486 5541 inquit.

1902 5574 2008 5619 erat
2049 5563 2186 5617 dives
2213 5561 2359 5616 valde
2392 5562 2674 5630 pecoribus,
2706 5573 2750 5614 et
2796 5572 3027 5632 argento,
3069 5571 3118 5614 et
3147 5579 3294 5614 auro.
3329 5563 3382 5616 5.
3425 5562 3491 5615 Et

1906 5656 2158 5727 profectus
2201 5661 2294 5719 est,
2340 5653 2475 5707 unde
2516 5662 2738 5718 venerat,
2789 5653 2842 5705 in
2882 5651 3206 5706 solitudinem
3235 5669 3390 5720 usque
3431 5654 3497 5706 ad

1968 5811 1979 5840 ¹
2021 5817 2099 5858 lla:
2120 5821 2268 5876 voces
2287 5843 2311 5876 ,_
2329 5813 2380 5856 Et
2412 5813 2488 5876 tot
2530 5817 2640 5876 cum
2663 5817 2744 5876 eo,
2761 5805 2940 5855 desunt
2975 5806 3022 5854 in
3055 5803 3253 5864 March;
3288 5805 3377 5855 sed
3415 5802 3495 5851 ba-

1913 5871 2090 5920 bcntur
2115 5873 2163 5918 in
2196 5869 2331 5919 sunt.
2362 5877 2410 5918 et
2437 5871 2482 5917 in
2507 5867 2671 5917 multis
2693 5873 2801 5916 Mss.
