4054 6324
571 367 673 426 307

571 477 769 545 Dethel,
795 492 949 546 usque
980 475 1047 537 ad
1076 475 1239 529 locum
1278 472 1328 524 in
1354 486 1451 538 quo
1481 483 1621 538 pnus
1645 467 1741 535 fuit
1767 463 2137 518 tabernaculum

570 572 702 642 ejus,
744 569 873 620 inter
910 564 1085 618 Bethel
1119 571 1164 616 et
1191 563 1317 615 inter
1355 558 1532 629 Aggtr,
1574 558 1628 610 4.
1670 555 1739 607 ad
1769 555 1932 610 lacum
1962 551 2138 604 altaris

570 661 708 728 quod
738 657 844 710 illic
870 654 1116 724 principio
1147 647 1330 714 fecerat
1355 664 1374 700 :
1400 661 1446 701 et
1472 645 1714 700 invocavit
1742 645 1813 697 ibi
1841 643 2025 704 Abram
2049 656 2140 692 no-

570 726 682 802 men
717 746 920 800 Domini
947 738 1158 803 DeiL‘Ne
1184 749 1563 802 przetercamus
1583 735 1754 789 obiter
1773 751 1834 788 ea
1861 749 1978 803 qna:
2002 726 2138 787 lecta

571 848 719 900 sunt,
765 833 855 895 sed
898 832 1163 887 diecamus
1190 843 1332 885 ctare
1365 829 1659 881 divinarum
1686 825 1978 879 Literarum
2019 820 2141 874 dili-

571 928 828 997 gentiam,
860 922 1124 992 quomodo
1156 921 1286 975 nihil
1310 919 1461 973 nobis
1487 932 1870 988 supervacuum
1901 923 2136 968 narrent.

571 1018 759 1070 Abram
782 1023 965 1069 autem.
1002 1013 1188 1079 inquit,
1223 1022 1326 1064 erat
1353 1012 1488 1064 dives
1505 1008 1668 1064 valde.
1699 1008 1993 1062 Considera
2031 1003 2138 1072 pri-

571 1112 715 1158 mum
758 1102 895 1157 istud
928 1101 1098 1170 ipsum
1142 1115 1246 1154 non
1287 1101 1503 1163 frustra,
1548 1114 1721 1167 neque
1762 1107 1964 1152 temere
2005 1092 2140 1148 indi-

569 1195 719 1259 cari;
769 1205 868 1251 nec
913 1197 965 1250 in
1009 1207 1202 1250 Vanum
1245 1196 1462 1249 divitem
1511 1207 1651 1245 nunc
1686 1199 1859 1256 vocat,
1908 1188 1956 1241 id
2001 1185 2140 1256 quod

572 1300 834 1355 nusquam
872 1285 1000 1340 alias
1027 1286 1288 1352 meminit,
1321 1285 1414 1339 sed
1444 1299 1582 1338 nunc
1621 1283 1846 1351 primum
1883 1278 2032 1340 dicit,
2062 1275 2143 1329 di-

569 1377 733 1430 vitem
779 1375 960 1431 fuisse.
1012 1377 1186 1444 Quare
1233 1377 1332 1430 hoc
1384 1385 1436 1430 et
1474 1390 1628 1442 quam
1679 1373 1748 1425 ob
1787 1367 2042 1437 causam?
2077 1366 2144 1433 υἱ

572 1468 746 1522 discas
775 1467 964 1522 divina:
1008 1469 1278 1537 sapientia:
1319 1469 1624 1531 solertiam,
1650 1473 1702 1517 et
1728 1478 1838 1517 sum
1870 1464 1921 1513 in
1945 1465 2140 1529 justum

575 1557 916 1624 providentiae
947 1557 1254 1611 immensam
1282 1558 1651 1628 ingentemque
1681 1552 1984 1622 pOIentiam.
2013 1550 2142 1615 Nam

575 1647 664 1711 qui
689 1645 841 1700 famis
863 1648 1174 1704 necessitate
1196 1647 1249 1700 in
1275 1645 1559 1716 Egyptum
1585 1643 1908 1713 peregrinari
1929 1652 2143 1695 coactus

579 1729 695 1800 fuit,
725 1748 790 1810 eo
817 1737 954 1805 quod
984 1737 1250 1805 angustias
1278 1752 1408 1805 quas
1439 1736 1490 1787 in
1517 1734 1811 1788 Chananma
1835 1731 2142 1802 experieba-

578 1828 661 1884 tur
691 1827 828 1882 ferre
855 1844 956 1881 non
985 1837 1182 1897 posset,
1232 1829 1276 1882 is
1305 1829 1481 1884 subito
1523 1826 1671 1880 dives
1701 1825 1871 1878 factus
1896 1836 1977 1889 est
2005 1841 2017 1876 :
2049 1837 2148 1877 nec

576 1911 885 1984 simpliciter
926 1918 1093 1984 dives,
1124 1919 1216 1972 sed
1249 1917 1422 1984 valde,
1467 1931 1571 1971 non
1613 1925 1816 1970 tantum
1845 1914 2144 1986 pecoribus,

576 2006 667 2058 sed
698 2002 750 2059 et
773 2017 989 2074 argento
1015 2017 1068 2062 et
1091 2023 1238 2061 auro.

647 2093 700 2146 3.
748 2094 964 2151 Vidistis
1003 2106 1195 2165 quanta
1244 2096 1312 2163 sit
1355 2095 1444 2152 Dei
1489 2093 1864 2162 providentia?
1895 2091 2057 2159 Abiit,
2092 2102 2150 2157 ut

580 2180 807 2250 aliquam
833 2185 982 2254 famis
1009 2186 1425 2244 consolationem
1453 2185 1732 2244 inveniret.
1763 2193 1816 2236 et
1841 2183 2016 2245 rediit,
2043 2197 2148 2235 non

577 2273 749 2326 solum
778 2271 915 2326 fame
943 2273 1196 2343 mitigata,
1229 2274 1322 2328 sed
1352 2285 1404 2327 et
1431 2272 1627 2326 divitiis
1654 2283 1707 2326 et
1748 2272 2002 2325 immensa
2033 2271 2148 2340 glo-

579 2362 653 2414 ria
681 2361 1040 2430 conspicuus;
1079 2364 1427 2433 omnibusque
1472 2363 1806 2417 manifestum
1838 2362 1934 2418 fuit
1963 2361 2150 2431 qualis-

578 2452 700 2505 ham
731 2463 872 2505 esset
904 2470 916 2506 :
951 2453 1246 2523 deindequc
1273 2454 1586 2508 Chananreae
1617 2453 1804 2507 incola:
1831 2454 1959 2521 justi
1988 2453 2152 2509 virtu-

581 2541 686 2592 tem
714 2541 908 2594 clarius
953 2543 1266 2609 didicerunt,
1301 2546 1540 2598 videntes
1584 2555 1759 2598 rermn
1807 2545 2149 2600 mutationem

581 2627 688 2683 tam
711 2641 1057 2699 repenttnam,
1089 2642 1144 2687 et
1170 2635 1324 2687 tantis
1353 2634 1550 2689 divitiis
1574 2633 1873 2689 alllue’ntem
1901 2646 2020 2695 eum
2061 2632 2148 2700 qui

581 2732 639 2775 ut
680 2725 1001 2793 peregrinus,
1036 2736 1087 2798 et
1113 2727 1263 2804 quasi
1307 2727 1568 2797 fugitivus,
1599 2736 1651 2781 et
1677 2741 1859 2795 vagus,
1893 2725 1946 2780 in
1988 2723 2149 2794 IEgy-

580 2816 727 2879 ptnm
775 2809 1136 2882 descenderat.
1168 2821 1235 2872 At
1281 2826 1334 2869 tu
1379 2815 1497 2869 vide
1543 2817 1808 2884 quomodo
1854 2815 1938 2868 hic
1984 2829 2154 2883 neque

583 2902 964 2968 prosperitate,
997 2919 1167 2973 neque
1217 2905 1516 2963 divitiarum
1563 2904 1832 2962 affluentia
1879 2905 2156 2959 remissior

579 2990 663 3044 vel
711 2993 1055 3060 negligentior
1094 2994 1257 3048 factus
1295 3005 1388 3048 est'
1430 3009 1450 3050 ε
1503 2994 1594 3048 sed
1649 2995 1843 3048 iterum
1882 2993 2154 3047 contendit

581 3081 647 3132 ad
675 3095 795 3133 eum
824 3082 1019 3147 locum,
1067 3084 1154 3135 nhi
1184 3086 1326 3151 prius
1353 3085 1543 3149 fuerat,
1578 3085 1877 3154 priusquam
1911 3087 1959 3138 in
1989 3084 2152 3154 Aigy-

585 3181 728 3235 ptum
759 3172 1092 3225 concederet.
1136 3172 1277 3226 Venit
1299 3175 1459 3235 enim,
1486 3175 1674 3244 inquit,
1706 3176 1758 3227 in
1796 3175 2150 3236 solitudinem,

582 3265 736 3328 usque
781 3263 849 3313 ad
894 3262 1058 3316 locum
1101 3265 1182 3316 ubi
1215 3269 1353 3338 prius
1382 3267 1482 3335 fuit
1520 3265 1892 3318 tabernaculum
1917 3267 2044 3334 ejus,
2088 3266 2155 3318 ad

584 3346 746 3403 locum
768 3352 944 3405 altaris
968 3353 1105 3423 quod
1139 3355 1253 3422 {scit
1293 3355 1359 3408 ibi
1387 3357 1662 3425 principio,
1691 3366 1737 3408 et
1776 3355 2020 3408 invocavit
2057 3369 2151 3408 no-

583 3452 691 3492 men
714 3435 915 3498 Dantini
943 3442 1055 3496 Dei.
1083 3444 1288 3513 Cogita,
1316 3444 1560 3508 obsecro,
1588 3452 1842 3514 quantum
1868 3455 1984 3500 erat
2003 3447 2153 3514 quic-

583 3531 650 3583 iis
675 3539 728 3584 et
761 3534 1146 3601 tranquillitatis
1169 3545 1393 3602 amator,
1439 3547 1492 3590 et
1519 3537 1570 3590 in
1601 3537 1779 3590 divino
1809 3537 1951 3591 cultu
1992 3553 2149 3606 quam

583 3619 816 3672 sedulus.
843 3621 919 3674 Ad
947 3637 1065 3675 cum
1094 3625 1234 3678 enim
1260 3624 1456 3690 locum,
1485 3625 1672 3694 inquit,
1701 3627 1944 3687 accessit,
1974 3627 2023 3678 in
2049 3635 2153 3694 quo

587 3709 730 3776 prius
776 3707 940 3765 altare
972 3711 1344 3778 mdiﬂcaverat,
1385 3718 1438 3767 et
1473 3714 1525 3767 in
1569 3729 1674 3783 quo
1705 3727 1897 3768 nomen
1942 3715 2150 3768 Domini

587 3799 939 3853 invocaverat.
969 3801 1105 3854 Ecce
1129 3800 1236 3870 jam
1281 3803 1460 3856 multis
1487 3814 1639 3857 antea
1669 3805 1876 3858 saeculis
1919 3805 2152 3873 implevit

586 3880 687 3939 ltoc
715 3887 860 3958 quod
885 3899 1065 3956 pOStea
1103 3905 1132 3942 a
1163 3891 1326 3942 David
1372 3893 1565 3944 dictum
1597 3900 1677 3945 est
1707 3912 1720 3946 :
1754 3893 1896 3962 Elegi
1933 3894 2150 3962 abjectus

585 3986 689 4028 esse
711 3977 763 4028 in
790 3977 938 4029 domo
969 3977 1063 4031 Dei
1106 3980 1202 4031 mei
1225 3981 1383 4049 magis
1407 3997 1556 4052 quam
1590 3983 1813 4035 habitare
1838 3984 1887 4034 in
1923 3983 2154 4035 taberna-

587 4067 715 4120 culis
761 4079 1073 4136 peccatorum
1118 4069 1283 4141 (Psal.
1315 4073 1402 4126 83.
1437 4074 1546 4140 ll).
1589 4074 1830 4128 Solitudo
1857 4077 1995 4128 enim
2029 4091 2155 4143 pro-

589 4163 704 4224 pter
731 4158 1112 4217 invocationem
1146 4163 1371 4215 nominis
1401 4164 1492 4238 Dei
1516 4165 1715 4231 gratior
1753 4166 1800 4217 ei
1832 4175 1965 4228 erat,
1997 4181 2154 4235 quam

586 4247 847 4302 ci'vltates.
880 4249 1092 4314 Sciebat
1130 4258 1294 4318 enim,
1323 4254 1523 4321 sciebat
1554 4257 1755 4322 utique,
1788 4257 2015 4310 civitatis
2041 4274 2155 4310 ma-

584 4338 909 4406 gnitudinem
937 4355 1040 4394 non
1071 4354 1135 4395 ex
1161 4342 1500 4397 aedificiorum
1548 4344 1957 4412 pulchritudine,
1987 4361 2156 4413 neque

586 4437 648 4483 ex
677 4429 867 4485 civium
914 4433 1249 4489 multitudine
1293 4444 1537 4488 constare
1572 4453 1584 4486 :
1617 4436 1710 4489 sed
1739 4453 1802 4490 ex
1849 4437 2152 4490 inhabitan-

589 4520 716 4571 tintn
747 4521 958 4586 virtute,
992 4533 1203 4590 propter
1229 4541 1383 4592 quam
1426 4527 1535 4593 ipsa
1581 4526 1810 4580 solitudo
1855 4528 2155 4583 civitatibus

587 4603 795 4678 dignior
823 4610 938 4678 fuit,
961 4627 1080 4681 qua:
1103 4614 1301 4669 virtute
1324 4615 1453 4683 justi
1481 4616 1787 4681 ornabatur,
1815 4626 1868 4669 et
1889 4618 2018 4670 orbe
2047 4627 2157 4672 toto

588 4695 834 4770 l'ulgitlior
858 4712 988 4758 erat.
1022 4705 1074 4759 5.
1109 4705 1174 4757 Et
1201 4705 1311 4770 Lot,
1342 4706 1530 4774 inquit,
1558 4708 1643 4775 qui
1677 4724 1789 4762 cum
1818 4702 2001 4763 Abram
2031 4710 2154 4773 ibat,

585 4796 727 4842 erant
755 4801 798 4843 et
825 4809 953 4856 ores,
985 4805 1029 4846 et
1058 4797 1219 4859 boves,
1249 4806 1296 4848 et
1317 4813 1496 4864 pecora
1516 4839 1529 4861 ,
1560 4797 1610 4851 ti.
1637 4814 1793 4867 neque
1817 4800 2045 4868 capiebat
2074 4816 2156 4854 eos

585 4884 739 4946 terra,
771 4894 824 4935 ut
844 4879 992 4937 simul
1018 4887 1312 4940 habitarent.
1341 4886 1467 4940 Erat
1487 4889 1668 4957 quippe
1686 4889 1960 4942 substantia
1983 4907 2155 4943 eorum

585 4969 760 5034 inulta,
794 4983 838 5025 et
877 4991 974 5026 non
1005 4985 1230 5043 poterant
1258 4978 1479 5031 habitare
1505 4979 1673 5031 simul.
1717 4978 1830 5034 Non
1857 4981 2028 5033 solum
2060 4994 2156 5048 pa-

586 5062 832 5131 triarcha:
885 5063 1158 5123 facultates
1203 5075 1371 5120 aucta:
1413 5077 1556 5130 sunt,
1587 5068 1679 5124 sed
1708 5067 1774 5121 Et
1805 5068 1932 5134 Lat,
1963 5070 2152 5140 inquit,

584 5163 723 5204 crant
762 5169 894 5220 oves,
926 5166 972 5209 et
1001 5155 1164 5220 boves,
1210 5164 1256 5209 et
1283 5167 1479 5225 pecora.
1514 5157 1670 5212 Ferte
1702 5158 1886 5227 partim
1917 5161 2113 5214 Abram
2135 5199 2151 5227 ,

584 5253 764 5311 utpote
793 5245 1043 5308 liberalis,
1069 5246 1154 5298 illa
1180 5246 1278 5300 Lot
1300 5246 1475 5299 fratris
1503 5247 1608 5299 lilio
1633 5247 1937 5314 donaverat,
1962 5251 2152 5318 partim

583 5336 672 5388 alii
700 5336 954 5389 dedetant
980 5338 1032 5390 in
1065 5338 1375 5407 patriarchze
1401 5340 1643 5408 gratiam.
1685 5339 1749 5392 Et
1779 5357 1876 5392 non
1906 5345 2150 5411 capiebat,

586 5430 772 5496 lhqttlt,
801 5445 882 5482 eos
912 5441 1065 5491 terra,
1093 5441 1198 5482 erat
1226 5431 1412 5498 quippe
1450 5431 1729 5484 substantia
1772 5445 1943 5484 eorum
1972 5433 2150 5485 multa.

589 5513 719 5573 \‘ide
767 5521 1031 5588 quomodo
1071 5521 1375 5575 facultatum
1424 5521 1573 5590 copia
1629 5523 1807 5575 statim
1856 5537 2011 5575 causa
2058 5523 2150 5576 fuit

585 5612 933 5677 separationis
963 5630 975 5664 :
1003 5612 1313 5667 divisionem
1341 5613 1482 5667 enim
1513 5622 1781 5681 operatur,
1813 5612 2148 5665 concordiam

582 5705 825 5772 impedit,
855 5715 909 5761 et
938 5708 1262 5777 cognationis
1285 5704 1553 5761 vinculum
1598 5704 1814 5759 dirimit.
1844 5704 1874 5758 7
1919 5704 1985 5760 Et
2017 5706 2154 5774 facta

1311 355 1368 413 8.
1407 350 1680 412 JOANNIS
1703 346 2175 410 CIIRYSOSTOEI
2213 339 2527 403 ARCIIIEP.
2570 328 3104 394 CONSTANTINOP.

3719 317 3824 378 508

2245 467 2316 518 est
2344 470 2511 524 pugna
2530 455 2658 518 inter
2679 463 2903 517 pastores
2924 459 3159 516 pecorum
3182 444 3345 507 Alme,
3373 447 3420 495 et
3446 441 3574 492 inter
3599 450 3830 505 pastores

2245 547 2358 599 Lot.
2387 540 2662 598 Chanamti
2707 550 2875 591 autem
2915 540 2961 589 et
3013 531 3280 591 Phert'ztei
3317 540 3436 584 tunc
3477 527 3828 582 inhabitdsltst

2244 643 2450 688 terram.
2474 628 2702 694 Attende
2728 624 3219 696 quomodogenere
3243 619 3450 686 cognati
3477 619 3829 672 discessionis

2245 725 2450 780 initium
2479 721 2700 776 faciunt.
2731 716 2864 772 Hinc
2907 710 3048 767 enim
3079 726 3295 780 semper
3319 710 3493 763 omnia
3524 707 3667 761 mala
3711 706 3829 771 pul-

2246 814 2431 878 lulant.
2464 827 2491 864 a
2522 809 2833 863 famulorum
2867 803 3122 878 nequitia.
3153 800 3312 853 Facta
3339 812 3410 853 est
3434 800 3600 860 enim,
3634 798 3829 863 inquit,

2247 919 2414 972 pugna
2436 902 2567 953 inter
2594 906 2835 967 pastores.
2862 894 2924 947 Hi
2947 890 3295 945 dissensionis
3324 889 3659 942 occasionem
3686 900 3831 954 pra:-

2248 994 2493 1056 buerunt,
2523 991 2557 1044 ii
2583 987 2925 1044 concordiam
2952 980 3291 1042 dirimebant,
3315 978 3351 1030 ii
3373 977 3592 1030 multam
3618 989 3831 1028 morum

2249 1081 2641 1152 improbitatem
2687 1091 2797 1145 pra:
2848 1089 2907 1127 se
2953 1070 3215 1125 ferebant.
3260 1067 3536 1120 Chanantei
3579 1076 3747 1119 autem
3789 1074 3834 1118 ct

2255 1174 2507 1229 Phereswi
2548 1183 2663 1224 tunc
2701 1165 3044 1220 inhabitabant
3085 1173 3288 1216 terram.
3327 1160 3501 1227 Quare
3549 1157 3706 1211 nobis
3731 1156 3835 1208 hnc

2247 1263 2600 1336 significavit?
2628 1260 2888 1326 Quoniam
2919 1255 3148 1318 dixerat,
3198 1252 3317 1306 Non
3341 1249 3566 1321 capiebat
3591 1264 3677 1301 eos
3697 1256 3835 1298 terra

2247 1368 2300 1409 ut
2351 1356 2631 1410 habitarent
2673 1350 2846 1413 simul,
2895 1360 3108 1401 causam
3157 1356 3369 1414 quoque
3413 1343 3610 1405 docere
3665 1338 3835 1390 voluit

2249 1446 2426 1500 divina
2458 1444 2754 1511 Scriptura,
2783 1440 2902 1503 ideo
2927 1442 3024 1491 nos
3048 1450 3241 1504 capere
3268 1447 3373 1487 non
3403 1431 3664 1502 potuisse,
3695 1444 3828 1498 quo-

2251 1537 2389 1589 niam
2413 1534 2587 1588 adbuc
2611 1547 2640 1586 a
2667 1529 2910 1600 gentibus
2940 1526 3040 1579 illis
3069 1529 3431 1595 prmoccupaui
3460 1530 3595 1574 erat.
3631 1518 3834 1572 Verum

2252 1640 2349 1680 nos
2398 1623 2698 1698 religiosam
2729 1618 3047 1688 patriarchae
3091 1623 3323 1667 mentem
3369 1608 3668 1670 videamus,
3703 1622 3838 1676 quo-

2253 1717 2410 1776 modo
2437 1697 2528 1768 sua
2563 1713 2781 1766 lenitate
2821 1715 3134 1762 exarsurum
3167 1702 3467 1757 incendium
3513 1697 3837 1766 restinguat.

2251 1807 2302 1862 8.
2337 1805 2475 1858 Dixit
2499 1812 2685 1866 autem,
2717 1799 2906 1868 inquit,
2927 1797 3113 1848 Abram
3133 1793 3202 1845 ad
3227 1791 3322 1844 Lat
3354 1806 3373 1844 :
3397 1803 3458 1842 ne
3484 1789 3548 1840 sit
3574 1783 3690 1840 rita
3706 1787 3841 1837 inter

2252 1915 2328 1951 me
2353 1909 2397 1951 et
2415 1908 2480 1961 te,
2505 1895 2709 1949 et.inter
2736 1899 2958 1960 pastores
2986 1902 3120 1938 meos
3146 1893 3194 1935 et
3229 1891 3360 1947 tuos,
3391 1879 3508 1949 quia
3535 1881 3728 1945 fratres
3753 1892 3842 1928 sua

2253 2003 2364 2042 inus
2402 2003 2512 2040 nos.
2541 1984 2675 2038 Vide
2713 1982 2972 2048 insignem
3013 1974 3349 2036 modestiam,
3381 1969 3500 2024 vide
3549 1967 3840 2021 sublimem

2255 2077 2660 2150 philosophiam.
2691 2072 2870 2136 Etate
2913 2079 2966 2123 et
3011 2067 3267 2150 dignitate
3306 2063 3486 2118 senior
3531 2060 3793 2130 juvenem
3825 2100 3838 2118 ,

2255 2143 2428 2222 fratris
2460 2143 2623 2219 lilium
2658 2163 2872 2216 fratrem
2915 2143 3166 2228 appellat,
3193 2165 3247 2209 et
3275 2157 3324 2207 in
3353 2152 3614 2214 eamdem,
3653 2151 3707 2202 in
3737 2159 3842 2217 qua

2255 2262 2368 2330 ipse
2389 2267 2522 2323 erat,
2548 2254 2856 2324 dignitatem
2876 2249 3079 2313 evehit,
3109 2247 3348 2315 nihilque
3375 2244 3550 2298 minus
3575 2241 3648 2296 illi
3677 2256 3841 2309 quam

2255 2353 2352 2406 sibi
2388 2349 2570 2402 tribuit
2599 2364 2611 2401 :
2641 2344 2734 2399 sed
2759 2343 2886 2401 dicit
2917 2359 2930 2395 :
2963 2339 3045 2393 Ne
3077 2340 3140 2393 sit
3177 2339 3290 2391 rixa
3314 2339 3442 2390 inter
3471 2350 3550 2387 me
3580 2343 3628 2386 et
3659 2344 3729 2394 te,
3758 2332 3841 2384 in-

2253 2449 2328 2496 ter
2376 2447 2596 2510 pastores
2636 2451 2767 2488 meos
2811 2444 2857 2486 et
2904 2442 3038 2501 tuos.
3070 2429 3286 2499 lndigne
3315 2427 3457 2481 enim
3505 2424 3611 2478 hoc
3641 2423 3798 2477 fleret
3825 2464 3840 2483 ,

2257 2533 2446 2602 inquit,
2500 2528 2748 2600 quoniam
2806 2523 2998 2584 fratres
3050 2535 3255 2577 sumus.
3313 2518 3504 2573 Vidisti
3557 2514 3844 2586 quomodo

2253 2627 2492 2694 Apostoli
2509 2617 2895 2695 legemimplet,
2921 2630 3039 2684 qua:
3066 2613 3193 2667 dicit
3225 2629 3237 2664 :
3266 2611 3384 2663 Jam
3403 2608 3607 2678 quidem
3633 2607 3846 2660 omnino

2257 2711 2492 2765 delictum
2519 2711 2571 2763 in
2612 2707 2748 2762 vobis
2785 2715 2888 2771 est,
2933 2704 3065 2773 quod
3103 2702 3302 2772 judicia
3347 2698 3537 2752 habetis
3578 2697 3714 2750 inter
3758 2709 3847 2748 sos

2256 2802 2484 2854 invicem.
2513 2799 2616 2854 Cur
2644 2814 2743 2850 non
2795 2796 2966 2865 potius
3011 2794 3252 2862 infant-iam
3289 2789 3530 2860 .patintini
3555 2789 3578 2840 Ρ
3605 2804 3698 2839 cur
3740 2804 3846 2838 non

2259 2892 2424 2959 potius
2451 2891 2696 2947 damnum
2720 2886 2951 2954 accipitis
2969 2884 2994 2936 7
3023 2882 3137 2936 Luto
3168 2898 3252 2934 vos
3294 2879 3532 2940 iniuriam
3559 2877 3748 2946 facitis,
3796 2888 3847 2930 et

2258 2980 2535 3053 fraudatis,
2565 2979 2712 3046 idque
2739 2976 2921 3044 fratres
2957 2975 3035 3040 (l.
3064 2973 3180 3025 Cor.
3212 2971 3264 3024 6.
3297 2971 3349 3024 ’1.
3397 2967 3474 3039 8).
3511 2968 3634 3021 Haec
3658 2967 3846 3020 omnia

2256 3071 2506 3140 cperibus
2549 3068 2775 3136 impleas
2804 3063 3101 3134 patriarcha
3128 3062 3262 3115 dixit.
3292 3076 3306 3111 :
3339 3057 3421 3111 Ne
3447 3059 3510 3110 sit
3555 3059 3669 3109 rira
3708 3056 3848 3109 inter

2257 3180 2335 3216 me
2362 3171 2408 3214 et
2438 3172 2501 3225 te,
2533 3169 2578 3212 et
2604 3159 2731 3211 inter
2756 3166 2983 3224 pastores
3009 3168 3146 3211 meos
3173 3163 3217 3205 et
3248 3162 3380 3213 tuos,
3409 3149 3646 3218 quoniam
3673 3148 3848 3198 Iacnti-

2259 3272 2343 3308 nes
2395 3253 2573 3319 fratres
2624 3265 2716 3303 nos
2761 3263 2956 3301 sumus.
3001 3243 3136 3311 Quid
3191 3243 3292 3295 hac
3336 3240 3510 3294 anima
3557 3238 3848 3306 pacatius?

2260 3343 2487 3402 Proinde
2518 3356 2621 3394 non
2666 3339 2882 3402 frustra,
2914 3350 3012 3389 nec
3057 3334 3174 3387 sine
3204 3344 3364 3385 causa
3403 3328 3667 3395 principio
3689 3325 3850 3379 dice-

2260 3435 2401 3499 bam,
2426 3448 2547 3487 enm
2571 3445 2753 3486 amore
2778 3427 2969 3496 quietis
2995 3435 3049 3477 et
3071 3419 3468 3491 tranquillitatis
3495 3415 3846 3471 solitudinem

2258 3525 2387 3580 locis
2414 3520 2775 3590 frequentibus
2803 3515 3115 3585 praetulisse.
3144 3510 3371 3565 Attende
3398 3508 3537 3562 enim
3567 3505 3850 3574 quomodo

2258 3627 2306 3671 et
2342 3629 2481 3668 nunc
2519 3610 2708 3663 videns
2755 3617 2996 3677 pastores
3038 3600 3345 3667 conﬂigere,
3377 3597 3553 3651 statim
3601 3597 3652 3648 in
3682 3595 3849 3647 initio

2259 3719 2427 3765 tentat
2453 3707 2784 3773 restinguere
2830 3699 3130 3752 incendium
3159 3694 3303 3765 quod
3343 3702 3646 3760 erupturum
3675 3697 3805 3743 erat
3828 3726 3847 3754 ,

2222 3812 2312 3855 'et
2349 3796 2744 3852 contentionem
2791 3790 2960 3844 sedat.
2997 3787 3228 3842 Debebat
3274 3784 3416 3839 enim
3471 3784 3602 3852 ipse,
3649 3790 3850 3847 utpote
3937 3783 3940 3788 ’

2259 3889 2506 3942 omnibus
2543 3882 2837 3939 Palmstina:
2876 3879 3060 3932 incolis
3088 3875 3362 3944 sapientia:
3391 3873 3576 3926 doctor
3603 3871 3803 3923 missus
3831 3912 3846 3932 ,

2261 3980 2454 4034 nullam
2483 3972 2777 4030 otl'endiculi
2823 3971 2950 4023 dare
2978 3969 3336 4030 occasionem,
3367 3964 3455 4016 vel.
3477 3977 3654 4014 ansam
3697 3974 3845 4013 cnn~

2262 4070 2470 4132 cedere,
2496 4066 2587 4120 sed
2633 4077 2838 4118 morum
2871 4061 3088 4114 lenitate
3128 4057 3254 4112 tuba
3280 4056 3476 4108 clarius
3503 4048 3684 4106 omnes
3708 4065 3850 4104 eru—

2263 4162 2396 4224 dire,
2430 4169 2483 4212 et
2503 4172 2610 4210 sua:
2633 4155 2842 4207 virtutis
2871 4150 3042 4205 facere
3067 4149 3385 4202 imitatores.
3421 4144 3502 4198 Ne
3528 4143 3612 4207 sit,
3643 4142 3846 4209 inquit,

2263 4251 2373 4304 rixa
2403 4251 2529 4301 inter
2558 4264 2635 4299 me
2651 4256 2694 4298 et
2721 4253 2786 4305 te,
2810 4243 2937 4295 inter
2963 4250 3186 4310 pastores
3210 4253 3343 4289 meos
3371 4246 3416 4288 et
3444 4247 3572 4300 tuos,
3599 4233 3848 4301 quoniam

2263 4341 2486 4393 homines
2515 4339 2694 4408 fratres
2722 4349 2917 4388 sumus.
2950 4329 3109 4384 Multa
3143 4327 3424 4382 verborum
3457 4324 3662 4386 lenitas,
3694 4319 3720 4373 1
3729 4332 3851 4374 uter

2262 4447 2340 4483 me
2363 4438 2409 4481 Cl
2440 4438 2503 4480 te.

2332 4521 2384 4575 ὅ.
2420 4519 2562 4571 Hine
2593 4523 2637 4570 et
2665 4513 3001 4568 contentiones
3025 4510 3263 4564 vitandte.
3283 4535 3353 4546 —
3377 4505 3663 4560 Considera
3699 4519 3848 4572 quo-

2264 4611 2421 4664 modo
2452 4609 2500 4661 ei
2533 4607 2760 4675 loquitur
2787 4618 2885 4657 ceu
2929 4602 3129 4655 honore
3169 4598 3280 4668 pari
3311 4613 3324 4660 ;
3368 4597 3611 4666 quamvis
3647 4594 3851 4663 opinor

2264 4716 2370 4754 non
2392 4696 2602 4751 aliunde
2629 4696 2772 4748 rixas
2797 4693 2957 4745 fuisse
2977 4698 3218 4753 exortes,
3246 4701 3404 4756 quam
3429 4685 3570 4755 quod
3598 4696 3850 4752 pastores

2263 4790 2578 4860 patriarchae
2625 4801 2728 4841 non
2758 4784 3098 4850 permiserint
3127 4777 3233 4835 illis
3255 4779 3444 4837 eadem
3473 4779 3683 4833 licentia
3712 4777 3846 4840 frui,

2263 4900 2363 4953 qna
2396 4883 2513 4952 ipsi.
2559 4878 2663 4934 Sed
2704 4879 2878 4947 justus
2905 4875 3233 4944 aequabiliter
3270 4873 3445 4924 omnia
3487 4871 3631 4938 facit,
3669 4872 3847 4938 speci-

2263 4991 2384 5029 men
2417 4974 2656 5042 pnebcns
2702 4967 2989 5023 eminentis
3037 4980 3148 5017 sua:
3195 4963 3485 5030 patientiae,
3534 4975 3598 5014 ac
3639 4962 3847 5014 docens

2265 5084 2368 5121 non
2409 5074 2609 5118 tantum
2641 5068 2952 5130 praesentes,
2982 5056 3075 5110 sed
3118 5065 3357 5123 posteros
3401 5052 3560 5108 etiam
3605 5066 3798 5105 omnes
3829 5091 3848 5117 ,

2263 5171 2548 5226 numquam
2599 5167 2720 5208 esse
2770 5147 3176 5207 admittendum,
3233 5155 3289 5198 ut
3339 5144 3503 5196 nostri
3547 5141 3845 5197 familiares

2259 5264 2382 5307 cum
2436 5244 2688 5316 proximis
2735 5239 3081 5297 contendant.
3135 5235 3266 5291 Nam
3329 5246 3514 5288 eorum
3569 5236 3850 5287 contentio

2262 5351 2505 5406 magnam
2531 5333 2682 5387 nobis
2724 5330 2876 5385 atfet‘t
2918 5327 3279 5396 ignominiam.
3311 5333 3366 5378 et
3397 5338 3501 5376 non
3532 5323 3636 5377 illis
3667 5323 3845 5390 impu-

2265 5441 2440 5485 tantur
2465 5443 2581 5497 quae
2609 5424 2761 5486 fiunt,
2789 5421 2881 5474 sed
2913 5422 2962 5472 in
2993 5435 3086 5473 nos
3115 5419 3432 5472 transfertur
3468 5415 3843 5480 reprehensio.

2263 5517 2539 5586 Quomodo
2576 5514 2720 5568 enim
2761 5510 2954 5565 rationi
2999 5518 3415 5563 consentaneum
3458 5505 3546 5566 sit,
3597 5503 3849 5558 homines

2263 5610 2350 5681 qni
2386 5609 2573 5662 fratres
2603 5612 2758 5667 sunt,
2790 5601 2880 5670 qui
2931 5600 3172 5655 eamdem
3222 5609 3464 5652 ttaturam
3505 5597 3704 5655 sortiti.
3751 5600 3844 5664 qui

2266 5705 2503 5775 ejusdem
2550 5707 2672 5755 sunt
2723 5694 2956 5761 familiar,
3003 5697 3092 5766 qui
3142 5699 3409 5754 tamquam
3468 5691 3733 5760 peregrini
3788 5695 3845 5742 et
