4054 6324
325 435 433 490 309

321 549 602 621 τυροικείν
650 546 884 602 ἐνταῦθα
914 544 1225 616 μέλλοντας,
1285 545 1364 608 είς
1396 541 1663 613 τοσαύτην
1690 541 1988 612 ἐμπίπτειν

321 636 669 705 φιλονεικίαν,
705 635 1014 703 ὀφείλοντας
1045 631 1372 695 ἐπιεικείας,
1409 632 1503 684 καὶ
1535 631 1862 699 πραΰτητος,
1894 630 1990 682 καὶ

319 722 637 790 φιλοσοφίας
685 723 904 790 ἀπάσης
950 717 1306 782 διδασκάλους
1369 715 1728 771 καθίστασθαι
1779 715 1989 778 τούτοις

321 809 520 874 nam;
567 806 931 860 ’Δκουέτωσαν
952 804 1124 858 ταῦτα
1147 807 1193 858 οί
1224 802 1534 874 νομίζοντες
1569 800 1674 865 ἐξω
1699 801 1992 870 τυγχάνειν

320 894 699 966 ἐγκλημάτων,
719 893 935 946 ἐπειδάν
955 893 1080 955 τούς
1100 893 1281 956 αὐτοῖς
1301 890 1671 962 προσήκοντας
1692 888 1989 960 περιορῶσι

318 983 406 1036 δια
438 983 536 1053 τὴν
588 981 727 1052 πρὸς
775 982 973 1045 αὐτοὺς
1011 980 1317 1049 οίκειότητα
1364 974 1730 1046 ἁρπάζοντας,
1769 973 1990 1027 πλεονε-

321 1069 596 1132 κτοῦντας,
630 1069 800 1140 μυρία
847 1067 997 1121 κακά
1043 1063 1395 1128 διατιθέντας,
1446 1062 1543 1116 καὶ
1569 1062 1628 1114 ἐν
1660 1060 1866 1124 πόλεσι,
1899 1061 1986 1113 καὶ

319 1158 375 1208 ἐν
401 1157 610 1225 ἀγροῖς,
636 1156 763 1218 τοὺς
787 1155 968 1217 αὐτοῖς
991 1150 1363 1221 γειτνιῶντας.
1394 1149 1491 1203 καὶ
1516 1146 1990 1219 παρασπωμένους

313 1243 408 1294 τοῦ
440 1241 540 1312 μὶν
569 1243 662 1296 τὸν
690 1241 880 1314 ἀγρὸν,
902 1239 998 1294 τοῦ
1021 1239 1078 1293 δέ
1108 1238 1206 1308 τὴν
1230 1237 1428 1300 οίκίαν,
1453 1233 1739 1305 καὶταύτῃ
1773 1231 1989 1285 πλείονα

318 1329 518 1398 μᾶλλον
549 1328 648 1400 τὴν
669 1329 879 1382 εὔνοιαν
909 1327 1035 1398 περὶ
1066 1327 1264 1389 αὐτοὺς
1306 1321 1760 1392 ἐπιδεικνύμενοι.
1790 1321 1852 1372 El
1882 1319 1990 1389 7&9

317 1417 410 1468 καὶ
439 1416 625 1484 ἐτέρου
651 1416 714 1468 τδ
743 1416 846 1484 τῆς
875 1414 1090 1477 ἀδικίας
1123 1413 1283 1482 ἔργον
1309 1408 1399 1482 ἦν,
1429 1409 1542 1464 ἀλλ’
1575 1407 1737 1472 αὐτὸς
1767 1406 1989 1461 ἐκοινώ-

315 1519 484 1572 νησας
504 1500 598 1554 τοῦ
639 1501 983 1571 πράγματος,
1019 1499 1082 1553 οὐ
1109 1501 1271 1571 μόνον
1302 1498 1381 1569 τῷ
1413 1495 1705 1569 ἐφήδεσθαι
1732 1493 1810 1564 τῷ
1831 1511 1993 1562 γεγε-

317 1590 556 1660 νημένῳ,
578 1589 672 1642 καὶ
704 1588 942 1658 νομίζειν
966 1589 1030 1641 ἐκ
1059 1586 1248 1640 τούτου
1268 1601 1349 1637 σοι
1379 1583 1475 1654 τὴν
1505 1583 1695 1635 οὐσίαν
1708 1579 1988 1646 αὔξεσθαι,

319 1677 411 1729 καὶ
446 1675 543 1746 τήν
573 1675 889 1746 περιουσίαν
924 1674 1142 1728 πλείονα
1175 1670 1446 1740 γενέσθαι,
1487 1669 1623 1724 ἀλλά
1673 1668 1872 1738 καὶτῷ
1913 1668 1990 1738 μή

320 1763 558 1817 κωλῦσαι
594 1761 892 1833 μέλλουσαν
922 1761 1019 1832 τήν
1047 1760 1260 1814 ἀδικίαν
1285 1760 1366 1822 είς
1395 1757 1556 1830 ἐργον
1593 1756 1884 1810 ἐκϐαίνειν.
1930 1756 1990 1808 Ὀ

319 1851 426 1921 γὰρ
460 1849 754 1918 δυνάμενος
789 1847 1029 1902 κωλῦσαι
1076 1848 1168 1900 τὸν
1214 1845 1528 1907 ἀδικοῦντα,
1561 1843 1656 1898 καὶ
1708 1842 1784 1914 μή
1834 1841 1992 1896 τοῦτο

318 1934 508 1996 ποιῶν,
537 1935 635 1988 οὐκ
663 1933 884 1988 ἔλαττον
913 1933 1008 1987 τοῦ
1036 1932 1349 1996 ἀδικοῦντος
1378 1931 1479 1994 τὰς
1514 1928 1744 1992 εὐθύνας
1780 1926 1988 1997 ὑφέξει.

387 2037 480 2108 Μή
499 2037 679 2090 τοίνυν
700 2037 996 2107 ἀπατῶμεν
1017 2038 1262 2101 ἐαυτούς,
1284 2034 1606 2108 παρακαλῶ,
1628 2031 1764 2086 ἀλλά
1784 2031 1878 2085 καὶ
1896 2031 1993 2085 αὐ-

315 2123 400 2176 τοὶ
417 2122 708 2194 φεύγωμεν
725 2122 822 2188 τάς
843 2123 1118 2192 ἀρπαγάς,
1137 2123 1236 2185 τάς
1256 2120 1586 2185 πλεονεξίας,
1606 2119 1780 2173 καὶτὸ
1800 2120 1865 2172 ἐκ
1883 2119 1992 2171 τῶν

313 2209 570 2263 τοιούτων
588 2209 656 2263 αὖ
664 2207 717 2273 ξε
725 2228 774 2263 ιν
794 2211 924 2280 ήμτν
944 2208 1042 2279 τήν
1062 2225 1130 2260 πε
1138 2207 1400 2278 ριουσίαν,
1422 2208 1660 2268 καὶτοὺς
1678 2206 1811 2275 ήμτν
1830 2221 1992 2276 προσ-

315 2294 550 2363 ήκοντας
567 2291 907 2362 παιδεύωμεν
931 2291 1098 2363 μηδέν
1116 2290 1325 2345 τοιοῦτο
1344 2289 1691 2363 ἐργάζεσθαι.
1726 2289 1861 2344 Οὐδέ
1880 2288 1990 2359 7&9

313 2379 635 2445 ἀνευθύνους
658 2381 803 2452 ήμᾶς
823 2379 980 2434 τοῦτο
999 2377 1242 2449 ἀφίησιν,
1265 2379 1401 2433 ἀλλά
1434 2378 1655 2432 πλείονα
1689 2377 1788 2449 τήν
1825 2376 1987 2430 κατάρ

314 2485 492 2541 κρισιν
527 2467 857 2539 ἐργάζεταιο
899 2465 1035 2539 πρὸς
1081 2468 1189 2538 γὰρ
1242 2467 1338 2539 τήν
1384 2466 1659 2538 ἡμετέραν
1695 2465 1992 2536 ἀρέσκειαν

312 2557 510 2610 ἐκεῖνοι
547 2557 643 2626 τὴν
681 2555 887 2609 ἐαυτῶν
925 2555 1264 2623 προδιδόντες
1302 2553 1610 2626 σωτηρίαν,
1646 2554 1744 2624 τὴν
1777 2552 1990 2608 ἀδικίαν

312 2641 577 2712 τολμῶσι,
603 2641 740 2711 μετὰ
772 2642 871 2711 τῆς
903 2640 1113 2695 ἐαυτῶν
1131 2639 1410 2705 ἀπωλείας
1428 2640 1523 2694 καὶ
1541 2641 1691 2710 ἡμᾶς
1709 2655 1989 2709 συγκατα-

315 2728 575 2792 σπιῖιντες.
599 2729 661 2782 Et
691 2729 750 2782 δέ
784 2728 1085 2798 βουλόμεθα
1103 2729 1314 2799 νήφειν,
1336 2727 1431 2782 καὶ
1449 2727 1606 2782 αὐτοὶ
1624 2730 1724 2799 τῆς
1743 2726 1990 2780 ἐντεῦθεν

313 2812 490 2882 λύμης
508 2813 1004 2883 ἀπαλλαγησόμεθα
1025 2853 1041 2876 ,
1063 2813 1352 2876 κάκείνους
1371 2813 1754 2882 ἀποστήσομεν
1774 2813 1874 2883 τῆς
1893 2830 1991 2865 κα-

313 2897 418 2960 κῆς
437 2898 851 2968 ἐπιχειρήσεως.
873 2899 984 2953 Καὶ
1021 2898 1094 2970 μή
1131 2915 1220 2970 μοι
1253 2898 1380 2966 λέγε
1397 2899 1466 2951 τὰ
1484 2897 1668 2970 ψυχρά
1687 2899 1871 2952 ἐκεῖνα
1893 2899 1992 2969 ῥή-

315 3001 461 3055 ματα
479 3005 493 3016 ·
515 2985 682 3039 Οὐδέν
704 3004 793 3057 μοι
816 2987 984 3057 μέλει.
1007 2987 1098 3058 Μὴ
1118 2987 1228 3057 γὰρ
1249 2985 1360 3055 ἐγὼ
1379 2987 1857 3058 παμσπασάμηνς
1885 2988 1990 3040 Οὐ-

311 3073 400 3124 δέν
418 3068 534 3125 οἶδα
554 3090 567 3103 ·
592 3073 679 3126 ἐτε
689 3090 777 3144 ρος
799 3075 1115 3145 εἰργάσατο,
1148 3073 1250 3126 οὐκ
1285 3074 1617 3143 ἐκοινώνησα
1633 3073 1734 3144 τῆς
1753 3073 1985 3138 ἀδικίας.

312 3159 520 3228 Σκῆψις
535 3160 706 3213 ταῦτα
727 3160 820 3214 καὶ
841 3159 1135 3232 πρόφασις.
1160 3160 1224 3213 El
1247 3159 1424 3229 βούλει
1441 3159 1608 3224 δεῖξαι
1625 3161 1709 3214 δτι
1729 3161 1830 3214 οὐκ
1849 3163 1990 3213 ἐκοι-

311 3245 560 3317 νώνησας
578 3246 675 3316 τῆς
693 3247 929 3310 ἀδικίας,
950 3248 1042 3300 καὶ
1061 3247 1124 3300 οὐ
1145 3244 1508 3318 συνέπραξας,
1530 3249 1743 3317 καὶτῆς
1769 3248 1990 3302 πλεονε-

315 3329 434 3395 ξίας
453 3332 514 3384 οὐ
533 3332 761 3401 γέγονας
782 3333 1041 3403 ἐργάτης,
1063 3333 1354 3404 διόρθωσαι
1371 3335 1433 3388 τὸ
1452 3333 1693 3403 γεγονὸς,
1725 3334 1991 3406 ,παραμύ-

312 3417 473 3488 θησαι
492 3418 583 3470 τὸν
602 3417 948 3488 ἠδικημένον,
971 3419 1168 3482 ἀπόδος
1199 3420 1268 3472 τά
1300 3419 1684 3491 ἀφαιρεθέντα.
1706 3419 1864 3474 Οὕτω
1882 3420 1990 3494 7&9

314 3504 410 3557 καὶ
429 3505 622 3559 σαυτὸν
644 3503 1029 3574 ἐλευθερώσεις
1049 3506 1434 3578 ἐγκλημάτων,
1471 3507 1672 3561 καὶτὸν
1692 3508 1991 3579 ἠδικηκότα

311 3589 600 3665 διορθώσῃ,
621 3592 801 3657 δείξας
838 3594 914 3657 ὡς
951 3594 1013 3646 οὐ
1053 3593 1193 3648 κατά
1225 3594 1450 3666 γνώμην
1472 3611 1566 3648 σου
1586 3595 1654 3649 τὰ
1674 3596 1803 3666 παρ’
1823 3596 1989 3650 αὐτοῦ

313 3677 649 3748 πέπρακται,
689 3679 785 3731 καὶ
819 3679 910 3733 τὸν
946 3678 1154 3750 πένητα
1190 3680 1581 3752 παρακαλέσας
1615 3682 1717 3735 οὐκ
1753 3682 1990 3754 ἀφήσεις

315 3762 420 3816 ὐπὸ
454 3765 552 3834 τῆς
589 3765 824 3834 ἀθυμίας
858 3766 1254 3839 καταποθῆναι,
1275 3766 1341 3838 ἢν
1359 3767 1448 3821 διὰ
1465 3769 1562 3839 τὴν
1581 3767 1869 3840 ἀφαίρεσιν
1888 3770 1990 3840 ὐφ-

317 3849 564 3903 ίστασθαι
585 3849 797 3921 ἔμελλε.
820 3849 919 3920 Μὴ
945 3851 1122 3917 ἔστω,
1141 3853 1294 3924 φησὶ.
1312 3852 1478 3923 μάχη
1498 3854 1615 3908 ἀνὰ
1625 3855 1823 3924 μέσον
1842 3857 1988 3926 ἐμοῦ

314 3937 412 3989 καί
449 3937 590 4002 σοῦ,
616 3939 715 3991 καί
757 3937 876 3991 τῶν
914 3940 1210 4008 ποιμένων
1242 3957 1361 4008 μου
1400 3942 1498 3995 καί
1539 3941 1658 3994 τῶν
1691 3946 1990 4012 ποιμένων

313 4041 452 4089 σου,
473 4023 562 4076 ὅτι
584 4023 881 4091 ἄνθρωποι
900 4025 1149 4094 ἀδελφοί
1169 4026 1340 4094 ἡμεῖς
1357 4025 1562 4094 ἐὰμεν.
1577 4023 1731 4091 Εἶδες
1751 4032 1991 4101 πραΰτη-

314 4127 383 4163 τα
401 4129 414 4139 ·
440 4107 579 4174 εἶδες
599 4110 929 4178 ἐπιείκειαν;
956 4113 1152 4166 ΙἌκουε
1173 4113 1391 4168 καὶτῶν
1412 4112 1562 4182 ἐξῆς,
1587 4113 1674 4167 ίνα
1695 4114 1872 4188 μάθῃς
1893 4117 1990 4170 αὐ-

315 4198 407 4250 τοῦ
426 4197 524 4268 τῆς
544 4199 859 4268 φιλοσοφίας
878 4199 976 4270 τὴν
995 4199 1320 4271 ὑπερϐολήν.
1345 4200 1470 4264 Πῶς
1490 4196 1584 4255 οῦν
1602 4202 1670 4256 τά
1687 4204 1786 4273 τῆς
1810 4205 1990 4275 μάχης

315 4284 465 4338 λύσιν
503 4284 665 4357 λάδῃ,
689 4287 784 4340 καὶ
826 4287 1027 4358 σϐεσθῇ
1049 4287 1116 4341 τά
1133 4290 1234 4359 τῆς
1255 4286 1585 4357 φιλονεικίας
1604 4307 1618 4355 ;
1653 4291 1798 4344 Ἰδοὺ
1820 4291 1988 4346 πᾶσα

313 4377 351 4441 ἠ
395 4375 492 4445 τῆ,
530 4378 713 4448 φησὶν,
744 4378 1022 4432 ἐναντίον
1065 4394 1180 4433 σου
1219 4378 1373 4433 ἐστι.
1419 4381 1844 4449 Διαχωρίσθητι
1885 4382 1988 4436 ἀπ’

313 4461 459 4530 ἐμοῦ
478 4480 491 4492 ·
516 4465 567 4516 εί
607 4465 688 4517 σὺ
725 4467 812 4530 είς
851 4466 1150 4534 ἀριστερὰ,
1176 4466 1290 4536 ἐγὼ
1310 4469 1395 4534 είς
1415 4467 1583 4533 δεξιά
1601 4484 1614 4499 ο
1636 4470 1688 4521 εί
1707 4468 1774 4521 δὲ
1795 4469 1877 4523 σὺ
1900 4472 1985 4536 είς

315 4547 504 4612 δεξιὰ.
527 4548 642 4617 ἐγὼ
658 4551 746 4616 είς
769 4551 1068 4618 ἀριστερά.
1093 4553 1292 4604 Σκόπει
1311 4553 1404 4606 τοῦ
1424 4555 1631 4607 δικαίου
1649 4555 1748 4624 τὴν
1771 4555 1984 4622 φιλοσο-

315 4635 445 4704 φίαν
473 4635 568 4688 καὶ
596 4635 696 4705 τῆς
725 4638 1223 4710 ταπεινοφροσύνης
1241 4639 1340 4710 τὴν
1359 4639 1629 4693 ἐπίτασιν.
1653 4641 1764 4712 Πρὸ
1783 4641 1838 4694 δὲ
1859 4642 1982 4695 τού-

313 4739 418 4774 των
438 4721 608 4775 ἐννόει
631 4740 742 4792 μοι,
762 4724 1036 4795 ἀγαπητέ,
1058 4726 1156 4796 ὅση
1178 4724 1269 4778 τοῦ
1290 4725 1523 4779 πλούτου
1547 4728 1579 4797 ή
1599 4726 1766 4799 λύμη,
1781 4729 1987 4798 καὶτῆς

315 4810 628 4881 περιουσίας
670 4812 770 4881 τῆς
812 4812 1061 4884 πολλῆςή
1085 4813 1336 4886 διαφορά.
1370 4814 1593 4885 Ηύξήθη
1632 4817 1698 4869 τὰ
1735 4817 1983 4887 ποίμνια,

315 4896 670 4968 προσεγένετο
690 4897 915 4962 πλοῦτος
1098 4901 1283 4965 πολὺς,
1303 4903 1396 4955 καὶ
1415 4902 1616 4966 εὐθέως
1635 4903 1986 4958 διακόπτεται

313 4987 345 5053 ή
369 4984 591 5054 ὁμόνοια
608 5000 620 5012 ο
644 4985 740 5037 καὶ
760 4985 885 5038 ἔνθα
903 4981 972 5055 ῆν
991 4989 1025 5056 ὴ
1045 4988 1235 5058 είρήνη
1255 4990 1349 5043 καὶ
1368 4990 1395 5042 6
1415 4988 1709 5060 σύνδεσμος
1726 4991 1824 5062 τῆς
1847 4993 1986 5060 ἀγά-

316 5087 444 5140 πης,
468 5071 582 5123 ἐκεῖ
603 5072 747 5143 μάχη
769 5074 864 5126 καὶ
883 5073 1381 5142 φιλονεικία.”’οπου
1402 5076 1512 5148 7&9
1544 5076 1605 5131 τὸ
1641 5077 1775 5148 ἐμὸν
1812 5079 1987 5133 καὶτὸ

314 5158 442 5218 σὺν(
465 5160 584 5211 ἐκεῖ
620 5161 766 5213 πᾶσα
805 5161 985 5232 μάχης
1023 5162 1155 5227 ἰδέα,
1198 5163 1291 5216 καὶ
1327 5164 1657 5232 φιλονεικίας
1693 5165 1982 5230 ὑπόθεσις·

313 5245 440 5299 ἔνθα
474 5246 532 5298 δέ
567 5245 724 5300 τοῦτο
762 5248 836 5320 μὴ
874 5245 930 5322 ᾖ,
952 5251 1020 5303 τά
1047 5250 1150 5321 τῆς
1173 5250 1427 5321 ὁμονοίας
1446 5251 1539 5305 καὶ
1558 5251 1742 5323 τάτῆς
1762 5254 1987 5324 εἰρήνης

316 5333 452 5398 μετά
475 5332 655 5403 πάσης
673 5335 958 5404 ἀκριϐείας
978 5336 1335 5391 πολιτεύεται.
1357 5339 1468 5392 Καὶ
1488 5338 1574 5391 ἴνα
1596 5339 1794 5412 μάθῃς,
1817 5340 1983 5394 ἀκουε

312 5419 367 5470 τί
387 5437 552 5490 φησιν
586 5424 614 5475 ό
649 5422 919 5494 μακάριος
938 5425 1151 5488 Λουκᾶς
1171 5425 1424 5496 περὶτῶν
1443 5425 1502 5490 ἐξ
1520 5427 1694 5497 ἀρχῆς
1714 5430 1780 5499 τῇ
1804 5429 1984 5482 πίστει

314 5504 803 5575 προσιόντωνῙΗν,
830 5509 984 5581 φησὶ,
1019 5511 1258 5565 πάντων
1279 5513 1317 5581 ἡ
1343 5513 1554 5580 καρδία
1591 5514 1689 5567 καὶ
1729 5515 1766 5582 ἠ
1810 5515 1982 5584 ψυχὴ

309 5594 451 5660 μία·
489 5594 587 5648 οὐκ
624 5597 808 5669 ἐπειδὴ
842 5597 1020 5668 ψυχὴν
1043 5598 1168 5668 μίαν
1206 5593 1352 5670 εἶχον
1387 5599 1761 5672 πάντες(πῶς
1779 5602 1887 5674 7&9
1924 5606 1982 5656 ἐν

313 5679 586 5749 διαφόροις
610 5684 850 5752 σώμασιν
870 5687 1019 5749 ὄντες
1041 5705 1052 5740 :
1075 5687 1116 5755 ),
1150 5686 1284 5740 ἀλλά
1314 5687 1411 5759 τὴν
1436 5688 1831 5760 ἐπιτεταμένην
1851 5691 1973 5759 69.6-

316 5782 460 5816 νοιαν
478 5770 608 5835 ἡμῖν
629 5770 881 5824 δείκνυσι.
908 5773 1018 5825 Καὶ
1038 5775 1085 5824 εί
1108 5775 1180 5843 μὴ
1204 5775 1407 5844 σφόδρα
1432 5774 1780 5844 μακρόθυμός
1800 5795 1882 5839 τις
1915 5774 1979 5848 ἦν

320 5851 585 5919 ὀδίγαιος,
609 5860 700 5911 καὶ
740 5859 1044 5930 φιλοσοφεῖν
1072 5860 1247 5925 εἰδὼς,
1271 5864 1364 5916 καὶ
1395 5862 1728 5933 ἐχαλέπηνεν
1765 5865 1848 5929 ἂν,
1888 5869 1981 5920 καὶ

1107 427 1165 485 S.
1205 424 1496 483 JOANNIS
1529 418 2028 484 CHRYSOSTOMI
2066 415 2390 476 ARCIIIEP.
2432 410 2986 474 CONS'I'ANTINOP.

3676 404 3786 464 510

2100 533 2219 591 εἷπε
2264 534 2397 607 πρὸς
2435 533 2615 587 αὐτόν’
2659 533 2823 601 Τίς·ή
2863 527 3100 597 τοσαύτη
3142 524 3428 599 παροινίας
3455 525 3630 586 Ὀλως
3671 524 3782 593 γάρ

2095 625 2399 694 ἐτόλμησαν
2437 623 2487 675 οἱ
2525 617 2896 692 προσήκοντές
2937 633 3020 670 σοι
3059 615 3243 684 διᾶραι
3281 614 3457 682 στόμα
3495 612 3633 682 πρὸς
3656 611 3782 674 τοὺς

2095 712 2220 781 ἐμοὶ
2236 710 2596 780 διαφέροντας
2618 724 2634 769 ;
2672 707 2767 761 καὶ
2797 707 2897 759 οὐκ
2917 704 3227 773 ἐνενόησαν,
3249 702 3374 754 δσον
3394 701 3454 753 τὸ
3475 701 3640 769 μέσον
3662 699 3782 751 ἐστὶ

2099 800 2302 871 μεταξύ
2321 798 2508 869 ήμῶν;
2531 795 2703 850 Πόθεν
2721 796 2832 865 γάρ
2853 811 2934 847 σοι
2954 793 3022 846 τά
3039 791 3140 862 τῆς
3159 788 3422 861 εὐπορίας
3440 787 3645 855 ταύτης
3687 801 3783 853 γε-

2096 887 2357 956 γένηται;
2389 885 2489 938 οὐκ
2521 885 2585 936 ἐκ
2620 883 2719 954 τῆς
2754 883 2892 952 ἐμῆς
2925 878 3405 950 κηδεμονίαςςτίς
3423 876 3480 929 δέ
3502 892 3562 928 σε
3585 877 3666 937 εἰς
3686 875 3782 926 ἀν-

2095 971 2348 1046 θρώπους
2384 971 2614 1042 ὀφθῆναι
2650 968 2986 1039 πεποίηκεν;
3025 966 3127 1020 οὐκ
3163 964 3275 1034 ἐγὼ
3312 965 3431 1018 ἀντὶ
3455 963 3675 1017 πάντων
3698 978 3783 1013 σοι

2093 1058 2356 1129 γεγονὼς,
2378 1059 2472 1113 καὶ
2492 1058 2592 1128 τὴν
2613 1056 2817 1127 πατρός
2838 1072 2920 1109 σοι
2939 1051 3131 1123 χρείαν
3149 1050 3240 1105 διὰ
3259 1052 3481 1105 πάντων
3508 1047 3784 1112 ἐπιδειξά-

2097 1162 2259 1215 μενος
2277 1163 2293 1211 ;
2312 1145 2526 1209 Ταύτας
2551 1142 2756 1215 μικτὰς
2777 1139 3012 1212 ἀμοιϐάς
3032 1137 3298 1200 ἀποδίδως
3315 1137 3416 1207 τῆς
3436 1135 3634 1205 πολλῆς
3654 1134 3787 1203 περὶ

2097 1232 2157 1284 σέ
2193 1231 2526 1302 θεραπείαςς
2578 1231 2763 1284 ταῦτα
2801 1225 3036 1291 ἐλπίζων
3071 1222 3350 1294 πανταχοῦ
3390 1239 3449 1276 σε
3488 1223 3604 1292 μετ’
3646 1219 3783 1290 ἐμοῦ

2102 1320 2394 1390 περιῆγον;
2432 1319 2634 1382 Ἔστω,
2653 1316 2808 1370 οὐδὲν
2838 1315 2948 1368 τῶν
2983 1312 3353 1386 ὑπηργμένων
3391 1327 3472 1365 σοι
3495 1309 3625 1379 παρ’
3645 1306 3784 1377 ἐμοῦ

2095 1406 2176 1469 είς
2214 1407 2423 1459 ἔννοιαν
2457 1403 2648 1467 ἐλασες
2668 1419 2682 1434 ·
2716 1403 2819 1457 κάν
2840 1419 2942 1470 μου
2961 1400 3093 1470 γοῦν
3109 1400 3171 1454 τὸ
3189 1400 3367 1470 γῆρας
3388 1395 3703 1465 αίδεσθῆναί
3724 1411 3787 1446 σε

2095 1495 2196 1546 οὐκ
2215 1493 2404 1564 ἐχρῆν,
2426 1493 2522 1545 καὶ
2538 1491 2767 1562 τιμῆσαι
2786 1490 2886 1553 τάς
2905 1488 3100 1551 πολιὰς
3117 1488 3218 1550 τάς
3236 1487 3378 1557 ἐμάς
3397 1503 3412 1552 ;
3446 1484 3608 1538 Ἀλλά
3629 1499 3788 1554 περι·

2095 1581 2235 1644 εἶδες
2265 1582 2392 1643 τούς
2423 1579 2692 1650 ποιμένας
2711 1578 2837 1641 τοῦς
2858 1578 2985 1639 σούς
3006 1574 3479 1647 ἐμπαροινοῦντας
3496 1576 3612 1636 τοῖς
3631 1573 3788 1642 ἐμοῖς

2095 1666 2373 1737 ποιμέσιν,
2391 1666 2492 1719 οὐκ
2510 1665 2667 1727 είδὼς
2686 1667 2767 1718 ὅτι
2787 1663 2977 1734 ῶσπερ
2995 1666 3028 1733 ή
3051 1665 3129 1726 είς
3146 1662 3390 1725 ἐκείνους
3407 1660 3562 1729 ὐδρις
3583 1661 3666 1721 είς
3685 1658 3789 1728 ἐμὲ

2093 1753 2336 1808 διαδαίνε
2345 1772 2382 1821 ι,
2395 1751 2540 1807 οὕτω
2558 1744 2653 1808 καὶ
2671 1754 2706 1823 ή
2728 1752 2951 1806 ἐκείνων
2971 1750 3276 1825 προπέτεια
3294 1751 3374 1812 είς
3394 1747 3457 1816 σέ,
3472 1747 3571 1818 τὴν
3586 1747 3790 1815 ἀναφο-

2099 1841 2199 1914 ράν
2217 1841 2353 1913 εχει.

2165 1947 2228 2001 δ’.
2274 1947 2413 2000 Ἀλλ’
2433 1947 2584 2000 οὐδὲν
2600 1947 2805 2001 τούτων
2823 1948 2853 2001 6
2869 1945 3078 2008 δίκαιος
3096 1941 3220 1998 οὐτε
3241 1943 3323 2006 είς
3337 1941 3580 1996 διάνοιαν
3596 1940 3790 1994 λαϐεῖν

2097 2032 2441 2099 κατεδέξατο,
2462 2033 2598 2088 ἀλλά
2634 2033 2812 2088 πάντα
2845 2031 3086 2087 τοιοῦτον
3117 2029 3376 2102 λογισμὸν
3395 2029 3782 2098 ἀπωσάμενος,

2097 2122 2217 2188 ἐνὸς
2247 2129 2456 2191 γίνεται
2494 2123 2678 2195 μόνου,
2701 2123 2852 2186 ὅπως
2882 2122 2979 2175 καὶ
3007 2119 3108 2192 τήν
3129 2119 3429 2192 μέλλουσαν
3449 2117 3784 2183 ἐξάπτεσθαι

2097 2209 2432 2278 φιλονεικίαν
2450 2210 2785 2282 κατασδέσῃ,
2807 2210 2902 2263 καὶ
2919 2209 3011 2262 τὸν
3029 2206 3306 2279 χωρισμὸν
3324 2205 3547 2269 ἀλύπως
3567 2207 3786 2275 ἐπινοή·

2097 2313 2199 2360 σας
2229 2297 2411 2366 πάσης
2444 2297 2692 2368 ταραχῆς
2727 2297 2884 2361 ἐκτὸς
2916 2299 3121 2368 ποιήσῃ
3137 2297 3237 2367 τὴν
3255 2295 3452 2348 οἰκίαν.
3480 2297 3605 2348 Οὐκ
3630 2293 3785 2358 ἰδοὺ,

2097 2384 2253 2453 φησι.
2274 2383 2442 2438 πᾶσα
2481 2387 2519 2452 ὴ
2559 2383 2636 2453 γῆ
2678 2383 2960 2438 ἐναντίον
2996 2397 3114 2438 σου
3154 2383 3320 2442 ἐστί;
3357 2381 3786 2450 Διαχωρίσθητι

2096 2469 2197 2522 ἀπ’
2217 2469 2362 2538 ἐμοῦ
2383 2488 2397 2501 ·
2441 2474 2494 2524 εί
2532 2470 2616 2524 σὺ
2649 2474 2736 2536 εις
2753 2470 2942 2535 δεξιὰ,
2963 2469 3079 2540 ἐγὼ
3098 2472 3186 2535 είς
3205 2466 3487 2537 ἀριστερά
3507 2486 3519 2498 ·
3544 2471 3595 2521 εί
3617 2468 3687 2522 δὲ
3703 2468 3786 2520 σὺ

2095 2557 2199 2621 εἰς’
2221 2555 2526 2624 ἀριστερὰ,
2551 2556 2668 2626 ἐγὼ
2704 2559 2792 2623 είς
2830 2555 3178 2624 δεξιά-Ὅρα
3212 2554 3311 2625 τὴν
3350 2555 3654 2608 ἐπιείκειαν
3693 2553 3787 2606 τοῦ

2094 2640 2328 2696 δικαίου.
2351 2644 2574 2707 Δεικνὺς
2611 2642 2720 2712 7&9
2757 2643 2906 2713 αὐτῷ
2924 2642 3013 2695 διὰ
3031 2642 3140 2695 τῶν
3160 2641 3525 2712 πραγμάτων,
3567 2641 3651 2695 ὅτι
3688 2643 3791 2712 οὐχ

2096 2728 2237 2784 ἐκὼν
2254 2729 2414 2783 τοῦτο
2432 2731 2730 2798 ποιεῖ,οὐδέ
2751 2730 3073 2801 βουλόμενος
3088 2729 3254 2782 αὐτὸν
3269 2728 3628 2800 χωρισθῆναι,
3649 2729 3794 2784 ἀλλά

2093 2816 2183 2871 διά
2200 2819 2298 2888 τὴν
2315 2818 2414 2886 τῆς
2435 2817 2768 2886 φιλονεικίας
2787 2819 3058 2888 ἀνάγκην,
3077 2819 3172 2872 καὶ
3190 2816 3330 2870 ὥστε
3353 2816 3426 2888 μῆ
3448 2817 3674 2886 διηνεκῆ
3698 2816 3797 2872 τὸν

2096 2904 2332 2976 πόλεμον
2370 2901 2510 2960 εῖναι
2549 2906 2606 2958 ἐν
2625 2908 2692 2981 τῇ
2711 2906 2882 2976 οίκίᾳ,
2906 2903 3236 2968 σκόπει¹πῶς
3253 2904 3341 2958 διά
3358 2903 3466 2957 τῶν
3486 2904 3664 2971 λόγων
3683 2921 3793 2957 κα-

2094 2995 2396 3064 ταπραύνει
2434 2994 2601 3048 αὐτοῦ
2639 2995 2740 3067 τὴν
2776 2993 3117 3066 φλεγμονὴν,
3155 2993 3251 3047 καὶ
3285 2992 3434 3064 αὐτῷ
3469 2996 3653 3047 πᾶσαν
3690 2993 3797 3065 τὴν

2095 3079 2342 3145 ἐξουσίαν
2376 3080 2560 3136 δίδωσι
2596 3082 2698 3150 τῆς
2735 3081 2990 3152 ἐκλογῆς,
3013 3083 3107 3136 καὶ
3143 3082 3466 3156 προτίθησιν
3503 3081 3656 3153 αὐτῷ
3687 3084 3797 3152 τὴν

2095 3168 2198 3239 γῆν
2219 3167 2462 3232 ἃπασαν,
2483 3169 2577 3221 καί
2597 3185 2764 3238 φησιν
2782 3185 2797 3200 ’
2823 3171 2947 3224 Οὐκ
2988 3168 3119 3224 ίδοὺ
3157 3169 3328 3224 πᾶσα
3346 3170 3385 3237 ὴ
3409 3167 3484 3239 τῆ
3504 3169 3798 3224 ἐναντίον

2096 3269 2245 3318 σου;
2268 3255 2371 3308 Ἦν
2391 3254 2456 3308 ἀν
2480 3254 2667 3328 βούλῃ,
2681 3254 2828 3319 ἐλοῦ,
2845 3255 3002 3322 κάγὼ
3020 3257 3237 3326 ἐκείνην
3257 3255 3624 3326 καταδέξομαι
3646 3259 3796 3327 μετά

2100 3339 2298 3410 πολλῆς
2335 3342 2434 3412 τῆς
2470 3343 2687 3412 ἡδονῆς,
2709 3343 2776 3412 ήν
2809 3343 2877 3398 ἀν
2909 3343 3070 3405 αὐτὸς
3090 3343 3414 3415 καταλίπῃς.
3438 3345 3668 3416 Μεγάλη
3689 3346 3794 3400 τοῦ

2095 3427 2304 3481 δικαίου
2341 3430 2375 3498 ή
2418 3429 2728 3497 φιλοσοφία.
2787 3430 2887 3485 Διά
2925 3431 3145 3484 πάντων
3181 3431 3494 3502 ἀνεπαχθὴς
3533 3424 3793 3500 βούλεται

2096 3516 2351 3586 γενέσθαι
2370 3517 2449 3589 τῷ
2469 3518 2752 3590 ἀδελφιδῷ.
2772 3518 2989 3591 Ἐπειδὴ
3010 3519 3139 3588 7&9,
3155 3520 3341 3591 φησιν,
3357 3522 3495 3592 ὅπερ
3514 3523 3617 3576 οὐκ
3635 3523 3793 3577 ἐϐου-

2095 3605 2291 3677 λόμην,
2313 3608 2471 3660 τοῦτο
2507 3607 2739 3674 γίνεται,
2763 3609 2860 3660 καὶ
2895 3606 2984 3660 ἵνα
3015 3608 3082 3660 τά
3105 3609 3204 3677 τῆς
3227 3607 3556 3676 φιλονεικίας
3577 3612 3790 3683 παυθῇ,

2093 3691 2187 3744 τὸν
2206 3692 2486 3763 χωρισμὸν
2505 3693 2721 3762 ἀνάγκη
2744 3694 3016 3765 συμσῆναι
3032 3709 3045 3722 °
3068 3693 3157 3747 διὰ
3176 3693 3333 3748 τοῦτό
3356 3712 3413 3748 σε
3435 3696 3628 3767 κύριον
3649 3699 3790 3754 καθ-

2099 3779 2288 3848 ίστημι
2325 3779 2427 3849 τῆς
2446 3779 2732 3850 αἱρέσεως,
2756 3782 2850 3835 καὶ
2867 3780 2967 3853 τὴν
2988 3781 3240 3848 ἐξουσίαν
3261 3799 3344 3835 σοι
3363 3785 3546 3837 πᾶσαν
3564 3787 3789 3857 δίδωμι,

2095 3867 2183 3919 ἵνα
2203 3868 2270 3937 ἢν
2291 3867 2356 3920 ἂν
2377 3867 2608 3939 νομίσῃς
2627 3864 2765 3922 εἶναι
2781 3869 3117 3940 τιμιωτέραν
3133 3870 3257 3940 γῆν,
3273 3871 3490 3942 ἐκείνην
3506 3873 3788 3944 ἐλόμενος,

2094 3953 2194 4025 τὴν
2227 3955 2422 4026 λοιπὴν
2457 3956 2582 4024 ἐμοὶ
2621 3955 3103 4032 καταλίπῃςῙΑρα
3144 3961 3210 4014 ἀν
3229 3960 3387 4014 τοῦτο
3405 3963 3632 4033 ποιῆσαί
3652 3967 3788 4019 ποτέ

2095 4059 2177 4104 τις
2199 4041 2520 4105 κατεδέξατο
2541 4042 2676 4113 πρὸς
2693 4043 2934 4114 ὁμήλικα
2953 4044 3202 4115 ἀδελφὸν,
3231 4048 3370 4120 ὅπερ
3389 4049 3418 4101 6
3438 4052 3789 4121 πατριάρχης

2096 4128 2232 4195 πρὸς
2250 4130 2339 4181 τὸν
2359 4129 2680 4198 ἀδελφιδοῦν
2700 4130 3013 4196 ἐπεδείξατο
3034 4149 3047 4197 ;
3071 4133 3133 4186 Εἰ
3153 4133 3263 4206 γὰρ
3283 4137 3378 4189 καὶ
3397 4137 3562 4200 αὐτὸς
3584 4139 3787 4208 προλα-

2095 4215 2205 4266 ϐὼν
2240 4216 2339 4286 τὴν
2364 4214 2513 4287 [537]
2536 4216 2766 4287 ἐκλογὴν
2807 4220 3197 4289 ποιησάμενος,
3220 4223 3316 4275 καὶ
3334 4223 3403 4276 τά
3422 4229 3672 4293 πρωτεῖα
3692 4227 3787 4280 λα-

2095 4301 2206 4353 ϐὼν
2229 4300 2624 4372 παρεχώρησεν
2646 4303 2840 4372 ἐκείνῳ
2860 4306 2927 4358 τὰ
2948 4306 3364 4374 ὑπολειφθέντα,
3387 4311 3504 4379 οὐχὶ
3527 4315 3623 4364 καὶ
3642 4313 3789 4368 οὕτω

2097 4388 2237 4458 μέγα
2254 4383 2322 4459 ἦν
2340 4389 2402 4441 τὸ
2424 4391 2554 4460 παρ’
2575 4389 2741 4442 αὐτοῦ
2759 4391 3042 4462 γινόμενον
3068 4411 3083 4458 ;
3128 4395 3268 4448 Ἀλλ’
3288 4397 3437 4467 ὅμως
3459 4397 3784 4468 βουλόμενος

2092 4475 2186 4527 καὶ
2223 4476 2323 4546 τῆς
2362 4476 2566 4546 ἀρετῆς
2600 4475 2774 4541 δεῖξαι
2812 4479 2909 4549 τὴν
2951 4480 3277 4552 ὑπερϐολὴν,
3302 4483 3395 4536 καὶ
3425 4485 3518 4538 τοῦ
3541 4487 3665 4540 νέου
3685 4489 3785 4556 τὴν

2091 4561 2389 4630 ἐπιθυμίαν
2422 4563 2724 4632 ἐμπλῆσαι,
2744 4563 2885 4618 ὥστε
2907 4565 3180 4636 μηδεμίαν
3216 4569 3324 4622 ἀπὸ
3357 4569 3452 4623 τοῦ
3495 4577 3782 4643 χωρισμεύ

2093 4647 2344 4714 γενέσθαι
2382 4648 2560 4720 λύπης
2599 4652 2876 4722 ἀφορμὴν,
2901 4653 3051 4723 αὐτῷ
3090 4655 3314 4726 προθεὶς
3335 4657 3553 4712 ἃπασαν
3576 4661 3675 4729 τὴν
3696 4661 3784 4726 ἐξ·

2093 4735 2301 4800 ουσίαν,
2326 4737 2489 4806 φησίν
2510 4753 2522 4766 ·
2559 4737 2713 4792 Ἰδοὺ
2734 4738 2904 4794 πᾶσα
2927 4742 2964 4808 ἡ
2992 4741 3067 4811 γῆ
3088 4742 3370 4799 ἐναντίον
3390 4764 3506 4801 σου
3531 4767 3543 4779 ·
3568 4749 3785 4819 διαχω-

2085 4821 2327 4890 ρίσοητι
2365 4824 2467 4877 ἀπ’
2488 4825 2658 4892 ἐμοῦ,
2681 4827 2776 4879 καὶ
2811 4828 2931 4881 οἵαν
2964 4829 3030 4882 ἂν
3073 4830 3236 4904 βούλῃ
3275 4833 3416 4886 ἐλοῦ.
3439 4835 3570 4890 Δέον
3599 4841 3783 4892 τοίνυν

2090 4908 2182 4960 τὸν
2199 4908 2516 4978 ἀδελφιδοῦν
2535 4912 2804 4984 τοσαύτης
2822 4915 3126 4981 ἐπιεικείας
3148 4920 3477 4990 πειραθέντα
3497 4924 3782 4995 ἀντιτιμῆ-

2093 5011 2182 5048 σαι
2200 4995 2290 5049 τὸν
2312 4998 2680 5070 πατριάρχην.
2696 5003 2790 5054 καὶ
2812 5001 3012 5071 μᾶλλον
3029 5005 3192 5058 αὐτὸν
3209 5007 3357 5076 αὐτῷ
3375 5013 3780 5082 παραχωρῆσαι

2089 5083 2188 5153 τῆς
2215 5084 2484 5154 αἱρέσεως
2501 5086 2599 5156 τὴν
2621 5087 2875 5160 ἐκλογήν.
2897 5089 3186 5163 Είώθαμεν
3204 5094 3313 5166 γάρ
3333 5113 3449 5161 πως
3468 5097 3711 5164 ἅπαντες
3731 5104 3780 5156 ιι

2096 5171 2185 5224 Ξνθ
2195 5189 2389 5244 ρωποι,
2407 5174 2627 5228 ἐπειδὰν
2647 5175 3046 5243 ἀντιτείνοντας
3067 5181 3166 5251 μὲν
3188 5181 3385 5254 ἴδωμεν
3403 5187 3530 5248 τοὺς
3555 5188 3779 5258 μέλλον-

2088 5275 2188 5322 τας
2224 5260 2360 5331 πρὸς
2397 5262 2548 5332 ἡμᾶς
2586 5278 2640 5315 τι
2678 5263 3054 5336 διερευνᾶσθαι
3077 5271 3170 5323 καὶ
3190 5270 3625 5339 φιλονεικοῦντας
3663 5282 3778 5343 τοῖς

2091 5346 2376 5416 πρωτείοις
2411 5347 2717 5420 ὲπιπηδᾷν,
2759 5350 2834 5422 μὴ
2871 5353 3161 5423 ἀνέχεσθαι
3198 5357 3590 5425 ἐλαττοῦσθαι,
3636 5366 3777 5433 μηδέ

2090 5433 2348 5488 ἐνδιδόναι
2368 5434 2579 5498 αὐτοῖς·
2601 5436 2730 5489 ὅταν
2748 5438 2804 5491 δέ
2826 5442 3288 5513 παραχωροῦντας
3310 5446 3653 5518 θεασώμεθα,
3677 5453 3776 5505 καὶ

2091 5520 2509 5591 καθυφειμένοις
2530 5523 2738 5593 ῥήμασι
2758 5527 2858 5597 τὴν
2877 5527 3124 5594 ἐξουσίαν
3160 5529 3379 5586 ἀπασαν
3399 5536 3534 5606 ήμῖν
3551 5538 3745 5607 ἐπιτρέ
3760 5569 3775 5580 -

2090 5622 2311 5671 ποντας,
2334 5607 2523 5680 ὥσπερ
2541 5610 2844 5681 αἰδούμενοι
2865 5614 2962 5686 τὴν
2984 5616 3182 5688 πολλὴν
3203 5620 3529 5686 ἐπιείκειαν,
3550 5624 3646 5675 καὶ
3671 5625 3773 5694 τῆς

2090 5695 2418 5762 φιλονεικίας
2437 5697 2804 5768 ἀφιστάμεθα,
2823 5704 2918 5756 καὶ
2939 5705 3100 5758 πάλιν
3120 5707 3567 5780 ἀντιστρέφοντες
3589 5712 3773 5764 πᾶσαν

2089 5782 2186 5851 τὴν
2227 5780 2474 5845 ἐξουσίαν
2513 5789 2965 5859 παραχωροῦμεν,
2989 5792 3091 5845 κᾶν
3127 5793 3371 5848 ἐλάττων
3404 5792 3544 5860 εἶναι
3581 5797 3711 5868 δοκῇ
3741 5799 3774 5853 6

2096 5869 2223 5940 πρὸς
2247 5871 2392 5935 ἡμᾶς
2411 5870 2857 5946 διερψνὼμενος..
2883 5877 3144 5949 Ὀφείλων
3168 5882 3346 5936 τοίνυν
3367 5886 3460 5937 καὶ
3479 5886 3507 5936 6
3529 5884 3651 5939 Λὼτ
3673 5887 3768 5939 ἐπὶ
