4054 6324
278 491 380 548 ωε.

280 609 501 664 advena:
529 602 620 658 hic
645 598 907 657 versaturi
929 604 1075 662 sunt,
1103 609 1239 664 quos
1265 588 1715 654 mansuetudinis,
1738 585 1876 641 leni-

284 703 426 764 tatis,
453 707 510 753 et
539 695 717 749 omnis
752 688 1104 762 philosophia:
1141 686 1390 743 doctores
1427 695 1548 738 esse
1571 677 1873 749 oportebat,

283 795 422 848 inter
466 805 526 846 se
567 785 895 842 contendere
935 790 990 837 et
1017 776 1338 851 digladiari?
1362 774 1598 830 Audiam
1640 771 1758 826 lucc
1786 768 1878 839 qui

281 901 342 940 se
367 893 522 940 extra
564 875 1042 948 reprehensionem
1091 877 1281 943 putant
1326 882 1468 932 esse,
1511 862 1727 935 quando
1753 874 1878 930 pro-

281 983 403 1044 pter
435 968 845 1026 familiaritatem
859 960 1180 1034 propinquis
1208 958 1322 1013 suis
1346 955 1638 1012 conuivcnt
1662 950 1880 1020 rapien-

284 1066 451 1127 tibus,
497 1058 908 1130 decipientibus,
940 1055 1105 1112 multa
1154 1050 1294 1106 mala
1341 1045 1795 1108 machinantibus,
1825 1050 1880 1098 et

286 1156 338 1209 in
368 1152 692 1214 civitatibus,
722 1158 778 1204 et
805 1149 856 1203 in
877 1146 1040 1217 agris,
1065 1140 1436 1197 auferentibus
1461 1153 1492 1192 a
1519 1136 1709 1192 vicinis
1738 1147 1884 1188 nunc

286 1258 497 1312 agrum,
545 1255 688 1296 nunc
731 1238 972 1300 domum,
1004 1248 1174 1303 eaque
1212 1231 1280 1286 de
1320 1243 1481 1285 causa
1531 1224 1719 1296 majori
1746 1223 1884 1278 tales

289 1332 537 1387 homines
576 1325 948 1385 benevolentia
989 1331 1408 1394 prosequuntur.
1446 1317 1580 1373 Nam
1618 1316 1742 1371 licet
1779 1313 1882 1367 ini-

287 1437 454 1494 quum
476 1435 612 1492 opus
640 1419 709 1473 ab
729 1417 836 1472 alio
863 1424 1131 1486 patratum
1159 1416 1249 1479 sit,
1289 1421 1464 1466 tamen
1493 1415 1550 1463 et
1577 1408 1692 1477 ipse
1722 1417 1887 1494 uego-

292 1513 347 1568 tii
378 1512 645 1582 particeps
671 1506 819 1562 fuisti
849 1525 862 1559 :
894 1520 999 1559 non
1029 1503 1205 1558 solum
1232 1500 1376 1571 quod
1397 1497 1686 1553 obiecteris
1716 1493 1879 1558 facto,

290 1611 347 1658 et
387 1601 580 1657 credas
625 1598 750 1654 inde
789 1595 1131 1652 facultatibus
1165 1593 1274 1646 tuis
1312 1591 1702 1644 incrementum
1731 1597 1886 1638 acce-

291 1693 460 1758 dere;
491 1690 586 1747 sed
613 1688 756 1760 quod
798 1686 1102 1757 prohibeas,
1130 1698 1200 1738 ne
1252 1681 1456 1735 facinus
1498 1676 1886 1733 committatur.

294 1784 426 1840 Nam
448 1783 535 1853 qui
566 1779 853 1850 prohibere
868 1781 1050 1848 potest
1073 1790 1196 1830 eum
1224 1771 1314 1842 qui
1342 1769 1591 1841 injuriam
1619 1765 1802 1830 infert,
1836 1770 1893 1818 ct

297 1891 402 1931 non
451 1873 720 1944 prohibet,
761 1871 810 1926 is
845 1884 953 1924 non
999 1867 1264 1925 minorem
1310 1864 1422 1920 iuet
1450 1875 1686 1932 penam,
1729 1870 1892 1930 quam

295 1967 386 2037 qui
417 1964 664 2034 injuriatn
691 1961 872 2016 infert.

369 2060 411 2112 Α
431 2055 697 2128 fraudibus
708 2063 754 2108 et
775 2051 971 2124 rapinis
988 2057 1260 2104 asocat.—
1271 2045 1510 2102 Obsecro
1524 2043 1706 2114 igitur,
1724 2055 1792 2094 ne
1807 2052 1895 2093 se-

297 2149 558 2203 ducamus
583 2145 964 2214 nosmetipsos,
987 2139 1082 2197 sed
1106 2149 1162 2196 et
1186 2139 1285 2210 ipsi
1314 2135 1578 2206 fugiamus
1602 2131 1817 2202 rapinas
1839 2134 1898 2183 et

301 2240 538 2306 fraudes,
582 2246 640 2293 et
680 2253 746 2293 ex
788 2232 1088 2290 istiusmodi
1130 2231 1336 2286 artibus
1355 2227 1714 2284 emolumenta
1736 2222 1898 2276 etin-

300 2350 433 2391 cra:
483 2342 539 2388 et
579 2329 869 2385 familiares
906 2334 1121 2380 nostros
1163 2322 1494 2386 erudiamus,
1527 2333 1596 2372 ne
1627 2314 1758 2386 quid
1788 2312 1896 2368 tale

299 2431 614 2495 operentur.
644 2419 759 2475 Non
789 2417 932 2473 enim
973 2416 1078 2471 hoc
1107 2427 1207 2469 nos
1246 2414 1483 2468 insontes
1518 2413 1760 2478 prastat,
1801 2403 1896 2459 sed

303 2515 485 2585 potius
510 2511 701 2581 majori
727 2506 1161 2566 condemuatioui
1187 2503 1451 2560 obnoxios
1468 2519 1482 2555 :
1500 2501 1626 2571 quia
1645 2499 1696 2552 iu
1728 2496 1897 2551 nostri

301 2606 528 2678 gratiam
557 2603 633 2658 illi
659 2617 810 2658 suam
840 2600 1152 2655 amittentes
1185 2597 1436 2661 salutem,
1463 2591 1776 2662 iniustitiam
1806 2604 1902 2643 au-

303 2700 457 2765 dent,
485 2706 540 2752 ct
565 2697 665 2767 ipsi
695 2696 748 2750 in
779 2693 1070 2764 perniciem
1099 2699 1290 2756 euntes
1318 2701 1418 2742 nos
1446 2700 1630 2752 secum
1661 2682 1895 2752 rapiunt.

307 2789 460 2858 Quod
484 2789 530 2844 si
559 2787 744 2858 vigiles
773 2799 896 2840 esse
922 2781 1270 2845 voluerimus,
1299 2787 1355 2834 et
1381 2776 1482 2847 ipsi
1508 2775 1577 2830 ab
1611 2789 1678 2829 eo
1703 2773 1902 2828 damno

307 2878 675 2935 liberabimur.
729 2881 787 2930 et
837 2873 961 2928 illos
998 2887 1028 2925 a
1059 2870 1215 2926 malis
1252 2867 1534 2923 conatibus
1573 2863 1899 2918 arcebimus.

309 2971 481 3027 Porro
527 2983 595 3023 ue
643 2965 774 3021 mihi
812 2963 962 3019 dicas
1001 2961 1190 3016 frivola
1241 2959 1330 3013 illa
1373 2952 1742 3012 verbazﬂihil
1770 2950 1903 3005 mihi

307 3077 456 3119 cura:
496 3069 598 3116 est.
643 3056 909 3127 Numquid
936 3070 1037 3126 ego
1060 3052 1260 3124 rapui?
1288 3049 1434 3106 Nihil
1473 3047 1604 3103 mihi
1648 3061 1711 3101 ea
1749 3045 1818 3098 de
1845 3058 1907 3098 re

309 3159 556 3208 eousmt:
584 3148 720 3202 alius
744 3146 891 3210 fecit,
913 3160 1022 3200 non
1044 3142 1116 3198 fui
1141 3141 1416 3212 particeps
1436 3135 1727 3206 injustitite.
1760 3133 1907 3189 Prai-

312 3252 492 3298 textus
518 3239 607 3294 illa
646 3246 792 3301 sunt,
820 3245 877 3291 et
905 3236 1065 3290 inane
1103 3239 1493 3287 commentum.
1522 3225 1578 3282 Si
1612 3225 1695 3280 vis
1721 3222 1908 3278 decla-

313 3347 438 3388 rare
464 3341 515 3387 te
537 3344 643 3385 non
666 3337 974 3384 consortem
1009 3323 1176 3378 fuisse
1210 3319 1504 3390 injustitim,
1533 3331 1707 3387 neque
1731 3311 1909 3367 avari-

315 3423 405 3479 tia:
428 3420 718 3485 studuisse,
740 3415 966 3474 emenda
993 3415 1214 3480 factum,
1243 3411 1420 3467 solare
1444 3425 1568 3466 eum
1599 3407 1689 3477 qui
1715 3404 1908 3474 injuria

314 3514 540 3569 affectus
559 3521 662 3577 est,
697 3509 865 3566 redde
895 3508 1094 3562 ablata.
1123 3506 1215 3560 Sic
1240 3505 1383 3560 enim
1415 3510 1470 3557 et
1497 3500 1725 3570 teipsum
1745 3513 1774 3551 a
1801 3497 1908 3552 cri-

314 3605 554 3660 minibus
582 3601 855 3667 liherabis,
883 3607 938 3654 et
960 3612 1084 3652 eum
1109 3595 1201 3664 qui
1225 3593 1472 3664 injuriam
1501 3590 1625 3646 fecit
1647 3587 1906 3657 corriges,

315 3697 365 3751 si
407 3692 782 3757 declaraveris,
824 3691 941 3745 base
979 3703 1084 3743 non
1124 3686 1290 3742 fuisse
1313 3685 1453 3739 facta
1491 3681 1787 3738 secundum
1819 3693 1914 3731 vo-

319 3791 580 3844 luntatem
625 3794 794 3846 tuam,
832 3791 889 3838 et
915 3781 1202 3837 consolans
1227 3791 1539 3847 pauperem,
1573 3789 1678 3828 nou
1719 3770 1915 3826 siveris

318 3894 448 3934 eum
488 3893 520 3931 a
566 3874 783 3932 tristitia
824 3871 1123 3936 absorberi,
1164 3884 1323 3940 quam
1365 3865 1558 3921 ablatis
1606 3863 1762 3919 bouis
1805 3860 1918 3915 suis

322 3982 583 4040 passurus
601 3977 737 4020 erat.
769 3961 852 4019 Ns
876 3965 963 4030 sit,
992 3961 1185 4033 inquit,
1209 3960 1325 4014 rixa
1351 3959 1483 4012 inter
1516 3972 1595 4010 me
1620 3965 1664 4010 et
1691 3965 1758 4020 te,
1790 3954 1919 4007 inter

324 4068 552 4129 pastores
579 4072 715 4111 meos
738 4063 783 4109 et
807 4063 941 4118 tuos,
980 4053 1099 4123 quia
1126 4051 1351 4106 homines
1379 4045 1563 4119 fratres
1588 4062 1679 4100 nos
1721 4061 1915 4099 sumus.

329 4150 520 4204 Vidisti
586 4143 1096 4202 mansuetudinem?
1159 4143 1340 4199 vidisti
1400 4138 1713 4196 lenitatem?
1781 4137 1920 4192 Audi

325 4251 386 4297 et
435 4240 736 4311 sequentia,
789 4247 848 4292 ut
896 4235 1075 4291 discas
1125 4235 1480 4291 excellentem
1526 4233 1645 4302 ejus
1680 4230 1921 4301 philoso-

330 4335 534 4405 phiam.
572 4329 856 4400 Quomodo
897 4329 1059 4400 igitur
1099 4329 1214 4382 rixa
1251 4326 1542 4389 dirimitur,
1571 4333 1623 4378 et
1649 4322 1924 4378 contentio

331 4425 724 4496 restinguitur?
775 4423 831 4480 9.
882 4421 1017 4476 Ecce
1059 4420 1224 4475 omnis
1260 4429 1415 4482 terra,
1445 4417 1638 4487 inquit,
1675 4431 1850 4469 coram
1879 4424 1925 4469 te

329 4531 424 4574 est.
448 4515 660 4571 Discede
680 4532 711 4567 ιι
730 4531 813 4569 me
831 4531 852 4568 .'
877 4513 920 4567 si
946 4523 1000 4566 tu
1027 4512 1096 4564 ad
1119 4511 1397 4574 sinistram,
1426 4525 1517 4579 ego
1537 4508 1604 4561 ad
1628 4508 1926 4570 dexteram;

329 4612 380 4666 si
419 4621 473 4663 tn
515 4608 582 4661 ad
609 4607 891 4670 dexteram,
935 4621 1028 4675 ego
1057 4604 1124 4663 ad
1171 4603 1451 4657 sinistram.
1493 4600 1694 4656 Tecum
1739 4608 1926 4668 reputa

335 4697 752 4771 philosophiam,
775 4705 830 4753 et
850 4696 1114 4766 insignem
1137 4695 1453 4749 modestiam
1476 4690 1798 4763 hujusjusti.
1822 4691 1926 4745 Sed

334 4799 459 4843 ante
485 4787 634 4851 hac,
666 4788 892 4842 obsecro
916 4827 932 4847 .
972 4786 1146 4856 cogita
1196 4794 1452 4855 quantum
1489 4799 1557 4838 ex
1593 4783 1794 4838 divitiis
1839 4783 1931 4837 da-

339 4894 549 4945 mnum,
575 4888 630 4933 et
655 4885 854 4948 quanta
887 4892 952 4931 ex
983 4877 1162 4931 multis
1205 4876 1396 4945 opibus
1425 4875 1717 4930 contentio.
1763 4876 1931 4928 Aucta

339 4980 465 5024 stmt
501 4978 767 5032 armenta,
815 4967 1147 5036 multiplicati
1181 4981 1392 5036 greges,
1434 4966 1757 5020 aliiuxeruut
1793 4964 1932 5020 divi-

340 5060 430 5114 tia:
475 5060 678 5125 multat,
719 5069 775 5114 et
814 5058 998 5113 statim
1035 5057 1352 5113 discinditur
1393 5057 1719 5112 concordia:
1747 5068 1802 5112 et
1833 5056 1932 5111 ubi

337 5162 455 5207 erat
484 5167 584 5221 pax
613 5160 669 5206 et
690 5151 931 5206 caritatis
958 5151 1252 5217 vinculum,
1286 5165 1428 5206 uuuc
1453 5153 1591 5217 rixa,
1620 5161 1675 5206 et
1704 5161 1932 5206 conten-

344 5242 440 5296 tio.
476 5241 575 5297 Ubi
598 5241 742 5296 eui
769 5243 946 5296 meum
973 5250 1029 5296 et
1044 5251 1214 5306 tuum,
1243 5241 1351 5296 illic
1379 5257 1539 5297 omne
1567 5242 1738 5296 litium
1765 5257 1934 5312 genus

343 5344 401 5389 et
419 5335 777 5390 contentionis
800 5333 1042 5390 Occasio:
1075 5334 1163 5389 ubi
1190 5343 1367 5388 autem
1409 5333 1524 5389 hmo
1551 5350 1656 5388 non
1683 5344 1827 5400 sunt,
1861 5334 1934 5389 ibi

345 5440 536 5482 secura
564 5435 811 5480 versatur
837 5441 939 5496 pax
978 5437 1034 5482 et
1072 5426 1382 5481 concordia.
1414 5427 1477 5480 Et
1508 5425 1622 5480 lucc
1650 5435 1710 5480 ut
1737 5427 1933 5489 discas.

346 5516 470 5570 audi
514 5515 640 5586 quid
683 5515 824 5571 dicat
867 5515 1053 5571 heatus
1086 5516 1259 5572 Lucas
1293 5517 1361 5571 de
1384 5516 1448 5570 iis
1476 5517 1566 5586 qui
1594 5517 1661 5571 ab
1688 5517 1842 5572 initio
1868 5518 1936 5572 ad

350 5605 508 5661 lldcm
546 5605 791 5661 conversi
823 5615 968 5660 sunt.
1007 5604 1160 5672 Erat,
1190 5606 1381 5675 inquit,
1414 5609 1638 5660 nomium
1665 5623 1753 5660 cor
1777 5623 1936 5660 unum

350 5704 393 5746 :t
417 5697 588 5749 animo
612 5712 718 5750 una
742 5694 897 5765 (Act.
934 5696 988 5751 4.
1018 5695 1088 5750 52
1112 5696 1130 5767 )
1154 5711 1169 5749 :
1203 5712 1308 5750 non
1333 5696 1475 5769 quod
1503 5711 1662 5750 uuam
1702 5696 1935 5752 animam

351 5783 631 5839 habuerint
658 5800 868 5854 omnes,
888 5787 1180 5858 (qtuunodo
1205 5786 1347 5843 enim
1375 5788 1498 5852 hoc,
1525 5803 1646 5843 cum
1678 5790 1730 5843 iu
1757 5788 1935 5844 diver-

348 5876 425 5932 sis
446 5877 761 5950 corporibus
791 5879 1029 5934 fuerint?
1053 5881 1070 5948 )
1114 5880 1206 5936 sed
1237 5881 1579 5946 concordiam
1608 5881 1820 5937 illorum
1845 5898 1930 5937 ar-

1310 477 1373 534 ῑΝ
1410 474 1563 534 CAP.
1603 471 1746 529 Xlll.
1785 467 2031 527 θεαί-Β.
2073 468 2308 528 HOMIL.
2351 466 2595 528 XXXIII.

3477 465 3577 522 3l0

1984 584 2278 639 ctissimam
2326 585 2481 640 nobis
2519 583 2874 640 demonstrat.
2919 579 3040 638 iam
3081 582 3184 640 nisi
3223 582 3465 654 plurima:
3498 595 3580 651 pa

1985 676 2188 732 tientia:
2219 676 2410 732 fuisset
2433 678 2607 746 justus
2637 675 2746 740 ille,
2772 686 2829 731 et
2854 675 3117 745 insignem
3145 689 3258 745 pra:
3282 687 3345 729 se
3372 671 3585 726 tulisset

1982 767 2396 837 philosophiam,
2433 769 2830 823 succensuisset
2860 766 3101 832 forsitan,
3131 775 3188 823 et
3227 765 3302 821 ita
3325 765 3379 821 ei
3414 764 3591 820 dixis-

1984 866 2067 912 set
2092 876 2106 913 :
2151 857 2284 927 Quis
2315 858 2465 913 furor
2504 859 2634 913 ille?
2667 858 2872 912 Ausiuc
2897 865 3022 913 sunt
3046 855 3233 911 famuli
3267 854 3344 910 tui
3367 870 3431 910 os
3453 870 3584 924 ape-

1984 949 2092 1003 rire
2120 948 2377 1004 adversus
2408 963 2601 1018 operas
2631 963 2780 1002 meas
2806 947 2832 1002 ?
2863 961 2969 1001 nou
2995 947 3300 1017 cogitarunt
3322 957 3587 1016 quantum

1987 1038 2128 1094 inter
2173 1054 2272 1094 nos
2318 1040 2388 1094 sit
2430 1039 2760 1094 discrimen?
2800 1037 2953 1094 Unde
2991 1037 3134 1092 enim
3166 1037 3261 1092 tibi
3295 1035 3382 1090 illa
3410 1035 3584 1090 abun-

1986 1132 2214 1187 dantia?
2254 1148 2431 1187 nonne
2472 1147 2538 1188 ex
2577 1147 2694 1187 mea
2737 1132 2905 1187 cura?
2943 1131 3075 1198 Quis
3103 1141 3155 1186 te
3199 1130 3256 1186 in
3305 1131 3585 1184 hominum

1986 1235 2336 1292 conspectum
2365 1223 2627 1291 protulit?
2654 1238 2833 1278 nonne
2859 1237 2960 1292 ego
2980 1223 3068 1292 qui
3095 1233 3192 1292 pro
3218 1221 3470 1276 omnibus
3493 1220 3585 1275 tibi

1989 1311 2084 1377 fui,
2130 1323 2184 1368 et
2235 1313 2399 1382 patris
2443 1313 2538 1368 tibi
2580 1312 2729 1368 vices
2765 1313 2850 1382 egi
2903 1328 2998 1382 per
3035 1312 3256 1367 omnia?
3291 1314 3466 1382 Atque
3492 1312 3588 1366 has

1990 1403 2121 1458 mihi
2170 1418 2269 1473 pro
2315 1413 2394 1458 tot
2437 1404 2748 1459 ministeriis
2785 1404 3061 1459 mercedes
3094 1403 3314 1459 reddis?
3355 1403 3590 1459 Haecine

1991 1510 2089 1566 spe
2139 1495 2338 1565 ubique
2384 1505 2437 1550 te
2476 1495 2730 1550 comitem
2783 1496 2991 1551 itineris
3029 1494 3229 1550 habui?
3271 1494 3421 1558 Esto,
3457 1493 3589 1550 nihil

1989 1602 2178 1644 eorum
2204 1602 2324 1656 qua:
2342 1601 2374 1641 a
2401 1602 2486 1642 me
2511 1586 2677 1642 babes
2705 1587 2758 1641 in
2784 1597 3020 1652 mentem
3047 1587 3141 1642 tibi
3174 1586 3351 1642 veniat
3375 1604 3388 1639 :
3412 1601 3590 1640 nonne

1992 1677 2182 1731 saltem
2209 1677 2292 1730 vel
2313 1685 2587 1731 senectam
2614 1692 2790 1732 meam
2816 1684 2872 1731 et
2897 1692 3065 1731 mnos
3097 1677 3334 1731 revereri
3366 1685 3590 1744 oporte-

1994 1766 2122 1821 bat?
2142 1764 2250 1821 Sed
2275 1765 2614 1820 couniveudo
2637 1766 2928 1834 permisi-ti
2949 1775 3191 1835 pastores
3218 1773 3339 1819 tuos
3362 1765 3415 1818 iu
3443 1778 3594 1819 meos

1995 1856 2339 1922 dehacchari,
2379 1858 2592 1912 nescius
2628 1857 2772 1928 quod
2815 1856 2954 1912 sicut
2990 1856 3340 1920 contumelia,
3380 1870 3482 1925 qua
3516 1853 3593 1909 illi

1995 1947 2172 2002 affecti
2201 1957 2362 2012 sunt,
2409 1948 2461 2002 in
2505 1963 2597 2005 me
2638 1948 2850 2016 transit,
2878 1947 2952 2002 ita
2983 1957 3040 2004 et
3072 1957 3285 2004 tuorum
3323 1947 3596 2003 temeritas

2000 2037 2094 2092 tibi
2115 2036 2459 2092 adscribitur.

2071 2127 2127 2183 4.
2171 2126 2278 2182 Sed
2316 2126 2449 2181 nihil
2476 2126 2667 2182 horum
2689 2126 2866 2197 justus
2888 2127 2975 2183 vel
3002 2127 3054 2182 in
3087 2135 3325 2182 mentem
3355 2125 3595 2190 admisit,

1999 2216 2097 2272 sed
2124 2216 2377 2272 omnibus
2406 2217 2512 2272 illis
2536 2217 2606 2272 ab
2629 2217 2810 2274 animo
2835 2217 3090 2286 repulsis,
3131 2233 3295 2272 unum
3339 2217 3444 2271 hoc
3466 2231 3598 2286 age-

2001 2309 2114 2373 bat,
2141 2307 2412 2380 quomodo
2437 2307 2580 2377 quod
2612 2316 2927 2378 erupturum
2966 2317 3086 2364 erat
3111 2307 3475 2364 contentionis
3515 2309 3601 2361 iu-

2000 2399 2251 2455 ceudium
2276 2399 2662 2469 exstingueret,
2703 2407 2760 2454 et
2795 2397 2948 2454 suavi
2999 2399 3342 2468 separatione
3387 2394 3604 2468 excogi-

2002 2489 2548 2562 tata,absque“turbis
2575 2489 2870 2546 habitaret:
2896 2489 3030 2545 dicit
3047 2489 3193 2544 enim
3228 2506 3244 2542 :
3269 2488 3405 2542 Ecce
3431 2503 3605 2542 annon

2003 2584 2167 2638 ontnis
2190 2592 2325 2636 terra
2348 2597 2522 2635 coram
2552 2590 2600 2634 te
2626 2581 2743 2635 est?
2770 2579 2985 2635 Discede
3004 2595 3037 2633 ιι
3065 2595 3146 2632 me
3165 2594 3185 2633 :
3226 2577 3269 2632 si
3298 2587 3353 2631 tu
3378 2577 3447 2629 ad
3473 2575 3606 2631 sitti-

2003 2686 2185 2745 stram,
2205 2691 2298 2748 ego
2319 2673 2389 2728 ad
2420 2675 2720 2737 dexteram;
2745 2673 2788 2727 si
2827 2683 2884 2726 t-u
2905 2672 2976 2726 ad
3004 2672 3285 2735 dexteram,
3315 2685 3411 2740 ego
3443 2668 3514 2721 ad
3532 2668 3609 2721 si-

2005 2769 2240 2821 nistram.
2280 2765 2415 2820 Vide
2457 2762 2929 2826 mansuetudinem
2966 2761 3122 2832 justi.
3152 2759 3423 2831 Operibus
3461 2757 3608 2812 enim

2007 2858 2264 2923 ostendit,
2306 2872 2366 2912 se
2392 2872 2500 2911 non
2530 2870 2624 2910 sua
2651 2863 2843 2924 sponte
2869 2853 3048 2908 facere
3083 2851 3208 2918 hoc,
3241 2862 3416 2920 neque
3454 2863 3612 2917 sepa-

2009 2951 2115 3006 rari
2137 2951 2296 3017 velle,
2325 2948 2422 3004 sed
2449 2947 2519 3003 ob
2550 2946 2912 3003 contentionis
2938 2944 3341 3008 necessitatem,
3373 2951 3430 2995 ut
3457 2956 3527 2995 ne
3553 2941 3609 2994 in

2008 3044 2173 3098 domo
2203 3045 2272 3096 sit
2313 3050 2633 3113 perpetuum
2678 3040 2921 3095 bellum:
2950 3038 3073 3094 vide
3115 3034 3390 3108 quomodo
3437 3031 3617 3088 verbis

2010 3133 2157 3188 illius
2181 3133 2341 3187 bilem
2373 3130 2747 3196 mansuefacit,
2793 3139 2848 3183 et
2879 3144 3096 3184 omnem
3125 3128 3174 3182 ei
3195 3123 3475 3181 electionis
3512 3138 3610 3192 po-

2014 3230 2264 3279 testatem
2302 3220 2413 3288 dat,
2446 3221 2804 3291 proponitque
2839 3232 3057 3273 omnem
3087 3226 3314 3282 terram,
3349 3228 3413 3268 ac
3445 3213 3611 3268 dicit:

2012 3313 2146 3368 Ecce
2161 3329 2332 3367 annon
2359 3311 2521 3365 omnis
2546 3321 2681 3365 terra
2703 3324 2876 3364 coram
2904 3309 2991 3362 te?
3015 3307 3187 3374 Quam
3216 3306 3319 3371 vis,
3350 3304 3490 3373 elige
3514 3321 3527 3356 :
3559 3309 3618 3358 et

2013 3421 2131 3478 ego,
2147 3415 2372 3477 quaqu
2391 3403 2694 3473 reliqueris,
2711 3415 2902 3472 magna
2916 3416 3037 3456 cum
3055 3401 3325 3470 voiuptate
3336 3395 3615 3468 accipiam.

2016 3497 2204 3566 Magna
2235 3505 2320 3550 est
2341 3494 2472 3564 justi
2515 3492 2675 3564 hujus
2714 3491 3076 3562 philosophia.
3109 3489 3228 3545 Non
3264 3488 3378 3543 vnit
3400 3485 3623 3542 omnino

2016 3603 2285 3646 onerosus
2327 3603 2450 3643 esse
2491 3586 2672 3642 fratris
2712 3586 2859 3650 lilio;
2891 3584 3044 3654 quasi
3072 3584 3313 3638 diceret:
3356 3580 3622 3649 Quoniam

2019 3681 2072 3736 id
2109 3680 2254 3750 quod
2299 3678 2552 3733 uolebam
2596 3675 2809 3741 accidit,
2842 3690 2949 3745 quo
2982 3680 3198 3728 cessent
3226 3669 3624 3732 contentiones,

2021 3769 2384 3826 necessarium
2425 3775 2510 3822 est
2551 3775 2608 3820 ut
2645 3779 2995 3835 separemur:
3040 3771 3324 3833 propterea
3361 3767 3413 3814 te
3450 3758 3625 3812 domi-

2023 3881 2151 3920 num
2178 3861 2460 3919 electionis
2487 3868 2544 3915 et
2571 3859 2832 3912 arbitrum
2860 3855 3167 3917 constituo;
3203 3861 3257 3907 et
3279 3866 3494 3906 omnem
3531 3849 3624 3903 tibi

2025 3962 2345 4025 potestatem
2386 3951 2479 4017 do,
2507 3959 2565 4003 ut
2591 3958 2789 4003 terram
2835 3961 2998 4016 quam
3041 3943 3318 3998 meliorem
3349 3955 3540 3996 censes
3571 3948 3628 3992 tu

2025 4048 2212 4119 eligas,
2253 4053 2310 4101 et
2351 4043 2615 4112 reliquam
2656 4041 2802 4094 sinas
2831 4052 2950 4091 esse
2985 4051 3181 4090 meam.
3210 4032 3348 4087 Num
3380 4032 3483 4086 hoc
3507 4031 3629 4100 quis

2024 4153 2278 4210 umquam
2318 4135 2540 4207 aequalis
2572 4132 2744 4188 aetatis
2781 4128 2932 4184 fratri
2965 4127 3270 4182 faciendum
3309 4123 3541 4185 censuit,
3569 4119 3623 4175 id

2025 4229 2170 4300 quod
2197 4227 2377 4283 fratris
2410 4225 2523 4279 filio
2549 4219 2895 4294 patriarcha?
2931 4217 3064 4272 Nam
3095 4218 3138 4270 si
3173 4221 3286 4285 ipse
3315 4214 3450 4267 facta
3483 4212 3634 4280 prius

2027 4322 2294 4377 electione
2323 4318 2551 4389 primum
2574 4316 2747 4370 locum
2776 4312 2877 4367 sibi
2910 4317 3202 4374 servasset,
3235 4308 3627 4362 concessisset-

2028 4415 2223 4487 queilli
2249 4413 2477 4482 reliqua,
2503 4423 2682 4465 nonne
2709 4416 2764 4461 et
2791 4406 2893 4460 hoc
2917 4412 3074 4474 pacto
3105 4415 3356 4471 maguum
3377 4396 3632 4468 quiddam

2034 4504 2289 4562 fecisset?
2322 4505 2391 4557 At
2421 4501 2651 4572 ingentis
2677 4497 2889 4552 virtutis
2909 4510 3020 4550 sua:
3047 4494 3320 4562 specimen
3348 4489 3629 4554 exhibere,

2033 4609 2088 4654 et
2115 4597 2441 4652 desiderium
2463 4590 2674 4664 juvenis
2694 4589 2912 4660 explere
2935 4587 3172 4653 volebat,
3207 4586 3280 4639 ita
3301 4592 3358 4638 ut
3389 4582 3534 4636 nulla
3565 4598 3630 4636 ex

2034 4691 2375 4762 separatione
2422 4692 2737 4741 nasceretur
2783 4681 3036 4738 mteroris
3082 4677 3339 4743 occasio,
3390 4675 3532 4730 unde
3583 4675 3633 4730 ei

2037 4784 2310 4855 proposita
2340 4786 2605 4850 potestate
2633 4775 2806 4840 omni,
2835 4774 2964 4828 dicit
2988 4789 3002 4826 :
3032 4770 3163 4826 Ecce
3198 4770 3363 4823 omnis
3386 4778 3520 4821 terra
3545 4782 3632 4820 co.

2035 4895 2146 4931 ram
2182 4887 2271 4930 te:
2313 4887 2552 4944 separare
2587 4887 2619 4925 a
2656 4885 2757 4933 me,
2801 4875 2858 4924 et
2893 4863 3107 4935 qualem
3147 4863 3380 4917 volueris
3436 4871 3635 4915 terram

2037 4970 2195 5040 elige.
2225 4965 2511 5038 Oportebat
2542 4961 2703 5032 igitur
2729 4958 2912 5014 fratris
2940 4959 3128 5022 tilium,
3157 4971 3279 5010 cum
3312 4963 3514 5008 tantam
3537 4968 3628 5008 cx-

2043 5060 2309 5130 [zeriretur
2349 5057 2656 5125 aequitatem
2701 5049 3059 5123 patriarchae.
3118 5044 3643 5116 parem'repeudere

2041 5152 2330 5216 honorem,
2358 5157 2414 5202 et
2435 5146 2486 5202 ei
2512 5145 2689 5216 potius
2717 5145 2939 5199 liberam
2964 5142 3286 5197 electionem
3316 5137 3640 5193 concedere.

2040 5243 2290 5299 Solemus
2332 5237 2475 5294 enim
2519 5235 2686 5291 ferme
2724 5233 2900 5289 cuncti
2932 5231 3199 5297 homines,
3227 5231 3272 5285 si
3303 5228 3645 5283 obluctautcs

2042 5331 2320 5388 videamus
2348 5328 2710 5391 adversarios,
2734 5340 2797 5380 ac
2812 5322 3205 5379 contendentes
3228 5321 3282 5376 in
3309 5321 3542 5391 primum
3562 5320 3642 5374 lo.

2051 5433 2165 5479 eum
2191 5421 2504 5486 ascendere,
2538 5432 2644 5471 non
2671 5415 2814 5471 ferre
2839 5429 2940 5469 nos
2970 5411 3254 5468 inferiores
3284 5427 3426 5474 esse,
3469 5424 3644 5480 neque

2046 5533 2125 5574 eis
2151 5514 2382 5572 cedere:
2424 5524 2561 5582 quos
2597 5510 2643 5565 si
2669 5508 2862 5564 cedere
2901 5506 3217 5570 viderimus,
3263 5512 3313 5558 et
3352 5501 3648 5556 humilibus

2045 5608 2227 5666 verbis
2262 5613 2581 5678 potestatem
2631 5615 2848 5657 omnem
2900 5598 3056 5653 nobis
3107 5596 3440 5667 permittere,
3491 5593 3644 5662 quasi

2046 5705 2357 5756 reverentes
2379 5709 2626 5765 magnam
2656 5689 3142 5755 mansuetudinem,
3168 5704 3223 5742 et
3241 5702 3272 5742 a
3296 5685 3646 5741 contentione

2046 5790 2376 5852 desistimus,
2407 5794 2462 5843 et
2485 5785 2605 5840 vice
2635 5796 2793 5838 versa
2814 5795 3031 5836 omnem
3054 5785 3374 5848 potestatem
3404 5776 3484 5830 cis
3510 5789 3646 5828 cou-

2053 5883 2320 5940 ccdimus.
2367 5879 2575 5936 etiamsi
2621 5877 2798 5932 minor
2832 5891 2951 5932 esse
2982 5873 3223 5933 videatur
3265 5877 3310 5932 is
3337 5874 3430 5949 qui
3465 5873 3653 5929 nobis-
