  <div class='ocr_page' id='page_1' title='image "/cluster/home/n/w/nwhite01/storage/ocr_20150623/53/pst.000005712526/311.png"; bbox 0 0 4054 6324; ppageno 0'>
   <div class='ocr_carea' id='block_1_1' title="bbox 449 325 546 386">
    <p class='ocr_par' dir='ltr' id='par_1_1' title="bbox 449 325 546 386">
     <span class='ocr_line' id='line_1_1' title="bbox 449 325 546 386; baseline -0.031 0"><span class='ocrx_word' id='word_1_1' title='bbox 449 325 546 386; x_wconf 63' lang='grc'><strong>311</strong></span> 
     </span>
    </p>
   </div>
   <div class='ocr_carea' id='block_1_2' title="bbox 444 432 2010 504">
    <p class='ocr_par' dir='ltr' id='par_1_2' title="bbox 444 432 2010 504">
     <span class='ocr_line' id='line_1_2' title="bbox 444 432 2010 504; baseline -0.003 -15"><span class='ocrx_word' id='word_1_2' title='bbox 444 451 565 489; x_wconf 87' lang='lat' dir='ltr'><strong>cum</strong></span> <span class='ocrx_word' id='word_1_3' title='bbox 610 435 793 504; x_wconf 82' lang='lat' dir='ltr'><strong>litigat.</strong></span> <span class='ocrx_word' id='word_1_4' title='bbox 825 433 957 488; x_wconf 88' lang='lat' dir='ltr'><strong>Cum</strong></span> <span class='ocrx_word' id='word_1_5' title='bbox 1000 434 1219 490; x_wconf 84' lang='lat' dir='ltr'><strong>deberet</strong></span> <span class='ocrx_word' id='word_1_6' title='bbox 1258 435 1414 502; x_wconf 89' lang='lat' dir='ltr'><strong>igitur</strong></span> <span class='ocrx_word' id='word_1_7' title='bbox 1437 443 1486 487; x_wconf 90' lang='lat' dir='ltr'><strong>el</strong></span> <span class='ocrx_word' id='word_1_8' title='bbox 1516 432 1615 489; x_wconf 84' lang='lat' dir='ltr'><strong>Lot</strong></span> <span class='ocrx_word' id='word_1_9' title='bbox 1643 450 1766 488; x_wconf 88' lang='lat' dir='ltr'><strong>cum</strong></span> <span class='ocrx_word' id='word_1_10' title='bbox 1791 434 2010 503; x_wconf 80' lang='lat' dir='ltr'><strong>patriar-</strong></span> 
     </span>
    </p>
   </div>
   <div class='ocr_carea' id='block_1_3' title="bbox 447 523 2018 592">
    <p class='ocr_par' dir='ltr' id='par_1_3' title="bbox 447 523 2018 592">
     <span class='ocr_line' id='line_1_3' title="bbox 447 523 2018 592; baseline -0.001 -14"><span class='ocrx_word' id='word_1_11' title='bbox 447 526 548 579; x_wconf 88' lang='lat' dir='ltr'><strong>cha</strong></span> <span class='ocrx_word' id='word_1_12' title='bbox 581 525 679 578; x_wconf 89' lang='lat' dir='ltr'><strong>hoc</strong></span> <span class='ocrx_word' id='word_1_13' title='bbox 722 523 931 586; x_wconf 83' lang='lat' dir='ltr'><strong>facere;</strong></span> <span class='ocrx_word' id='word_1_14' title='bbox 964 526 1050 579; x_wconf 89' lang='lat' dir='ltr'><strong>ille</strong></span> <span class='ocrx_word' id='word_1_15' title='bbox 1082 534 1258 578; x_wconf 83' lang='lat' dir='ltr'><strong>tamen</strong></span> <span class='ocrx_word' id='word_1_16' title='bbox 1279 534 1461 592; x_wconf 87' lang='lat' dir='ltr'><strong>utpote</strong></span> <span class='ocrx_word' id='word_1_17' title='bbox 1491 525 1724 592; x_wconf 76' lang='lat' dir='ltr'><strong>juvenis,</strong></span> <span class='ocrx_word' id='word_1_18' title='bbox 1749 534 1804 580; x_wconf 82' lang='lat' dir='ltr'><strong>et</strong></span> <span class='ocrx_word' id='word_1_19' title='bbox 1831 523 2018 592; x_wconf 80' lang='lat' dir='ltr'><strong>majori</strong></span> 
     </span>
    </p>
   </div>
   <div class='ocr_carea' id='block_1_4' title="bbox 449 616 2022 682">
    <p class='ocr_par' dir='ltr' id='par_1_4' title="bbox 449 616 2022 682">
     <span class='ocr_line' id='line_1_4' title="bbox 449 616 2022 682; baseline 0 -13"><span class='ocrx_word' id='word_1_20' title='bbox 449 616 878 678; x_wconf 77' lang='lat' dir='ltr'><strong>concupiscentia</strong></span> <span class='ocrx_word' id='word_1_21' title='bbox 906 625 1122 677; x_wconf 86' lang='lat' dir='ltr'><strong>tractus,</strong></span> <span class='ocrx_word' id='word_1_22' title='bbox 1153 616 1386 682; x_wconf 73' lang='lat' dir='ltr'><strong>potiores</strong></span> <span class='ocrx_word' id='word_1_23' title='bbox 1417 625 1526 668; x_wconf 88' lang='lat' dir='ltr'><strong>tum</strong></span> <span class='ocrx_word' id='word_1_24' title='bbox 1551 616 1650 669; x_wconf 88' lang='lat' dir='ltr'><strong>sibi</strong></span> <span class='ocrx_word' id='word_1_25' title='bbox 1681 617 1820 678; x_wconf 76' lang='lat' dir='ltr'><strong>visas</strong></span> <span class='ocrx_word' id='word_1_26' title='bbox 1846 625 2022 682; x_wconf 80' lang='lat' dir='ltr'><strong>partes</strong></span> 
     </span>
    </p>
   </div>
   <div class='ocr_carea' id='block_1_5' title="bbox 451 704 2020 772">
    <p class='ocr_par' dir='ltr' id='par_1_5' title="bbox 451 704 2020 772">
     <span class='ocr_line' id='line_1_5' title="bbox 451 704 2020 772; baseline 0.002 -16"><span class='ocrx_word' id='word_1_27' title='bbox 451 705 665 772; x_wconf 80' lang='lat' dir='ltr'><strong>arripit,</strong></span> <span class='ocrx_word' id='word_1_28' title='bbox 689 715 741 758; x_wconf 90' lang='lat' dir='ltr'><strong>et</strong></span> <span class='ocrx_word' id='word_1_29' title='bbox 765 705 1073 761; x_wconf 78' lang='lat' dir='ltr'><strong>eiectionem</strong></span> <span class='ocrx_word' id='word_1_30' title='bbox 1099 704 1239 758; x_wconf 85' lang='lat' dir='ltr'><strong>facit.</strong></span> <span class='ocrx_word' id='word_1_31' title='bbox 1269 706 1355 759; x_wconf 77' lang='grc'><strong>10.</strong></span> <span class='ocrx_word' id='word_1_32' title='bbox 1381 705 1446 758; x_wconf 81' lang='lat' dir='ltr'><strong>Et</strong></span> <span class='ocrx_word' id='word_1_33' title='bbox 1466 706 1698 770; x_wconf 79' lang='lat' dir='ltr'><strong>sublatis,</strong></span> <span class='ocrx_word' id='word_1_34' title='bbox 1714 707 1902 772; x_wconf 84' lang='lat' dir='ltr'><strong>inquit,</strong></span> <span class='ocrx_word' id='word_1_35' title='bbox 1927 705 2020 759; x_wconf 79' lang='lat' dir='ltr'><strong>Lat</strong></span> 
     </span>
    </p>
   </div>
   <div class='ocr_carea' id='block_1_6' title="bbox 449 794 2022 864">
    <p class='ocr_par' dir='ltr' id='par_1_6' title="bbox 449 794 2022 864">
     <span class='ocr_line' id='line_1_6' title="bbox 449 794 2022 864; baseline 0.002 -19"><span class='ocrx_word' id='word_1_36' title='bbox 449 795 610 846; x_wconf 87' lang='lat' dir='ltr'><strong>oculis</strong></span> <span class='ocrx_word' id='word_1_37' title='bbox 639 794 763 858; x_wconf 88' lang='lat' dir='ltr'><strong>suis,</strong></span> <span class='ocrx_word' id='word_1_38' title='bbox 792 795 910 846; x_wconf 79' lang='lat' dir='ltr'><strong>vidit</strong></span> <span class='ocrx_word' id='word_1_39' title='bbox 937 807 1134 846; x_wconf 85' lang='lat' dir='ltr'><strong>omnem</strong></span> <span class='ocrx_word' id='word_1_40' title='bbox 1157 795 1408 864; x_wconf 78' lang='lat' dir='ltr'><strong>regionem</strong></span> <span class='ocrx_word' id='word_1_41' title='bbox 1422 797 1554 848; x_wconf 74' lang='lat' dir='ltr'><strong>circa</strong></span> <span class='ocrx_word' id='word_1_42' title='bbox 1568 796 1866 858; x_wconf 76' lang='lat' dir='ltr'><strong>Iordanem,</strong></span> <span class='ocrx_word' id='word_1_43' title='bbox 1889 798 2022 864; x_wconf 75' lang='lat' dir='ltr'><strong>quod</strong></span> 
     </span>
    </p>
   </div>
   <div class='ocr_carea' id='block_1_7' title="bbox 451 885 2023 955">
    <p class='ocr_par' dir='ltr' id='par_1_7' title="bbox 451 885 2023 955">
     <span class='ocr_line' id='line_1_7' title="bbox 451 885 2023 955; baseline 0.004 -21"><span class='ocrx_word' id='word_1_44' title='bbox 451 895 556 938; x_wconf 86' lang='lat' dir='ltr'><strong>tota</strong></span> <span class='ocrx_word' id='word_1_45' title='bbox 598 895 722 939; x_wconf 85' lang='lat' dir='ltr'><strong>esset</strong></span> <span class='ocrx_word' id='word_1_46' title='bbox 763 885 970 954; x_wconf 84' lang='lat' dir='ltr'><strong>irrigua,</strong></span> <span class='ocrx_word' id='word_1_47' title='bbox 1011 897 1276 955; x_wconf 73' lang='lat' dir='ltr'><strong>antequam</strong></span> <span class='ocrx_word' id='word_1_48' title='bbox 1316 887 1562 942; x_wconf 76' lang='lat' dir='ltr'><strong>Dominus</strong></span> <span class='ocrx_word' id='word_1_49' title='bbox 1603 889 1897 943; x_wconf 71' lang='lat' dir='ltr'><strong>subverteret</strong></span> <span class='ocrx_word' id='word_1_50' title='bbox 1924 887 2023 943; x_wconf 55' lang='lat' dir='ltr'><strong>So.</strong></span> 
     </span>
    </p>
   </div>
   <div class='ocr_carea' id='block_1_8' title="bbox 450 974 2024 1044">
    <p class='ocr_par' dir='ltr' id='par_1_8' title="bbox 450 974 2024 1044">
     <span class='ocr_line' id='line_1_8' title="bbox 450 974 2024 1044; baseline 0.004 -19"><span class='ocrx_word' id='word_1_51' title='bbox 450 974 600 1027; x_wconf 88' lang='lat' dir='ltr'><strong>doma</strong></span> <span class='ocrx_word' id='word_1_52' title='bbox 647 985 691 1028; x_wconf 91' lang='lat' dir='ltr'><strong>et</strong></span> <span class='ocrx_word' id='word_1_53' title='bbox 739 974 1039 1038; x_wconf 82' lang='lat' dir='ltr'><strong>Gomorrha,</strong></span> <span class='ocrx_word' id='word_1_54' title='bbox 1090 979 1232 1043; x_wconf 86' lang='lat' dir='ltr'><strong>quasi</strong></span> <span class='ocrx_word' id='word_1_55' title='bbox 1267 979 1439 1032; x_wconf 84' lang='lat' dir='ltr'><strong>hortus</strong></span> <span class='ocrx_word' id='word_1_56' title='bbox 1485 979 1600 1044; x_wconf 87' lang='lat' dir='ltr'><strong>Dei,</strong></span> <span class='ocrx_word' id='word_1_57' title='bbox 1645 991 1691 1033; x_wconf 87' lang='lat' dir='ltr'><strong>et</strong></span> <span class='ocrx_word' id='word_1_58' title='bbox 1722 980 1850 1033; x_wconf 86' lang='lat' dir='ltr'><strong>sicut</strong></span> <span class='ocrx_word' id='word_1_59' title='bbox 1890 992 2024 1032; x_wconf 80' lang='lat' dir='ltr'><strong>terra</strong></span> 
     </span>
    </p>
   </div>
   <div class='ocr_carea' id='block_1_9' title="bbox 452 1064 2024 1140">
    <p class='ocr_par' dir='ltr' id='par_1_9' title="bbox 452 1064 2024 1140">
     <span class='ocr_line' id='line_1_9' title="bbox 452 1064 2024 1140; baseline 0.004 -21"><span class='ocrx_word' id='word_1_60' title='bbox 452 1064 668 1135; x_wconf 72' lang='lat' dir='ltr'><strong>IEgypti</strong></span> <span class='ocrx_word' id='word_1_61' title='bbox 692 1081 846 1131; x_wconf 79' lang='lat' dir='ltr'><strong>usque</strong></span> <span class='ocrx_word' id='word_1_62' title='bbox 872 1066 991 1118; x_wconf 85' lang='lat' dir='ltr'><strong>dum</strong></span> <span class='ocrx_word' id='word_1_63' title='bbox 1018 1069 1211 1120; x_wconf 77' lang='lat' dir='ltr'><strong>venitur</strong></span> <span class='ocrx_word' id='word_1_64' title='bbox 1237 1069 1287 1121; x_wconf 92' lang='lat' dir='ltr'><strong>in</strong></span> <span class='ocrx_word' id='word_1_65' title='bbox 1315 1068 1531 1139; x_wconf 83' lang='lat' dir='ltr'><strong>Zogora.</strong></span> <span class='ocrx_word' id='word_1_66' title='bbox 1563 1072 1650 1124; x_wconf 88' lang='grc'><strong>11.</strong></span> <span class='ocrx_word' id='word_1_67' title='bbox 1673 1071 1738 1124; x_wconf 84' lang='lat' dir='ltr'><strong>Et</strong></span> <span class='ocrx_word' id='word_1_68' title='bbox 1758 1072 1902 1140; x_wconf 80' lang='lat' dir='ltr'><strong>elegit</strong></span> <span class='ocrx_word' id='word_1_69' title='bbox 1930 1072 2024 1124; x_wconf 86' lang='lat' dir='ltr'><strong>sibi</strong></span> 
     </span>
    </p>
   </div>
   <div class='ocr_carea' id='block_1_10' title="bbox 453 1153 2023 1228">
    <p class='ocr_par' dir='ltr' id='par_1_10' title="bbox 453 1153 2023 1228">
     <span class='ocr_line' id='line_1_10' title="bbox 453 1153 2023 1228; baseline 0.006 -25"><span class='ocrx_word' id='word_1_70' title='bbox 453 1153 547 1205; x_wconf 90' lang='lat' dir='ltr'><strong>Lot</strong></span> <span class='ocrx_word' id='word_1_71' title='bbox 589 1171 782 1207; x_wconf 85' lang='lat' dir='ltr'><strong>omnem</strong></span> <span class='ocrx_word' id='word_1_72' title='bbox 822 1155 956 1207; x_wconf 85' lang='lat' dir='ltr'><strong>circa</strong></span> <span class='ocrx_word' id='word_1_73' title='bbox 993 1155 1271 1210; x_wconf 82' lang='lat' dir='ltr'><strong>Jordanem</strong></span> <span class='ocrx_word' id='word_1_74' title='bbox 1309 1161 1581 1228; x_wconf 79' lang='lat' dir='ltr'><strong>regionem,</strong></span> <span class='ocrx_word' id='word_1_75' title='bbox 1619 1169 1666 1213; x_wconf 91' lang='lat' dir='ltr'><strong>et</strong></span> <span class='ocrx_word' id='word_1_76' title='bbox 1699 1161 1895 1214; x_wconf 87' lang='lat' dir='ltr'><strong>recessit</strong></span> <span class='ocrx_word' id='word_1_77' title='bbox 1932 1159 2023 1212; x_wconf 87' lang='lat' dir='ltr'><strong>Lot</strong></span> 
     </span>
    </p>
   </div>
   <div class='ocr_carea' id='block_1_11' title="bbox 449 1242 2023 1318">
    <p class='ocr_par' dir='ltr' id='par_1_11' title="bbox 449 1242 2023 1318">
     <span class='ocr_line' id='line_1_11' title="bbox 449 1242 2023 1318; baseline 0.008 -25"><span class='ocrx_word' id='word_1_78' title='bbox 449 1242 511 1295; x_wconf 76' lang='lat' dir='ltr'><strong>ab</strong></span> <span class='ocrx_word' id='word_1_79' title='bbox 540 1242 760 1309; x_wconf 78' lang='lat' dir='ltr'><strong>Oriente,</strong></span> <span class='ocrx_word' id='word_1_80' title='bbox 790 1245 1032 1314; x_wconf 75' lang='lat' dir='ltr'><strong>divisique</strong></span> <span class='ocrx_word' id='word_1_81' title='bbox 1070 1257 1184 1299; x_wconf 84' lang='lat' dir='ltr'><strong>sunt</strong></span> <span class='ocrx_word' id='word_1_82' title='bbox 1210 1259 1412 1317; x_wconf 86' lang='lat' dir='ltr'><strong>uterque</strong></span> <span class='ocrx_word' id='word_1_83' title='bbox 1444 1268 1475 1302; x_wconf 89' lang='lat' dir='ltr'><strong>a</strong></span> <span class='ocrx_word' id='word_1_84' title='bbox 1501 1252 1657 1318; x_wconf 76' lang='lat' dir='ltr'><strong>fratre</strong></span> <span class='ocrx_word' id='word_1_85' title='bbox 1683 1267 1790 1304; x_wconf 83' lang='lat' dir='ltr'><strong>suo.</strong></span> <span class='ocrx_word' id='word_1_86' title='bbox 1837 1251 2023 1305; x_wconf 77' lang='lat' dir='ltr'><strong>Vidisti</strong></span> 
     </span>
    </p>
   </div>
   <div class='ocr_carea' id='block_1_12' title="bbox 448 1335 2025 1408">
    <p class='ocr_par' dir='ltr' id='par_1_12' title="bbox 448 1335 2025 1408">
     <span class='ocr_line' id='line_1_12' title="bbox 448 1335 2025 1408; baseline 0.007 -23"><span class='ocrx_word' id='word_1_87' title='bbox 448 1335 574 1401; x_wconf 87' lang='lat' dir='ltr'><strong>justi</strong></span> <span class='ocrx_word' id='word_1_88' title='bbox 607 1335 851 1390; x_wconf 85' lang='lat' dir='ltr'><strong>virtutem</strong></span> <span class='ocrx_word' id='word_1_89' title='bbox 884 1338 1148 1406; x_wconf 79' lang='lat' dir='ltr'><strong>ingentem</strong></span> <span class='ocrx_word' id='word_1_90' title='bbox 1173 1379 1188 1399; x_wconf 88' lang='lat'><strong>,</strong></span> <span class='ocrx_word' id='word_1_91' title='bbox 1231 1343 1496 1408; x_wconf 85' lang='lat' dir='ltr'><strong>quomodo</strong></span> <span class='ocrx_word' id='word_1_92' title='bbox 1543 1343 1771 1396; x_wconf 87' lang='lat' dir='ltr'><strong>radicem</strong></span> <span class='ocrx_word' id='word_1_93' title='bbox 1813 1346 2025 1397; x_wconf 71' lang='lat' dir='ltr'><strong>malitize</strong></span> 
     </span>
    </p>
   </div>
   <div class='ocr_carea' id='block_1_13' title="bbox 455 1427 2023 1503">
    <p class='ocr_par' dir='ltr' id='par_1_13' title="bbox 455 1427 2023 1503">
     <span class='ocr_line' id='line_1_13' title="bbox 455 1427 2023 1503; baseline 0.006 -27"><span class='ocrx_word' id='word_1_94' title='bbox 455 1439 520 1480; x_wconf 92' lang='lat' dir='ltr'><strong>ne</strong></span> <span class='ocrx_word' id='word_1_95' title='bbox 541 1427 845 1494; x_wconf 76' lang='lat' dir='ltr'><strong>germinare</strong></span> <span class='ocrx_word' id='word_1_96' title='bbox 875 1428 1086 1497; x_wconf 86' lang='lat' dir='ltr'><strong>quidem</strong></span> <span class='ocrx_word' id='word_1_97' title='bbox 1117 1431 1377 1498; x_wconf 77' lang='lat' dir='ltr'><strong>permisit,</strong></span> <span class='ocrx_word' id='word_1_98' title='bbox 1423 1433 1516 1486; x_wconf 88' lang='lat' dir='ltr'><strong>sed</strong></span> <span class='ocrx_word' id='word_1_99' title='bbox 1560 1434 1740 1486; x_wconf 79' lang='lat' dir='ltr'><strong>statim</strong></span> <span class='ocrx_word' id='word_1_100' title='bbox 1773 1448 1892 1486; x_wconf 91' lang='lat' dir='ltr'><strong>cum</strong></span> <span class='ocrx_word' id='word_1_101' title='bbox 1915 1434 2023 1503; x_wconf 85' lang='lat' dir='ltr'><strong>jam</strong></span> 
     </span>
    </p>
   </div>
   <div class='ocr_carea' id='block_1_14' title="bbox 453 1516 2028 1588">
    <p class='ocr_par' dir='ltr' id='par_1_14' title="bbox 453 1516 2028 1588">
     <span class='ocr_line' id='line_1_14' title="bbox 453 1516 2028 1588; baseline 0.008 -21"><span class='ocrx_word' id='word_1_102' title='bbox 453 1516 704 1583; x_wconf 85' lang='lat' dir='ltr'><strong>oriretur,</strong></span> <span class='ocrx_word' id='word_1_103' title='bbox 733 1517 965 1574; x_wconf 86' lang='lat' dir='ltr'><strong>funditus</strong></span> <span class='ocrx_word' id='word_1_104' title='bbox 991 1523 1227 1576; x_wconf 78' lang='lat' dir='ltr'><strong>exsecuit</strong></span> <span class='ocrx_word' id='word_1_105' title='bbox 1251 1532 1304 1576; x_wconf 92' lang='lat' dir='ltr'><strong>et</strong></span> <span class='ocrx_word' id='word_1_106' title='bbox 1327 1522 1577 1588; x_wconf 81' lang='lat' dir='ltr'><strong>abolevit,</strong></span> <span class='ocrx_word' id='word_1_107' title='bbox 1606 1525 1772 1578; x_wconf 83' lang='lat' dir='ltr'><strong>multa</strong></span> <span class='ocrx_word' id='word_1_108' title='bbox 1797 1541 1923 1578; x_wconf 82' lang='lat' dir='ltr'><strong>usus</strong></span> <span class='ocrx_word' id='word_1_109' title='bbox 1953 1525 2028 1579; x_wconf 84' lang='lat' dir='ltr'><strong>le-</strong></span> 
     </span>
    </p>
   </div>
   <div class='ocr_carea' id='block_1_15' title="bbox 455 1605 2026 1670">
    <p class='ocr_par' dir='ltr' id='par_1_15' title="bbox 455 1605 2026 1670">
     <span class='ocr_line' id='line_1_15' title="bbox 455 1605 2026 1670; baseline 0.009 -14"><span class='ocrx_word' id='word_1_110' title='bbox 455 1605 640 1669; x_wconf 79' lang='lat' dir='ltr'><strong>nitate,</strong></span> <span class='ocrx_word' id='word_1_111' title='bbox 666 1617 720 1661; x_wconf 92' lang='lat' dir='ltr'><strong>et</strong></span> <span class='ocrx_word' id='word_1_112' title='bbox 756 1609 963 1662; x_wconf 82' lang='lat' dir='ltr'><strong>virtutis</strong></span> <span class='ocrx_word' id='word_1_113' title='bbox 999 1623 1157 1670; x_wconf 83' lang='lat' dir='ltr'><strong>causa</strong></span> <span class='ocrx_word' id='word_1_114' title='bbox 1193 1620 1504 1665; x_wconf 72' lang='lat' dir='ltr'><strong>cmterarum</strong></span> <span class='ocrx_word' id='word_1_115' title='bbox 1538 1629 1716 1666; x_wconf 89' lang='lat' dir='ltr'><strong>rerum</strong></span> <span class='ocrx_word' id='word_1_116' title='bbox 1760 1631 2026 1669; x_wconf 79' lang='lat' dir='ltr'><strong>summum</strong></span> 
     </span>
    </p>
   </div>
   <div class='ocr_carea' id='block_1_16' title="bbox 453 1697 2022 1772">
    <p class='ocr_par' dir='ltr' id='par_1_16' title="bbox 453 1697 2022 1772">
     <span class='ocr_line' id='line_1_16' title="bbox 453 1697 2022 1772; baseline 0.006 -25"><span class='ocrx_word' id='word_1_117' title='bbox 453 1702 812 1761; x_wconf 86' lang='lat' dir='ltr'><strong>contemptum</strong></span> <span class='ocrx_word' id='word_1_118' title='bbox 858 1712 964 1764; x_wconf 75' lang='lat' dir='ltr'><strong>pra:</strong></span> <span class='ocrx_word' id='word_1_119' title='bbox 1005 1712 1063 1751; x_wconf 88' lang='lat' dir='ltr'><strong>se</strong></span> <span class='ocrx_word' id='word_1_120' title='bbox 1104 1697 1298 1764; x_wconf 76' lang='lat' dir='ltr'><strong>ferens,</strong></span> <span class='ocrx_word' id='word_1_121' title='bbox 1343 1700 1727 1772; x_wconf 83' lang='lat' dir='ltr'><strong>declaransque</strong></span> <span class='ocrx_word' id='word_1_122' title='bbox 1756 1704 2022 1768; x_wconf 85' lang='lat' dir='ltr'><strong>omnibus,</strong></span> 
     </span>
    </p>
   </div>
   <div class='ocr_carea' id='block_1_17' title="bbox 449 1783 2027 1860">
    <p class='ocr_par' dir='ltr' id='par_1_17' title="bbox 449 1783 2027 1860">
     <span class='ocr_line' id='line_1_17' title="bbox 449 1783 2027 1860; baseline 0.011 -28"><span class='ocrx_word' id='word_1_123' title='bbox 449 1783 716 1850; x_wconf 88' lang='lat' dir='ltr'><strong>quomodo</strong></span> <span class='ocrx_word' id='word_1_124' title='bbox 745 1799 927 1853; x_wconf 89' lang='lat' dir='ltr'><strong>pacem</strong></span> <span class='ocrx_word' id='word_1_125' title='bbox 959 1787 1176 1854; x_wconf 84' lang='lat' dir='ltr'><strong>habere,</strong></span> <span class='ocrx_word' id='word_1_126' title='bbox 1204 1799 1259 1844; x_wconf 87' lang='lat' dir='ltr'><strong>et</strong></span> <span class='ocrx_word' id='word_1_127' title='bbox 1287 1804 1316 1843; x_wconf 87' lang='lat' dir='ltr'><strong>a</strong></span> <span class='ocrx_word' id='word_1_128' title='bbox 1347 1793 1686 1847; x_wconf 86' lang='lat' dir='ltr'><strong>contentione</strong></span> <span class='ocrx_word' id='word_1_129' title='bbox 1711 1794 1943 1860; x_wconf 85' lang='lat' dir='ltr'><strong>liberari,</strong></span> <span class='ocrx_word' id='word_1_130' title='bbox 1977 1797 2027 1849; x_wconf 81' lang='lat' dir='ltr'><strong>id</strong></span> 
     </span>
    </p>
   </div>
   <div class='ocr_carea' id='block_1_18' title="bbox 453 1873 2029 1954">
    <p class='ocr_par' dir='ltr' id='par_1_18' title="bbox 453 1873 2029 1954">
     <span class='ocr_line' id='line_1_18' title="bbox 453 1873 2029 1954; baseline 0.01 -30"><span class='ocrx_word' id='word_1_131' title='bbox 453 1873 616 1939; x_wconf 82' lang='lat' dir='ltr'><strong>pluris</strong></span> <span class='ocrx_word' id='word_1_132' title='bbox 644 1875 839 1930; x_wconf 85' lang='lat' dir='ltr'><strong>faceret</strong></span> <span class='ocrx_word' id='word_1_133' title='bbox 862 1893 1018 1944; x_wconf 82' lang='lat' dir='ltr'><strong>quant</strong></span> <span class='ocrx_word' id='word_1_134' title='bbox 1037 1894 1222 1933; x_wconf 88' lang='lat' dir='ltr'><strong>omnes</strong></span> <span class='ocrx_word' id='word_1_135' title='bbox 1244 1879 1703 1936; x_wconf 81' lang='lat' dir='ltr'><strong>facultates?Natn</strong></span> <span class='ocrx_word' id='word_1_136' title='bbox 1734 1893 1791 1936; x_wconf 85' lang='grc' dir='ltr'><strong>ιιι</strong></span> <span class='ocrx_word' id='word_1_137' title='bbox 1818 1900 1885 1938; x_wconf 92' lang='lat' dir='ltr'><strong>ne</strong></span> <span class='ocrx_word' id='word_1_138' title='bbox 1911 1887 2029 1954; x_wconf 81' lang='lat' dir='ltr'><strong>quis</strong></span> 
     </span>
    </p>
   </div>
   <div class='ocr_carea' id='block_1_19' title="bbox 453 1963 2027 2042">
    <p class='ocr_par' dir='ltr' id='par_1_19' title="bbox 453 1963 2027 2042">
     <span class='ocr_line' id='line_1_19' title="bbox 453 1963 2027 2042; baseline 0.008 -28"><span class='ocrx_word' id='word_1_139' title='bbox 453 1963 773 2017; x_wconf 87' lang='lat' dir='ltr'><strong>condemnet</strong></span> <span class='ocrx_word' id='word_1_140' title='bbox 796 1965 1000 2034; x_wconf 88' lang='lat' dir='ltr'><strong>justum</strong></span> <span class='ocrx_word' id='word_1_141' title='bbox 1023 1968 1173 2036; x_wconf 87' lang='lat' dir='ltr'><strong>quasi</strong></span> <span class='ocrx_word' id='word_1_142' title='bbox 1197 1969 1457 2036; x_wconf 84' lang='lat' dir='ltr'><strong>ingratum</strong></span> <span class='ocrx_word' id='word_1_143' title='bbox 1489 1971 1629 2025; x_wconf 83' lang='lat' dir='ltr'><strong>circa</strong></span> <span class='ocrx_word' id='word_1_144' title='bbox 1663 1972 1782 2037; x_wconf 90' lang='lat' dir='ltr'><strong>Lot,</strong></span> <span class='ocrx_word' id='word_1_145' title='bbox 1811 1986 1865 2027; x_wconf 91' lang='lat' dir='ltr'><strong>et</strong></span> <span class='ocrx_word' id='word_1_146' title='bbox 1889 1975 2027 2042; x_wconf 81' lang='lat' dir='ltr'><strong>quod</strong></span> 
     </span>
    </p>
   </div>
   <div class='ocr_carea' id='block_1_20' title="bbox 453 2054 2028 2124">
    <p class='ocr_par' dir='ltr' id='par_1_20' title="bbox 453 2054 2028 2124">
     <span class='ocr_line' id='line_1_20' title="bbox 453 2054 2028 2124; baseline 0.007 -20"><span class='ocrx_word' id='word_1_147' title='bbox 453 2067 611 2119; x_wconf 88' lang='lat' dir='ltr'><strong>quem</strong></span> <span class='ocrx_word' id='word_1_148' title='bbox 642 2069 672 2107; x_wconf 91' lang='lat' dir='ltr'><strong>c</strong></span> <span class='ocrx_word' id='word_1_149' title='bbox 701 2054 860 2108; x_wconf 91' lang='lat' dir='ltr'><strong>domo</strong></span> <span class='ocrx_word' id='word_1_150' title='bbox 889 2071 983 2108; x_wconf 82' lang='lat' dir='ltr'><strong>sua</strong></span> <span class='ocrx_word' id='word_1_151' title='bbox 1012 2056 1271 2111; x_wconf 75' lang='lat' dir='ltr'><strong>eduxerat</strong></span> <span class='ocrx_word' id='word_1_152' title='bbox 1296 2059 1357 2111; x_wconf 80' lang='lat' dir='ltr'><strong>in</strong></span> <span class='ocrx_word' id='word_1_153' title='bbox 1381 2067 1574 2113; x_wconf 84' lang='lat' dir='ltr'><strong>terram</strong></span> <span class='ocrx_word' id='word_1_154' title='bbox 1605 2060 1856 2124; x_wconf 79' lang='lat' dir='ltr'><strong>alienant,</strong></span> <span class='ocrx_word' id='word_1_155' title='bbox 1889 2078 2028 2116; x_wconf 83' lang='lat' dir='ltr'><strong>nunc</strong></span> 
     </span>
    </p>
   </div>
   <div class='ocr_carea' id='block_1_21' title="bbox 452 2141 2026 2218">
    <p class='ocr_par' dir='ltr' id='par_1_21' title="bbox 452 2141 2026 2218">
     <span class='ocr_line' id='line_1_21' title="bbox 452 2141 2026 2218; baseline 0.006 -23"><span class='ocrx_word' id='word_1_156' title='bbox 452 2157 482 2195; x_wconf 91' lang='lat' dir='ltr'><strong>a</strong></span> <span class='ocrx_word' id='word_1_157' title='bbox 504 2141 894 2200; x_wconf 84' lang='lat' dir='ltr'><strong>cohabitatione</strong></span> <span class='ocrx_word' id='word_1_158' title='bbox 921 2145 1156 2216; x_wconf 89' lang='lat' dir='ltr'><strong>ejiceret,</strong></span> <span class='ocrx_word' id='word_1_159' title='bbox 1187 2162 1321 2202; x_wconf 89' lang='lat' dir='ltr'><strong>neve</strong></span> <span class='ocrx_word' id='word_1_160' title='bbox 1344 2159 1492 2217; x_wconf 78' lang='lat' dir='ltr'><strong>putet</strong></span> <span class='ocrx_word' id='word_1_161' title='bbox 1518 2150 1693 2218; x_wconf 86' lang='lat' dir='ltr'><strong>ipsum</strong></span> <span class='ocrx_word' id='word_1_162' title='bbox 1720 2151 2026 2205; x_wconf 70' lang='lat' dir='ltr'><strong>inimicitia-</strong></span> 
     </span>
    </p>
   </div>
   <div class='ocr_carea' id='block_1_22' title="bbox 452 2236 2028 2311">
    <p class='ocr_par' dir='ltr' id='par_1_22' title="bbox 452 2236 2028 2311">
     <span class='ocr_line' id='line_1_22' title="bbox 452 2236 2028 2311; baseline 0.008 -25"><span class='ocrx_word' id='word_1_163' title='bbox 452 2249 569 2287; x_wconf 87' lang='lat' dir='ltr'><strong>rum</strong></span> <span class='ocrx_word' id='word_1_164' title='bbox 589 2236 752 2303; x_wconf 82' lang='lat' dir='ltr'><strong>gratia</strong></span> <span class='ocrx_word' id='word_1_165' title='bbox 773 2238 882 2290; x_wconf 68' lang='lat' dir='ltr'><strong>haec</strong></span> <span class='ocrx_word' id='word_1_166' title='bbox 901 2237 1094 2298; x_wconf 85' lang='lat' dir='ltr'><strong>facere.</strong></span> <span class='ocrx_word' id='word_1_167' title='bbox 1110 2239 1202 2294; x_wconf 89' lang='lat' dir='ltr'><strong>sed</strong></span> <span class='ocrx_word' id='word_1_168' title='bbox 1229 2249 1284 2293; x_wconf 88' lang='lat' dir='ltr'><strong>ut</strong></span> <span class='ocrx_word' id='word_1_169' title='bbox 1305 2240 1572 2295; x_wconf 77' lang='lat' dir='ltr'><strong>discanlus</strong></span> <span class='ocrx_word' id='word_1_170' title='bbox 1594 2258 1780 2297; x_wconf 86' lang='lat' dir='ltr'><strong>omnes</strong></span> <span class='ocrx_word' id='word_1_171' title='bbox 1803 2259 1861 2297; x_wconf 87' lang='lat' dir='ltr'><strong>se</strong></span> <span class='ocrx_word' id='word_1_172' title='bbox 1885 2246 2028 2311; x_wconf 87' lang='lat' dir='ltr'><strong>pacis</strong></span> 
     </span>
    </p>
   </div>
   <div class='ocr_carea' id='block_1_23' title="bbox 451 2323 2025 2401">
    <p class='ocr_par' dir='ltr' id='par_1_23' title="bbox 451 2323 2025 2401">
     <span class='ocr_line' id='line_1_23' title="bbox 451 2323 2025 2401; baseline 0.009 -25"><span class='ocrx_word' id='word_1_173' title='bbox 451 2323 630 2378; x_wconf 91' lang='lat' dir='ltr'><strong>studio</strong></span> <span class='ocrx_word' id='word_1_174' title='bbox 675 2324 790 2380; x_wconf 70' lang='lat' dir='ltr'><strong>hate</strong></span> <span class='ocrx_word' id='word_1_175' title='bbox 840 2327 1032 2392; x_wconf 83' lang='lat' dir='ltr'><strong>facere,</strong></span> <span class='ocrx_word' id='word_1_176' title='bbox 1068 2329 1191 2383; x_wconf 89' lang='lat' dir='ltr'><strong>ideo</strong></span> <span class='ocrx_word' id='word_1_177' title='bbox 1226 2339 1278 2383; x_wconf 90' lang='lat' dir='ltr'><strong>et</strong></span> <span class='ocrx_word' id='word_1_178' title='bbox 1314 2331 1627 2387; x_wconf 88' lang='lat' dir='ltr'><strong>electionem</strong></span> <span class='ocrx_word' id='word_1_179' title='bbox 1657 2334 1702 2387; x_wconf 83' lang='lat' dir='ltr'><strong>ei</strong></span> <span class='ocrx_word' id='word_1_180' title='bbox 1741 2337 2025 2401; x_wconf 80' lang='lat' dir='ltr'><strong>concessit,</strong></span> 
     </span>
    </p>
   </div>
   <div class='ocr_carea' id='block_1_24' title="bbox 454 2415 2027 2488">
    <p class='ocr_par' dir='ltr' id='par_1_24' title="bbox 454 2415 2027 2488">
     <span class='ocr_line' id='line_1_24' title="bbox 454 2415 2027 2488; baseline 0.008 -23"><span class='ocrx_word' id='word_1_181' title='bbox 454 2429 623 2482; x_wconf 89' lang='lat' dir='ltr'><strong>neque</strong></span> <span class='ocrx_word' id='word_1_182' title='bbox 655 2415 878 2472; x_wconf 88' lang='lat' dir='ltr'><strong>moleste</strong></span> <span class='ocrx_word' id='word_1_183' title='bbox 907 2418 1024 2472; x_wconf 86' lang='lat' dir='ltr'><strong>tulit</strong></span> <span class='ocrx_word' id='word_1_184' title='bbox 1048 2419 1188 2488; x_wconf 87' lang='lat' dir='ltr'><strong>quod</strong></span> <span class='ocrx_word' id='word_1_185' title='bbox 1233 2421 1401 2488; x_wconf 87' lang='lat' dir='ltr'><strong>prima</strong></span> <span class='ocrx_word' id='word_1_186' title='bbox 1455 2423 1639 2487; x_wconf 88' lang='lat' dir='ltr'><strong>ferret,</strong></span> <span class='ocrx_word' id='word_1_187' title='bbox 1688 2431 1743 2477; x_wconf 82' lang='lat' dir='ltr'><strong>ut</strong></span> <span class='ocrx_word' id='word_1_188' title='bbox 1781 2426 2027 2479; x_wconf 84' lang='lat' dir='ltr'><strong>omnibus</strong></span> 
     </span>
    </p>
   </div>
   <div class='ocr_carea' id='block_1_25' title="bbox 455 2505 2028 2584">
    <p class='ocr_par' dir='ltr' id='par_1_25' title="bbox 455 2505 2028 2584">
     <span class='ocr_line' id='line_1_25' title="bbox 455 2505 2028 2584; baseline 0.009 -29"><span class='ocrx_word' id='word_1_189' title='bbox 455 2514 636 2556; x_wconf 87' lang='lat' dir='ltr'><strong>notum</strong></span> <span class='ocrx_word' id='word_1_190' title='bbox 663 2505 818 2571; x_wconf 90' lang='lat' dir='ltr'><strong>foret,</strong></span> <span class='ocrx_word' id='word_1_191' title='bbox 837 2509 1104 2576; x_wconf 86' lang='lat' dir='ltr'><strong>quomodo</strong></span> <span class='ocrx_word' id='word_1_192' title='bbox 1123 2525 1273 2564; x_wconf 90' lang='lat' dir='ltr'><strong>mens</strong></span> <span class='ocrx_word' id='word_1_193' title='bbox 1301 2525 1394 2564; x_wconf 86' lang='lat' dir='ltr'><strong>sua</strong></span> <span class='ocrx_word' id='word_1_194' title='bbox 1423 2513 1489 2566; x_wconf 87' lang='lat' dir='ltr'><strong>ad</strong></span> <span class='ocrx_word' id='word_1_195' title='bbox 1520 2514 1662 2582; x_wconf 80' lang='lat' dir='ltr'><strong>pacis</strong></span> <span class='ocrx_word' id='word_1_196' title='bbox 1688 2515 2028 2584; x_wconf 78' lang='lat' dir='ltr'><strong>caritatisque</strong></span> 
     </span>
    </p>
   </div>
   <div class='ocr_carea' id='block_1_26' title="bbox 454 2601 2031 2677">
    <p class='ocr_par' dir='ltr' id='par_1_26' title="bbox 454 2601 2031 2677">
     <span class='ocr_line' id='line_1_26' title="bbox 454 2601 2031 2677; baseline 0.01 -31"><span class='ocrx_word' id='word_1_197' title='bbox 454 2607 672 2663; x_wconf 86' lang='lat' dir='ltr'><strong>scopum</strong></span> <span class='ocrx_word' id='word_1_198' title='bbox 695 2608 958 2666; x_wconf 80' lang='lat' dir='ltr'><strong>spectaret</strong></span> <span class='ocrx_word' id='word_1_199' title='bbox 979 2601 1331 2667; x_wconf 85' lang='lat' dir='ltr'><strong>potissimum.</strong></span> <span class='ocrx_word' id='word_1_200' title='bbox 1350 2604 1610 2659; x_wconf 72' lang='lat' dir='ltr'><strong>l’rm.erea</strong></span> <span class='ocrx_word' id='word_1_201' title='bbox 1627 2615 1681 2660; x_wconf 89' lang='lat' dir='ltr'><strong>et</strong></span> <span class='ocrx_word' id='word_1_202' title='bbox 1700 2608 1840 2660; x_wconf 89' lang='lat' dir='ltr'><strong>aliud</strong></span> <span class='ocrx_word' id='word_1_203' title='bbox 1864 2610 2031 2677; x_wconf 84' lang='lat' dir='ltr'><strong>quod-</strong></span> 
     </span>
    </p>
   </div>
   <div class='ocr_carea' id='block_1_27' title="bbox 453 2682 2030 2762">
    <p class='ocr_par' dir='ltr' id='par_1_27' title="bbox 453 2682 2030 2762">
     <span class='ocr_line' id='line_1_27' title="bbox 453 2682 2030 2762; baseline 0.01 -26"><span class='ocrx_word' id='word_1_204' title='bbox 453 2682 577 2736; x_wconf 87' lang='lat' dir='ltr'><strong>dam</strong></span> <span class='ocrx_word' id='word_1_205' title='bbox 623 2688 938 2755; x_wconf 84' lang='lat' dir='ltr'><strong>mysterium</strong></span> <span class='ocrx_word' id='word_1_206' title='bbox 965 2688 1078 2757; x_wconf 89' lang='lat' dir='ltr'><strong>jam</strong></span> <span class='ocrx_word' id='word_1_207' title='bbox 1116 2701 1280 2744; x_wconf 82' lang='lat' dir='ltr'><strong>antea.</strong></span> <span class='ocrx_word' id='word_1_208' title='bbox 1309 2692 1736 2762; x_wconf 86' lang='lat' dir='ltr'><strong>dispensabatur,</strong></span> <span class='ocrx_word' id='word_1_209' title='bbox 1770 2707 1828 2751; x_wconf 84' lang='lat' dir='ltr'><strong>ut</strong></span> <span class='ocrx_word' id='word_1_210' title='bbox 1866 2699 2030 2751; x_wconf 84' lang='lat' dir='ltr'><strong>multa</strong></span> 
     </span>
    </p>
   </div>
   <div class='ocr_carea' id='block_1_28' title="bbox 455 2771 2029 2854">
    <p class='ocr_par' dir='ltr' id='par_1_28' title="bbox 455 2771 2029 2854">
     <span class='ocr_line' id='line_1_28' title="bbox 455 2771 2029 2854; baseline 0.011 -30"><span class='ocrx_word' id='word_1_211' title='bbox 455 2771 554 2825; x_wconf 88' lang='lat' dir='ltr'><strong>hoc</strong></span> <span class='ocrx_word' id='word_1_212' title='bbox 574 2776 819 2843; x_wconf 81' lang='lat' dir='ltr'><strong>exemplo</strong></span> <span class='ocrx_word' id='word_1_213' title='bbox 849 2776 1060 2844; x_wconf 85' lang='lat' dir='ltr'><strong>fierent,</strong></span> <span class='ocrx_word' id='word_1_214' title='bbox 1085 2789 1138 2833; x_wconf 90' lang='lat' dir='ltr'><strong>et</strong></span> <span class='ocrx_word' id='word_1_215' title='bbox 1164 2789 1227 2835; x_wconf 84' lang='lat' dir='ltr'><strong>ut</strong></span> <span class='ocrx_word' id='word_1_216' title='bbox 1242 2781 1338 2836; x_wconf 79' lang='lat' dir='ltr'><strong>Lot</strong></span> <span class='ocrx_word' id='word_1_217' title='bbox 1355 2784 1520 2837; x_wconf 82' lang='lat' dir='ltr'><strong>rebus</strong></span> <span class='ocrx_word' id='word_1_218' title='bbox 1543 2786 1672 2854; x_wconf 84' lang='lat' dir='ltr'><strong>ipsis</strong></span> <span class='ocrx_word' id='word_1_219' title='bbox 1706 2788 2029 2854; x_wconf 85' lang='lat' dir='ltr'><strong>erudiretur,</strong></span> 
     </span>
    </p>
   </div>
   <div class='ocr_carea' id='block_1_29' title="bbox 454 2869 2032 2939">
    <p class='ocr_par' dir='ltr' id='par_1_29' title="bbox 454 2869 2032 2939">
     <span class='ocr_line' id='line_1_29' title="bbox 454 2869 2032 2939; baseline 0.013 -25"><span class='ocrx_word' id='word_1_220' title='bbox 454 2876 513 2916; x_wconf 90' lang='lat' dir='ltr'><strong>se</strong></span> <span class='ocrx_word' id='word_1_221' title='bbox 534 2878 636 2915; x_wconf 91' lang='lat' dir='ltr'><strong>non</strong></span> <span class='ocrx_word' id='word_1_222' title='bbox 665 2874 724 2917; x_wconf 91' lang='lat' dir='ltr'><strong>ut</strong></span> <span class='ocrx_word' id='word_1_223' title='bbox 756 2881 848 2933; x_wconf 87' lang='lat' dir='ltr'><strong>par</strong></span> <span class='ocrx_word' id='word_1_224' title='bbox 874 2876 988 2920; x_wconf 89' lang='lat' dir='ltr'><strong>erat</strong></span> <span class='ocrx_word' id='word_1_225' title='bbox 1007 2869 1252 2939; x_wconf 82' lang='lat' dir='ltr'><strong>elegisse,</strong></span> <span class='ocrx_word' id='word_1_226' title='bbox 1270 2881 1323 2925; x_wconf 89' lang='lat' dir='ltr'><strong>et</strong></span> <span class='ocrx_word' id='word_1_227' title='bbox 1353 2881 1411 2926; x_wconf 93' lang='lat' dir='ltr'><strong>ut</strong></span> <span class='ocrx_word' id='word_1_228' title='bbox 1446 2874 1712 2930; x_wconf 87' lang='lat' dir='ltr'><strong>discerent</strong></span> <span class='ocrx_word' id='word_1_229' title='bbox 1742 2878 2032 2934; x_wconf 68' lang='lat' dir='ltr'><strong>Sodomitas</strong></span> 
     </span>
    </p>
   </div>
   <div class='ocr_carea' id='block_1_30' title="bbox 455 2951 2029 3036">
    <p class='ocr_par' dir='ltr' id='par_1_30' title="bbox 455 2951 2029 3036">
     <span class='ocr_line' id='line_1_30' title="bbox 455 2951 2029 3036; baseline 0.013 -33"><span class='ocrx_word' id='word_1_230' title='bbox 455 2951 705 3007; x_wconf 74' lang='lat' dir='ltr'><strong>virtutem</strong></span> <span class='ocrx_word' id='word_1_231' title='bbox 736 2955 856 3022; x_wconf 84' lang='lat' dir='ltr'><strong>Lot,</strong></span> <span class='ocrx_word' id='word_1_232' title='bbox 883 2969 938 3010; x_wconf 90' lang='lat' dir='ltr'><strong>et</strong></span> <span class='ocrx_word' id='word_1_233' title='bbox 958 2962 1293 3028; x_wconf 78' lang='lat' dir='ltr'><strong>separatione</strong></span> <span class='ocrx_word' id='word_1_234' title='bbox 1321 2962 1455 3016; x_wconf 82' lang='lat' dir='ltr'><strong>facta</strong></span> <span class='ocrx_word' id='word_1_235' title='bbox 1487 2967 1771 3032; x_wconf 81' lang='lat' dir='ltr'><strong>promissio</strong></span> <span class='ocrx_word' id='word_1_236' title='bbox 1805 2971 2029 3036; x_wconf 81' lang='lat' dir='ltr'><strong>patriar-</strong></span> 
     </span>
    </p>
   </div>
   <div class='ocr_carea' id='block_1_31' title="bbox 449 3044 2032 3123">
    <p class='ocr_par' dir='ltr' id='par_1_31' title="bbox 449 3044 2032 3123">
     <span class='ocr_line' id='line_1_31' title="bbox 449 3044 2032 3123; baseline 0.012 -27"><span class='ocrx_word' id='word_1_237' title='bbox 449 3044 569 3096; x_wconf 70' lang='lat' dir='ltr'><strong>cha:</strong></span> <span class='ocrx_word' id='word_1_238' title='bbox 593 3044 711 3098; x_wconf 87' lang='lat' dir='ltr'><strong>data</strong></span> <span class='ocrx_word' id='word_1_239' title='bbox 730 3060 921 3102; x_wconf 76' lang='lat' dir='ltr'><strong>eventu</strong></span> <span class='ocrx_word' id='word_1_240' title='bbox 952 3052 1330 3119; x_wconf 83' lang='lat' dir='ltr'><strong>compleretur,</strong></span> <span class='ocrx_word' id='word_1_241' title='bbox 1355 3070 1456 3123; x_wconf 90' lang='lat' dir='ltr'><strong>qua</strong></span> <span class='ocrx_word' id='word_1_242' title='bbox 1480 3056 1680 3110; x_wconf 86' lang='lat' dir='ltr'><strong>dictum</strong></span> <span class='ocrx_word' id='word_1_243' title='bbox 1711 3070 1792 3112; x_wconf 89' lang='lat' dir='ltr'><strong>est</strong></span> <span class='ocrx_word' id='word_1_244' title='bbox 1813 3062 1860 3114; x_wconf 90' lang='lat' dir='ltr'><strong>ei</strong></span> <span class='ocrx_word' id='word_1_245' title='bbox 1883 3079 1894 3111; x_wconf 85' lang='lat'><strong>:</strong></span> <span class='ocrx_word' id='word_1_246' title='bbox 1919 3062 2032 3115; x_wconf 86' lang='lat' dir='ltr'><strong>Tibi</strong></span> 
     </span>
    </p>
   </div>
   <div class='ocr_carea' id='block_1_32' title="bbox 453 3136 2033 3220">
    <p class='ocr_par' dir='ltr' id='par_1_32' title="bbox 453 3136 2033 3220">
     <span class='ocr_line' id='line_1_32' title="bbox 453 3136 2033 3220; baseline 0.014 -36"><span class='ocrx_word' id='word_1_247' title='bbox 453 3141 500 3185; x_wconf 87' lang='lat' dir='ltr'><strong>et</strong></span> <span class='ocrx_word' id='word_1_248' title='bbox 529 3136 707 3188; x_wconf 88' lang='lat' dir='ltr'><strong>semini</strong></span> <span class='ocrx_word' id='word_1_249' title='bbox 730 3145 816 3188; x_wconf 87' lang='lat' dir='ltr'><strong>tuo</strong></span> <span class='ocrx_word' id='word_1_250' title='bbox 835 3139 965 3192; x_wconf 83' lang='lat' dir='ltr'><strong>dabo</strong></span> <span class='ocrx_word' id='word_1_251' title='bbox 991 3150 1180 3193; x_wconf 84' lang='lat' dir='ltr'><strong>terram</strong></span> <span class='ocrx_word' id='word_1_252' title='bbox 1199 3143 1330 3197; x_wconf 85' lang='lat' dir='ltr'><strong>hanc</strong></span> <span class='ocrx_word' id='word_1_253' title='bbox 1348 3160 1366 3197; x_wconf 89' lang='lat'><em>:</em></span> <span class='ocrx_word' id='word_1_254' title='bbox 1395 3144 1446 3198; x_wconf 90' lang='lat' dir='ltr'><strong>id</strong></span> <span class='ocrx_word' id='word_1_255' title='bbox 1473 3147 1612 3214; x_wconf 92' lang='lat' dir='ltr'><strong>quod</strong></span> <span class='ocrx_word' id='word_1_256' title='bbox 1644 3150 1892 3214; x_wconf 86' lang='lat' dir='ltr'><strong>paulatim</strong></span> <span class='ocrx_word' id='word_1_257' title='bbox 1913 3168 2033 3220; x_wconf 87' lang='lat' dir='ltr'><strong>pro-</strong></span> 
     </span>
    </p>
   </div>
   <div class='ocr_carea' id='block_1_33' title="bbox 453 3223 2031 3301">
    <p class='ocr_par' dir='ltr' id='par_1_33' title="bbox 453 3223 2031 3301">
     <span class='ocr_line' id='line_1_33' title="bbox 453 3223 2031 3301; baseline 0.012 -26"><span class='ocrx_word' id='word_1_258' title='bbox 453 3223 695 3278; x_wconf 87' lang='lat' dir='ltr'><strong>cedendo</strong></span> <span class='ocrx_word' id='word_1_259' title='bbox 728 3225 1041 3289; x_wconf 86' lang='lat' dir='ltr'><strong>videbimus,</strong></span> <span class='ocrx_word' id='word_1_260' title='bbox 1067 3229 1243 3282; x_wconf 85' lang='lat' dir='ltr'><strong>divina</strong></span> <span class='ocrx_word' id='word_1_261' title='bbox 1263 3232 1534 3301; x_wconf 85' lang='lat' dir='ltr'><strong>Scriptura</strong></span> <span class='ocrx_word' id='word_1_262' title='bbox 1562 3238 1715 3291; x_wconf 90' lang='lat' dir='ltr'><strong>nobis</strong></span> <span class='ocrx_word' id='word_1_263' title='bbox 1749 3254 1809 3292; x_wconf 85' lang='lat' dir='ltr'><strong>ea</strong></span> <span class='ocrx_word' id='word_1_264' title='bbox 1847 3240 2031 3294; x_wconf 74' lang='lat' dir='ltr'><strong>decla-</strong></span> 
     </span>
    </p>
   </div>
   <div class='ocr_carea' id='block_1_34' title="bbox 452 3315 2026 3391">
    <p class='ocr_par' dir='ltr' id='par_1_34' title="bbox 452 3315 2026 3391">
     <span class='ocr_line' id='line_1_34' title="bbox 452 3315 2026 3391; baseline 0.013 -26"><span class='ocrx_word' id='word_1_265' title='bbox 452 3323 627 3367; x_wconf 80' lang='lat' dir='ltr'><strong>rante.</strong></span> <span class='ocrx_word' id='word_1_266' title='bbox 677 3315 762 3368; x_wconf 76' lang='grc'><strong>12.</strong></span> <span class='ocrx_word' id='word_1_267' title='bbox 795 3315 861 3369; x_wconf 81' lang='lat' dir='ltr'><strong>Et</strong></span> <span class='ocrx_word' id='word_1_268' title='bbox 910 3318 1094 3372; x_wconf 81' lang='lat' dir='ltr'><strong>Abram</strong></span> <span class='ocrx_word' id='word_1_269' title='bbox 1118 3359 1135 3384; x_wconf 86' lang='lat'><strong>,</strong></span> <span class='ocrx_word' id='word_1_270' title='bbox 1181 3322 1368 3391; x_wconf 81' lang='lat' dir='ltr'><strong>inquit,</strong></span> <span class='ocrx_word' id='word_1_271' title='bbox 1399 3326 1636 3379; x_wconf 81' lang='lat' dir='ltr'><strong>habitavit</strong></span> <span class='ocrx_word' id='word_1_272' title='bbox 1664 3330 1713 3381; x_wconf 90' lang='lat' dir='ltr'><strong>in</strong></span> <span class='ocrx_word' id='word_1_273' title='bbox 1742 3340 1874 3383; x_wconf 88' lang='lat' dir='ltr'><strong>terra</strong></span> <span class='ocrx_word' id='word_1_274' title='bbox 1895 3331 2026 3384; x_wconf 83' lang='lat' dir='ltr'><strong>Cha-</strong></span> 
     </span>
    </p>
   </div>
   <div class='ocr_carea' id='block_1_35' title="bbox 455 3403 2031 3487">
    <p class='ocr_par' dir='ltr' id='par_1_35' title="bbox 455 3403 2031 3487">
     <span class='ocr_line' id='line_1_35' title="bbox 455 3403 2031 3487; baseline 0.013 -34"><span class='ocrx_word' id='word_1_275' title='bbox 455 3417 628 3468; x_wconf 84' lang='lat' dir='ltr'><strong>naan;</strong></span> <span class='ocrx_word' id='word_1_276' title='bbox 661 3403 957 3469; x_wconf 80' lang='lat' dir='ltr'><strong>Lotautem</strong></span> <span class='ocrx_word' id='word_1_277' title='bbox 997 3408 1237 3470; x_wconf 86' lang='lat' dir='ltr'><strong>habitavit</strong></span> <span class='ocrx_word' id='word_1_278' title='bbox 1284 3413 1334 3464; x_wconf 88' lang='lat' dir='ltr'><strong>in</strong></span> <span class='ocrx_word' id='word_1_279' title='bbox 1372 3415 1568 3468; x_wconf 80' lang='lat' dir='ltr'><strong>civitate</strong></span> <span class='ocrx_word' id='word_1_280' title='bbox 1600 3433 1711 3487; x_wconf 76' lang='lat' dir='ltr'><strong>qua:</strong></span> <span class='ocrx_word' id='word_1_281' title='bbox 1749 3430 1853 3471; x_wconf 88' lang='lat' dir='ltr'><strong>erat</strong></span> <span class='ocrx_word' id='word_1_282' title='bbox 1899 3423 2031 3473; x_wconf 77' lang='lat' dir='ltr'><strong>circa</strong></span> 
     </span>
    </p>
   </div>
   <div class='ocr_carea' id='block_1_36' title="bbox 451 3490 2031 3578">
    <p class='ocr_par' dir='ltr' id='par_1_36' title="bbox 451 3490 2031 3578">
     <span class='ocr_line' id='line_1_36' title="bbox 451 3490 2031 3578; baseline 0.013 -33"><span class='ocrx_word' id='word_1_283' title='bbox 451 3490 752 3562; x_wconf 69' lang='lat' dir='ltr'><strong>Iordanem,</strong></span> <span class='ocrx_word' id='word_1_284' title='bbox 779 3507 825 3550; x_wconf 88' lang='lat' dir='ltr'><strong>et</strong></span> <span class='ocrx_word' id='word_1_285' title='bbox 850 3500 1225 3554; x_wconf 80' lang='lat' dir='ltr'><strong>tabernaculum</strong></span> <span class='ocrx_word' id='word_1_286' title='bbox 1257 3505 1430 3558; x_wconf 82' lang='lat' dir='ltr'><strong>habuit</strong></span> <span class='ocrx_word' id='word_1_287' title='bbox 1457 3506 1507 3559; x_wconf 84' lang='lat' dir='ltr'><strong>in</strong></span> <span class='ocrx_word' id='word_1_288' title='bbox 1539 3506 1797 3563; x_wconf 85' lang='lat' dir='ltr'><strong>Sodomis.</strong></span> <span class='ocrx_word' id='word_1_289' title='bbox 1821 3512 1905 3565; x_wconf 79' lang='grc'><strong>15.</strong></span> <span class='ocrx_word' id='word_1_290' title='bbox 1934 3512 2031 3578; x_wconf 82' lang='lat' dir='ltr'><strong>Qui</strong></span> 
     </span>
    </p>
   </div>
   <div class='ocr_carea' id='block_1_37' title="bbox 452 3588 2035 3672">
    <p class='ocr_par' dir='ltr' id='par_1_37' title="bbox 452 3588 2035 3672">
     <span class='ocr_line' id='line_1_37' title="bbox 452 3588 2035 3672; baseline 0.013 -36"><span class='ocrx_word' id='word_1_291' title='bbox 452 3594 621 3638; x_wconf 81' lang='lat' dir='ltr'><strong>autem</strong></span> <span class='ocrx_word' id='word_1_292' title='bbox 646 3588 868 3643; x_wconf 81' lang='lat' dir='ltr'><strong>homines</strong></span> <span class='ocrx_word' id='word_1_293' title='bbox 894 3589 1137 3646; x_wconf 85' lang='lat' dir='ltr'><strong>Sodomis</strong></span> <span class='ocrx_word' id='word_1_294' title='bbox 1174 3596 1406 3664; x_wconf 84' lang='lat' dir='ltr'><strong>agebant,</strong></span> <span class='ocrx_word' id='word_1_295' title='bbox 1438 3599 1564 3651; x_wconf 79' lang='lat' dir='ltr'><strong>mali</strong></span> <span class='ocrx_word' id='word_1_296' title='bbox 1593 3610 1735 3653; x_wconf 79' lang='lat' dir='ltr'><strong>erant</strong></span> <span class='ocrx_word' id='word_1_297' title='bbox 1771 3612 1818 3656; x_wconf 89' lang='lat' dir='ltr'><strong>et</strong></span> <span class='ocrx_word' id='word_1_298' title='bbox 1855 3620 2035 3672; x_wconf 81' lang='lat' dir='ltr'><strong>pecca-</strong></span> 
     </span>
    </p>
   </div>
   <div class='ocr_carea' id='block_1_38' title="bbox 458 3678 2033 3763">
    <p class='ocr_par' dir='ltr' id='par_1_38' title="bbox 458 3678 2033 3763">
     <span class='ocr_line' id='line_1_38' title="bbox 458 3678 2033 3763; baseline 0.015 -38"><span class='ocrx_word' id='word_1_299' title='bbox 458 3682 591 3729; x_wconf 86' lang='lat' dir='ltr'><strong>tores</strong></span> <span class='ocrx_word' id='word_1_300' title='bbox 637 3692 806 3729; x_wconf 88' lang='lat' dir='ltr'><strong>coram</strong></span> <span class='ocrx_word' id='word_1_301' title='bbox 857 3678 960 3733; x_wconf 85' lang='lat' dir='ltr'><strong>Deo</strong></span> <span class='ocrx_word' id='word_1_302' title='bbox 1005 3684 1165 3736; x_wconf 80' lang='lat' dir='ltr'><strong>valde.</strong></span> <span class='ocrx_word' id='word_1_303' title='bbox 1210 3683 1366 3740; x_wconf 80' lang='lat' dir='ltr'><strong>Vides</strong></span> <span class='ocrx_word' id='word_1_304' title='bbox 1411 3685 1511 3740; x_wconf 77' lang='lat' dir='ltr'><strong>Lot</strong></span> <span class='ocrx_word' id='word_1_305' title='bbox 1550 3699 1750 3744; x_wconf 90' lang='lat' dir='ltr'><strong>tantum</strong></span> <span class='ocrx_word' id='word_1_306' title='bbox 1791 3704 2033 3763; x_wconf 79' lang='lat' dir='ltr'><strong>spectare</strong></span> 
     </span>
    </p>
   </div>
   <div class='ocr_carea' id='block_1_39' title="bbox 453 3772 2032 3852">
    <p class='ocr_par' dir='ltr' id='par_1_39' title="bbox 453 3772 2032 3852">
     <span class='ocr_line' id='line_1_39' title="bbox 453 3772 2032 3852; baseline 0.014 -36"><span class='ocrx_word' id='word_1_307' title='bbox 453 3772 612 3818; x_wconf 71' lang='lat' dir='ltr'><strong>terrm</strong></span> <span class='ocrx_word' id='word_1_308' title='bbox 627 3774 894 3833; x_wconf 81' lang='lat' dir='ltr'><strong>naturam,</strong></span> <span class='ocrx_word' id='word_1_309' title='bbox 910 3779 962 3822; x_wconf 91' lang='lat' dir='ltr'><strong>et</strong></span> <span class='ocrx_word' id='word_1_310' title='bbox 983 3785 1087 3823; x_wconf 89' lang='lat' dir='ltr'><strong>non</strong></span> <span class='ocrx_word' id='word_1_311' title='bbox 1106 3773 1380 3830; x_wconf 84' lang='lat' dir='ltr'><strong>advertere</strong></span> <span class='ocrx_word' id='word_1_312' title='bbox 1407 3779 1700 3832; x_wconf 86' lang='lat' dir='ltr'><strong>incolarum</strong></span> <span class='ocrx_word' id='word_1_313' title='bbox 1713 3784 2032 3852; x_wconf 79' lang='lat' dir='ltr'><strong>nequitiam?</strong></span> 
     </span>
    </p>
   </div>
   <div class='ocr_carea' id='block_1_40' title="bbox 455 3852 2033 3930">
    <p class='ocr_par' dir='ltr' id='par_1_40' title="bbox 455 3852 2033 3930">
     <span class='ocr_line' id='line_1_40' title="bbox 455 3852 2033 3930; baseline 0.016 -26"><span class='ocrx_word' id='word_1_314' title='bbox 455 3852 585 3919; x_wconf 78' lang='lat' dir='ltr'><strong>Qua:</strong></span> <span class='ocrx_word' id='word_1_315' title='bbox 628 3855 768 3909; x_wconf 90' lang='lat' dir='ltr'><strong>enim</strong></span> <span class='ocrx_word' id='word_1_316' title='bbox 803 3859 1021 3924; x_wconf 88' lang='lat' dir='ltr'><strong>utilitas,</strong></span> <span class='ocrx_word' id='word_1_317' title='bbox 1049 3861 1152 3926; x_wconf 90' lang='lat' dir='ltr'><strong>dic,</strong></span> <span class='ocrx_word' id='word_1_318' title='bbox 1193 3879 1310 3930; x_wconf 93' lang='lat' dir='ltr'><strong>oro,</strong></span> <span class='ocrx_word' id='word_1_319' title='bbox 1344 3865 1386 3919; x_wconf 90' lang='lat' dir='ltr'><strong>si</strong></span> <span class='ocrx_word' id='word_1_320' title='bbox 1416 3876 1555 3919; x_wconf 77' lang='lat' dir='ltr'><strong>terra</strong></span> <span class='ocrx_word' id='word_1_321' title='bbox 1582 3868 1651 3923; x_wconf 76' lang='lat' dir='ltr'><strong>sit</strong></span> <span class='ocrx_word' id='word_1_322' title='bbox 1680 3868 1950 3928; x_wconf 77' lang='lat' dir='ltr'><strong>fructuosa</strong></span> <span class='ocrx_word' id='word_1_323' title='bbox 1979 3886 2033 3930; x_wconf 89' lang='lat' dir='ltr'><strong>et</strong></span> 
     </span>
    </p>
   </div>
   <div class='ocr_carea' id='block_1_41' title="bbox 455 3943 2033 4028">
    <p class='ocr_par' dir='ltr' id='par_1_41' title="bbox 455 3943 2033 4028">
     <span class='ocr_line' id='line_1_41' title="bbox 455 3943 2033 4028; baseline 0.016 -30"><span class='ocrx_word' id='word_1_324' title='bbox 455 3943 627 4011; x_wconf 76' lang='lat' dir='ltr'><strong>ferax,</strong></span> <span class='ocrx_word' id='word_1_325' title='bbox 659 3947 900 4003; x_wconf 86' lang='lat' dir='ltr'><strong>homines</strong></span> <span class='ocrx_word' id='word_1_326' title='bbox 941 3962 1118 4006; x_wconf 87' lang='lat' dir='ltr'><strong>autem</strong></span> <span class='ocrx_word' id='word_1_327' title='bbox 1163 3955 1298 4010; x_wconf 86' lang='lat' dir='ltr'><strong>adeo</strong></span> <span class='ocrx_word' id='word_1_328' title='bbox 1335 3959 1594 4016; x_wconf 73' lang='lat' dir='ltr'><strong>scelesti?</strong></span> <span class='ocrx_word' id='word_1_329' title='bbox 1623 3962 1758 4028; x_wconf 74' lang='lat' dir='ltr'><strong>Quid</strong></span> <span class='ocrx_word' id='word_1_330' title='bbox 1786 3963 1964 4020; x_wconf 87' lang='lat' dir='ltr'><strong>damni</strong></span> <span class='ocrx_word' id='word_1_331' title='bbox 2001 3985 2033 4023; x_wconf 90' lang='lat' dir='ltr'><strong>e</strong></span> 
     </span>
    </p>
   </div>
   <div class='ocr_carea' id='block_1_42' title="bbox 454 4035 2035 4113">
    <p class='ocr_par' dir='ltr' id='par_1_42' title="bbox 454 4035 2035 4113">
     <span class='ocr_line' id='line_1_42' title="bbox 454 4035 2035 4113; baseline 0.015 -25"><span class='ocrx_word' id='word_1_332' title='bbox 454 4035 742 4092; x_wconf 80' lang='lat' dir='ltr'><strong>solitudine</strong></span> <span class='ocrx_word' id='word_1_333' title='bbox 768 4049 820 4092; x_wconf 89' lang='lat' dir='ltr'><strong>et</strong></span> <span class='ocrx_word' id='word_1_334' title='bbox 853 4039 1158 4111; x_wconf 78' lang='lat' dir='ltr'><strong>infrugifera</strong></span> <span class='ocrx_word' id='word_1_335' title='bbox 1187 4057 1346 4113; x_wconf 87' lang='lat' dir='ltr'><strong>terra,</strong></span> <span class='ocrx_word' id='word_1_336' title='bbox 1375 4049 1420 4102; x_wconf 86' lang='lat' dir='ltr'><strong>si</strong></span> <span class='ocrx_word' id='word_1_337' title='bbox 1451 4049 1695 4107; x_wconf 80' lang='lat' dir='ltr'><strong>homines</strong></span> <span class='ocrx_word' id='word_1_338' title='bbox 1725 4055 2035 4112; x_wconf 82' lang='lat' dir='ltr'><strong>sinthuma-</strong></span> 
     </span>
    </p>
   </div>
   <div class='ocr_carea' id='block_1_43' title="bbox 452 4125 2035 4202">
    <p class='ocr_par' dir='ltr' id='par_1_43' title="bbox 452 4125 2035 4202">
     <span class='ocr_line' id='line_1_43' title="bbox 452 4125 2035 4202; baseline 0.016 -26"><span class='ocrx_word' id='word_1_339' title='bbox 452 4125 673 4180; x_wconf 83' lang='lat' dir='ltr'><strong>niores‘!</strong></span> <span class='ocrx_word' id='word_1_340' title='bbox 698 4128 869 4198; x_wconf 88' lang='lat' dir='ltr'><strong>Caput</strong></span> <span class='ocrx_word' id='word_1_341' title='bbox 907 4131 1048 4184; x_wconf 86' lang='lat' dir='ltr'><strong>enim</strong></span> <span class='ocrx_word' id='word_1_342' title='bbox 1089 4143 1142 4187; x_wconf 89' lang='lat' dir='ltr'><strong>et</strong></span> <span class='ocrx_word' id='word_1_343' title='bbox 1168 4150 1371 4189; x_wconf 86' lang='lat' dir='ltr'><strong>summa</strong></span> <span class='ocrx_word' id='word_1_344' title='bbox 1416 4139 1672 4195; x_wconf 82' lang='lat' dir='ltr'><strong>bonorum</strong></span> <span class='ocrx_word' id='word_1_345' title='bbox 1708 4153 1790 4199; x_wconf 84' lang='lat' dir='ltr'><strong>est</strong></span> <span class='ocrx_word' id='word_1_346' title='bbox 1826 4147 2035 4202; x_wconf 75' lang='lat' dir='ltr'><strong>inhabi—</strong></span> 
     </span>
    </p>
   </div>
   <div class='ocr_carea' id='block_1_44' title="bbox 451 4218 2031 4292">
    <p class='ocr_par' dir='ltr' id='par_1_44' title="bbox 451 4218 2031 4292">
     <span class='ocr_line' id='line_1_44' title="bbox 451 4218 2031 4292; baseline 0.016 -24"><span class='ocrx_word' id='word_1_347' title='bbox 451 4218 679 4271; x_wconf 84' lang='lat' dir='ltr'><strong>tantiunt</strong></span> <span class='ocrx_word' id='word_1_348' title='bbox 721 4220 970 4288; x_wconf 87' lang='lat' dir='ltr'><strong>probitas.</strong></span> <span class='ocrx_word' id='word_1_349' title='bbox 999 4223 1262 4279; x_wconf 65' lang='lat' dir='ltr'><strong>Craterum</strong></span> <span class='ocrx_word' id='word_1_350' title='bbox 1289 4226 1387 4281; x_wconf 89' lang='lat' dir='ltr'><strong>Lot</strong></span> <span class='ocrx_word' id='word_1_351' title='bbox 1417 4229 1486 4282; x_wconf 83' lang='lat' dir='ltr'><strong>ad</strong></span> <span class='ocrx_word' id='word_1_352' title='bbox 1518 4246 1677 4285; x_wconf 90' lang='lat' dir='ltr'><strong>unuut</strong></span> <span class='ocrx_word' id='word_1_353' title='bbox 1712 4242 1912 4290; x_wconf 84' lang='lat' dir='ltr'><strong>tantum</strong></span> <span class='ocrx_word' id='word_1_354' title='bbox 1949 4253 2031 4292; x_wconf 90' lang='lat' dir='ltr'><strong>re-</strong></span> 
     </span>
    </p>
   </div>
   <div class='ocr_carea' id='block_1_45' title="bbox 451 4308 2031 4383">
    <p class='ocr_par' dir='ltr' id='par_1_45' title="bbox 451 4308 2031 4383">
     <span class='ocr_line' id='line_1_45' title="bbox 451 4308 2031 4383; baseline 0.016 -25"><span class='ocrx_word' id='word_1_355' title='bbox 451 4308 651 4373; x_wconf 70' lang='lat' dir='ltr'><strong>apexit,</strong></span> <span class='ocrx_word' id='word_1_356' title='bbox 681 4324 870 4379; x_wconf 84' lang='lat' dir='ltr'><strong>nempe</strong></span> <span class='ocrx_word' id='word_1_357' title='bbox 895 4311 961 4367; x_wconf 87' lang='lat' dir='ltr'><strong>ad</strong></span> <span class='ocrx_word' id='word_1_358' title='bbox 988 4312 1316 4372; x_wconf 76' lang='lat' dir='ltr'><strong>fertilitatem</strong></span> <span class='ocrx_word' id='word_1_359' title='bbox 1346 4327 1524 4374; x_wconf 72' lang='lat' dir='ltr'><strong>terrm.</strong></span> <span class='ocrx_word' id='word_1_360' title='bbox 1552 4321 1617 4375; x_wconf 87' lang='lat' dir='ltr'><strong>Et</strong></span> <span class='ocrx_word' id='word_1_361' title='bbox 1647 4323 1843 4381; x_wconf 76' lang='lat' dir='ltr'><strong>idcirco</strong></span> <span class='ocrx_word' id='word_1_362' title='bbox 1884 4329 2031 4383; x_wconf 87' lang='lat' dir='ltr'><strong>Scri-</strong></span> 
     </span>
    </p>
   </div>
   <div class='ocr_carea' id='block_1_46' title="bbox 457 4398 2030 4475">
    <p class='ocr_par' dir='ltr' id='par_1_46' title="bbox 457 4398 2030 4475">
     <span class='ocr_line' id='line_1_46' title="bbox 457 4398 2030 4475; baseline 0.016 -25"><span class='ocrx_word' id='word_1_363' title='bbox 457 4408 612 4466; x_wconf 87' lang='lat' dir='ltr'><strong>ptura</strong></span> <span class='ocrx_word' id='word_1_364' title='bbox 642 4398 916 4458; x_wconf 85' lang='lat' dir='ltr'><strong>declarare</strong></span> <span class='ocrx_word' id='word_1_365' title='bbox 941 4406 1095 4460; x_wconf 84' lang='lat' dir='ltr'><strong>nobis</strong></span> <span class='ocrx_word' id='word_1_366' title='bbox 1127 4409 1307 4462; x_wconf 86' lang='lat' dir='ltr'><strong>volens</strong></span> <span class='ocrx_word' id='word_1_367' title='bbox 1346 4409 1710 4468; x_wconf 77' lang='lat' dir='ltr'><strong>habitantium</strong></span> <span class='ocrx_word' id='word_1_368' title='bbox 1743 4417 1848 4473; x_wconf 90' lang='lat' dir='ltr'><strong>illic</strong></span> <span class='ocrx_word' id='word_1_369' title='bbox 1878 4422 2030 4475; x_wconf 79' lang='lat' dir='ltr'><strong>mali-</strong></span> 
     </span>
    </p>
   </div>
   <div class='ocr_carea' id='block_1_47' title="bbox 452 4488 2030 4577">
    <p class='ocr_par' dir='ltr' id='par_1_47' title="bbox 452 4488 2030 4577">
     <span class='ocr_line' id='line_1_47' title="bbox 452 4488 2030 4577; baseline 0.015 -38"><span class='ocrx_word' id='word_1_370' title='bbox 452 4488 606 4554; x_wconf 81' lang='lat' dir='ltr'><strong>tiam,</strong></span> <span class='ocrx_word' id='word_1_371' title='bbox 643 4489 807 4545; x_wconf 88' lang='lat' dir='ltr'><strong>dicit:</strong></span> <span class='ocrx_word' id='word_1_372' title='bbox 856 4493 955 4558; x_wconf 86' lang='lat' dir='ltr'><strong>Qui</strong></span> <span class='ocrx_word' id='word_1_373' title='bbox 988 4505 1156 4548; x_wconf 88' lang='lat' dir='ltr'><strong>autem</strong></span> <span class='ocrx_word' id='word_1_374' title='bbox 1189 4498 1410 4554; x_wconf 82' lang='lat' dir='ltr'><strong>homines</strong></span> <span class='ocrx_word' id='word_1_375' title='bbox 1447 4503 1499 4555; x_wconf 83' lang='lat' dir='ltr'><strong>in</strong></span> <span class='ocrx_word' id='word_1_376' title='bbox 1526 4501 1766 4559; x_wconf 81' lang='lat' dir='ltr'><strong>Sodomis</strong></span> <span class='ocrx_word' id='word_1_377' title='bbox 1799 4510 2030 4577; x_wconf 80' lang='lat' dir='ltr'><strong>agebant,</strong></span> 
     </span>
    </p>
   </div>
   <div class='ocr_carea' id='block_1_48' title="bbox 459 4577 2028 4667">
    <p class='ocr_par' dir='ltr' id='par_1_48' title="bbox 459 4577 2028 4667">
     <span class='ocr_line' id='line_1_48' title="bbox 459 4577 2028 4667; baseline 0.016 -39"><span class='ocrx_word' id='word_1_378' title='bbox 459 4577 582 4631; x_wconf 80' lang='lat' dir='ltr'><strong>ntali</strong></span> <span class='ocrx_word' id='word_1_379' title='bbox 609 4589 750 4633; x_wconf 77' lang='lat' dir='ltr'><strong>eram</strong></span> <span class='ocrx_word' id='word_1_380' title='bbox 782 4591 827 4636; x_wconf 85' lang='lat' dir='ltr'><strong>et</strong></span> <span class='ocrx_word' id='word_1_381' title='bbox 860 4594 1150 4651; x_wconf 82' lang='lat' dir='ltr'><strong>peccatores</strong></span> <span class='ocrx_word' id='word_1_382' title='bbox 1173 4604 1343 4642; x_wconf 85' lang='lat' dir='ltr'><strong>coram</strong></span> <span class='ocrx_word' id='word_1_383' title='bbox 1371 4590 1480 4645; x_wconf 89' lang='lat' dir='ltr'><strong>Deo</strong></span> <span class='ocrx_word' id='word_1_384' title='bbox 1504 4594 1668 4648; x_wconf 86' lang='lat' dir='ltr'><strong>valde.</strong></span> <span class='ocrx_word' id='word_1_385' title='bbox 1697 4595 1811 4651; x_wconf 85' lang='lat' dir='ltr'><strong>Non</strong></span> <span class='ocrx_word' id='word_1_386' title='bbox 1837 4599 2028 4667; x_wconf 89' lang='lat' dir='ltr'><strong>solum,</strong></span> 
     </span>
    </p>
   </div>
   <div class='ocr_carea' id='block_1_49' title="bbox 458 4667 2036 4754">
    <p class='ocr_par' dir='ltr' id='par_1_49' title="bbox 458 4667 2036 4754">
     <span class='ocr_line' id='line_1_49' title="bbox 458 4667 2036 4754; baseline 0.016 -35"><span class='ocrx_word' id='word_1_387' title='bbox 458 4667 650 4737; x_wconf 88' lang='lat' dir='ltr'><strong>ittquit,</strong></span> <span class='ocrx_word' id='word_1_388' title='bbox 675 4669 823 4736; x_wconf 71' lang='lat' dir='ltr'><strong>Mali,</strong></span> <span class='ocrx_word' id='word_1_389' title='bbox 856 4674 948 4727; x_wconf 86' lang='lat' dir='ltr'><strong>sed</strong></span> <span class='ocrx_word' id='word_1_390' title='bbox 985 4673 1300 4742; x_wconf 83' lang='lat' dir='ltr'><strong>Peccatores,</strong></span> <span class='ocrx_word' id='word_1_391' title='bbox 1328 4690 1507 4737; x_wconf 91' lang='lat' dir='ltr'><strong>etnon</strong></span> <span class='ocrx_word' id='word_1_392' title='bbox 1539 4687 1873 4754; x_wconf 83' lang='lat' dir='ltr'><strong>simpliciter,</strong></span> <span class='ocrx_word' id='word_1_393' title='bbox 1912 4689 2036 4744; x_wconf 81' lang='lat' dir='ltr'><strong>Pec-</strong></span> 
     </span>
    </p>
   </div>
   <div class='ocr_carea' id='block_1_50' title="bbox 455 4761 2037 4838">
    <p class='ocr_par' dir='ltr' id='par_1_50' title="bbox 455 4761 2037 4838">
     <span class='ocr_line' id='line_1_50' title="bbox 455 4761 2037 4838; baseline 0.017 -30"><span class='ocrx_word' id='word_1_394' title='bbox 455 4767 670 4824; x_wconf 74' lang='lat' dir='ltr'><strong>catores,</strong></span> <span class='ocrx_word' id='word_1_395' title='bbox 699 4761 793 4814; x_wconf 87' lang='lat' dir='ltr'><strong>sed</strong></span> <span class='ocrx_word' id='word_1_396' title='bbox 817 4773 871 4816; x_wconf 90' lang='lat' dir='ltr'><strong>et</strong></span> <span class='ocrx_word' id='word_1_397' title='bbox 895 4763 1075 4818; x_wconf 82' lang='lat' dir='ltr'><strong>Coram</strong></span> <span class='ocrx_word' id='word_1_398' title='bbox 1102 4766 1235 4832; x_wconf 84' lang='lat' dir='ltr'><strong>Deo;</strong></span> <span class='ocrx_word' id='word_1_399' title='bbox 1267 4769 1366 4824; x_wconf 90' lang='lat' dir='ltr'><strong>hoc</strong></span> <span class='ocrx_word' id='word_1_400' title='bbox 1390 4782 1496 4838; x_wconf 82' lang='lat' dir='ltr'><strong>est,</strong></span> <span class='ocrx_word' id='word_1_401' title='bbox 1521 4774 1573 4828; x_wconf 88' lang='lat' dir='ltr'><strong>in</strong></span> <span class='ocrx_word' id='word_1_402' title='bbox 1601 4775 1915 4832; x_wconf 91' lang='lat' dir='ltr'><strong>immensum</strong></span> <span class='ocrx_word' id='word_1_403' title='bbox 1943 4796 2037 4834; x_wconf 76' lang='lat' dir='ltr'><strong>ex-</strong></span> 
     </span>
    </p>
   </div>
   <div class='ocr_carea' id='block_1_51' title="bbox 451 4859 2030 4931">
    <p class='ocr_par' dir='ltr' id='par_1_51' title="bbox 451 4859 2030 4931">
     <span class='ocr_line' id='line_1_51' title="bbox 451 4859 2030 4931; baseline 0.015 -32"><span class='ocrx_word' id='word_1_404' title='bbox 451 4859 737 4903; x_wconf 81' lang='lat' dir='ltr'><strong>creverant</strong></span> <span class='ocrx_word' id='word_1_405' title='bbox 774 4867 958 4906; x_wconf 91' lang='lat' dir='ltr'><strong>eorum</strong></span> <span class='ocrx_word' id='word_1_406' title='bbox 997 4869 1232 4922; x_wconf 86' lang='lat' dir='ltr'><strong>peccata.</strong></span> <span class='ocrx_word' id='word_1_407' title='bbox 1275 4868 1328 4913; x_wconf 90' lang='lat' dir='ltr'><strong>et</strong></span> <span class='ocrx_word' id='word_1_408' title='bbox 1364 4863 1661 4931; x_wconf 78' lang='lat' dir='ltr'><strong>prodigiosa</strong></span> <span class='ocrx_word' id='word_1_409' title='bbox 1698 4879 1811 4921; x_wconf 84' lang='lat' dir='ltr'><strong>erat</strong></span> <span class='ocrx_word' id='word_1_410' title='bbox 1848 4886 2030 4922; x_wconf 86' lang='lat' dir='ltr'><strong>eorum</strong></span> 
     </span>
    </p>
   </div>
   <div class='ocr_carea' id='block_1_52' title="bbox 459 4939 2032 5016">
    <p class='ocr_par' dir='ltr' id='par_1_52' title="bbox 459 4939 2032 5016">
     <span class='ocr_line' id='line_1_52' title="bbox 459 4939 2032 5016; baseline 0.015 -24"><span class='ocrx_word' id='word_1_411' title='bbox 459 4939 715 5006; x_wconf 86' lang='lat' dir='ltr'><strong>iniquitas</strong></span> <span class='ocrx_word' id='word_1_412' title='bbox 741 4959 754 4994; x_wconf 87' lang='lat'><strong>:</strong></span> <span class='ocrx_word' id='word_1_413' title='bbox 785 4942 905 4998; x_wconf 90' lang='lat' dir='ltr'><strong>ideo</strong></span> <span class='ocrx_word' id='word_1_414' title='bbox 933 4954 986 4999; x_wconf 87' lang='lat' dir='ltr'><strong>et</strong></span> <span class='ocrx_word' id='word_1_415' title='bbox 1013 4947 1269 5010; x_wconf 82' lang='lat' dir='ltr'><strong>subdidit,</strong></span> <span class='ocrx_word' id='word_1_416' title='bbox 1301 4949 1482 5004; x_wconf 88' lang='lat' dir='ltr'><strong>Coram</strong></span> <span class='ocrx_word' id='word_1_417' title='bbox 1517 4953 1622 5009; x_wconf 88' lang='lat' dir='ltr'><strong>Deo</strong></span> <span class='ocrx_word' id='word_1_418' title='bbox 1651 4958 1812 5013; x_wconf 85' lang='lat' dir='ltr'><strong>valde.</strong></span> <span class='ocrx_word' id='word_1_419' title='bbox 1847 4960 2032 5016; x_wconf 84' lang='lat' dir='ltr'><strong>Vidisti</strong></span> 
     </span>
    </p>
   </div>
   <div class='ocr_carea' id='block_1_53' title="bbox 458 5030 2031 5113">
    <p class='ocr_par' dir='ltr' id='par_1_53' title="bbox 458 5030 2031 5113">
     <span class='ocr_line' id='line_1_53' title="bbox 458 5030 2031 5113; baseline 0.016 -31"><span class='ocrx_word' id='word_1_420' title='bbox 458 5030 679 5084; x_wconf 67' lang='lat' dir='ltr'><strong>malitia:</strong></span> <span class='ocrx_word' id='word_1_421' title='bbox 724 5033 1136 5101; x_wconf 88' lang='lat' dir='ltr'><strong>magnitudinem</strong></span> <span class='ocrx_word' id='word_1_422' title='bbox 1164 5037 1186 5090; x_wconf 88' lang='lat'><strong>?</strong></span> <span class='ocrx_word' id='word_1_423' title='bbox 1225 5041 1400 5094; x_wconf 87' lang='lat' dir='ltr'><strong>vidisti</strong></span> <span class='ocrx_word' id='word_1_424' title='bbox 1439 5054 1692 5113; x_wconf 90' lang='lat' dir='ltr'><strong>quantum</strong></span> <span class='ocrx_word' id='word_1_425' title='bbox 1721 5057 1810 5103; x_wconf 89' lang='lat' dir='ltr'><strong>est</strong></span> <span class='ocrx_word' id='word_1_426' title='bbox 1834 5053 2031 5107; x_wconf 90' lang='lat' dir='ltr'><strong>malum</strong></span> 
     </span>
    </p>
   </div>
   <div class='ocr_carea' id='block_1_54' title="bbox 454 5122 2034 5200">
    <p class='ocr_par' dir='ltr' id='par_1_54' title="bbox 454 5122 2034 5200">
     <span class='ocr_line' id='line_1_54' title="bbox 454 5122 2034 5200; baseline 0.016 -29"><span class='ocrx_word' id='word_1_427' title='bbox 454 5122 659 5190; x_wconf 78' lang='lat' dir='ltr'><strong>primas</strong></span> <span class='ocrx_word' id='word_1_428' title='bbox 689 5132 860 5190; x_wconf 85' lang='lat' dir='ltr'><strong>partes</strong></span> <span class='ocrx_word' id='word_1_429' title='bbox 887 5139 1097 5194; x_wconf 84' lang='lat' dir='ltr'><strong>capere,</strong></span> <span class='ocrx_word' id='word_1_430' title='bbox 1125 5138 1179 5184; x_wconf 91' lang='lat' dir='ltr'><strong>et</strong></span> <span class='ocrx_word' id='word_1_431' title='bbox 1211 5145 1315 5184; x_wconf 91' lang='lat' dir='ltr'><strong>non</strong></span> <span class='ocrx_word' id='word_1_432' title='bbox 1350 5133 1490 5200; x_wconf 90' lang='lat' dir='ltr'><strong>quod</strong></span> <span class='ocrx_word' id='word_1_433' title='bbox 1529 5135 1656 5189; x_wconf 90' lang='lat' dir='ltr'><strong>utile</strong></span> <span class='ocrx_word' id='word_1_434' title='bbox 1683 5150 1764 5191; x_wconf 87' lang='lat' dir='ltr'><strong>est</strong></span> <span class='ocrx_word' id='word_1_435' title='bbox 1791 5141 2034 5196; x_wconf 87' lang='lat' dir='ltr'><strong>conside-</strong></span> 
     </span>
    </p>
   </div>
   <div class='ocr_carea' id='block_1_55' title="bbox 459 5206 2027 5301">
    <p class='ocr_par' dir='ltr' id='par_1_55' title="bbox 459 5206 2027 5301">
     <span class='ocr_line' id='line_1_55' title="bbox 459 5206 2027 5301; baseline 0.017 -39"><span class='ocrx_word' id='word_1_436' title='bbox 459 5210 619 5263; x_wconf 76' lang='lat' dir='ltr'><strong>rare?</strong></span> <span class='ocrx_word' id='word_1_437' title='bbox 645 5206 822 5265; x_wconf 84' lang='lat' dir='ltr'><strong>vidisti</strong></span> <span class='ocrx_word' id='word_1_438' title='bbox 851 5226 1104 5283; x_wconf 88' lang='lat' dir='ltr'><strong>quantum</strong></span> <span class='ocrx_word' id='word_1_439' title='bbox 1138 5219 1332 5275; x_wconf 92' lang='lat' dir='ltr'><strong>bonum</strong></span> <span class='ocrx_word' id='word_1_440' title='bbox 1373 5222 1442 5276; x_wconf 91' lang='lat' dir='ltr'><strong>sit</strong></span> <span class='ocrx_word' id='word_1_441' title='bbox 1479 5222 1798 5291; x_wconf 85' lang='lat' dir='ltr'><strong>humanitas,</strong></span> <span class='ocrx_word' id='word_1_442' title='bbox 1826 5241 1882 5286; x_wconf 89' lang='lat' dir='ltr'><strong>et</strong></span> <span class='ocrx_word' id='word_1_443' title='bbox 1925 5233 2027 5301; x_wconf 84' lang='lat' dir='ltr'><strong>pri-</strong></span> 
     </span>
    </p>
   </div>
   <div class='ocr_carea' id='block_1_56' title="bbox 463 5301 2032 5382">
    <p class='ocr_par' dir='ltr' id='par_1_56' title="bbox 463 5301 2032 5382">
     <span class='ocr_line' id='line_1_56' title="bbox 463 5301 2032 5382; baseline 0.018 -31"><span class='ocrx_word' id='word_1_444' title='bbox 463 5313 552 5353; x_wconf 91' lang='lat' dir='ltr'><strong>mo</strong></span> <span class='ocrx_word' id='word_1_445' title='bbox 577 5301 693 5355; x_wconf 91' lang='lat' dir='ltr'><strong>loco</strong></span> <span class='ocrx_word' id='word_1_446' title='bbox 719 5303 932 5370; x_wconf 88' lang='lat' dir='ltr'><strong>cedere,</strong></span> <span class='ocrx_word' id='word_1_447' title='bbox 960 5316 1019 5362; x_wconf 89' lang='lat' dir='ltr'><strong>et</strong></span> <span class='ocrx_word' id='word_1_448' title='bbox 1043 5307 1344 5366; x_wconf 84' lang='lat' dir='ltr'><strong>inferiorem</strong></span> <span class='ocrx_word' id='word_1_449' title='bbox 1375 5325 1580 5382; x_wconf 77' lang='lat' dir='ltr'><strong>partem</strong></span> <span class='ocrx_word' id='word_1_450' title='bbox 1609 5315 1808 5374; x_wconf 87' lang='lat' dir='ltr'><strong>habere</strong></span> <span class='ocrx_word' id='word_1_451' title='bbox 1831 5321 1853 5376; x_wconf 85' lang='lat'><strong>?</strong></span> <span class='ocrx_word' id='word_1_452' title='bbox 1893 5322 2032 5380; x_wconf 87' lang='lat' dir='ltr'><strong>Ecce</strong></span> 
     </span>
    </p>
   </div>
   <div class='ocr_carea' id='block_1_57' title="bbox 459 5390 2032 5478">
    <p class='ocr_par' dir='ltr' id='par_1_57' title="bbox 459 5390 2032 5478">
     <span class='ocr_line' id='line_1_57' title="bbox 459 5390 2032 5478; baseline 0.017 -37"><span class='ocrx_word' id='word_1_453' title='bbox 459 5390 600 5443; x_wconf 91' lang='lat' dir='ltr'><strong>enim</strong></span> <span class='ocrx_word' id='word_1_454' title='bbox 629 5393 679 5445; x_wconf 89' lang='lat' dir='ltr'><strong>itt</strong></span> <span class='ocrx_word' id='word_1_455' title='bbox 710 5394 963 5460; x_wconf 74' lang='lat' dir='ltr'><strong>procesisu</strong></span> <span class='ocrx_word' id='word_1_456' title='bbox 991 5396 1250 5454; x_wconf 74' lang='lat' dir='ltr'><strong>doctrina:</strong></span> <span class='ocrx_word' id='word_1_457' title='bbox 1277 5403 1572 5460; x_wconf 86' lang='lat' dir='ltr'><strong>videbimus</strong></span> <span class='ocrx_word' id='word_1_458' title='bbox 1599 5407 1731 5460; x_wconf 85' lang='lat' dir='ltr'><strong>nihil</strong></span> <span class='ocrx_word' id='word_1_459' title='bbox 1770 5412 2032 5478; x_wconf 74' lang='lat' dir='ltr'><strong>profuisse</strong></span> 
     </span>
    </p>
   </div>
   <div class='ocr_carea' id='block_1_58' title="bbox 462 5480 2028 5567">
    <p class='ocr_par' dir='ltr' id='par_1_58' title="bbox 462 5480 2028 5567">
     <span class='ocr_line' id='line_1_58' title="bbox 462 5480 2028 5567; baseline 0.019 -37"><span class='ocrx_word' id='word_1_460' title='bbox 462 5480 689 5548; x_wconf 89' lang='lat' dir='ltr'><strong>primum</strong></span> <span class='ocrx_word' id='word_1_461' title='bbox 719 5484 892 5539; x_wconf 90' lang='lat' dir='ltr'><strong>locum</strong></span> <span class='ocrx_word' id='word_1_462' title='bbox 919 5487 972 5542; x_wconf 86' lang='lat' dir='ltr'><strong>ei</strong></span> <span class='ocrx_word' id='word_1_463' title='bbox 998 5488 1086 5559; x_wconf 89' lang='lat' dir='ltr'><strong>qui</strong></span> <span class='ocrx_word' id='word_1_464' title='bbox 1119 5490 1393 5562; x_wconf 79' lang='lat' dir='ltr'><strong>elegerat;</strong></span> <span class='ocrx_word' id='word_1_465' title='bbox 1437 5505 1490 5550; x_wconf 90' lang='lat' dir='ltr'><strong>et</strong></span> <span class='ocrx_word' id='word_1_466' title='bbox 1513 5511 1634 5550; x_wconf 90' lang='lat' dir='ltr'><strong>eum</strong></span> <span class='ocrx_word' id='word_1_467' title='bbox 1664 5500 1752 5567; x_wconf 85' lang='lat' dir='ltr'><strong>qui</strong></span> <span class='ocrx_word' id='word_1_468' title='bbox 1781 5501 2028 5561; x_wconf 90' lang='lat' dir='ltr'><strong>inferiora</strong></span> 
     </span>
    </p>
   </div>
   <div class='ocr_carea' id='block_1_59' title="bbox 463 5569 2031 5664">
    <p class='ocr_par' dir='ltr' id='par_1_59' title="bbox 463 5569 2031 5664">
     <span class='ocr_line' id='line_1_59' title="bbox 463 5569 2031 5664; baseline 0.018 -43"><span class='ocrx_word' id='word_1_469' title='bbox 463 5569 632 5637; x_wconf 82' lang='lat' dir='ltr'><strong>petiit.</strong></span> <span class='ocrx_word' id='word_1_470' title='bbox 673 5573 954 5632; x_wconf 85' lang='lat' dir='ltr'><strong>clariorem</strong></span> <span class='ocrx_word' id='word_1_471' title='bbox 982 5579 1219 5647; x_wconf 81' lang='lat' dir='ltr'><strong>quotidie</strong></span> <span class='ocrx_word' id='word_1_472' title='bbox 1257 5581 1476 5648; x_wconf 86' lang='lat' dir='ltr'><strong>factum,</strong></span> <span class='ocrx_word' id='word_1_473' title='bbox 1504 5600 1740 5657; x_wconf 86' lang='lat' dir='ltr'><strong>opesque</strong></span> <span class='ocrx_word' id='word_1_474' title='bbox 1767 5591 1908 5652; x_wconf 82' lang='lat' dir='ltr'><strong>illius</strong></span> <span class='ocrx_word' id='word_1_475' title='bbox 1937 5610 2031 5664; x_wconf 89' lang='lat' dir='ltr'><strong>per</strong></span> 
     </span>
    </p>
   </div>
   <div class='ocr_carea' id='block_1_60' title="bbox 461 5662 1857 5747">
    <p class='ocr_par' dir='ltr' id='par_1_60' title="bbox 461 5662 1857 5747">
     <span class='ocr_line' id='line_1_60' title="bbox 461 5662 1857 5747; baseline 0.019 -35"><span class='ocrx_word' id='word_1_476' title='bbox 461 5662 638 5718; x_wconf 86' lang='lat' dir='ltr'><strong>omnia</strong></span> <span class='ocrx_word' id='word_1_477' title='bbox 663 5675 864 5734; x_wconf 85' lang='lat' dir='ltr'><strong>auctas,</strong></span> <span class='ocrx_word' id='word_1_478' title='bbox 891 5670 1241 5743; x_wconf 90' lang='lat' dir='ltr'><strong>omnibusque</strong></span> <span class='ocrx_word' id='word_1_479' title='bbox 1267 5673 1463 5732; x_wconf 88' lang='lat' dir='ltr'><strong>factum</strong></span> <span class='ocrx_word' id='word_1_480' title='bbox 1491 5682 1857 5747; x_wconf 65' lang='lat' dir='ltr'><strong>spoctabilcut.</strong></span> 
     </span>
    </p>
   </div>
   <div class='ocr_carea' id='block_1_61' title="bbox 1159 319 2957 380">
    <p class='ocr_par' dir='ltr' id='par_1_61' title="bbox 1159 319 2957 380">
     <span class='ocr_line' id='line_1_61' title="bbox 1159 319 2957 380; baseline -0.004 0"><span class='ocrx_word' id='word_1_481' title='bbox 1159 324 1217 380; x_wconf 84' lang='lat' dir='ltr'><strong>S.</strong></span> <span class='ocrx_word' id='word_1_482' title='bbox 1257 320 1530 380; x_wconf 75' lang='lat' dir='ltr'><strong>JOANNIS</strong></span> <span class='ocrx_word' id='word_1_483' title='bbox 1569 319 2037 380; x_wconf 69' lang='grc' dir='ltr'>ςιιιιιεοετοιιι</span> <span class='ocrx_word' id='word_1_484' title='bbox 2081 320 2380 375; x_wconf 70' lang='grc' dir='ltr'>ιιιειιιειι.</span> <span class='ocrx_word' id='word_1_485' title='bbox 2422 319 2957 375; x_wconf 71' lang='lat' dir='ltr'><strong>CONSTANTINOP.</strong></span> 
     </span>
    </p>
   </div>
   <div class='ocr_carea' id='block_1_62' title="bbox 3598 319 3706 375">
    <p class='ocr_par' dir='ltr' id='par_1_62' title="bbox 3598 319 3706 375">
     <span class='ocr_line' id='line_1_62' title="bbox 3598 319 3706 375; baseline 0.019 -2"><span class='ocrx_word' id='word_1_486' title='bbox 3598 319 3706 375; x_wconf 73' lang='grc'><strong>512</strong></span> 
     </span>
    </p>
   </div>
   <div class='ocr_carea' id='block_1_63' title="bbox 2195 429 3710 487">
    <p class='ocr_par' dir='ltr' id='par_1_63' title="bbox 2195 429 3710 487">
     <span class='ocr_line' id='line_1_63' title="bbox 2195 429 3710 487; baseline 0.001 -2"><span class='ocrx_word' id='word_1_487' title='bbox 2195 432 2248 487; x_wconf 82' lang='grc'><strong>5.</strong></span> <span class='ocrx_word' id='word_1_488' title='bbox 2291 429 2505 485; x_wconf 58' lang='lat' dir='ltr'><strong>Hamis</strong></span> <span class='ocrx_word' id='word_1_489' title='bbox 2542 434 2825 486; x_wconf 74' lang='lat' dir='ltr'><strong>exhortatio</strong></span> <span class='ocrx_word' id='word_1_490' title='bbox 2853 435 2921 483; x_wconf 88' lang='lat' dir='ltr'><strong>ad</strong></span> <span class='ocrx_word' id='word_1_491' title='bbox 2957 430 3308 484; x_wconf 67' lang='lat' dir='ltr'><strong>humilitatem.</strong></span> <span class='ocrx_word' id='word_1_492' title='bbox 3337 460 3408 470; x_wconf 94' lang='lat'><strong><em>—</em></strong></span> <span class='ocrx_word' id='word_1_493' title='bbox 3441 430 3710 486; x_wconf 59' lang='lat' dir='ltr'><strong>(laterum</strong></span> 
     </span>
    </p>
   </div>
   <div class='ocr_carea' id='block_1_64' title="bbox 2126 520 3711 591">
    <p class='ocr_par' dir='ltr' id='par_1_64' title="bbox 2126 520 3711 591">
     <span class='ocr_line' id='line_1_64' title="bbox 2126 520 3711 591; baseline 0.001 -17"><span class='ocrx_word' id='word_1_494' title='bbox 2126 531 2182 574; x_wconf 87' lang='lat' dir='ltr'><strong>ut</strong></span> <span class='ocrx_word' id='word_1_495' title='bbox 2212 537 2280 574; x_wconf 79' lang='lat' dir='ltr'><strong>ne</strong></span> <span class='ocrx_word' id='word_1_496' title='bbox 2323 522 2593 591; x_wconf 77' lang='lat' dir='ltr'><strong>longiores</strong></span> <span class='ocrx_word' id='word_1_497' title='bbox 2630 523 2798 575; x_wconf 84' lang='lat' dir='ltr'><strong>simus</strong></span> <span class='ocrx_word' id='word_1_498' title='bbox 2823 521 3083 585; x_wconf 88' lang='lat' dir='ltr'><strong>docendo,</strong></span> <span class='ocrx_word' id='word_1_499' title='bbox 3136 520 3238 574; x_wconf 78' lang='lat' dir='ltr'><strong>huc</strong></span> <span class='ocrx_word' id='word_1_500' title='bbox 3278 521 3397 574; x_wconf 87' lang='lat' dir='ltr'><strong>loco</strong></span> <span class='ocrx_word' id='word_1_501' title='bbox 3438 523 3596 576; x_wconf 85' lang='lat' dir='ltr'><strong>ﬁnem</strong></span> <span class='ocrx_word' id='word_1_502' title='bbox 3629 521 3711 575; x_wconf 88' lang='lat' dir='ltr'><strong>lo-</strong></span> 
     </span>
    </p>
   </div>
   <div class='ocr_carea' id='block_1_65' title="bbox 2125 611 3710 681">
    <p class='ocr_par' dir='ltr' id='par_1_65' title="bbox 2125 611 3710 681">
     <span class='ocr_line' id='line_1_65' title="bbox 2125 611 3710 681; baseline 0 -17"><span class='ocrx_word' id='word_1_503' title='bbox 2125 612 2319 681; x_wconf 80' lang='lat' dir='ltr'><strong>quendi</strong></span> <span class='ocrx_word' id='word_1_504' title='bbox 2371 611 2661 672; x_wconf 77' lang='lat' dir='ltr'><strong>facientes,</strong></span> <span class='ocrx_word' id='word_1_505' title='bbox 2709 612 2850 680; x_wconf 86' lang='lat' dir='ltr'><strong>quod</strong></span> <span class='ocrx_word' id='word_1_506' title='bbox 2897 611 3159 680; x_wconf 87' lang='lat' dir='ltr'><strong>reliquum</strong></span> <span class='ocrx_word' id='word_1_507' title='bbox 3207 619 3326 675; x_wconf 85' lang='lat' dir='ltr'><strong>est,</strong></span> <span class='ocrx_word' id='word_1_508' title='bbox 3375 612 3426 664; x_wconf 92' lang='lat' dir='ltr'><strong>in</strong></span> <span class='ocrx_word' id='word_1_509' title='bbox 3478 624 3710 681; x_wconf 79' lang='lat' dir='ltr'><strong>sequen-</strong></span> 
     </span>
    </p>
   </div>
   <div class='ocr_carea' id='block_1_66' title="bbox 2129 701 3713 771">
    <p class='ocr_par' dir='ltr' id='par_1_66' title="bbox 2129 701 3713 771">
     <span class='ocr_line' id='line_1_66' title="bbox 2129 701 3713 771; baseline -0.001 -15"><span class='ocrx_word' id='word_1_510' title='bbox 2129 713 2233 756; x_wconf 83' lang='lat' dir='ltr'><strong>tem</strong></span> <span class='ocrx_word' id='word_1_511' title='bbox 2274 717 2549 755; x_wconf 79' lang='lat' dir='ltr'><strong>servemus</strong></span> <span class='ocrx_word' id='word_1_512' title='bbox 2574 702 2906 755; x_wconf 85' lang='lat' dir='ltr'><strong>concinnem.</strong></span> <span class='ocrx_word' id='word_1_513' title='bbox 2957 701 3092 755; x_wconf 80' lang='lat' dir='ltr'><strong>Illud</strong></span> <span class='ocrx_word' id='word_1_514' title='bbox 3128 710 3306 756; x_wconf 83' lang='lat' dir='ltr'><strong>autem</strong></span> <span class='ocrx_word' id='word_1_515' title='bbox 3351 712 3447 754; x_wconf 80' lang='lat' dir='ltr'><strong>vos</strong></span> <span class='ocrx_word' id='word_1_516' title='bbox 3490 715 3713 771; x_wconf 73' lang='lat' dir='ltr'><strong>rogave-</strong></span> 
     </span>
    </p>
   </div>
   <div class='ocr_carea' id='block_1_67' title="bbox 2128 791 3716 860">
    <p class='ocr_par' dir='ltr' id='par_1_67' title="bbox 2128 791 3716 860">
     <span class='ocr_line' id='line_1_67' title="bbox 2128 791 3716 860; baseline 0 -16"><span class='ocrx_word' id='word_1_517' title='bbox 2128 795 2249 856; x_wconf 88' lang='lat' dir='ltr'><strong>rim,</strong></span> <span class='ocrx_word' id='word_1_518' title='bbox 2301 801 2356 846; x_wconf 92' lang='lat' dir='ltr'><strong>ut</strong></span> <span class='ocrx_word' id='word_1_519' title='bbox 2404 794 2698 845; x_wconf 78' lang='lat' dir='ltr'><strong>imitatores</strong></span> <span class='ocrx_word' id='word_1_520' title='bbox 2732 794 2850 845; x_wconf 81' lang='lat' dir='ltr'><strong>sitis</strong></span> <span class='ocrx_word' id='word_1_521' title='bbox 2895 791 3230 859; x_wconf 71' lang='lat' dir='ltr'><strong>patriarchae,</strong></span> <span class='ocrx_word' id='word_1_522' title='bbox 3267 799 3322 845; x_wconf 91' lang='lat' dir='ltr'><strong>et</strong></span> <span class='ocrx_word' id='word_1_523' title='bbox 3365 793 3560 860; x_wconf 86' lang='lat' dir='ltr'><strong>primas</strong></span> <span class='ocrx_word' id='word_1_524' title='bbox 3592 806 3716 859; x_wconf 82' lang='lat' dir='ltr'><strong>par-</strong></span> 
     </span>
    </p>
   </div>
   <div class='ocr_carea' id='block_1_68' title="bbox 2131 880 3718 950">
    <p class='ocr_par' dir='ltr' id='par_1_68' title="bbox 2131 880 3718 950">
     <span class='ocr_line' id='line_1_68' title="bbox 2131 880 3718 950; baseline 0.001 -18"><span class='ocrx_word' id='word_1_525' title='bbox 2131 889 2212 933; x_wconf 85' lang='lat' dir='ltr'><strong>tes</strong></span> <span class='ocrx_word' id='word_1_526' title='bbox 2239 897 2524 950; x_wconf 78' lang='lat' dir='ltr'><strong>numquam</strong></span> <span class='ocrx_word' id='word_1_527' title='bbox 2548 881 2960 949; x_wconf 78' lang='lat' dir='ltr'><strong>conoUpiscatls,</strong></span> <span class='ocrx_word' id='word_1_528' title='bbox 3001 880 3100 935; x_wconf 87' lang='lat' dir='ltr'><strong>sed</strong></span> <span class='ocrx_word' id='word_1_529' title='bbox 3131 881 3518 948; x_wconf 78' lang='lat' dir='ltr'><strong>obtentpcretis</strong></span> <span class='ocrx_word' id='word_1_530' title='bbox 3557 880 3718 936; x_wconf 76' lang='lat' dir='ltr'><strong>beato</strong></span> 
     </span>
    </p>
   </div>
   <div class='ocr_carea' id='block_1_69' title="bbox 2130 970 3712 1042">
    <p class='ocr_par' dir='ltr' id='par_1_69' title="bbox 2130 970 3712 1042">
     <span class='ocr_line' id='line_1_69' title="bbox 2130 970 3712 1042; baseline 0.002 -20"><span class='ocrx_word' id='word_1_531' title='bbox 2130 970 2297 1024; x_wconf 77' lang='lat' dir='ltr'><strong>Paulo</strong></span> <span class='ocrx_word' id='word_1_532' title='bbox 2346 973 2567 1037; x_wconf 87' lang='lat' dir='ltr'><strong>dicenti,</strong></span> <span class='ocrx_word' id='word_1_533' title='bbox 2627 972 2834 1026; x_wconf 80' lang='lat' dir='ltr'><strong>Honore</strong></span> <span class='ocrx_word' id='word_1_534' title='bbox 2877 973 3086 1025; x_wconf 63' lang='lat' dir='ltr'><strong>invicem</strong></span> <span class='ocrx_word' id='word_1_535' title='bbox 3139 974 3492 1042; x_wconf 72' lang='lat' dir='ltr'><strong>prwvenientes</strong></span> <span class='ocrx_word' id='word_1_536' title='bbox 3534 973 3712 1041; x_wconf 75' lang='lat' dir='ltr'><strong>(Hom.</strong></span> 
     </span>
    </p>
   </div>
   <div class='ocr_carea' id='block_1_70' title="bbox 2134 1062 3715 1133">
    <p class='ocr_par' dir='ltr' id='par_1_70' title="bbox 2134 1062 3715 1133">
     <span class='ocr_line' id='line_1_70' title="bbox 2134 1062 3715 1133; baseline 0.001 -18"><span class='ocrx_word' id='word_1_537' title='bbox 2134 1062 2223 1115; x_wconf 62' lang='grc' dir='ltr'><strong>ιε.</strong></span> <span class='ocrx_word' id='word_1_538' title='bbox 2281 1064 2372 1133; x_wconf 83' lang='lat' dir='ltr'><strong>t0)</strong></span> <span class='ocrx_word' id='word_1_539' title='bbox 2410 1064 2715 1132; x_wconf 86' lang='lat' dir='ltr'><strong>superiores</strong></span> <span class='ocrx_word' id='word_1_540' title='bbox 2761 1080 2820 1119; x_wconf 89' lang='lat' dir='ltr'><strong>se</strong></span> <span class='ocrx_word' id='word_1_541' title='bbox 2864 1066 3020 1133; x_wconf 89' lang='lat' dir='ltr'><strong>ipsis:</strong></span> <span class='ocrx_word' id='word_1_542' title='bbox 3054 1073 3106 1118; x_wconf 90' lang='lat' dir='ltr'><strong>et</strong></span> <span class='ocrx_word' id='word_1_543' title='bbox 3137 1063 3279 1117; x_wconf 85' lang='lat' dir='ltr'><strong>detis</strong></span> <span class='ocrx_word' id='word_1_544' title='bbox 3304 1079 3544 1131; x_wconf 84' lang='lat' dir='ltr'><strong>operam,</strong></span> <span class='ocrx_word' id='word_1_545' title='bbox 3573 1073 3633 1116; x_wconf 87' lang='lat' dir='ltr'><strong>ut</strong></span> <span class='ocrx_word' id='word_1_546' title='bbox 3663 1063 3715 1117; x_wconf 88' lang='lat' dir='ltr'><strong>in</strong></span> 
     </span>
    </p>
   </div>
   <div class='ocr_carea' id='block_1_71' title="bbox 2130 1154 3718 1224">
    <p class='ocr_par' dir='ltr' id='par_1_71' title="bbox 2130 1154 3718 1224">
     <span class='ocr_line' id='line_1_71' title="bbox 2130 1154 3718 1224; baseline 0.004 -22"><span class='ocrx_word' id='word_1_547' title='bbox 2130 1154 2374 1208; x_wconf 86' lang='lat' dir='ltr'><strong>omnibus</strong></span> <span class='ocrx_word' id='word_1_548' title='bbox 2424 1155 2629 1207; x_wconf 80' lang='lat' dir='ltr'><strong>minora</strong></span> <span class='ocrx_word' id='word_1_549' title='bbox 2683 1157 2926 1208; x_wconf 78' lang='lat' dir='ltr'><strong>teneatis.</strong></span> <span class='ocrx_word' id='word_1_550' title='bbox 2975 1155 3085 1209; x_wconf 89' lang='lat' dir='ltr'><strong>lloc</strong></span> <span class='ocrx_word' id='word_1_551' title='bbox 3123 1166 3204 1210; x_wconf 83' lang='lat' dir='ltr'><strong>est</strong></span> <span class='ocrx_word' id='word_1_552' title='bbox 3240 1157 3384 1209; x_wconf 86' lang='lat' dir='ltr'><strong>enim</strong></span> <span class='ocrx_word' id='word_1_553' title='bbox 3426 1156 3718 1224; x_wconf 83' lang='lat' dir='ltr'><strong>primatum</strong></span> 
     </span>
    </p>
   </div>
   <div class='ocr_carea' id='block_1_72' title="bbox 2132 1243 3717 1310">
    <p class='ocr_par' dir='ltr' id='par_1_72' title="bbox 2132 1243 3717 1310">
     <span class='ocr_line' id='line_1_72' title="bbox 2132 1243 3717 1310; baseline 0.001 -16"><span class='ocrx_word' id='word_1_554' title='bbox 2132 1243 2328 1297; x_wconf 74' lang='lat' dir='ltr'><strong>habere</strong></span> <span class='ocrx_word' id='word_1_555' title='bbox 2356 1283 2371 1306; x_wconf 85' lang='lat'><strong>,</strong></span> <span class='ocrx_word' id='word_1_556' title='bbox 2418 1244 2555 1298; x_wconf 78' lang='lat' dir='ltr'><strong>sient</strong></span> <span class='ocrx_word' id='word_1_557' title='bbox 2594 1253 2648 1298; x_wconf 87' lang='lat' dir='ltr'><strong>et</strong></span> <span class='ocrx_word' id='word_1_558' title='bbox 2689 1244 2937 1298; x_wconf 80' lang='lat' dir='ltr'><strong>Christus</strong></span> <span class='ocrx_word' id='word_1_559' title='bbox 2981 1245 3151 1298; x_wconf 83' lang='lat' dir='ltr'><strong>dicit:</strong></span> <span class='ocrx_word' id='word_1_560' title='bbox 3201 1244 3303 1310; x_wconf 80' lang='lat' dir='ltr'><strong>Qui</strong></span> <span class='ocrx_word' id='word_1_561' title='bbox 3345 1261 3398 1299; x_wconf 83' lang='lat' dir='ltr'><strong>se</strong></span> <span class='ocrx_word' id='word_1_562' title='bbox 3450 1246 3717 1309; x_wconf 85' lang='lat' dir='ltr'><strong>humiliat,</strong></span> 
     </span>
    </p>
   </div>
   <div class='ocr_carea' id='block_1_73' title="bbox 2131 1333 3720 1404">
    <p class='ocr_par' dir='ltr' id='par_1_73' title="bbox 2131 1333 3720 1404">
     <span class='ocr_line' id='line_1_73' title="bbox 2131 1333 3720 1404; baseline 0.001 -18"><span class='ocrx_word' id='word_1_563' title='bbox 2131 1335 2432 1388; x_wconf 70' lang='lat' dir='ltr'><strong>excitabitur</strong></span> <span class='ocrx_word' id='word_1_564' title='bbox 2484 1333 2637 1402; x_wconf 68' lang='lat' dir='ltr'><strong>(an.</strong></span> <span class='ocrx_word' id='word_1_565' title='bbox 2693 1336 2781 1389; x_wconf 69' lang='lat' dir='ltr'><strong>l4.</strong></span> <span class='ocrx_word' id='word_1_566' title='bbox 2841 1337 2928 1398; x_wconf 82' lang='lat' dir='ltr'><strong>ll,</strong></span> <span class='ocrx_word' id='word_1_567' title='bbox 2973 1341 3030 1387; x_wconf 88' lang='lat' dir='ltr'><strong>et</strong></span> <span class='ocrx_word' id='word_1_568' title='bbox 3069 1336 3155 1390; x_wconf 81' lang='grc'><strong>18.</strong></span> <span class='ocrx_word' id='word_1_569' title='bbox 3199 1337 3311 1402; x_wconf 74' lang='grc'><strong>14).</strong></span> <span class='ocrx_word' id='word_1_570' title='bbox 3369 1336 3507 1401; x_wconf 82' lang='lat' dir='ltr'><strong>Quid</strong></span> <span class='ocrx_word' id='word_1_571' title='bbox 3559 1335 3720 1404; x_wconf 85' lang='lat' dir='ltr'><strong>igitur</strong></span> 
     </span>
    </p>
   </div>
   <div class='ocr_carea' id='block_1_74' title="bbox 2137 1424 3721 1496">
    <p class='ocr_par' dir='ltr' id='par_1_74' title="bbox 2137 1424 3721 1496">
     <span class='ocr_line' id='line_1_74' title="bbox 2137 1424 3721 1496; baseline 0.003 -21"><span class='ocrx_word' id='word_1_572' title='bbox 2137 1424 2258 1478; x_wconf 82' lang='lat' dir='ltr'><strong>huic</strong></span> <span class='ocrx_word' id='word_1_573' title='bbox 2301 1425 2503 1493; x_wconf 68' lang='lat' dir='ltr'><strong>aequale</strong></span> <span class='ocrx_word' id='word_1_574' title='bbox 2550 1424 2733 1489; x_wconf 73' lang='lat' dir='ltr'><strong>fuerit,</strong></span> <span class='ocrx_word' id='word_1_575' title='bbox 2784 1426 3002 1494; x_wconf 78' lang='lat' dir='ltr'><strong>quando</strong></span> <span class='ocrx_word' id='word_1_576' title='bbox 3045 1441 3138 1494; x_wconf 84' lang='lat' dir='ltr'><strong>per</strong></span> <span class='ocrx_word' id='word_1_577' title='bbox 3181 1439 3243 1480; x_wconf 84' lang='lat' dir='ltr'><strong>ea</strong></span> <span class='ocrx_word' id='word_1_578' title='bbox 3287 1427 3339 1479; x_wconf 85' lang='lat' dir='ltr'><strong>in</strong></span> <span class='ocrx_word' id='word_1_579' title='bbox 3375 1429 3571 1496; x_wconf 79' lang='lat' dir='ltr'><strong>quibus</strong></span> <span class='ocrx_word' id='word_1_580' title='bbox 3600 1427 3721 1480; x_wconf 85' lang='lat' dir='ltr'><strong>aliis</strong></span> 
     </span>
    </p>
   </div>
   <div class='ocr_carea' id='block_1_75' title="bbox 2135 1514 3716 1584">
    <p class='ocr_par' dir='ltr' id='par_1_75' title="bbox 2135 1514 3716 1584">
     <span class='ocr_line' id='line_1_75' title="bbox 2135 1514 3716 1584; baseline 0.003 -20"><span class='ocrx_word' id='word_1_581' title='bbox 2135 1514 2332 1582; x_wconf 74' lang='lat' dir='ltr'><strong>primas</strong></span> <span class='ocrx_word' id='word_1_582' title='bbox 2391 1514 2670 1580; x_wconf 87' lang='lat' dir='ltr'><strong>cedimus,</strong></span> <span class='ocrx_word' id='word_1_583' title='bbox 2718 1516 2817 1584; x_wconf 89' lang='lat' dir='ltr'><strong>ipsi</strong></span> <span class='ocrx_word' id='word_1_584' title='bbox 2862 1515 3046 1582; x_wconf 82' lang='lat' dir='ltr'><strong>majori</strong></span> <span class='ocrx_word' id='word_1_585' title='bbox 3098 1517 3322 1570; x_wconf 78' lang='lat' dir='ltr'><strong>fruimur</strong></span> <span class='ocrx_word' id='word_1_586' title='bbox 3370 1515 3610 1578; x_wconf 84' lang='lat' dir='ltr'><strong>honore;</strong></span> <span class='ocrx_word' id='word_1_587' title='bbox 3660 1525 3716 1568; x_wconf 87' lang='lat' dir='ltr'><strong>et</strong></span> 
     </span>
    </p>
   </div>
   <div class='ocr_carea' id='block_1_76' title="bbox 2135 1606 3720 1677">
    <p class='ocr_par' dir='ltr' id='par_1_76' title="bbox 2135 1606 3720 1677">
     <span class='ocr_line' id='line_1_76' title="bbox 2135 1606 3720 1677; baseline 0.001 -19"><span class='ocrx_word' id='word_1_588' title='bbox 2135 1620 2226 1673; x_wconf 88' lang='lat' dir='ltr'><strong>per</strong></span> <span class='ocrx_word' id='word_1_589' title='bbox 2251 1621 2370 1674; x_wconf 66' lang='lat' dir='ltr'><strong>qua</strong></span> <span class='ocrx_word' id='word_1_590' title='bbox 2401 1607 2533 1661; x_wconf 86' lang='lat' dir='ltr'><strong>alios</strong></span> <span class='ocrx_word' id='word_1_591' title='bbox 2559 1606 2910 1677; x_wconf 72' lang='lat' dir='ltr'><strong>praeferimus,</strong></span> <span class='ocrx_word' id='word_1_592' title='bbox 2941 1608 3040 1676; x_wconf 87' lang='lat' dir='ltr'><strong>ipsi</strong></span> <span class='ocrx_word' id='word_1_593' title='bbox 3073 1608 3123 1662; x_wconf 90' lang='lat' dir='ltr'><strong>in</strong></span> <span class='ocrx_word' id='word_1_594' title='bbox 3147 1621 3414 1662; x_wconf 79' lang='lat' dir='ltr'><strong>sumntum</strong></span> <span class='ocrx_word' id='word_1_595' title='bbox 3459 1607 3720 1663; x_wconf 82' lang='lat' dir='ltr'><strong>honorem</strong></span> 
     </span>
    </p>
   </div>
   <div class='ocr_carea' id='block_1_77' title="bbox 2133 1693 3722 1765">
    <p class='ocr_par' dir='ltr' id='par_1_77' title="bbox 2133 1693 3722 1765">
     <span class='ocr_line' id='line_1_77' title="bbox 2133 1693 3722 1765; baseline 0.003 -18"><span class='ocrx_word' id='word_1_596' title='bbox 2133 1693 2449 1748; x_wconf 79' lang='lat' dir='ltr'><strong>evehimurl</strong></span> <span class='ocrx_word' id='word_1_597' title='bbox 2476 1695 2655 1765; x_wconf 83' lang='lat' dir='ltr'><strong>Itaque</strong></span> <span class='ocrx_word' id='word_1_598' title='bbox 2681 1697 2906 1751; x_wconf 83' lang='lat' dir='ltr'><strong>obsecro</strong></span> <span class='ocrx_word' id='word_1_599' title='bbox 2951 1706 3007 1750; x_wconf 91' lang='lat' dir='ltr'><strong>ut</strong></span> <span class='ocrx_word' id='word_1_600' title='bbox 3041 1697 3355 1752; x_wconf 68' lang='lat' dir='ltr'><strong>stuleamus</strong></span> <span class='ocrx_word' id='word_1_601' title='bbox 3396 1697 3593 1751; x_wconf 83' lang='lat' dir='ltr'><strong>imitari</strong></span> <span class='ocrx_word' id='word_1_602' title='bbox 3632 1712 3722 1765; x_wconf 55' lang='lat' dir='ltr'><strong>pa-</strong></span> 
     </span>
    </p>
   </div>
   <div class='ocr_carea' id='block_1_78' title="bbox 2137 1786 3722 1858">
    <p class='ocr_par' dir='ltr' id='par_1_78' title="bbox 2137 1786 3722 1858">
     <span class='ocr_line' id='line_1_78' title="bbox 2137 1786 3722 1858; baseline 0.004 -20"><span class='ocrx_word' id='word_1_603' title='bbox 2137 1786 2382 1840; x_wconf 65' lang='lat' dir='ltr'><strong>triarchaa</strong></span> <span class='ocrx_word' id='word_1_604' title='bbox 2412 1786 2786 1854; x_wconf 88' lang='lat' dir='ltr'><strong>humilitatem,</strong></span> <span class='ocrx_word' id='word_1_605' title='bbox 2815 1797 2869 1842; x_wconf 90' lang='lat' dir='ltr'><strong>et</strong></span> <span class='ocrx_word' id='word_1_606' title='bbox 2894 1790 3044 1856; x_wconf 88' lang='lat' dir='ltr'><strong>sequi</strong></span> <span class='ocrx_word' id='word_1_607' title='bbox 3073 1789 3290 1858; x_wconf 82' lang='lat' dir='ltr'><strong>vestigia</strong></span> <span class='ocrx_word' id='word_1_608' title='bbox 3315 1789 3454 1857; x_wconf 85' lang='lat' dir='ltr'><strong>ejus,</strong></span> <span class='ocrx_word' id='word_1_609' title='bbox 3475 1789 3566 1858; x_wconf 88' lang='lat' dir='ltr'><strong>qui</strong></span> <span class='ocrx_word' id='word_1_610' title='bbox 3597 1799 3722 1844; x_wconf 79' lang='lat' dir='ltr'><strong>ante</strong></span> 
     </span>
    </p>
   </div>
   <div class='ocr_carea' id='block_1_79' title="bbox 2135 1878 3722 1949">
    <p class='ocr_par' dir='ltr' id='par_1_79' title="bbox 2135 1878 3722 1949">
     <span class='ocr_line' id='line_1_79' title="bbox 2135 1878 3722 1949; baseline 0.001 -19"><span class='ocrx_word' id='word_1_611' title='bbox 2135 1878 2307 1946; x_wconf 84' lang='lat' dir='ltr'><strong>legem</strong></span> <span class='ocrx_word' id='word_1_612' title='bbox 2338 1888 2536 1932; x_wconf 87' lang='lat' dir='ltr'><strong>tantam</strong></span> <span class='ocrx_word' id='word_1_613' title='bbox 2570 1880 2960 1948; x_wconf 77' lang='lat' dir='ltr'><strong>philosophiam</strong></span> <span class='ocrx_word' id='word_1_614' title='bbox 2986 1895 3094 1949; x_wconf 71' lang='lat' dir='ltr'><strong>pra:</strong></span> <span class='ocrx_word' id='word_1_615' title='bbox 3137 1895 3197 1933; x_wconf 86' lang='lat' dir='ltr'><strong>se</strong></span> <span class='ocrx_word' id='word_1_616' title='bbox 3241 1879 3376 1945; x_wconf 87' lang='lat' dir='ltr'><strong>tulit,</strong></span> <span class='ocrx_word' id='word_1_617' title='bbox 3401 1893 3498 1934; x_wconf 87' lang='lat' dir='ltr'><strong>nos</strong></span> <span class='ocrx_word' id='word_1_618' title='bbox 3539 1880 3630 1948; x_wconf 88' lang='lat' dir='ltr'><strong>qui</strong></span> <span class='ocrx_word' id='word_1_619' title='bbox 3670 1880 3722 1933; x_wconf 89' lang='lat' dir='ltr'><strong>itt</strong></span> 
     </span>
    </p>
   </div>
   <div class='ocr_carea' id='block_1_80' title="bbox 2132 1968 3722 2038">
    <p class='ocr_par' dir='ltr' id='par_1_80' title="bbox 2132 1968 3722 2038">
     <span class='ocr_line' id='line_1_80' title="bbox 2132 1968 3722 2038; baseline 0.001 -18"><span class='ocrx_word' id='word_1_620' title='bbox 2132 1970 2297 2035; x_wconf 81' lang='lat' dir='ltr'><strong>gratia</strong></span> <span class='ocrx_word' id='word_1_621' title='bbox 2325 1983 2621 2022; x_wconf 82' lang='lat' dir='ltr'><strong>versamur.</strong></span> <span class='ocrx_word' id='word_1_622' title='bbox 2654 1968 2754 2023; x_wconf 81' lang='lat' dir='ltr'><strong>Ista</strong></span> <span class='ocrx_word' id='word_1_623' title='bbox 2776 1969 2920 2022; x_wconf 86' lang='lat' dir='ltr'><strong>enim</strong></span> <span class='ocrx_word' id='word_1_624' title='bbox 2963 1984 3087 2024; x_wconf 86' lang='lat' dir='ltr'><strong>vera</strong></span> <span class='ocrx_word' id='word_1_625' title='bbox 3110 1978 3194 2024; x_wconf 85' lang='lat' dir='ltr'><strong>est</strong></span> <span class='ocrx_word' id='word_1_626' title='bbox 3221 1969 3522 2034; x_wconf 79' lang='lat' dir='ltr'><strong>humilitas,</strong></span> <span class='ocrx_word' id='word_1_627' title='bbox 3563 1984 3722 2038; x_wconf 83' lang='lat' dir='ltr'><strong>quant</strong></span> 
     </span>
    </p>
   </div>
   <div class='ocr_carea' id='block_1_81' title="bbox 2139 2058 3725 2128">
    <p class='ocr_par' dir='ltr' id='par_1_81' title="bbox 2139 2058 3725 2128">
     <span class='ocr_line' id='line_1_81' title="bbox 2139 2058 3725 2128; baseline 0.001 -18"><span class='ocrx_word' id='word_1_628' title='bbox 2139 2060 2364 2112; x_wconf 77' lang='lat' dir='ltr'><strong>eximius</strong></span> <span class='ocrx_word' id='word_1_629' title='bbox 2395 2059 2488 2114; x_wconf 77' lang='lat' dir='ltr'><strong>ille</strong></span> <span class='ocrx_word' id='word_1_630' title='bbox 2508 2060 2592 2113; x_wconf 79' lang='lat' dir='ltr'><strong>vir</strong></span> <span class='ocrx_word' id='word_1_631' title='bbox 2614 2059 2900 2113; x_wconf 71' lang='lat' dir='ltr'><strong>deciaravit</strong></span> <span class='ocrx_word' id='word_1_632' title='bbox 2926 2073 3050 2128; x_wconf 81' lang='lat' dir='ltr'><strong>erga</strong></span> <span class='ocrx_word' id='word_1_633' title='bbox 3079 2074 3201 2115; x_wconf 86' lang='lat' dir='ltr'><strong>eum</strong></span> <span class='ocrx_word' id='word_1_634' title='bbox 3227 2059 3315 2128; x_wconf 85' lang='lat' dir='ltr'><strong>qui</strong></span> <span class='ocrx_word' id='word_1_635' title='bbox 3344 2060 3512 2113; x_wconf 84' lang='lat' dir='ltr'><strong>multo</strong></span> <span class='ocrx_word' id='word_1_636' title='bbox 3543 2075 3603 2112; x_wconf 88' lang='lat' dir='ltr'><strong>se</strong></span> <span class='ocrx_word' id='word_1_637' title='bbox 3627 2058 3725 2112; x_wconf 88' lang='lat' dir='ltr'><strong>fuit</strong></span> 
     </span>
    </p>
   </div>
   <div class='ocr_carea' id='block_1_82' title="bbox 2133 2149 3721 2218">
    <p class='ocr_par' dir='ltr' id='par_1_82' title="bbox 2133 2149 3721 2218">
     <span class='ocr_line' id='line_1_82' title="bbox 2133 2149 3721 2218; baseline -0.002 -14"><span class='ocrx_word' id='word_1_638' title='bbox 2133 2151 2372 2214; x_wconf 86' lang='lat' dir='ltr'><strong>inferior,</strong></span> <span class='ocrx_word' id='word_1_639' title='bbox 2406 2165 2514 2205; x_wconf 79' lang='lat' dir='ltr'><strong>non</strong></span> <span class='ocrx_word' id='word_1_640' title='bbox 2539 2153 2714 2205; x_wconf 85' lang='lat' dir='ltr'><strong>solum</strong></span> <span class='ocrx_word' id='word_1_641' title='bbox 2736 2151 2806 2205; x_wconf 87' lang='lat' dir='ltr'><strong>ob</strong></span> <span class='ocrx_word' id='word_1_642' title='bbox 2826 2152 3035 2204; x_wconf 80' lang='lat' dir='ltr'><strong>virtutis</strong></span> <span class='ocrx_word' id='word_1_643' title='bbox 3065 2151 3322 2204; x_wconf 86' lang='lat' dir='ltr'><strong>rationem</strong></span> <span class='ocrx_word' id='word_1_644' title='bbox 3345 2191 3360 2215; x_wconf 92' lang='lat'><strong>,</strong></span> <span class='ocrx_word' id='word_1_645' title='bbox 3387 2149 3485 2203; x_wconf 79' lang='lat' dir='ltr'><strong>sed</strong></span> <span class='ocrx_word' id='word_1_646' title='bbox 3515 2160 3569 2203; x_wconf 91' lang='lat' dir='ltr'><strong>et</strong></span> <span class='ocrx_word' id='word_1_647' title='bbox 3593 2165 3721 2218; x_wconf 83' lang='lat' dir='ltr'><strong>pro-</strong></span> 
     </span>
    </p>
   </div>
   <div class='ocr_carea' id='block_1_83' title="bbox 2133 2240 3721 2310">
    <p class='ocr_par' dir='ltr' id='par_1_83' title="bbox 2133 2240 3721 2310">
     <span class='ocr_line' id='line_1_83' title="bbox 2133 2240 3721 2310; baseline 0 -17"><span class='ocrx_word' id='word_1_648' title='bbox 2133 2248 2252 2308; x_wconf 87' lang='lat' dir='ltr'><strong>pter</strong></span> <span class='ocrx_word' id='word_1_649' title='bbox 2279 2249 2489 2295; x_wconf 78' lang='lat' dir='ltr'><strong>artatent</strong></span> <span class='ocrx_word' id='word_1_650' title='bbox 2511 2249 2567 2294; x_wconf 79' lang='lat' dir='ltr'><strong>et</strong></span> <span class='ocrx_word' id='word_1_651' title='bbox 2583 2242 2687 2295; x_wconf 86' lang='lat' dir='ltr'><strong>alia</strong></span> <span class='ocrx_word' id='word_1_652' title='bbox 2711 2241 2912 2295; x_wconf 72' lang='lat' dir='ltr'><strong>nuntia.</strong></span> <span class='ocrx_word' id='word_1_653' title='bbox 2942 2240 3128 2310; x_wconf 78' lang='lat' dir='ltr'><strong>Cogita</strong></span> <span class='ocrx_word' id='word_1_654' title='bbox 3151 2240 3300 2296; x_wconf 80' lang='lat' dir='ltr'><strong>enim</strong></span> <span class='ocrx_word' id='word_1_655' title='bbox 3323 2255 3506 2294; x_wconf 84' lang='lat' dir='ltr'><strong>senem</strong></span> <span class='ocrx_word' id='word_1_656' title='bbox 3533 2240 3721 2308; x_wconf 80' lang='lat' dir='ltr'><strong>juveni</strong></span> 
     </span>
    </p>
   </div>
   <div class='ocr_carea' id='block_1_84' title="bbox 2131 2332 3722 2402">
    <p class='ocr_par' dir='ltr' id='par_1_84' title="bbox 2131 2332 3722 2402">
     <span class='ocr_line' id='line_1_84' title="bbox 2131 2332 3722 2402; baseline -0.001 -18"><span class='ocrx_word' id='word_1_657' title='bbox 2131 2333 2380 2395; x_wconf 77' lang='lat' dir='ltr'><strong>cessisse,</strong></span> <span class='ocrx_word' id='word_1_658' title='bbox 2410 2341 2463 2386; x_wconf 89' lang='lat' dir='ltr'><strong>et</strong></span> <span class='ocrx_word' id='word_1_659' title='bbox 2513 2341 2758 2402; x_wconf 70' lang='lat' dir='ltr'><strong>patruum</strong></span> <span class='ocrx_word' id='word_1_660' title='bbox 2815 2332 2995 2386; x_wconf 63' lang='lat' dir='ltr'><strong>fratris</strong></span> <span class='ocrx_word' id='word_1_661' title='bbox 3042 2332 3169 2398; x_wconf 85' lang='lat' dir='ltr'><strong>lilio,</strong></span> <span class='ocrx_word' id='word_1_662' title='bbox 3201 2339 3253 2386; x_wconf 88' lang='lat' dir='ltr'><strong>et</strong></span> <span class='ocrx_word' id='word_1_663' title='bbox 3303 2332 3396 2400; x_wconf 88' lang='lat' dir='ltr'><strong>qui</strong></span> <span class='ocrx_word' id='word_1_664' title='bbox 3439 2339 3640 2384; x_wconf 80' lang='lat' dir='ltr'><strong>tantam</strong></span> <span class='ocrx_word' id='word_1_665' title='bbox 3694 2345 3722 2382; x_wconf 88' lang='lat' dir='ltr'><strong>a</strong></span> 
     </span>
    </p>
   </div>
   <div class='ocr_carea' id='block_1_85' title="bbox 2137 2423 3724 2493">
    <p class='ocr_par' dir='ltr' id='par_1_85' title="bbox 2137 2423 3724 2493">
     <span class='ocr_line' id='line_1_85' title="bbox 2137 2423 3724 2493; baseline -0.001 -17"><span class='ocrx_word' id='word_1_666' title='bbox 2137 2423 2243 2476; x_wconf 77' lang='lat' dir='ltr'><strong>Deo</strong></span> <span class='ocrx_word' id='word_1_667' title='bbox 2264 2424 2484 2476; x_wconf 84' lang='lat' dir='ltr'><strong>sortitus</strong></span> <span class='ocrx_word' id='word_1_668' title='bbox 2521 2435 2636 2478; x_wconf 85' lang='lat' dir='ltr'><strong>erat</strong></span> <span class='ocrx_word' id='word_1_669' title='bbox 2663 2425 2906 2492; x_wconf 80' lang='lat' dir='ltr'><strong>gratiam,</strong></span> <span class='ocrx_word' id='word_1_670' title='bbox 2930 2424 2980 2477; x_wconf 77' lang='lat' dir='ltr'><strong>ei</strong></span> <span class='ocrx_word' id='word_1_671' title='bbox 3001 2425 3092 2493; x_wconf 84' lang='lat' dir='ltr'><strong>qui</strong></span> <span class='ocrx_word' id='word_1_672' title='bbox 3132 2425 3185 2478; x_wconf 81' lang='lat' dir='ltr'><strong>in</strong></span> <span class='ocrx_word' id='word_1_673' title='bbox 3213 2423 3352 2478; x_wconf 76' lang='lat' dir='ltr'><strong>nulla</strong></span> <span class='ocrx_word' id='word_1_674' title='bbox 3393 2437 3451 2476; x_wconf 86' lang='lat' dir='ltr'><strong>re</strong></span> <span class='ocrx_word' id='word_1_675' title='bbox 3476 2437 3724 2491; x_wconf 79' lang='lat' dir='ltr'><strong>magnam</strong></span> 
     </span>
    </p>
   </div>
   <div class='ocr_carea' id='block_1_86' title="bbox 2132 2511 3726 2584">
    <p class='ocr_par' dir='ltr' id='par_1_86' title="bbox 2132 2511 3726 2584">
     <span class='ocr_line' id='line_1_86' title="bbox 2132 2511 3726 2584; baseline 0.001 -21"><span class='ocrx_word' id='word_1_676' title='bbox 2132 2513 2345 2582; x_wconf 81' lang='lat' dir='ltr'><strong>aliquod</strong></span> <span class='ocrx_word' id='word_1_677' title='bbox 2394 2515 2661 2584; x_wconf 84' lang='lat' dir='ltr'><strong>specimen</strong></span> <span class='ocrx_word' id='word_1_678' title='bbox 2704 2516 3048 2583; x_wconf 68' lang='lat' dir='ltr'><strong>praebuerat:</strong></span> <span class='ocrx_word' id='word_1_679' title='bbox 3079 2523 3133 2567; x_wconf 80' lang='lat' dir='ltr'><strong>et</strong></span> <span class='ocrx_word' id='word_1_680' title='bbox 3177 2529 3239 2568; x_wconf 90' lang='lat' dir='ltr'><strong>ea</strong></span> <span class='ocrx_word' id='word_1_681' title='bbox 3282 2529 3402 2582; x_wconf 67' lang='lat' dir='ltr'><strong>quae</strong></span> <span class='ocrx_word' id='word_1_682' title='bbox 3442 2511 3726 2581; x_wconf 79' lang='lat' dir='ltr'><strong>oportebat</strong></span> 
     </span>
    </p>
   </div>
   <div class='ocr_carea' id='block_1_87' title="bbox 2135 2599 3719 2671">
    <p class='ocr_par' dir='ltr' id='par_1_87' title="bbox 2135 2599 3719 2671">
     <span class='ocr_line' id='line_1_87' title="bbox 2135 2599 3719 2671; baseline -0.001 -16"><span class='ocrx_word' id='word_1_683' title='bbox 2135 2603 2281 2657; x_wconf 86' lang='lat' dir='ltr'><strong>illum</strong></span> <span class='ocrx_word' id='word_1_684' title='bbox 2309 2603 2510 2668; x_wconf 87' lang='lat' dir='ltr'><strong>dicere,</strong></span> <span class='ocrx_word' id='word_1_685' title='bbox 2534 2613 2590 2656; x_wconf 91' lang='lat' dir='ltr'><strong>ut</strong></span> <span class='ocrx_word' id='word_1_686' title='bbox 2607 2604 2855 2671; x_wconf 81' lang='lat' dir='ltr'><strong>juvenem</strong></span> <span class='ocrx_word' id='word_1_687' title='bbox 2887 2603 2952 2656; x_wconf 87' lang='lat' dir='ltr'><strong>ad</strong></span> <span class='ocrx_word' id='word_1_688' title='bbox 2973 2617 3154 2657; x_wconf 77' lang='lat' dir='ltr'><strong>servem</strong></span> <span class='ocrx_word' id='word_1_689' title='bbox 3181 2612 3336 2656; x_wconf 65' lang='lat' dir='ltr'><strong>aetate</strong></span> <span class='ocrx_word' id='word_1_690' title='bbox 3365 2611 3419 2654; x_wconf 87' lang='lat' dir='ltr'><strong>et</strong></span> <span class='ocrx_word' id='word_1_691' title='bbox 3441 2599 3719 2671; x_wconf 80' lang='lat' dir='ltr'><strong>dignitate,</strong></span> 
     </span>
    </p>
   </div>
   <div class='ocr_carea' id='block_1_88' title="bbox 2134 2693 3725 2763">
    <p class='ocr_par' dir='ltr' id='par_1_88' title="bbox 2134 2693 3725 2763">
     <span class='ocr_line' id='line_1_88' title="bbox 2134 2693 3725 2763; baseline 0 -17"><span class='ocrx_word' id='word_1_692' title='bbox 2134 2704 2189 2746; x_wconf 79' lang='lat' dir='ltr'><strong>et</strong></span> <span class='ocrx_word' id='word_1_693' title='bbox 2221 2705 2487 2762; x_wconf 87' lang='lat' dir='ltr'><strong>patruum,</strong></span> <span class='ocrx_word' id='word_1_694' title='bbox 2506 2695 2589 2747; x_wconf 91' lang='lat' dir='ltr'><strong>illa</strong></span> <span class='ocrx_word' id='word_1_695' title='bbox 2621 2695 2976 2762; x_wconf 70' lang='lat' dir='ltr'><strong>patr‘iarcham</strong></span> <span class='ocrx_word' id='word_1_696' title='bbox 3003 2694 3181 2763; x_wconf 87' lang='lat' dir='ltr'><strong>juveni</strong></span> <span class='ocrx_word' id='word_1_697' title='bbox 3203 2693 3420 2747; x_wconf 75' lang='lat' dir='ltr'><strong>dixisse.</strong></span> <span class='ocrx_word' id='word_1_698' title='bbox 3447 2693 3612 2762; x_wconf 79' lang='lat' dir='ltr'><strong>Igitur</strong></span> <span class='ocrx_word' id='word_1_699' title='bbox 3629 2706 3725 2746; x_wconf 83' lang='lat' dir='ltr'><strong>nos</strong></span> 
     </span>
    </p>
   </div>
   <div class='ocr_carea' id='block_1_89' title="bbox 2135 2783 3720 2852">
    <p class='ocr_par' dir='ltr' id='par_1_89' title="bbox 2135 2783 3720 2852">
     <span class='ocr_line' id='line_1_89' title="bbox 2135 2783 3720 2852; baseline 0.003 -17"><span class='ocrx_word' id='word_1_700' title='bbox 2135 2799 2345 2852; x_wconf 84' lang='lat' dir='ltr'><strong>quoque</strong></span> <span class='ocrx_word' id='word_1_701' title='bbox 2380 2803 2488 2842; x_wconf 88' lang='lat' dir='ltr'><strong>non</strong></span> <span class='ocrx_word' id='word_1_702' title='bbox 2509 2787 2795 2851; x_wconf 83' lang='lat' dir='ltr'><strong>eistatum,</strong></span> <span class='ocrx_word' id='word_1_703' title='bbox 2833 2785 2925 2852; x_wconf 89' lang='lat' dir='ltr'><strong>qui</strong></span> <span class='ocrx_word' id='word_1_704' title='bbox 2944 2794 3099 2838; x_wconf 72' lang='lat' dir='ltr'><strong>:etate</strong></span> <span class='ocrx_word' id='word_1_705' title='bbox 3126 2784 3278 2837; x_wconf 88' lang='lat' dir='ltr'><strong>nobis</strong></span> <span class='ocrx_word' id='word_1_706' title='bbox 3304 2793 3427 2837; x_wconf 88' lang='lat' dir='ltr'><strong>sunt</strong></span> <span class='ocrx_word' id='word_1_707' title='bbox 3454 2783 3690 2851; x_wconf 84' lang='lat' dir='ltr'><strong>majores</strong></span> <span class='ocrx_word' id='word_1_708' title='bbox 3708 2824 3720 2840; x_wconf 92' lang='lat'><strong>.</strong></span> 
     </span>
    </p>
   </div>
   <div class='ocr_carea' id='block_1_90' title="bbox 2139 2871 3723 2940">
    <p class='ocr_par' dir='ltr' id='par_1_90' title="bbox 2139 2871 3723 2940">
     <span class='ocr_line' id='line_1_90' title="bbox 2139 2871 3723 2940; baseline 0.001 -17"><span class='ocrx_word' id='word_1_709' title='bbox 2139 2873 2222 2925; x_wconf 88' lang='lat' dir='ltr'><strong>vel</strong></span> <span class='ocrx_word' id='word_1_710' title='bbox 2242 2873 2402 2925; x_wconf 84' lang='lat' dir='ltr'><strong>etiam</strong></span> <span class='ocrx_word' id='word_1_711' title='bbox 2461 2875 2713 2940; x_wconf 75' lang='lat' dir='ltr'><strong>a-quales,</strong></span> <span class='ocrx_word' id='word_1_712' title='bbox 2741 2873 2996 2926; x_wconf 85' lang='lat' dir='ltr'><strong>honorem</strong></span> <span class='ocrx_word' id='word_1_713' title='bbox 3051 2873 3417 2926; x_wconf 72' lang='lat' dir='ltr'><strong>exhibeamus.</strong></span> <span class='ocrx_word' id='word_1_714' title='bbox 3469 2871 3586 2927; x_wconf 79' lang='lat' dir='ltr'><strong>Non</strong></span> <span class='ocrx_word' id='word_1_715' title='bbox 3640 2882 3723 2925; x_wconf 62' lang='lat' dir='ltr'><strong>est</strong></span> 
     </span>
    </p>
   </div>
   <div class='ocr_carea' id='block_1_91' title="bbox 2135 2963 3720 3033">
    <p class='ocr_par' dir='ltr' id='par_1_91' title="bbox 2135 2963 3720 3033">
     <span class='ocr_line' id='line_1_91' title="bbox 2135 2963 3720 3033; baseline -0.003 -16"><span class='ocrx_word' id='word_1_716' title='bbox 2135 2965 2275 3017; x_wconf 80' lang='lat' dir='ltr'><strong>enim</strong></span> <span class='ocrx_word' id='word_1_717' title='bbox 2326 2965 2592 3018; x_wconf 83' lang='lat' dir='ltr'><strong>humilitas</strong></span> <span class='ocrx_word' id='word_1_718' title='bbox 2616 3006 2630 3029; x_wconf 93' lang='lat'><strong>,</strong></span> <span class='ocrx_word' id='word_1_719' title='bbox 2666 2965 2841 3018; x_wconf 84' lang='lat' dir='ltr'><strong>facere</strong></span> <span class='ocrx_word' id='word_1_720' title='bbox 2883 2964 3022 3033; x_wconf 87' lang='lat' dir='ltr'><strong>quod</strong></span> <span class='ocrx_word' id='word_1_721' title='bbox 3063 2965 3382 3018; x_wconf 79' lang='lat' dir='ltr'><strong>necessitate</strong></span> <span class='ocrx_word' id='word_1_722' title='bbox 3428 2963 3595 3018; x_wconf 82' lang='lat' dir='ltr'><strong>debes</strong></span> <span class='ocrx_word' id='word_1_723' title='bbox 3636 2963 3720 3014; x_wconf 83' lang='lat' dir='ltr'><strong>vel</strong></span> 
     </span>
    </p>
   </div>
   <div class='ocr_carea' id='block_1_92' title="bbox 2135 3054 3719 3124">
    <p class='ocr_par' dir='ltr' id='par_1_92' title="bbox 2135 3054 3719 3124">
     <span class='ocr_line' id='line_1_92' title="bbox 2135 3054 3719 3124; baseline -0.001 -18"><span class='ocrx_word' id='word_1_724' title='bbox 2135 3054 2342 3121; x_wconf 83' lang='lat' dir='ltr'><strong>cogeris</strong></span> <span class='ocrx_word' id='word_1_725' title='bbox 2373 3072 2385 3106; x_wconf 92' lang='lat'>:</span> <span class='ocrx_word' id='word_1_726' title='bbox 2412 3055 2533 3120; x_wconf 72' lang='lat' dir='ltr'><strong>hoc,</strong></span> <span class='ocrx_word' id='word_1_727' title='bbox 2558 3055 2792 3124; x_wconf 82' lang='lat' dir='ltr'><strong>inquam,</strong></span> <span class='ocrx_word' id='word_1_728' title='bbox 2817 3072 2922 3108; x_wconf 84' lang='lat' dir='ltr'><strong>non</strong></span> <span class='ocrx_word' id='word_1_729' title='bbox 2947 3064 3028 3108; x_wconf 86' lang='lat' dir='ltr'><strong>est</strong></span> <span class='ocrx_word' id='word_1_730' title='bbox 3051 3056 3384 3121; x_wconf 83' lang='lat' dir='ltr'><strong>humilitatis,</strong></span> <span class='ocrx_word' id='word_1_731' title='bbox 3414 3054 3508 3110; x_wconf 83' lang='lat' dir='ltr'><strong>sed</strong></span> <span class='ocrx_word' id='word_1_732' title='bbox 3535 3055 3719 3108; x_wconf 80' lang='lat' dir='ltr'><strong>debiti.</strong></span> 
     </span>
    </p>
   </div>
   <div class='ocr_carea' id='block_1_93' title="bbox 2138 3145 3722 3217">
    <p class='ocr_par' dir='ltr' id='par_1_93' title="bbox 2138 3145 3722 3217">
     <span class='ocr_line' id='line_1_93' title="bbox 2138 3145 3722 3217; baseline 0.001 -19"><span class='ocrx_word' id='word_1_733' title='bbox 2138 3145 2274 3199; x_wconf 74' lang='lat' dir='ltr'><strong>Vera</strong></span> <span class='ocrx_word' id='word_1_734' title='bbox 2318 3155 2492 3199; x_wconf 81' lang='lat' dir='ltr'><strong>autem</strong></span> <span class='ocrx_word' id='word_1_735' title='bbox 2541 3146 2813 3200; x_wconf 72' lang='lat' dir='ltr'><strong>humilius</strong></span> <span class='ocrx_word' id='word_1_736' title='bbox 2853 3155 2972 3209; x_wconf 87' lang='lat' dir='ltr'><strong>est,</strong></span> <span class='ocrx_word' id='word_1_737' title='bbox 3002 3146 3221 3215; x_wconf 84' lang='lat' dir='ltr'><strong>quando</strong></span> <span class='ocrx_word' id='word_1_738' title='bbox 3256 3145 3496 3199; x_wconf 83' lang='lat' dir='ltr'><strong>cedimus</strong></span> <span class='ocrx_word' id='word_1_739' title='bbox 3529 3146 3596 3199; x_wconf 79' lang='lat' dir='ltr'><strong>iis</strong></span> <span class='ocrx_word' id='word_1_740' title='bbox 3634 3145 3722 3217; x_wconf 77' lang='lat' dir='ltr'><strong>qui</strong></span> 
     </span>
    </p>
   </div>
   <div class='ocr_carea' id='block_1_94' title="bbox 2137 3235 3722 3303">
    <p class='ocr_par' dir='ltr' id='par_1_94' title="bbox 2137 3235 3722 3303">
     <span class='ocr_line' id='line_1_94' title="bbox 2137 3235 3722 3303; baseline 0 -15"><span class='ocrx_word' id='word_1_741' title='bbox 2137 3237 2289 3288; x_wconf 89' lang='lat' dir='ltr'><strong>nobis</strong></span> <span class='ocrx_word' id='word_1_742' title='bbox 2320 3235 2564 3289; x_wconf 78' lang='lat' dir='ltr'><strong>videntur</strong></span> <span class='ocrx_word' id='word_1_743' title='bbox 2593 3251 2712 3290; x_wconf 85' lang='lat' dir='ltr'><strong>esse</strong></span> <span class='ocrx_word' id='word_1_744' title='bbox 2735 3236 3003 3299; x_wconf 86' lang='lat' dir='ltr'><strong>minores,</strong></span> <span class='ocrx_word' id='word_1_745' title='bbox 3035 3245 3091 3289; x_wconf 81' lang='lat' dir='ltr'><strong>et</strong></span> <span class='ocrx_word' id='word_1_746' title='bbox 3127 3249 3222 3289; x_wconf 84' lang='lat' dir='ltr'><strong>eos</strong></span> <span class='ocrx_word' id='word_1_747' title='bbox 3264 3248 3587 3288; x_wconf 85' lang='lat' dir='ltr'><strong>veneramur</strong></span> <span class='ocrx_word' id='word_1_748' title='bbox 3631 3238 3722 3303; x_wconf 90' lang='lat' dir='ltr'><strong>qui</strong></span> 
     </span>
    </p>
   </div>
   <div class='ocr_carea' id='block_1_95' title="bbox 2137 3323 3721 3393">
    <p class='ocr_par' dir='ltr' id='par_1_95' title="bbox 2137 3323 3721 3393">
     <span class='ocr_line' id='line_1_95' title="bbox 2137 3323 3721 3393; baseline 0 -16"><span class='ocrx_word' id='word_1_749' title='bbox 2137 3327 2290 3378; x_wconf 86' lang='lat' dir='ltr'><strong>nobis</strong></span> <span class='ocrx_word' id='word_1_750' title='bbox 2317 3324 2599 3380; x_wconf 89' lang='lat' dir='ltr'><strong>inferiores</strong></span> <span class='ocrx_word' id='word_1_751' title='bbox 2627 3339 2747 3379; x_wconf 86' lang='lat' dir='ltr'><strong>esse</strong></span> <span class='ocrx_word' id='word_1_752' title='bbox 2773 3324 3200 3391; x_wconf 77' lang='lat' dir='ltr'><strong>videntur.Quod</strong></span> <span class='ocrx_word' id='word_1_753' title='bbox 3224 3325 3268 3378; x_wconf 87' lang='lat' dir='ltr'><strong>si</strong></span> <span class='ocrx_word' id='word_1_754' title='bbox 3291 3331 3435 3378; x_wconf 82' lang='lat' dir='ltr'><strong>recte</strong></span> <span class='ocrx_word' id='word_1_755' title='bbox 3459 3323 3721 3393; x_wconf 83' lang='lat' dir='ltr'><strong>sapimus,</strong></span> 
     </span>
    </p>
   </div>
   <div class='ocr_carea' id='block_1_96' title="bbox 2137 3408 3724 3476">
    <p class='ocr_par' dir='ltr' id='par_1_96' title="bbox 2137 3408 3724 3476">
     <span class='ocr_line' id='line_1_96' title="bbox 2137 3408 3724 3476; baseline -0.001 -9"><span class='ocrx_word' id='word_1_756' title='bbox 2137 3416 2309 3468; x_wconf 84' lang='lat' dir='ltr'><strong>nullos</strong></span> <span class='ocrx_word' id='word_1_757' title='bbox 2333 3416 2490 3467; x_wconf 87' lang='lat' dir='ltr'><strong>etiam</strong></span> <span class='ocrx_word' id='word_1_758' title='bbox 2522 3416 2674 3468; x_wconf 84' lang='lat' dir='ltr'><strong>nobis</strong></span> <span class='ocrx_word' id='word_1_759' title='bbox 2695 3428 2815 3469; x_wconf 87' lang='lat' dir='ltr'><strong>esse</strong></span> <span class='ocrx_word' id='word_1_760' title='bbox 2842 3415 3074 3468; x_wconf 86' lang='lat' dir='ltr'><strong>minores</strong></span> <span class='ocrx_word' id='word_1_761' title='bbox 3099 3413 3492 3476; x_wconf 71' lang='lat' dir='ltr'><strong>arbitrabimur,</strong></span> <span class='ocrx_word' id='word_1_762' title='bbox 3509 3414 3601 3468; x_wconf 86' lang='lat' dir='ltr'><strong>sed</strong></span> <span class='ocrx_word' id='word_1_763' title='bbox 3626 3408 3724 3466; x_wconf 79' lang='lat' dir='ltr'><strong>nos</strong></span> 
     </span>
    </p>
   </div>
   <div class='ocr_carea' id='block_1_97' title="bbox 2136 3502 3726 3572">
    <p class='ocr_par' dir='ltr' id='par_1_97' title="bbox 2136 3502 3726 3572">
     <span class='ocr_line' id='line_1_97' title="bbox 2136 3502 3726 3572; baseline 0.001 -16"><span class='ocrx_word' id='word_1_764' title='bbox 2136 3505 2378 3572; x_wconf 87' lang='lat' dir='ltr'><strong>superari</strong></span> <span class='ocrx_word' id='word_1_765' title='bbox 2409 3506 2477 3559; x_wconf 88' lang='lat' dir='ltr'><strong>ab</strong></span> <span class='ocrx_word' id='word_1_766' title='bbox 2500 3504 2752 3559; x_wconf 85' lang='lat' dir='ltr'><strong>omnibus</strong></span> <span class='ocrx_word' id='word_1_767' title='bbox 2777 3503 3084 3558; x_wconf 80' lang='lat' dir='ltr'><strong>hominibus</strong></span> <span class='ocrx_word' id='word_1_768' title='bbox 3110 3502 3368 3557; x_wconf 81' lang='lat' dir='ltr'><strong>dicemus.</strong></span> <span class='ocrx_word' id='word_1_769' title='bbox 3390 3503 3454 3556; x_wconf 84' lang='lat' dir='ltr'><strong>Et</strong></span> <span class='ocrx_word' id='word_1_770' title='bbox 3475 3503 3580 3556; x_wconf 88' lang='lat' dir='ltr'><strong>hoc</strong></span> <span class='ocrx_word' id='word_1_771' title='bbox 3605 3503 3726 3557; x_wconf 87' lang='lat' dir='ltr'><strong>dico</strong></span> 
     </span>
    </p>
   </div>
   <div class='ocr_carea' id='block_1_98' title="bbox 2138 3592 3724 3662">
    <p class='ocr_par' dir='ltr' id='par_1_98' title="bbox 2138 3592 3724 3662">
     <span class='ocr_line' id='line_1_98' title="bbox 2138 3592 3724 3662; baseline 0.001 -18"><span class='ocrx_word' id='word_1_772' title='bbox 2138 3607 2247 3646; x_wconf 88' lang='lat' dir='ltr'><strong>non</strong></span> <span class='ocrx_word' id='word_1_773' title='bbox 2271 3594 2337 3648; x_wconf 87' lang='lat' dir='ltr'><strong>de</strong></span> <span class='ocrx_word' id='word_1_774' title='bbox 2358 3594 2532 3660; x_wconf 87' lang='lat' dir='ltr'><strong>nobis,</strong></span> <span class='ocrx_word' id='word_1_775' title='bbox 2550 3593 2639 3662; x_wconf 86' lang='lat' dir='ltr'><strong>qui</strong></span> <span class='ocrx_word' id='word_1_776' title='bbox 2667 3594 2959 3648; x_wconf 85' lang='lat' dir='ltr'><strong>innumeris</strong></span> <span class='ocrx_word' id='word_1_777' title='bbox 2980 3592 3215 3647; x_wconf 82' lang='lat' dir='ltr'><strong>immersi</strong></span> <span class='ocrx_word' id='word_1_778' title='bbox 3245 3607 3432 3646; x_wconf 73' lang='lat' dir='ltr'><strong>sumus</strong></span> <span class='ocrx_word' id='word_1_779' title='bbox 3451 3595 3687 3662; x_wconf 80' lang='lat' dir='ltr'><strong>peccatis</strong></span> <span class='ocrx_word' id='word_1_780' title='bbox 3709 3613 3724 3646; x_wconf 88' lang='lat'><strong>:</strong></span> 
     </span>
    </p>
   </div>
   <div class='ocr_carea' id='block_1_99' title="bbox 2136 3683 3726 3754">
    <p class='ocr_par' dir='ltr' id='par_1_99' title="bbox 2136 3683 3726 3754">
     <span class='ocr_line' id='line_1_99' title="bbox 2136 3683 3726 3754; baseline 0 -17"><span class='ocrx_word' id='word_1_781' title='bbox 2136 3683 2229 3737; x_wconf 88' lang='lat' dir='ltr'><strong>sed</strong></span> <span class='ocrx_word' id='word_1_782' title='bbox 2257 3684 2464 3738; x_wconf 85' lang='lat' dir='ltr'><strong>etiamsi</strong></span> <span class='ocrx_word' id='word_1_783' title='bbox 2490 3683 2610 3752; x_wconf 88' lang='lat' dir='ltr'><strong>quis</strong></span> <span class='ocrx_word' id='word_1_784' title='bbox 2635 3684 2733 3737; x_wconf 88' lang='lat' dir='ltr'><strong>sibi</strong></span> <span class='ocrx_word' id='word_1_785' title='bbox 2762 3683 3118 3752; x_wconf 73' lang='lat' dir='ltr'><strong>plurimorum</strong></span> <span class='ocrx_word' id='word_1_786' title='bbox 3143 3683 3278 3738; x_wconf 86' lang='lat' dir='ltr'><strong>bene</strong></span> <span class='ocrx_word' id='word_1_787' title='bbox 3297 3693 3570 3754; x_wconf 83' lang='lat' dir='ltr'><strong>gestorum</strong></span> <span class='ocrx_word' id='word_1_788' title='bbox 3591 3697 3726 3737; x_wconf 62' lang='lat' dir='ltr'><strong>con»</strong></span> 
     </span>
    </p>
   </div>
   <div class='ocr_carea' id='block_1_100' title="bbox 2137 3775 3726 3854">
    <p class='ocr_par' dir='ltr' id='par_1_100' title="bbox 2137 3775 3726 3854">
     <span class='ocr_line' id='line_1_100' title="bbox 2137 3775 3726 3854; baseline 0.001 -26"><span class='ocrx_word' id='word_1_789' title='bbox 2137 3776 2278 3828; x_wconf 87' lang='lat' dir='ltr'><strong>scius</strong></span> <span class='ocrx_word' id='word_1_790' title='bbox 2307 3776 2396 3839; x_wconf 87' lang='lat' dir='ltr'><strong>sit,</strong></span> <span class='ocrx_word' id='word_1_791' title='bbox 2422 3775 2522 3828; x_wconf 87' lang='lat' dir='ltr'><strong>nisi</strong></span> <span class='ocrx_word' id='word_1_792' title='bbox 2549 3775 2687 3844; x_wconf 86' lang='lat' dir='ltr'><strong>apud</strong></span> <span class='ocrx_word' id='word_1_793' title='bbox 2711 3789 2770 3829; x_wconf 85' lang='lat' dir='ltr'><strong>se</strong></span> <span class='ocrx_word' id='word_1_794' title='bbox 2804 3778 2994 3829; x_wconf 84' lang='lat' dir='ltr'><strong>sentiat</strong></span> <span class='ocrx_word' id='word_1_795' title='bbox 3026 3789 3083 3830; x_wconf 92' lang='lat' dir='ltr'><strong>se</strong></span> <span class='ocrx_word' id='word_1_796' title='bbox 3106 3776 3345 3854; x_wconf 52' lang='lat' dir='ltr'><strong>omniu‘m</strong></span> <span class='ocrx_word' id='word_1_797' title='bbox 3371 3790 3489 3830; x_wconf 88' lang='lat' dir='ltr'><strong>esse</strong></span> <span class='ocrx_word' id='word_1_798' title='bbox 3522 3788 3726 3845; x_wconf 84' lang='lat' dir='ltr'><strong>postre-</strong></span> 
     </span>
    </p>
   </div>
   <div class='ocr_carea' id='block_1_101' title="bbox 2137 3865 3728 3931">
    <p class='ocr_par' dir='ltr' id='par_1_101' title="bbox 2137 3865 3728 3931">
     <span class='ocr_line' id='line_1_101' title="bbox 2137 3865 3728 3931; baseline 0.003 -15"><span class='ocrx_word' id='word_1_799' title='bbox 2137 3880 2280 3919; x_wconf 88' lang='lat' dir='ltr'><strong>mum</strong></span> <span class='ocrx_word' id='word_1_800' title='bbox 2302 3907 2317 3931; x_wconf 93' lang='lat'><strong>,</strong></span> <span class='ocrx_word' id='word_1_801' title='bbox 2343 3865 2485 3919; x_wconf 91' lang='lat' dir='ltr'><strong>nulla</strong></span> <span class='ocrx_word' id='word_1_802' title='bbox 2527 3867 2582 3920; x_wconf 89' lang='lat' dir='ltr'><strong>ei</strong></span> <span class='ocrx_word' id='word_1_803' title='bbox 2607 3866 2781 3920; x_wconf 70' lang='lat' dir='ltr'><strong>futura</strong></span> <span class='ocrx_word' id='word_1_804' title='bbox 2811 3867 3011 3920; x_wconf 85' lang='lat' dir='ltr'><strong>utilitas</strong></span> <span class='ocrx_word' id='word_1_805' title='bbox 3047 3882 3112 3920; x_wconf 83' lang='lat' dir='ltr'><strong>ex</strong></span> <span class='ocrx_word' id='word_1_806' title='bbox 3151 3866 3398 3919; x_wconf 88' lang='lat' dir='ltr'><strong>omnibus</strong></span> <span class='ocrx_word' id='word_1_807' title='bbox 3438 3867 3592 3920; x_wconf 81' lang='lat' dir='ltr'><strong>bonis</strong></span> <span class='ocrx_word' id='word_1_808' title='bbox 3615 3870 3728 3921; x_wconf 78' lang='lat' dir='ltr'><strong>suis</strong></span> 
     </span>
    </p>
   </div>
   <div class='ocr_carea' id='block_1_102' title="bbox 2136 3954 3727 4025">
    <p class='ocr_par' dir='ltr' id='par_1_102' title="bbox 2136 3954 3727 4025">
     <span class='ocr_line' id='line_1_102' title="bbox 2136 3954 3727 4025; baseline 0.001 -18"><span class='ocrx_word' id='word_1_809' title='bbox 2136 3955 2550 4022; x_wconf 68' lang='lat' dir='ltr'><strong>operibusJiare</strong></span> <span class='ocrx_word' id='word_1_810' title='bbox 2578 3966 2659 4010; x_wconf 83' lang='lat' dir='ltr'><strong>est</strong></span> <span class='ocrx_word' id='word_1_811' title='bbox 2686 3956 2829 4010; x_wconf 83' lang='lat' dir='ltr'><strong>enim</strong></span> <span class='ocrx_word' id='word_1_812' title='bbox 2854 3956 3147 4020; x_wconf 85' lang='lat' dir='ltr'><strong>humilitas,</strong></span> <span class='ocrx_word' id='word_1_813' title='bbox 3175 3954 3388 4023; x_wconf 85' lang='lat' dir='ltr'><strong>quando</strong></span> <span class='ocrx_word' id='word_1_814' title='bbox 3415 3956 3554 4025; x_wconf 84' lang='lat' dir='ltr'><strong>quis,</strong></span> <span class='ocrx_word' id='word_1_815' title='bbox 3577 3971 3727 4009; x_wconf 78' lang='lat' dir='ltr'><strong>oeca-</strong></span> 
     </span>
    </p>
   </div>
   <div class='ocr_carea' id='block_1_103' title="bbox 2138 4045 3724 4113">
    <p class='ocr_par' dir='ltr' id='par_1_103' title="bbox 2138 4045 3724 4113">
     <span class='ocr_line' id='line_1_103' title="bbox 2138 4045 3724 4113; baseline 0.003 -16"><span class='ocrx_word' id='word_1_816' title='bbox 2138 4045 2316 4098; x_wconf 86' lang='lat' dir='ltr'><strong>siones</strong></span> <span class='ocrx_word' id='word_1_817' title='bbox 2346 4045 2548 4099; x_wconf 87' lang='lat' dir='ltr'><strong>habens</strong></span> <span class='ocrx_word' id='word_1_818' title='bbox 2576 4055 2633 4099; x_wconf 90' lang='lat' dir='ltr'><strong>ut</strong></span> <span class='ocrx_word' id='word_1_819' title='bbox 2659 4047 2965 4111; x_wconf 80' lang='lat' dir='ltr'><strong>extollatur,</strong></span> <span class='ocrx_word' id='word_1_820' title='bbox 2990 4061 3049 4100; x_wconf 84' lang='lat' dir='ltr'><strong>se</strong></span> <span class='ocrx_word' id='word_1_821' title='bbox 3078 4046 3250 4113; x_wconf 75' lang='lat' dir='ltr'><strong>ipsum</strong></span> <span class='ocrx_word' id='word_1_822' title='bbox 3284 4045 3529 4099; x_wconf 86' lang='lat' dir='ltr'><strong>humiliat</strong></span> <span class='ocrx_word' id='word_1_823' title='bbox 3558 4057 3614 4100; x_wconf 88' lang='lat' dir='ltr'><strong>et</strong></span> <span class='ocrx_word' id='word_1_824' title='bbox 3635 4047 3724 4101; x_wconf 73' lang='grc' dir='ltr'><strong>ἀε-</strong></span> 
     </span>
    </p>
   </div>
   <div class='ocr_carea' id='block_1_104' title="bbox 2139 4134 3725 4204">
    <p class='ocr_par' dir='ltr' id='par_1_104' title="bbox 2139 4134 3725 4204">
     <span class='ocr_line' id='line_1_104' title="bbox 2139 4134 3725 4204; baseline 0.002 -17"><span class='ocrx_word' id='word_1_825' title='bbox 2139 4134 2353 4203; x_wconf 88' lang='lat' dir='ltr'><strong>primit,</strong></span> <span class='ocrx_word' id='word_1_826' title='bbox 2392 4149 2455 4188; x_wconf 87' lang='lat' dir='ltr'><strong>ac</strong></span> <span class='ocrx_word' id='word_1_827' title='bbox 2510 4136 2751 4190; x_wconf 88' lang='lat' dir='ltr'><strong>modeste</strong></span> <span class='ocrx_word' id='word_1_828' title='bbox 2793 4150 2852 4188; x_wconf 86' lang='lat' dir='ltr'><strong>se</strong></span> <span class='ocrx_word' id='word_1_829' title='bbox 2900 4137 3056 4204; x_wconf 79' lang='lat' dir='ltr'><strong>gerit.</strong></span> <span class='ocrx_word' id='word_1_830' title='bbox 3088 4135 3238 4189; x_wconf 87' lang='lat' dir='ltr'><strong>Tunc</strong></span> <span class='ocrx_word' id='word_1_831' title='bbox 3263 4137 3404 4190; x_wconf 89' lang='lat' dir='ltr'><strong>enim</strong></span> <span class='ocrx_word' id='word_1_832' title='bbox 3446 4135 3512 4187; x_wconf 85' lang='lat' dir='ltr'><strong>ad</strong></span> <span class='ocrx_word' id='word_1_833' title='bbox 3538 4151 3725 4190; x_wconf 87' lang='lat' dir='ltr'><strong>verum</strong></span> 
     </span>
    </p>
   </div>
   <div class='ocr_carea' id='block_1_105' title="bbox 2135 4223 3724 4294">
    <p class='ocr_par' dir='ltr' id='par_1_105' title="bbox 2135 4223 3724 4294">
     <span class='ocr_line' id='line_1_105' title="bbox 2135 4223 3724 4294; baseline -0.002 -16"><span class='ocrx_word' id='word_1_834' title='bbox 2135 4224 2460 4279; x_wconf 81' lang='lat' dir='ltr'><strong>Subvehetur</strong></span> <span class='ocrx_word' id='word_1_835' title='bbox 2501 4223 2771 4294; x_wconf 82' lang='lat' dir='ltr'><strong>fastigium</strong></span> <span class='ocrx_word' id='word_1_836' title='bbox 2810 4224 3102 4278; x_wconf 77' lang='lat' dir='ltr'><strong>secundum</strong></span> <span class='ocrx_word' id='word_1_837' title='bbox 3154 4225 3564 4293; x_wconf 84' lang='lat' dir='ltr'><strong>promissionem</strong></span> <span class='ocrx_word' id='word_1_838' title='bbox 3617 4224 3724 4277; x_wconf 69' lang='lat' dir='ltr'><strong>llo-</strong></span> 
     </span>
    </p>
   </div>
   <div class='ocr_carea' id='block_1_106' title="bbox 2137 4313 3722 4386">
    <p class='ocr_par' dir='ltr' id='par_1_106' title="bbox 2137 4313 3722 4386">
     <span class='ocr_line' id='line_1_106' title="bbox 2137 4313 3722 4386; baseline 0.003 -20"><span class='ocrx_word' id='word_1_839' title='bbox 2137 4314 2286 4379; x_wconf 89' lang='lat' dir='ltr'><strong>tnini,</strong></span> <span class='ocrx_word' id='word_1_840' title='bbox 2312 4330 2429 4382; x_wconf 77' lang='lat' dir='ltr'><strong>qum</strong></span> <span class='ocrx_word' id='word_1_841' title='bbox 2457 4313 2586 4368; x_wconf 87' lang='lat' dir='ltr'><strong>dicit</strong></span> <span class='ocrx_word' id='word_1_842' title='bbox 2619 4332 2631 4366; x_wconf 87' lang='lat'><strong>:</strong></span> <span class='ocrx_word' id='word_1_843' title='bbox 2654 4315 2826 4380; x_wconf 80' lang='lat' dir='ltr'><strong>Quise</strong></span> <span class='ocrx_word' id='word_1_844' title='bbox 2847 4316 3096 4380; x_wconf 77' lang='lat' dir='ltr'><strong>humiliat,</strong></span> <span class='ocrx_word' id='word_1_845' title='bbox 3125 4316 3430 4369; x_wconf 60' lang='lat' dir='ltr'><strong>exaltabit”</strong></span> <span class='ocrx_word' id='word_1_846' title='bbox 3457 4314 3608 4386; x_wconf 85' lang='lat' dir='ltr'><strong>(Lue.</strong></span> <span class='ocrx_word' id='word_1_847' title='bbox 3637 4318 3722 4370; x_wconf 66' lang='lat' dir='ltr'><strong>li».</strong></span> 
     </span>
    </p>
   </div>
   <div class='ocr_carea' id='block_1_107' title="bbox 2137 4402 3725 4473">
    <p class='ocr_par' dir='ltr' id='par_1_107' title="bbox 2137 4402 3725 4473">
     <span class='ocr_line' id='line_1_107' title="bbox 2137 4402 3725 4473; baseline 0.003 -18"><span class='ocrx_word' id='word_1_848' title='bbox 2137 4403 2247 4472; x_wconf 85' lang='grc'><strong>11).</strong></span> <span class='ocrx_word' id='word_1_849' title='bbox 2271 4402 2584 4473; x_wconf 74' lang='lat' dir='ltr'><strong>Satagamus</strong></span> <span class='ocrx_word' id='word_1_850' title='bbox 2608 4404 2792 4472; x_wconf 83' lang='lat' dir='ltr'><strong>igitur,</strong></span> <span class='ocrx_word' id='word_1_851' title='bbox 2813 4405 3057 4467; x_wconf 89' lang='lat' dir='ltr'><strong>obsecro,</strong></span> <span class='ocrx_word' id='word_1_852' title='bbox 3076 4405 3330 4460; x_wconf 87' lang='lat' dir='ltr'><strong>verticem</strong></span> <span class='ocrx_word' id='word_1_853' title='bbox 3356 4405 3506 4458; x_wconf 89' lang='lat' dir='ltr'><strong>illum</strong></span> <span class='ocrx_word' id='word_1_854' title='bbox 3535 4420 3725 4460; x_wconf 87' lang='lat' dir='ltr'><strong>omnes</strong></span> 
     </span>
    </p>
   </div>
   <div class='ocr_carea' id='block_1_108' title="bbox 2136 4491 3722 4562">
    <p class='ocr_par' dir='ltr' id='par_1_108' title="bbox 2136 4491 3722 4562">
     <span class='ocr_line' id='line_1_108' title="bbox 2136 4491 3722 4562; baseline 0.003 -19"><span class='ocrx_word' id='word_1_855' title='bbox 2136 4491 2540 4560; x_wconf 84' lang='lat' dir='ltr'><strong>apprehendere</strong></span> <span class='ocrx_word' id='word_1_856' title='bbox 2593 4508 2686 4562; x_wconf 88' lang='lat' dir='ltr'><strong>per</strong></span> <span class='ocrx_word' id='word_1_857' title='bbox 2740 4493 3236 4560; x_wconf 84' lang='lat' dir='ltr'><strong>ltuittilitatem,.ut</strong></span> <span class='ocrx_word' id='word_1_858' title='bbox 3282 4495 3527 4549; x_wconf 88' lang='lat' dir='ltr'><strong>eamdem</strong></span> <span class='ocrx_word' id='word_1_859' title='bbox 3581 4496 3722 4548; x_wconf 86' lang='lat' dir='ltr'><strong>illaut</strong></span> 
     </span>
    </p>
   </div>
   <div class='ocr_carea' id='block_1_109' title="bbox 2137 4584 3724 4656">
    <p class='ocr_par' dir='ltr' id='par_1_109' title="bbox 2137 4584 3724 4656">
     <span class='ocr_line' id='line_1_109' title="bbox 2137 4584 3724 4656; baseline 0.003 -21"><span class='ocrx_word' id='word_1_860' title='bbox 2137 4599 2296 4652; x_wconf 88' lang='lat' dir='ltr'><strong>quant</strong></span> <span class='ocrx_word' id='word_1_861' title='bbox 2323 4584 2498 4651; x_wconf 87' lang='lat' dir='ltr'><strong>justus</strong></span> <span class='ocrx_word' id='word_1_862' title='bbox 2526 4585 2611 4638; x_wconf 89' lang='lat' dir='ltr'><strong>ille</strong></span> <span class='ocrx_word' id='word_1_863' title='bbox 2639 4599 2668 4637; x_wconf 87' lang='lat' dir='ltr'><strong>a</strong></span> <span class='ocrx_word' id='word_1_864' title='bbox 2699 4585 2925 4638; x_wconf 84' lang='lat' dir='ltr'><strong>Domino</strong></span> <span class='ocrx_word' id='word_1_865' title='bbox 2963 4590 3189 4655; x_wconf 79' lang='lat' dir='ltr'><strong>gratiam</strong></span> <span class='ocrx_word' id='word_1_866' title='bbox 3218 4593 3639 4656; x_wconf 81' lang='lat' dir='ltr'><strong>consequamur,</strong></span> <span class='ocrx_word' id='word_1_867' title='bbox 3673 4598 3724 4640; x_wconf 88' lang='lat' dir='ltr'><strong>ct</strong></span> 
     </span>
    </p>
   </div>
   <div class='ocr_carea' id='block_1_110' title="bbox 2140 4673 3722 4746">
    <p class='ocr_par' dir='ltr' id='par_1_110' title="bbox 2140 4673 3722 4746">
     <span class='ocr_line' id='line_1_110' title="bbox 2140 4673 3722 4746; baseline 0.003 -22"><span class='ocrx_word' id='word_1_868' title='bbox 2140 4673 2419 4726; x_wconf 82' lang='lat' dir='ltr'><strong>inell&#39;abilia</strong></span> <span class='ocrx_word' id='word_1_869' title='bbox 2452 4675 2536 4726; x_wconf 90' lang='lat' dir='ltr'><strong>illa</strong></span> <span class='ocrx_word' id='word_1_870' title='bbox 2565 4674 2698 4727; x_wconf 89' lang='lat' dir='ltr'><strong>bona</strong></span> <span class='ocrx_word' id='word_1_871' title='bbox 2730 4690 3048 4739; x_wconf 87' lang='lat' dir='ltr'><strong>mercamur,</strong></span> <span class='ocrx_word' id='word_1_872' title='bbox 3078 4679 3246 4746; x_wconf 81' lang='lat' dir='ltr'><strong>gratia</strong></span> <span class='ocrx_word' id='word_1_873' title='bbox 3273 4687 3330 4730; x_wconf 83' lang='lat' dir='ltr'><strong>et</strong></span> <span class='ocrx_word' id='word_1_874' title='bbox 3357 4677 3722 4731; x_wconf 86' lang='lat' dir='ltr'><strong>misericordia</strong></span> 
     </span>
    </p>
   </div>
   <div class='ocr_carea' id='block_1_111' title="bbox 2141 4764 3723 4835">
    <p class='ocr_par' dir='ltr' id='par_1_111' title="bbox 2141 4764 3723 4835">
     <span class='ocr_line' id='line_1_111' title="bbox 2141 4764 3723 4835; baseline 0.002 -20"><span class='ocrx_word' id='word_1_875' title='bbox 2141 4764 2345 4816; x_wconf 84' lang='lat' dir='ltr'><strong>Domint</strong></span> <span class='ocrx_word' id='word_1_876' title='bbox 2376 4766 2540 4817; x_wconf 86' lang='lat' dir='ltr'><strong>nostri</strong></span> <span class='ocrx_word' id='word_1_877' title='bbox 2563 4764 2688 4818; x_wconf 87' lang='lat' dir='ltr'><strong>Jesu</strong></span> <span class='ocrx_word' id='word_1_878' title='bbox 2717 4765 2915 4819; x_wconf 80' lang='lat' dir='ltr'><strong>Clu-isti</strong></span> <span class='ocrx_word' id='word_1_879' title='bbox 2937 4805 2950 4827; x_wconf 90' lang='lat'><strong>,</strong></span> <span class='ocrx_word' id='word_1_880' title='bbox 2994 4767 3208 4835; x_wconf 84' lang='lat' dir='ltr'><strong>quicum</strong></span> <span class='ocrx_word' id='word_1_881' title='bbox 3241 4765 3422 4831; x_wconf 76' lang='lat' dir='ltr'><strong>Patri,</strong></span> <span class='ocrx_word' id='word_1_882' title='bbox 3446 4775 3502 4820; x_wconf 88' lang='lat' dir='ltr'><strong>et</strong></span> <span class='ocrx_word' id='word_1_883' title='bbox 3536 4779 3723 4820; x_wconf 66' lang='lat' dir='ltr'><strong>Sancto</strong></span> 
     </span>
    </p>
   </div>
   <div class='ocr_carea' id='block_1_112' title="bbox 2138 4853 3721 4924">
    <p class='ocr_par' dir='ltr' id='par_1_112' title="bbox 2138 4853 3721 4924">
     <span class='ocr_line' id='line_1_112' title="bbox 2138 4853 3721 4924; baseline 0.001 -17"><span class='ocrx_word' id='word_1_884' title='bbox 2138 4853 2350 4921; x_wconf 80' lang='lat' dir='ltr'><strong>Spiritui</strong></span> <span class='ocrx_word' id='word_1_885' title='bbox 2382 4857 2448 4908; x_wconf 85' lang='lat' dir='ltr'><strong>sit</strong></span> <span class='ocrx_word' id='word_1_886' title='bbox 2469 4855 2659 4923; x_wconf 78' lang='lat' dir='ltr'><strong>gloria,</strong></span> <span class='ocrx_word' id='word_1_887' title='bbox 2685 4855 2990 4924; x_wconf 86' lang='lat' dir='ltr'><strong>imperium,</strong></span> <span class='ocrx_word' id='word_1_888' title='bbox 3020 4855 3210 4923; x_wconf 87' lang='lat' dir='ltr'><strong>honor,</strong></span> <span class='ocrx_word' id='word_1_889' title='bbox 3232 4871 3374 4911; x_wconf 79' lang='lat' dir='ltr'><strong>nunc</strong></span> <span class='ocrx_word' id='word_1_890' title='bbox 3399 4865 3455 4912; x_wconf 88' lang='lat' dir='ltr'><strong>et</strong></span> <span class='ocrx_word' id='word_1_891' title='bbox 3483 4870 3721 4924; x_wconf 72' lang='lat' dir='ltr'><strong>semper,</strong></span> 
     </span>
    </p>
   </div>
   <div class='ocr_carea' id='block_1_113' title="bbox 2138 4947 3078 5002">
    <p class='ocr_par' dir='ltr' id='par_1_113' title="bbox 2138 4947 3078 5002">
     <span class='ocr_line' id='line_1_113' title="bbox 2138 4947 3078 5002; baseline 0.001 -3"><span class='ocrx_word' id='word_1_892' title='bbox 2138 4959 2190 4999; x_wconf 91' lang='lat' dir='ltr'><strong>et</strong></span> <span class='ocrx_word' id='word_1_893' title='bbox 2219 4948 2269 4999; x_wconf 90' lang='lat' dir='ltr'><strong>in</strong></span> <span class='ocrx_word' id='word_1_894' title='bbox 2293 4948 2488 5001; x_wconf 63' lang='lat' dir='ltr'><strong>saecula</strong></span> <span class='ocrx_word' id='word_1_895' title='bbox 2519 4947 2856 5002; x_wconf 70' lang='lat' dir='ltr'><strong>satculorum.</strong></span> <span class='ocrx_word' id='word_1_896' title='bbox 2887 4948 3078 5002; x_wconf 79' lang='lat' dir='ltr'><strong>Anien.</strong></span> 
     </span>
    </p>
   </div>
   <div class='ocr_carea' id='block_1_114' title="bbox 2645 5079 3207 5135">
    <p class='ocr_par' dir='ltr' id='par_1_114' title="bbox 2645 5079 3207 5135">
     <span class='ocr_line' id='line_1_114' title="bbox 2645 5079 3207 5135; baseline 0.004 -2"><span class='ocrx_word' id='word_1_897' title='bbox 2645 5079 2924 5135; x_wconf 78' lang='lat' dir='ltr'><strong>llOMILlA</strong></span> <span class='ocrx_word' id='word_1_898' title='bbox 2966 5079 3207 5135; x_wconf 76' lang='lat' dir='ltr'><strong>XXXIV.</strong></span> 
     </span>
    </p>
   </div>
   <div class='ocr_carea' id='block_1_115' title="bbox 2143 5189 3717 5262">
    <p class='ocr_par' dir='ltr' id='par_1_115' title="bbox 2143 5189 3717 5262">
     <span class='ocr_line' id='line_1_115' title="bbox 2143 5189 3717 5262; baseline 0.002 -19"><span class='ocrx_word' id='word_1_899' title='bbox 2143 5189 2204 5243; x_wconf 82' lang='lat' dir='ltr'><strong>Et</strong></span> <span class='ocrx_word' id='word_1_900' title='bbox 2233 5190 2359 5244; x_wconf 75' lang='lat' dir='ltr'><strong>dixit</strong></span> <span class='ocrx_word' id='word_1_901' title='bbox 2390 5190 2524 5245; x_wconf 86' lang='lat' dir='ltr'><strong>Deus</strong></span> <span class='ocrx_word' id='word_1_902' title='bbox 2553 5190 2704 5245; x_wconf 73' lang='lat' dir='ltr'><strong>Abrw</strong></span> <span class='ocrx_word' id='word_1_903' title='bbox 2727 5203 2988 5260; x_wconf 81' lang='lat' dir='ltr'><strong>postquam</strong></span> <span class='ocrx_word' id='word_1_904' title='bbox 3007 5201 3271 5262; x_wconf 86' lang='lat' dir='ltr'><strong>separatus</strong></span> <span class='ocrx_word' id='word_1_905' title='bbox 3304 5202 3380 5246; x_wconf 87' lang='lat' dir='ltr'><strong>est</strong></span> <span class='ocrx_word' id='word_1_906' title='bbox 3405 5191 3467 5244; x_wconf 87' lang='lat' dir='ltr'><strong>ab</strong></span> <span class='ocrx_word' id='word_1_907' title='bbox 3492 5207 3551 5245; x_wconf 88' lang='lat' dir='ltr'><strong>eo</strong></span> <span class='ocrx_word' id='word_1_908' title='bbox 3591 5190 3717 5246; x_wconf 86' lang='lat' dir='ltr'><strong>Lat.</strong></span> 
     </span>
    </p>
   </div>
   <div class='ocr_carea' id='block_1_116' title="bbox 2209 5280 3718 5350">
    <p class='ocr_par' dir='ltr' id='par_1_116' title="bbox 2209 5280 3718 5350">
     <span class='ocr_line' id='line_1_116' title="bbox 2209 5280 3718 5350; baseline 0.001 -16"><span class='ocrx_word' id='word_1_909' title='bbox 2209 5280 2427 5334; x_wconf 87' lang='lat' dir='ltr'><strong>Elevatis</strong></span> <span class='ocrx_word' id='word_1_910' title='bbox 2456 5283 2617 5335; x_wconf 87' lang='lat' dir='ltr'><strong>oculis</strong></span> <span class='ocrx_word' id='word_1_911' title='bbox 2644 5283 2742 5335; x_wconf 87' lang='lat' dir='ltr'><strong>tuis</strong></span> <span class='ocrx_word' id='word_1_912' title='bbox 2770 5282 2880 5334; x_wconf 87' lang='lat' dir='ltr'><strong>vide</strong></span> <span class='ocrx_word' id='word_1_913' title='bbox 2903 5298 2933 5334; x_wconf 91' lang='lat' dir='ltr'><strong>a</strong></span> <span class='ocrx_word' id='word_1_914' title='bbox 2961 5281 3088 5348; x_wconf 85' lang='lat' dir='ltr'><strong>loco,</strong></span> <span class='ocrx_word' id='word_1_915' title='bbox 3121 5282 3175 5335; x_wconf 89' lang='lat' dir='ltr'><strong>in</strong></span> <span class='ocrx_word' id='word_1_916' title='bbox 3201 5298 3296 5350; x_wconf 87' lang='lat' dir='ltr'><strong>quo</strong></span> <span class='ocrx_word' id='word_1_917' title='bbox 3323 5291 3377 5335; x_wconf 92' lang='lat' dir='ltr'><strong>tu</strong></span> <span class='ocrx_word' id='word_1_918' title='bbox 3408 5298 3541 5334; x_wconf 82' lang='lat' dir='ltr'><strong>nunc</strong></span> <span class='ocrx_word' id='word_1_919' title='bbox 3566 5298 3637 5345; x_wconf 85' lang='lat' dir='ltr'><strong>es,</strong></span> <span class='ocrx_word' id='word_1_920' title='bbox 3653 5282 3718 5335; x_wconf 79' lang='lat' dir='ltr'><strong>ad</strong></span> 
     </span>
    </p>
   </div>
   <div class='ocr_carea' id='block_1_117' title="bbox 2204 5373 3722 5441">
    <p class='ocr_par' dir='ltr' id='par_1_117' title="bbox 2204 5373 3722 5441">
     <span class='ocr_line' id='line_1_117' title="bbox 2204 5373 3722 5441; baseline 0.001 -16"><span class='ocrx_word' id='word_1_921' title='bbox 2204 5375 2486 5441; x_wconf 82' lang='lat' dir='ltr'><strong>aquilonem</strong></span> <span class='ocrx_word' id='word_1_922' title='bbox 2498 5383 2543 5425; x_wconf 80' lang='lat' dir='ltr'><strong>et</strong></span> <span class='ocrx_word' id='word_1_923' title='bbox 2559 5373 2833 5440; x_wconf 86' lang='lat' dir='ltr'><strong>meridiem,</strong></span> <span class='ocrx_word' id='word_1_924' title='bbox 2848 5383 2892 5426; x_wconf 86' lang='lat' dir='ltr'><strong>et</strong></span> <span class='ocrx_word' id='word_1_925' title='bbox 2908 5375 3141 5427; x_wconf 85' lang='lat' dir='ltr'><strong>orientem</strong></span> <span class='ocrx_word' id='word_1_926' title='bbox 3156 5383 3203 5428; x_wconf 89' lang='lat' dir='ltr'><strong>et</strong></span> <span class='ocrx_word' id='word_1_927' title='bbox 3218 5390 3354 5427; x_wconf 87' lang='lat' dir='ltr'><strong>mare</strong></span> <span class='ocrx_word' id='word_1_928' title='bbox 3364 5389 3384 5427; x_wconf 91' lang='lat'><strong><em>:</em></strong></span> <span class='ocrx_word' id='word_1_929' title='bbox 3395 5374 3512 5436; x_wconf 84' lang='lat' dir='ltr'><strong>quia</strong></span> <span class='ocrx_word' id='word_1_930' title='bbox 3525 5389 3722 5426; x_wconf 82' lang='lat' dir='ltr'><strong>onmem</strong></span> 
     </span>
    </p>
   </div>
   <div class='ocr_carea' id='block_1_118' title="bbox 2209 5462 3694 5535">
    <p class='ocr_par' dir='ltr' id='par_1_118' title="bbox 2209 5462 3694 5535">
     <span class='ocr_line' id='line_1_118' title="bbox 2209 5462 3694 5535; baseline 0 -19"><span class='ocrx_word' id='word_1_931' title='bbox 2209 5472 2410 5528; x_wconf 86' lang='lat' dir='ltr'><strong>terram,</strong></span> <span class='ocrx_word' id='word_1_932' title='bbox 2428 5479 2578 5532; x_wconf 84' lang='lat' dir='ltr'><strong>quant</strong></span> <span class='ocrx_word' id='word_1_933' title='bbox 2600 5473 2652 5516; x_wconf 85' lang='lat' dir='ltr'><strong>tu</strong></span> <span class='ocrx_word' id='word_1_934' title='bbox 2669 5463 2824 5530; x_wconf 85' lang='lat' dir='ltr'><strong>vides,</strong></span> <span class='ocrx_word' id='word_1_935' title='bbox 2845 5464 2930 5518; x_wconf 87' lang='lat' dir='ltr'><strong>tibi</strong></span> <span class='ocrx_word' id='word_1_936' title='bbox 2952 5464 3081 5516; x_wconf 87' lang='lat' dir='ltr'><strong>dabo</strong></span> <span class='ocrx_word' id='word_1_937' title='bbox 3096 5481 3206 5517; x_wconf 86' lang='lat' dir='ltr'><strong>eant</strong></span> <span class='ocrx_word' id='word_1_938' title='bbox 3225 5462 3353 5535; x_wconf 79' lang='lat' dir='ltr'><strong>(Gen</strong></span> <span class='ocrx_word' id='word_1_939' title='bbox 3363 5503 3375 5516; x_wconf 92' lang='lat'><strong>.</strong></span> <span class='ocrx_word' id='word_1_940' title='bbox 3399 5464 3485 5519; x_wconf 82' lang='grc'><strong>15.</strong></span> <span class='ocrx_word' id='word_1_941' title='bbox 3509 5463 3574 5518; x_wconf 70' lang='grc'><strong>14</strong></span> <span class='ocrx_word' id='word_1_942' title='bbox 3604 5463 3669 5516; x_wconf 79' lang='grc'><strong>15</strong></span> <span class='ocrx_word' id='word_1_943' title='bbox 3675 5470 3694 5531; x_wconf 81' lang='lat'><em>)</em></span> 
     </span>
    </p>
   </div>
   <div class='ocr_carea' id='block_1_119' title="bbox 2209 5595 3704 5654">
    <p class='ocr_par' dir='ltr' id='par_1_119' title="bbox 2209 5595 3704 5654">
     <span class='ocr_line' id='line_1_119' title="bbox 2209 5595 3704 5654; baseline 0 -3"><span class='ocrx_word' id='word_1_944' title='bbox 2209 5597 2262 5651; x_wconf 92' lang='grc'><strong>1.</strong></span> <span class='ocrx_word' id='word_1_945' title='bbox 2318 5595 2616 5652; x_wconf 82' lang='lat' dir='ltr'><strong>Modestiam</strong></span> <span class='ocrx_word' id='word_1_946' title='bbox 2665 5608 2710 5652; x_wconf 88' lang='lat' dir='ltr'><strong>et</strong></span> <span class='ocrx_word' id='word_1_947' title='bbox 2777 5600 3211 5654; x_wconf 86' lang='lat' dir='ltr'><strong>mansuetudinem</strong></span> <span class='ocrx_word' id='word_1_948' title='bbox 3275 5600 3609 5654; x_wconf 80' lang='lat' dir='ltr'><strong>commendat.</strong></span> <span class='ocrx_word' id='word_1_949' title='bbox 3637 5631 3704 5642; x_wconf 87' lang='grc'><strong><em>-</em></strong></span> 
     </span>
    </p>
   </div>
   <div class='ocr_carea' id='block_1_120' title="bbox 2141 5689 3714 5762">
    <p class='ocr_par' dir='ltr' id='par_1_120' title="bbox 2141 5689 3714 5762">
     <span class='ocr_line' id='line_1_120' title="bbox 2141 5689 3714 5762; baseline -0.004 -16"><span class='ocrx_word' id='word_1_950' title='bbox 2141 5689 2404 5748; x_wconf 81' lang='lat' dir='ltr'><strong>Didicistis</strong></span> <span class='ocrx_word' id='word_1_951' title='bbox 2443 5690 2588 5757; x_wconf 86' lang='lat' dir='ltr'><strong>heri,</strong></span> <span class='ocrx_word' id='word_1_952' title='bbox 2625 5691 2921 5762; x_wconf 84' lang='lat' dir='ltr'><strong>carissimi,</strong></span> <span class='ocrx_word' id='word_1_953' title='bbox 2953 5694 3199 5750; x_wconf 75' lang='lat' dir='ltr'><strong>eximiam</strong></span> <span class='ocrx_word' id='word_1_954' title='bbox 3245 5692 3562 5762; x_wconf 65' lang='lat' dir='ltr'><strong>patriarcha:</strong></span> <span class='ocrx_word' id='word_1_955' title='bbox 3619 5689 3714 5742; x_wconf 86' lang='lat' dir='ltr'><strong>hu.</strong></span> 
     </span>
    </p>
   </div>
  </div>
