4054 6324
225 324 325 378 313

225 445 494 497 ιιιιΙιιιιιτιιι
517 480 536 512 ,
563 439 770 492 vidistis
820 436 1088 491 lenitatem
1132 431 1421 501 egregiam.
1451 427 1636 495 Neque
1671 425 1813 480 enim

225 543 336 587 erat
365 546 452 585 res
478 530 728 600 vulgaris,
759 526 900 598 quod
931 539 1092 579 senex
1111 565 1126 588 ,
1163 522 1253 593 qui
1282 530 1357 574 tot
1389 519 1646 574 beneficia
1681 531 1810 572 eon-

232 623 442 686 tulcrat,
471 638 630 692 quem
673 631 813 675 tanta
863 617 1230 672 benevolentia
1279 614 1534 667 Dominus
1575 611 1814 666 omnium

227 713 664 782 prosequebatur,
697 710 811 780 pari
856 708 1060 762 honore
1090 700 1399 774 dignaretur
1437 703 1688 771 juvenem
1713 741 1730 766 ,
1761 710 1815 755 et

225 803 403 858 fratris
446 802 646 860 lilium.
674 809 728 854 et
759 799 985 868 primatu
1041 796 1112 849 illi
1165 794 1379 849 cederet
1405 834 1417 855 ,
1459 791 1815 859 inferioraque

225 893 336 961 ipse
361 891 638 961 deligeret,
667 887 906 958 nihilque
932 901 1039 940 non
1068 886 1264 939 faceret
1291 899 1397 954 quo
1418 883 1617 937 bellum
1645 880 1812 949 impeg

222 982 382 1046 daret,
438 992 491 1036 et
546 978 908 1034 contentionis
951 975 1232 1030 materiam
1275 989 1306 1029 e
1349 971 1528 1027 medio
1577 970 1814 1026 tolleret.

224 1073 373 1127 IIunc
413 1086 604 1126 oumes
643 1070 839 1126 imitari
881 1068 1213 1132 Studeamus,
1236 1074 1291 1122 et
1334 1080 1622 1134 numquam
1649 1077 1812 1132 super

222 1163 522 1231 proximum
571 1161 930 1226 extollamur,
961 1173 1248 1228 numquam
1275 1156 1340 1212 de
1371 1156 1522 1210 nobis
1565 1153 1810 1208 sublimia

220 1255 550 1309 stuuiamus:
580 1252 674 1308 sed
700 1251 958 1306 modestia
988 1248 1260 1318 conspicui
1290 1245 1542 1300 cedamus
1571 1244 1689 1297 aliis
1713 1284 1728 1305 ,
1757 1249 1810 1296 et

223 1341 510 1398 inferiores
542 1342 725 1398 haberi
753 1355 1033 1405 conemur,
1064 1349 1169 1393 tam
1205 1338 1378 1392 verbis
1421 1351 1580 1405 quam
1626 1333 1809 1403 operi-

219 1433 349 1498 bus,
382 1447 480 1488 nec
508 1446 754 1500 umquam
784 1432 863 1486 eis
891 1432 978 1501 qui
1019 1421 1174 1484 nobis
1214 1429 1458 1495 iniuriam
1492 1427 1806 1490 intulerunt,

218 1524 602 1590 adversentur,
645 1524 854 1577 etiamsi
912 1523 1093 1576 multis
1147 1521 1341 1574 nostris
1379 1517 1552 1571 allecti
1611 1516 1807 1569 fuerint

219 1615 496 1668 beneﬁciis
529 1633 542 1669 :
575 1615 688 1668 haac
715 1615 858 1667 enim
886 1614 1084 1680 optima
1115 1620 1197 1664 est
1233 1609 1566 1678 philosophia
1594 1625 1606 1660 :
1636 1621 1807 1674 neque

217 1707 539 1760 contumelia
569 1705 744 1760 allecti
785 1704 992 1757 feroces
1035 1703 1238 1765 simus,
1269 1713 1478 1754 ettamsn
1522 1699 1806 1752 inferiores

219 1797 372 1849 nobis
400 1799 504 1850 sint
537 1798 570 1849 ii
601 1797 690 1866 qui
721 1796 999 1849 nobiscum
1031 1793 1363 1847 contendunt
1389 1808 1400 1841 :
1430 1789 1524 1844 sed
1556 1803 1806 1842 mansue-

217 1885 396 1942 tudine
436 1897 490 1940 et
535 1886 750 1940 lenitate
800 1884 1128 1948 iracundiam
1176 1882 1612 1951 comprimamus.
1661 1878 1803 1932 Nihil

138 1975 143 1979 ⁷
216 1979 355 2030 enim
404 1978 491 2031 illa
525 1977 826 2046 potentius,
862 1976 991 2028 nihil
1041 1975 1126 2028 illa
1189 1975 1396 2026 fortius.
1429 1971 1516 2024 Illa
1570 1973 1802 2025 animam

218 2076 454 2120 nostram
486 2067 536 2119 in
569 2076 821 2136 perpetua
852 2065 1265 2134 tranquillitate,
1290 2072 1342 2117 et
1373 2063 1524 2132 quasi
1564 2064 1615 2116 in
1648 2072 1802 2131 portu

215 2159 521 2221 constituit,
545 2167 599 2211 et
646 2157 822 2212 omnis
862 2155 1209 2210 recreationis
1251 2169 1313 2208 ac
1357 2154 1550 2223 quietis
1590 2154 1802 2208 occasio

220 2247 368 2300 nobis
397 2258 497 2301 est.
525 2248 822 2317 Eaproptcr
866 2256 920 2301 et
963 2246 1208 2300 Christus
1244 2246 1420 2300 divina
1473 2247 1559 2299 illa
1603 2246 1801 2300 docens

214 2337 419 2391 diet'bat
445 2357 456 2389 :
481 2337 672 2393 Discite
696 2357 727 2392 a
750 2356 846 2402 me,
864 2339 982 2408 quia
1007 2338 1141 2391 mitis
1158 2355 1269 2391 sum
1300 2347 1347 2391 et
1376 2338 1580 2392 Immitis
1603 2338 1754 2392 corde
1781 2353 1800 2390 :

216 2438 259 2479 et
292 2428 548 2482 invenietis
574 2430 790 2500 requiem
815 2429 1080 2482 animabus
1111 2429 1282 2482 vestris
1313 2427 1525 2497 (Matth.
1560 2429 1647 2482 II.
1680 2425 1796 2500 29).

217 2517 352 2572 Nihil
381 2519 521 2572 enim
547 2520 778 2573 animam
805 2521 872 2573 ita
905 2520 955 2573 in
983 2520 1362 2589 tranquillitate
1388 2528 1444 2573 et
1462 2520 1643 2588 quiete
1672 2535 1799 2572 con-

216 2609 405 2674 stituit,
435 2619 490 2662 ut
519 2608 873 2664 mansuetudo
900 2620 954 2664 et
977 2609 1258 2664 modestia.
1287 2609 1410 2664 Ilzec
1437 2611 1586 2664 omni
1616 2609 1800 2664 diade-

215 2710 353 2754 mate
393 2715 449 2755 se
477 2701 768 2770 possidenti
798 2711 879 2755 est
906 2702 1248 2767 honoratior;
1274 2702 1389 2755 hate
1417 2702 1561 2754 omni
1582 2701 1798 2755 claritu-

215 2788 336 2844 dine
361 2799 413 2844 et
429 2791 595 2860 gloria
617 2791 1021 2846 eouducibilior.
1036 2790 1174 2858 Quid
1204 2791 1344 2846 enim
1377 2789 1606 2856 beatius,
1637 2805 1796 2861 quam

215 2882 461 2936 intestino
491 2882 701 2937 liberari
728 2884 905 2938 bello?
926 2883 1056 2937 Nam
1081 2883 1323 2953 quamvis
1341 2882 1568 2952 plurima
1592 2897 1721 2950 pace
1742 2891 1796 2937 et

218 2971 467 3027 famulatu
493 2983 720 3028 externo
750 2974 1010 3040 fruamur,
1037 2974 1083 3027 si
1113 2975 1252 3029 intra
1281 2987 1378 3027 nos
1412 2973 1796 3042 Cogitationum

214 3072 460 3116 nascatur
475 3071 802 3132 tempestas,
820 3063 1078 3118 tumultus
1098 3073 1152 3118 et
1179 3062 1393 3127 seditio,
1415 3061 1548 3116 nihil
1576 3072 1795 3115 externa

218 3168 312 3220 pax
365 3153 518 3206 nobis
571 3154 811 3224 proderit
845 3171 856 3206 ι
887 3153 1024 3208 sicut
1077 3167 1250 3221 neque
1309 3151 1665 3205 miserabilius
1713 3159 1797 3206 est

213 3241 350 3295 aliud
378 3243 593 3296 civitate
613 3285 627 3306 ,
657 3258 776 3312 quae
807 3243 931 3297 licet
953 3243 1234 3313 aggeribus
1262 3249 1317 3297 et
1355 3239 1522 3296 muris
1553 3241 1689 3295 bene
1728 3243 1798 3296 sit

214 3333 432 3396 munita,
458 3333 598 3386 intus
635 3343 812 3388 tamen
841 3335 990 3388 cives
1011 3333 1188 3387 foveat
1219 3334 1537 3404 proditores.
1564 3333 1675 3387 Hoc
1702 3334 1797 3403 igi-

214 3431 297 3476 tur
324 3424 553 3479 obsecro
573 3467 587 3485 ,
620 3435 675 3479 ut
695 3437 818 3480 ante
839 3425 1019 3479 omnia
1046 3425 1200 3479 nobis
1225 3425 1293 3480 sit
1319 3441 1463 3480 cura:
1483 3467 1499 3494 ,
1524 3427 1796 3496 quomodo

212 3517 442 3568 animam
471 3532 500 3570 a
531 3516 856 3572 turbulentia
885 3517 1216 3572 vindicetnus
1235 3557 1250 3580 ,
1282 3528 1336 3572 et
1370 3518 1422 3571 in
1449 3518 1793 3588 tranquillum

212 3614 406 3658 statum
438 3606 727 3662 educamus
746 3647 762 3673 ,
787 3617 947 3676 atque
972 3607 1040 3661 ab
1060 3607 1204 3661 oumi
1233 3607 1520 3662 liberemus
1544 3609 1797 3660 amaritu-

211 3694 356 3759 dine,
387 3710 496 3765 quo
521 3704 577 3749 et
605 3695 704 3765 ipsi
734 3697 898 3750 multa
931 3695 1168 3750 fruamur
1195 3697 1396 3766 quiete,
1425 3707 1479 3750 et
1508 3696 1574 3750 iis
1601 3697 1689 3764 qui
1720 3695 1796 3749 fa-

213 3784 572 3839 tniliaritatem
633 3786 909 3840 nobisemn
949 3785 1183 3850 habent,
1215 3786 1384 3840 simus
1437 3785 1636 3840 blandi.
1685 3786 1797 3841 lloc

211 3872 351 3925 enim
397 3874 756 3929 certissimum
793 3875 1027 3945 signum,
1057 3889 1165 3945 quo
1196 3875 1574 3931 internoscitur
1601 3879 1681 3930 vir
1706 3893 1794 3930 ra-

212 3964 356 4018 tione
385 3964 640 4033 prteditus
662 4006 679 4032 ,
703 3967 746 4021 si
772 3976 1084 4022 mansuetus
1111 3968 1291 4032 fuerit,
1314 3969 1357 4022 si
1385 3968 1541 4031 lenis,
1561 3970 1606 4023 si
1631 3969 1790 4034 mitis,

212 4057 254 4107 si
285 4057 565 4113 modestus
603 4069 657 4112 et
679 4059 891 4128 quietus
923 4076 936 4114 :
967 4059 1013 4114 si
1041 4074 1146 4113 non
1164 4059 1324 4128 quasi
1352 4075 1540 4115 servus
1569 4060 1796 4114 ducatur

212 4156 263 4198 et
287 4145 528 4200 trahatur
554 4157 646 4201 aut
675 4149 742 4203 ab
769 4149 866 4211 ira,
897 4159 987 4203 aut
1017 4150 1086 4203 ab
1114 4150 1232 4202 aliis
1257 4148 1665 4212 affectionibus;
1698 4149 1794 4204 sed

212 4236 418 4290 ratione
447 4237 626 4290 vincat
650 4237 887 4292 infernos
919 4239 1035 4290 illos
1066 4238 1447 4306 incompositos
1473 4248 1668 4303 motus,
1695 4254 1784 4292 no-

214 4323 581 4396 bilitatemque
619 4340 769 4379 suam
806 4333 1024 4392 servet,
1048 4341 1113 4380 ne
1146 4327 1197 4379 in
1238 4326 1514 4380 brutorum
1545 4328 1794 4381 ferociam

213 4416 531 4486 negligentia
559 4417 867 4486 degeneret.
894 4417 959 4471 Et
981 4428 1036 4470 ut
1055 4415 1231 4471 discas
1255 4427 1512 4487 quantum
1543 4433 1793 4471 mansue-

214 4506 411 4561 tudinis
436 4514 491 4560 el
519 4506 754 4560 lenitatis
779 4507 849 4560 sit
878 4507 1069 4571 robur,
1092 4518 1146 4562 et
1179 4508 1319 4576 quod
1350 4508 1462 4561 sola
1490 4507 1602 4561 haec
1627 4507 1796 4561 virtus

215 4598 379 4664 possit
406 4612 468 4651 se
490 4599 756 4652 colentem
786 4598 1074 4668 diligenter
1101 4583 1455 4653 incIl'abilibus
1486 4599 1588 4652 illis
1626 4598 1797 4652 lautli-

215 4686 310 4741 bus
337 4688 558 4757 dignum
587 4689 835 4752 reddere,
860 4689 982 4743 audi
1014 4689 1228 4743 beatum
1251 4690 1449 4745 Mosen)
1477 4691 1600 4744 hinc
1627 4692 1795 4759 potis-

211 4781 402 4834 simum
449 4780 722 4848 pruzdicari
749 4822 764 4845 ,
795 4789 851 4834 et
893 4796 958 4834 ex
1007 4783 1106 4835 hac
1146 4781 1196 4835 ei
1234 4797 1485 4835 coronam
1519 4781 1698 4850 p!ecti.
1735 4781 1796 4835 Et

217 4869 409 4932 Mosa,
447 4869 649 4938 inquit,
679 4878 787 4921 erat
828 4869 1119 4923 mitissimus
1136 4869 1359 4923 omnium
1390 4870 1678 4934 hominum,
1710 4872 1797 4937 qui

212 4978 360 5026 super
389 4972 576 5014 terram
605 4959 793 5027 (Nunt.
820 4961 905 5015 12.
929 4962 1003 5031 5).
1022 4960 1207 5015 Vidisti
1251 4961 1480 5016 encomii
1528 4963 1797 5031 magnitt-

213 5052 415 5117 dinem,
445 5051 585 5121 quod
617 5051 764 5106 omni
804 5067 924 5106 eum
968 5052 1201 5106 humano
1227 5054 1407 5121 generi
1445 5069 1626 5122 parem
1671 5070 1797 5122 put-

214 5146 454 5207 nuntiet,
484 5144 590 5196 imo
619 5143 760 5205 omni
795 5142 1067 5196 hominum
1093 5144 1272 5211 generi
1302 5143 1582 5212 prmfcrat?
1606 5144 1670 5198 Et
1695 5144 1795 5198 ite-

215 5247 326 5288 rttm
350 5235 421 5286 de
452 5232 613 5285 David
639 5232 764 5286 dicit
789 5231 1061 5299 Scriptura
1088 5249 1099 5283 :
1127 5231 1400 5294 Memento,
1428 5230 1660 5300 Domine,
1693 5233 1799 5287 Da-

215 5325 313 5388 vid,
353 5333 402 5376 et
433 5323 596 5375 omnis
625 5323 1024 5377 mansuetudinis
1053 5323 1162 5392 ejus
1192 5321 1360 5391 (Psal.
1393 5325 1514 5378 I5I.
1553 5325 1628 5392 1).
1665 5327 1797 5380 lliuc

216 5412 515 5480 patriarcha
557 5412 658 5465 sibi
688 5413 944 5480 majorem
988 5414 1190 5468 caelitus
1229 5415 1530 5468 conciliavit
1567 5416 1795 5472 benevo-

219 5503 462 5564 lentiam,
489 5510 543 5556 et
589 5501 819 5556 all‘ercns
858 5518 977 5571 qua:
1024 5517 1118 5557 sua
1171 5515 1350 5569 erant,
1380 5521 1410 5558 a
1449 5507 1795 5562 misericorde

221 5593 324 5649 Deo
361 5593 570 5662 majora
615 5605 938 5662 assequutus
962 5605 1063 5648 est.
1101 5595 1212 5650 Hoc
1241 5596 1421 5652 scietis
1448 5607 1502 5652 et
1539 5614 1633 5652 vos
1659 5639 1672 5661 ,
1705 5600 1794 5654 ubi

219 5685 546 5741 attulerimus
593 5685 646 5739 in
699 5684 931 5740 medium
979 5701 1041 5741 ea
1089 5703 1207 5756 qua:
1244 5687 1490 5744 hesterna
1524 5689 1659 5744 dicta
1706 5704 1793 5745 sc-

1263 313 1328 369 IN
1367 311 1518 366 CAP.
1562 310 1699 365 XIII.
1741 303 1987 365 GENES.
2021 303 2258 384 1101111..
2302 301 2540 359 XXXIV.

3410 292 3506 349 3M

1921 430 2183 491 qnuutur,
2211 428 2266 473 et
2292 433 2413 488 qua:
2443 418 2591 488 prius
2621 423 2748 469 sunt
2775 415 2911 469 lecta
2954 411 3162 466 caritati
3192 420 3384 464 vestrae
3410 410 3489 464 de

1920 509 2324 565 claravcrimus.
2346 508 2476 562 Nam
2501 507 2621 576 quia
2645 507 2843 559 Abram
2871 504 3091 558 multam
3123 518 3232 573 prae
3253 517 3310 556 se
3333 501 3509 556 ferens

1919 599 2386 655 mansuetudinem
2417 598 2549 651 Loto
2582 596 2844 666 potiorem
2875 603 3079 662 partem
3102 594 3285 657 cessit,
3308 606 3362 646 ct
3388 605 3508 644 om-

1921 707 2044 746 nem
2070 693 2118 745 ei
2158 689 2385 760 eligendi
2435 689 2742 742 facultatem
2781 687 3117 755 permittens.
3141 698 3262 736 cmn
3315 682 3513 753 gatnlio

1919 782 2079 852 elegit
2107 782 2371 835 minorem
2403 779 2743 849 portionem,
2775 776 2936 830 modo
2975 774 3281 828 auferretur
3331 775 3510 826 omnis

1919 873 2235 929 contentio:
2268 871 2389 926 vide
2431 880 2686 941 quantam
2740 868 2916 922 statim
2967 865 3270 920 mercedem
3323 879 3353 916 a
3401 864 3511 918 Deo

1917 963 2284 1033 consequitur,
2315 971 2372 1016 et
2408 959 2680 1029 quomodo
2703 958 2877 1012 adhuc
2909 956 3094 1025 majori
3127 955 3503 1019 retributione,

1918 1056 2016 1108 etsi
2046 1054 2271 1108 multum
2305 1053 2512 1110 divitiis
2539 1051 2806 1113 abundet,
2838 1047 3200 1120 patriarcham
3254 1044 3509 1128 dignatur

1919 1146 2082 1200 Deus.
2109 1144 2256 1199 Talis
2279 1146 2421 1199 enim
2451 1153 2535 1198 est
2561 1143 2817 1196 Dominus
2839 1151 3024 1196 noster
3047 1140 3162 1194 utsi
3192 1137 3406 1207 quando
3424 1138 3509 1192 vel-

1916 1252 2137 1306 parvum
2178 1237 2306 1306 quid
2336 1236 2579 1290 attulisse
2621 1250 2720 1288 nos
2754 1233 2978 1297 viderit,
3012 1231 3343 1300 largissimas
3380 1244 3508 1284 suas

1914 1329 2068 1383 nobis
2100 1327 2560 1382 remunerationes
2586 1325 2929 1395 suppeditet,
2963 1330 3273 1392 tantamque
3297 1337 3404 1390 pm
3444 1337 3505 1374 se

1913 1417 2049 1473 ferat
2089 1419 2480 1483 liberalitatem,
2507 1428 2564 1472 ut
2603 1434 2665 1473 ea
2716 1433 2837 1487 quae
2875 1432 2903 1469 a
2953 1416 3106 1470 nobis
3154 1424 3281 1469 sunt
3323 1414 3458 1468 facta
3485 1454 3501 1478 ,

1911 1511 2095 1564 multis
2123 1511 2360 1564 numeris
2381 1524 2411 1562 a
2444 1509 2596 1562 novis
2621 1508 2739 1574 ejus
2766 1506 3040 1561 beneﬁciis
3072 1506 3372 1559 vincantur.

1981 1600 2038 1656 2.
2072 1600 2194 1656 Non
2215 1602 2336 1656 doni
2358 1602 2672 1671 magnitudo,
2697 1601 2784 1654 sed
2811 1601 2976 1652 dantis
3006 1601 3206 1652 animus
3228 1607 3503 1665 spectatur.

1908 1685 2060 1744 —Et
2087 1690 2186 1745 hoc
2218 1691 2269 1744 in
2298 1692 2544 1745 omnibus
2592 1691 2790 1744 nostris
2819 1690 2968 1744 factis
3000 1689 3235 1742 inveniet
3276 1689 3396 1757 quis
3434 1688 3503 1739 ab

1910 1795 1975 1835 eo
2001 1781 2141 1836 ﬁeri.
2168 1781 2304 1846 Quid
2339 1781 2481 1835 enim
2505 1822 2519 1846 ,
2549 1781 2822 1844 dicmihi,
2855 1780 3011 1833 vilius
3036 1779 3244 1832 duobus
3286 1778 3502 1830 obuiis?

1908 1872 2157 1926 Attamen
2187 1872 2309 1939 quia
2339 1871 2494 1925 vidua
2523 1872 2607 1926 illa
2629 1872 2763 1925 duos
2784 1871 2972 1924 obolos
2999 1871 3052 1924 in
3081 1871 3369 1924 corhonam
3401 1869 3502 1923 mi-

1907 1963 1978 2016 sit
1997 1960 2330 2031 (Luc.2l.3),
2363 1962 2487 2017 inde
2506 1962 2733 2016 celebris
2755 1963 3002 2026 universo
3024 1959 3222 2014 mundo
3262 1960 3394 2015 facta
3416 1969 3501 2014 est

1906 2057 1975 2109 ab
2003 2070 2070 2109 eo
2097 2065 2335 2124 tempore
2372 2070 2541 2124 usque
2573 2055 2623 2108 in
2667 2068 2923 2123 praesens.
2955 2053 3019 2106 Et
3048 2053 3172 2121 quid
3203 2051 3325 2106 dico
3360 2051 3500 2106 duos

1906 2146 2138 2200 obolos?
2169 2147 2389 2201 Etiamsi
2419 2147 2538 2216 quis
2564 2147 2787 2202 calicem
2833 2160 2985 2214 aquze
3015 2143 3220 2212 frigidae
3263 2143 3500 2212 praebeat

1909 2235 2123 2306 (Matth.
2150 2237 2231 2291 l0.
2266 2236 2380 2308 42),
2413 2251 2511 2305 pro
2557 2251 2623 2290 eo
2668 2237 2830 2289 etiam
2885 2250 3091 2303 magna:
3137 2233 3501 2287 decernuntur

1903 2327 2321 2383 retributiones:
2350 2341 2562 2396 semper
2589 2325 2733 2382 enim
2764 2334 2986 2381 coronat
3013 2338 3108 2378 eos
3128 2323 3219 2393 qui
3245 2325 3496 2381 virtutem

1903 2427 2212 2488 operantur,
2244 2417 2536 2473 secundum
2568 2419 2902 2486 operantium
2951 2415 3302 2470 voluntatem.
3335 2414 3496 2469 Simi-

1901 2509 2025 2563 liter
2053 2509 2104 2563 in
2138 2524 2354 2578 precum
2397 2510 2708 2564 assiduitate
2756 2508 2897 2563 istud
2937 2508 3108 2577 ipsum
3154 2509 3223 2562 ab
3266 2523 3334 2562 eo
3383 2506 3496 2561 fieri

1901 2599 2084 2654 videre
2113 2599 2259 2654 licet.
2289 2598 2419 2654 Nam
2450 2601 2496 2654 si
2531 2615 2689 2670 quem
2722 2599 2897 2653 videat
2939 2597 3185 2652 alacriter
3211 2613 3272 2652 se
3296 2597 3497 2652 adeun-

1902 2699 2008 2744 tem
2032 2733 2045 2755 ,
2084 2693 2264 2744 statim
2303 2693 2352 2744 ei
2379 2691 2508 2745 dicit
2539 2708 2554 2744 :
2588 2691 2769 2744 Adhuc
2807 2689 3038 2759 loquente
3079 2699 3126 2742 te
3157 2704 3272 2742 ecce
3314 2689 3498 2742 adsunt

1901 2779 2050 2851 (Isai.
2079 2781 2167 2835 65.
2196 2779 2312 2851 24).
2331 2780 2482 2847 Quod
2504 2782 2549 2835 si
2574 2780 2888 2849 ampliorem
2921 2778 3260 2833 sedulitatem
3293 2789 3492 2843 teneat,

1901 2881 1954 2926 et
1978 2886 2170 2940 magno
2201 2871 2495 2936 desidet-io,
2529 2870 2860 2938 ferventique
2887 2870 3085 2923 mentis
3107 2869 3380 2936 alacritate
3405 2885 3498 2937 pe-

1901 2959 2119 3014 titiones
2163 2959 2408 3015 emittat:
2438 2959 2599 3013 etiam
2636 2969 2761 3014 ante
2802 2960 3114 3029 petitionem
3153 2959 3407 3029 przedicat
3441 2969 3495 3014 et

1900 3060 2123 3106 coronat
2156 3068 2170 3103 ε
2201 3051 2252 3105 id
2283 3051 2424 3120 quod
2453 3059 2508 3105 et
2529 3051 2580 3104 in
2603 3049 2904 3105 Chanantea
2933 3051 3156 3106 muliere
3179 3051 3490 3106 declaravit.

1898 3141 2162 3208 Quoniam
2190 3141 2334 3196 enim
2360 3142 2492 3196 vidit
2521 3142 2968 3210 indefatigabilem
2998 3142 3115 3211 ejus
3136 3145 3494 3198 constantiam

1899 3243 1953 3286 et
1981 3232 2454 3301 perseverantiam,
2481 3233 2570 3286 ubi
2596 3231 2835 3301 primum
2867 3247 2984 3287 eam
3013 3231 3339 3300 praedicavit,
3361 3241 3417 3287 ct
3439 3242 3497 3288 ut

1900 3325 1970 3379 ita
1992 3323 2187 3388 dicam,
2209 3324 2505 3387 coronavit,
2524 3324 2727 3394 totique
2750 3324 2949 3379 mundo
2980 3325 3289 3390 celebravit,
3311 3335 3492 3395 postea

1899 3415 2220 3470 liberalitate
2251 3429 2438 3484 magna
2471 3429 2659 3484 preces
2685 3414 2803 3484 ejus
2827 3415 2988 3470 etiam
3019 3418 3313 3485 superavit.
3337 3416 3490 3482 Nam,

1901 3513 1957 3558 ut
1986 3506 2117 3559 dixit
2140 3523 2152 3558 :
2177 3505 2221 3556 0
2243 3507 2443 3567 mulier,
2468 3522 2653 3576 magna
2675 3516 2746 3560 est
2771 3507 2899 3575 ﬁdes
2921 3516 3009 3560 tua
3030 3524 3050 3562 :
3078 3491 3204 3563 tunc
3229 3507 3490 3572 subdidit,

1900 3594 2020 3648 Fiat
2049 3595 2138 3648 tibi
2181 3596 2310 3648 sicut
2357 3596 2429 3648 vis
2461 3595 2675 3662 (Matth.
2710 3597 2798 3651 I5.
2821 3596 2936 3666 28).
2973 3598 3038 3651 Et
3081 3599 3125 3651 si
3170 3599 3494 3653 voluerimus

1898 3687 2107 3756 singula
2154 3685 2447 3756 Scriptum
2491 3685 2688 3740 divinae
2737 3689 2984 3757 exempla
3032 3687 3248 3750 afferre,
3297 3690 3495 3759 ubique

1899 3795 2146 3850 magnam
2171 3779 2379 3834 Domini
2403 3779 2822 3835 muniﬁcentiam
2847 3780 3163 3834 videbimus.
3191 3781 3302 3836 Hoc
3324 3782 3492 3851 probe

1898 3871 2102 3926 sciebat
2129 3870 2427 3938 patriarcha
2452 3870 2565 3936 ille,
2595 3870 2872 3926 cedentem
2907 3872 3202 3926 minoribus
3229 3888 3493 3941 assequuo

1900 3967 2077 4014 turum
2100 3961 2322 4030 majora,
2339 3963 2477 4015 sicut
2499 3959 2613 4016 heri
2635 3961 2944 4018 audivistis:
2966 3964 3126 4016 cessit
3143 3963 3300 4020 Low.
3322 3965 3495 4031 regio-

1899 4067 2130 4122 nemque
2157 4053 2478 4108 deteriorem
2510 4054 2669 4124 elvgit
2694 4095 2709 4118 ,
2743 4062 2802 4108 ut
2829 4057 3190 4110 contentionis
3223 4068 3496 4109 resecat-et

1899 4145 2244 4210 occasiones,
2270 4155 2325 4200 et
2366 4155 2583 4200 ostensa
2634 4147 2830 4201 virtute
2871 4161 2965 4200 sua
3017 4147 3272 4215 peculiari
3327 4156 3492 4202 totam

1899 4235 2116 4290 domum
2165 4246 2407 4305 pacatam
2465 4236 2736 4293 redderet.
2787 4234 3053 4290 Caeterum
3108 4237 3387 4291 videamus
3424 4255 3491 4291 cx

1900 4342 2088 4383 recens
2115 4328 2286 4394 lectis,
2315 4344 2560 4398 qua-nam
2593 4343 2690 4398 pro
2714 4338 2856 4383 tanta
2903 4329 3311 4386 mansuetudine
3353 4331 3522 4385 acci--

1903 4421 2065 4489 piata
2095 4421 2204 4473 Deo
2235 4422 2476 4488 praemia.
2507 4421 2594 4474 M.
2615 4419 2680 4474 Et
2703 4421 2870 4486 dixit,
2904 4420 3070 4489 inquit
3096 4461 3111 4485 ,
3149 4419 3282 4474 Deus
3305 4421 3453 4474 Abrar
3474 4463 3490 4486 ,

1901 4518 2161 4579 postquam
2199 4521 2461 4577 separatus
2481 4520 2552 4563 est
2583 4509 2644 4562 ab
2669 4526 2726 4563 eo
2760 4509 2851 4562 Lot
2876 4525 2896 4563 :
2923 4510 3143 4564 Elevatis
3187 4512 3347 4563 oculis
3387 4514 3490 4566 tuis

1901 4617 2044 4653 cerne
2064 4617 2094 4652 a
2112 4601 2223 4653 loco
2245 4600 2296 4652 in
2308 4616 2407 4669 quo
2429 4609 2479 4651 tn
2503 4616 2637 4652 nunc
2657 4616 2728 4665 es,
2748 4599 2815 4651 ad
2836 4600 3119 4667 aquilonem
3146 4609 3190 4652 et
3211 4601 3490 4665 meridiem,

1901 4701 1948 4744 et
1991 4691 2231 4743 orientem
2257 4699 2303 4742 et
2335 4707 2473 4742 mare
2498 4705 2517 4743 :
2546 4691 2631 4744 15.
2661 4692 2779 4760 quia
2804 4706 3002 4743 omnem
3046 4699 3231 4743 terram
3257 4707 3408 4760 quam
3439 4701 3494 4745 tu

1901 4779 2037 4833 uides
2055 4819 2070 4844 ,
2099 4780 2186 4832 tibi
2212 4779 2342 4832 dabo
2373 4796 2515 4844 eam,
2544 4788 2591 4832 et
2628 4780 2806 4832 semini
2834 4789 2920 4834 tuo
2945 4796 3101 4849 usque
3135 4782 3187 4833 in
3228 4782 3492 4834 arculum.

1905 4873 2038 4928 Vide
2062 4872 2330 4943 quomodo
2355 4872 2532 4926 divina
2554 4871 2830 4940 Scriptura
2860 4873 3211 4927 acceleratam
3244 4873 3336 4928 Dei
3367 4888 3496 4943 pro-

1902 4964 2190 5017 videntiam
2226 4973 2281 5018 et
2314 4963 2720 5018 retributionem
2747 4964 2893 5031 justo
2921 4963 3111 5018 laetam
3141 4963 3493 5019 demonstrat.

1907 5054 2102 5108 \‘olens
2131 5056 2272 5108 enim
2301 5068 2399 5106 nos
2442 5053 2638 5107 docere
2660 5093 2673 5112 .
2708 5063 2966 5122 quantmu
2998 5056 3288 5123 approbata
3337 5056 3495 5111 fuerit

1903 5158 1932 5195 a
1976 5142 2324 5196 misericorde
2377 5143 2486 5197 Deo
2525 5144 2841 5210 patriarchae
2887 5144 3187 5211 humilitas,
3217 5158 3495 5216 postquam

1902 5235 2056 5300 dixit,
2079 5242 2380 5302 separatum
2409 5233 2571 5287 fuisse
2595 5233 2713 5300 Lot,
2747 5243 2800 5288 et
2827 5235 3024 5290 abiisse
3045 5237 3094 5289 in
3120 5247 3312 5290 terram
3336 5254 3496 5307 quam

1903 5326 2064 5394 elegit
2113 5335 2169 5379 ut
2209 5329 2674 5393 praestantiorem;
2704 5327 2885 5380 statim
2938 5327 3175 5382 subdidit
3210 5345 3221 5381 :
3259 5327 3323 5381 Et
3367 5330 3497 5383 dixit

1905 5414 2040 5468 Deus
2071 5415 2234 5468 Abrte.
2263 5414 2461 5468 Deinde
2488 5424 2544 5468 ut
2570 5414 2851 5485 diligenter
2879 5416 3147 5470 discamus
3169 5418 3282 5472 lucc
3299 5417 3498 5473 dixisse

1905 5505 2070 5558 Deum
2102 5504 2154 5558 in
2180 5505 2481 5558 mercedem
2513 5520 2699 5560 eorum
2729 5521 2848 5575 qua:
2879 5508 3018 5561 circa
3043 5507 3234 5561 Lotum
3265 5508 3489 5572 fecerat,

1908 5599 2022 5652 haec
2045 5597 2249 5650 addidit
2281 5614 2295 5650 :
2332 5595 2398 5649 Et
2420 5598 2549 5650 dixit
2578 5595 2716 5651 Deus
2745 5598 2913 5663 Abrae,
2938 5611 3205 5668 postquam
3234 5614 3497 5668 separatus

1907 5699 1979 5744 est
2000 5688 2061 5742 ab
2087 5704 2143 5742 eo
2170 5687 2285 5754 Lat,
2318 5688 2467 5759 quasi
2512 5689 2794 5746 manifeste
2834 5689 2947 5745 lucc
2981 5692 3028 5748 ei
3074 5693 3236 5748 verba
3269 5693 3492 5758 dicens;
