4054 6324
553 388 656 443 515

553 500 631 552 0b
659 508 801 551 tuam
837 498 1290 551 mansuetudinem
1335 496 1545 564 regione
1583 496 1800 550 meliore
1849 507 1901 549 et
1945 510 2108 550 ama:-

554 589 702 641 niore
748 586 926 641 fratris
951 588 1056 639 ﬁlio
1081 586 1285 640 cessisti
1308 626 1322 649 ,
1348 595 1399 638 et
1444 585 1691 641 eximiam
1719 601 1828 655 prte
1858 593 1909 639 te
1952 583 2114 637 tulisti

557 678 928 742 humilitatem,
961 687 1260 744 tantamque
1284 677 1426 744 pacis
1463 675 1688 728 habuisti
1721 688 1898 731 curam
1917 716 1930 738 ,
1954 685 2010 727 ut
2038 674 2118 727 ni-

559 770 631 824 hil
661 784 765 824 non
794 771 962 839 potius
989 767 1268 835 delegeris,
1299 781 1458 835 quam
1479 781 1598 820 esse
1625 767 1761 820 inti-r
1780 781 1872 818 vos
1896 775 2116 819 conten-

558 861 772 913 tiones:
803 864 1081 925 eaprOpter
1120 855 1290 924 largas
1333 855 1446 907 illas
1482 869 1512 907 a
1549 871 1634 909 me
1665 853 2118 912 remunerationes

560 949 760 1016 accipe.
789 944 1004 999 Elevatis
1024 984 1038 1008 ,
1063 945 1253 1013 inquit,
1274 945 1430 997 oculis
1457 945 1555 998 tuis
1574 985 1587 1007 ,
1621 945 1730 997 vide
1755 962 1788 996 a
1816 945 1922 997 loco
1942 945 1993 996 in
2021 958 2118 1011 quo

554 1049 607 1090 tu
637 1052 768 1089 nunc
794 1033 960 1100 es,,ad
1000 1034 1282 1103 aquilonem
1325 1042 1370 1086 et
1413 1035 1686 1098 meridiem,
1710 1042 1755 1086 et
1799 1034 2032 1086 orientem
2071 1041 2120 1084 et

556 1133 692 1172 mare
720 1133 739 1172 :
763 1118 882 1186 quia
918 1132 1112 1169 onmem
1152 1125 1336 1168 terram
1357 1156 1372 1178 ,
1399 1131 1551 1184 quam
1591 1124 1643 1167 tu
1667 1116 1801 1168 vides
1819 1157 1833 1179 ,
1866 1114 1953 1166 tibi
1991 1112 2119 1166 dabo

557 1226 686 1273 eam,
706 1219 754 1262 et
773 1209 949 1263 semini
974 1218 1057 1262 tuo
1085 1223 1239 1275 usque
1258 1209 1309 1260 in
1334 1208 1592 1260 uetulum.
1612 1206 1796 1262 Vidisti
1821 1207 2115 1260 retributio-

561 1312 684 1352 nem
729 1307 876 1368 gesta
919 1298 1033 1366 ejus
1066 1298 1244 1352 multis
1285 1298 1456 1351 modis
1498 1298 1876 1365 superantem?
1930 1295 2121 1350 Iisdem

559 1387 736 1441 verbis
761 1388 923 1440 utitur
950 1389 1256 1441 misericors
1282 1386 1534 1440 Dominus
1553 1426 1568 1448 ,
1601 1385 1792 1454 quibus
1817 1392 1871 1438 et
1902 1385 2122 1451 patriar-

556 1477 657 1529 cha
685 1476 982 1530 cessionem
1010 1476 1226 1530 iecerat.
1252 1476 1379 1529 Nam
1409 1476 1544 1528 sicut
1565 1474 1857 1543 patriarcha
1877 1474 2120 1528 dicebat:

561 1564 712 1631 Ecce,
743 1582 910 1620 annon
949 1568 1108 1618 omnis
1150 1575 1280 1618 terra
1317 1580 1485 1619 coram
1539 1565 1624 1616 te?
1664 1563 1862 1616 discede
1883 1580 1914 1615 a
1941 1578 2057 1616 me:
2079 1564 2121 1617 si

563 1666 618 1707 tu
641 1656 708 1709 ad
736 1655 1009 1719 dexteram,
1039 1668 1129 1723 ego
1153 1655 1220 1706 ad
1248 1654 1501 1707 sinistram
1521 1667 1540 1715 ;
1560 1654 1603 1704 si
1632 1664 1686 1705 tu
1718 1654 1786 1704 ad
1827 1653 2078 1705 sinistram
2104 1693 2120 1717 ,

561 1760 653 1813 ego
676 1744 744 1797 ad
771 1745 1024 1797 dexteram
1052 1759 1070 1801 .'
1102 1744 1169 1795 ita
1191 1751 1246 1797 et
1285 1744 1534 1798 Dominus
1558 1743 1720 1796 dicit:
1751 1741 1968 1796 Elevatis
2001 1758 2125 1795 ocu-

561 1835 622 1886 lis
648 1834 746 1886 tuis
774 1833 883 1885 uide
909 1849 940 1886 a
965 1834 1073 1886 loco
1103 1833 1155 1885 in
1181 1849 1277 1900 quo
1303 1842 1355 1886 tu
1382 1849 1514 1885 nunc
1544 1849 1594 1886 es
1615 1849 1634 1887 :
1660 1833 1779 1901 quia
1803 1849 1996 1886 omnem
2021 1844 2125 1885 ter-

561 1939 690 1984 ram,
718 1940 870 1990 quam
890 1933 941 1975 tu
972 1923 1126 1985 vides,
1144 1923 1230 1975 tibi
1253 1923 1382 1975 dabo
1411 1939 1522 1976 eam
1542 1963 1557 1986 ,
1587 1933 1633 1976 et
1661 1924 1837 1976 semini
1860 1932 1946 1975 tuo
1974 1938 2127 1989 usque

559 2013 615 2065 in
641 2012 899 2070 saeuiunt.
932 2012 1046 2077 Hie,
1077 2027 1259 2082 quaeso
1278 2054 1292 2077 ,
1321 2012 1681 2068 animadverte
1713 2012 1978 2079 ingentem
2011 2027 2128 2067 mu-

565 2102 906 2158 niﬁcentiam.
953 2102 1029 2155 Tn
1075 2101 1310 2170 quidem,
1338 2101 1539 2171 inquit,
1568 2103 1691 2156 dato
1739 2102 1813 2156 illi
1851 2101 2129 2156 electionis

564 2192 802 2257 arbitrio,
831 2206 915 2255 ea,
947 2206 1103 2260 quam
1129 2192 1216 2258 ille
1262 2192 1425 2245 voluit
1462 2192 1674 2259 eligere,
1709 2199 1846 2244 terra
1877 2189 2081 2244 cessisti
2109 2229 2124 2253 ,

566 2282 804 2336 relictam
824 2289 1000 2337 autem
1025 2282 1138 2349 ipse
1161 2283 1450 2352 accepisti:
1479 2296 1578 2350 ego
1603 2296 1729 2337 vero
1751 2290 1893 2335 tanta
1925 2289 1975 2334 te
1999 2279 2130 2334 libe-

563 2371 769 2424 ralitate
796 2384 1105 2438 prosequar,
1129 2379 1187 2424 ut
1211 2385 1423 2425 omnem
1444 2385 1602 2440 quam
1637 2379 1760 2424 ante
1797 2370 1978 2424 oculos
2011 2379 2128 2424 tuos

567 2469 765 2515 terram
794 2449 938 2514 vides
967 2461 1140 2525 sitam,
1167 2477 1230 2514 ex
1258 2471 1484 2529 utroque
1513 2462 1680 2515 latere
1703 2461 1889 2516 dextro
1915 2469 1968 2514 et
1997 2461 2130 2516 siui-

567 2560 700 2612 stro,
727 2566 755 2603 a
795 2552 1156 2619 septentrione
1195 2561 1250 2606 et
1276 2552 1519 2614 meridie,
1551 2553 1617 2606 ab
1641 2552 1844 2606 oriente
1890 2561 1945 2606 et
1982 2551 2129 2606 occi-

567 2641 744 2703 dente,
770 2649 825 2693 ct
854 2641 906 2692 in
935 2654 1159 2705 summa,
1188 2655 1400 2694 omnem
1426 2650 1620 2695 terram
1646 2656 1800 2711 quam
1821 2642 2012 2705 cernis,
2035 2642 2132 2696 tibi

568 2745 686 2786 sum
707 2746 1058 2786 concessurus
1086 2751 1099 2785 :
1133 2747 1303 2801 neque
1323 2733 1413 2787 tibi
1434 2734 1624 2799 solum,
1650 2734 1741 2788 sed
1766 2732 1829 2786 Et
1849 2734 2023 2787 semini
2049 2743 2132 2786 tuo

569 2835 724 2889 usque
747 2822 800 2872 in
817 2821 1265 2875 mutumNidisti
1287 2823 1496 2891 dignam
1513 2823 1687 2878 divina
1709 2824 1942 2879 bonitate
1962 2826 2134 2878 muni-

572 2908 836 2963 ﬁcentiam
858 2911 880 2961 ?
905 2902 1089 2963 Vidisti
1116 2911 1325 2980 quantis
1353 2913 1532 2976 cessit,
1559 2923 1753 2982 quanta
1783 2922 1865 2968 est
1890 2929 2137 2983 assequu-

575 2998 698 3050 tus?
729 2997 861 3051 llinc
902 3001 1239 3066 erudiamur,
1273 3011 1328 3053 ut
1357 3017 1543 3071 magna
1589 3003 1639 3056 in
1671 2996 1861 3060 dandis
1904 3006 2133 3059 eleemo-

572 3088 717 3160 synis
749 3089 987 3158 largitate
1016 3099 1224 3143 utamur
1243 3131 1258 3155 ,
1288 3107 1393 3160 quo
1422 3092 1558 3146 datis
1579 3096 1755 3161 parvis
1783 3096 2138 3163 adipiscamur

573 3192 786 3247 magna.
815 3178 1088 3244 Quomodo
1109 3180 1250 3234 enim
1271 3183 1414 3249 paria
1438 3194 1577 3246 sunt,
1607 3183 1712 3250 dic,
1740 3186 1983 3251 obsecro,
2013 3187 2139 3240 dare

579 3286 766 3340 parum
794 3272 1021 3342 argenti,
1045 3284 1095 3328 et
1119 3275 1356 3330 obtinere
1387 3287 1725 3344 peccatorum
1747 3279 2140 3333 remissionem?

582 3376 797 3430 pascere
823 3366 1177 3432 esurientem,
1207 3377 1259 3420 et
1289 3368 1339 3422 in
1366 3367 1454 3422 die
1484 3368 1570 3421 illa
1611 3369 1848 3424 horribili
1893 3371 2138 3426 ﬁduciam

577 3455 820 3522 assequi.
853 3464 906 3509 et
951 3457 1134 3511 audire
1183 3457 1342 3511 verba
1394 3473 1514 3512 cum
1561 3474 1724 3528 regno
1775 3459 2138 3515 conferenda:

584 3541 803 3607 Esurivi,
833 3556 877 3598 et
909 3547 1114 3601 dedistis
1149 3549 1275 3600 mihi
1319 3550 1620 3603 manducare
1647 3549 1858 3619 (Matth.
1889 3552 1979 3608 25.
2007 3553 2142 3622 55)?

582 3634 718 3687 Num
747 3638 835 3704 qui
866 3637 961 3691 tibi
995 3647 1191 3693 tantam
1224 3655 1400 3694 rerum
1431 3642 1575 3696 dedit
1611 3645 1937 3710 ubertatem,
1973 3647 2144 3716 potuit

587 3733 643 3776 et
671 3723 814 3778 illius
840 3727 1070 3795 inopiam
1096 3728 1272 3782 levare
1299 3738 1353 3783 et
1377 3730 1577 3784 solari?
1600 3731 1704 3785 Sed
1745 3732 1843 3787 hac
1880 3733 1948 3788 de
1985 3750 2142 3788 eausa

585 3813 833 3882 relinquit
879 3815 1027 3870 ilhtm
1076 3817 1254 3885 inopia
1294 3823 1504 3887 vexari,
1543 3831 1689 3877 utet
1739 3824 1850 3892 ipse
1895 3826 2143 3892 patientia

587 3901 808 3959 multum
835 3905 1094 3959 mercedis
1119 3908 1414 3973 acquireret
1435 3949 1448 3973 ,
1478 3919 1532 3962 et
1558 3920 1610 3963 tu
1633 3926 1728 3978 per
1756 3913 2147 3984 eleemosynam

590 3990 683 4048 tibi
716 3991 920 4045 ﬁducia:
944 3993 1219 4047 materiam
1249 3994 1370 4048 illuc
1398 3998 1764 4064 prwmitleres.

660 4083 711 4134 ὅ.
734 4082 915 4135 Vidisti
945 4084 1354 4139 misericordiam
1383 4086 1608 4149 Domini,
1639 4089 1905 4157 quomodo
1936 4101 2151 4159 propter

591 4181 824 4230 nostram
855 4172 1076 4226 salutem
1103 4172 1374 4242 dispenset
1401 4176 1574 4228 omnia
1600 4177 1622 4226 ?
1653 4177 1829 4246 itaque
1854 4179 1977 4234 dum
2006 4183 2148 4249 cogi-

592 4269 699 4322 tas,
731 4271 947 4329 propter
973 4270 1024 4315 te
1053 4270 1104 4316 et
1131 4273 1348 4331 propter
1375 4273 1514 4317 tuam
1539 4265 1810 4320 utilitatem
1847 4269 1993 4321 illum
2031 4286 2152 4323 cum

593 4349 763 4418 inopia
791 4351 1179 4406 conliictantem
1225 4353 1362 4407 fame
1391 4356 1592 4422 perire,
1636 4371 1702 4410 ne
1725 4358 1921 4426 absque
1951 4360 2155 4415 miseri-

596 4440 769 4499 cordia
808 4451 1075 4505 transeas,
1115 4441 1206 4496 sed
1234 4454 1347 4497 esto
1377 4443 1547 4498 ﬁdelis
1587 4460 1803 4511 eorum,
1852 4463 1968 4517 qua:
2003 4449 2094 4502 tibi
2119 4453 2153 4501 'a

600 4533 820 4585 limuino
842 4547 1092 4587 concessa
1125 4543 1265 4595 sunt,
1289 4535 1548 4590 bonorum
1565 4537 1915 4606 dispensator,
1941 4551 1997 4592 ut
2018 4541 2157 4596 illius

599 4622 920 4675 siiblevando
942 4624 1234 4690 penuriam,
1268 4625 1480 4678 multam
1500 4627 1590 4679 tibi
1609 4642 1886 4696 supernam
1909 4631 2158 4685 concilies

597 4711 839 4786 gratiam.
891 4712 954 4764 Et
975 4713 1206 4781 gloriﬁca
1237 4714 1510 4767 Dominum
1542 4726 1686 4769 tuum
1710 4758 1725 4779 ,
1772 4719 1912 4786 quod
1943 4729 2157 4787 prOpler

603 4811 652 4859 te
694 4813 748 4852 et
793 4803 1010 4854 salutem
1061 4814 1200 4856 tuam
1241 4805 1537 4873 permiserit
1581 4803 1815 4859 illum‘in
1857 4821 2162 4877 paupertate

605 4892 798 4942 versari
830 4932 844 4954 ,
893 4901 948 4943 ut
977 4893 1064 4944 tibi
1091 4895 1168 4944 via
1198 4903 1406 4961 pateat,
1450 4910 1542 4962 per
1570 4911 1725 4962 quam
1753 4907 1961 4964 peccata
1993 4901 2163 4968 possis

605 4980 815 5032 abluere
843 5023 854 5041 ,
899 4990 950 5033 et
975 4981 1290 5050 dispensatis
1321 4985 1451 5037 bene
1483 4986 1546 5036 iis
1567 5000 1682 5052 quae
1725 5001 1752 5038 a
1801 4988 2020 5042 Domino
2067 4989 2163 5044 tibi

604 5079 725 5122 sunt
747 5085 1018 5134 concessa,
1050 5074 1226 5126 laudes
1253 5074 1367 5126 illas
1397 5089 1650 5138 mereare,
1681 5092 1795 5144 qua:
1816 5092 2025 5131 omnem
2055 5095 2166 5134 ser-

608 5176 814 5211 monem
864 5171 915 5213 et
971 5163 1225 5217 rationem
1284 5166 1679 5219 transcendunt.
1735 5169 1928 5224 Audies
1977 5173 2117 5224 enim
2149 5213 2164 5236 ,

615 5249 748 5318 Euge
767 5293 779 5312 ,
805 5269 941 5304 serve
981 5255 1102 5308 bone
1125 5266 1168 5308 et
1190 5255 1353 5321 ﬁdelis
1371 5297 1384 5317 ,
1425 5273 1573 5325 super
1598 5278 1758 5327 pauca
1797 5262 1934 5327 fuisti
1968 5263 2130 5330 ﬁdelis
2149 5305 2165 5328 ,

611 5355 757 5406 super
786 5342 942 5393 multa
971 5353 1017 5396 te
1041 5346 1333 5398 constituant
1362 5363 1380 5399 :
1406 5348 1537 5400 intra
1583 5350 1634 5400 in
1679 5352 1914 5418 gaudium
1969 5351 2168 5404 Domini

606 5429 678 5481 tui
708 5432 725 5498 (
751 5430 926 5483 Matth.
952 5432 1041 5487 25.
1073 5433 1196 5502 9.5).
1225 5435 1344 5489 Hzec
1372 5438 1868 5502 animadvertentes,
1904 5441 1972 5494 ita
2004 5443 2170 5508 reSpi-

605 5538 806 5582 ciamus
857 5546 1147 5598 pauperes,
1193 5535 1340 5601 quasi
1385 5534 1680 5599 beneﬁcos,
1728 5535 1815 5601 qui
1867 5537 2171 5590 occasiones

611 5619 796 5672 Salutis
823 5622 946 5674 dare
990 5621 1140 5675 nobis
1170 5632 1418 5690 possunt,
1470 5634 1520 5677 et
1559 5627 1636 5678 eis
1677 5625 1889 5692 largiter
1914 5623 2172 5694 hilarique

614 5718 660 5763 at
684 5709 790 5763 imo
819 5725 1113 5782 crogemus,
1144 5730 1425 5784 numquam
1458 5726 1737 5771 renuentes
1761 5716 1906 5782 dare,
1938 5717 2031 5771 sed
2063 5731 2169 5770 ma-

1291 383 1344 440 S.
1384 381 1656 438 JOANNIS
1692 381 2159 438 CllllYSOSTOMl
2201 381 2513 437 ARCHIEP.
2553 380 3077 440 CONSTANTINOP.

3697 389 3796 443 3ιῦ

2222 509 2322 564 gna
2355 495 2569 552 lenitate
2592 512 2710 551 cum
2742 498 2818 551 eis
2843 497 3207 566 colloquentes
3232 540 3244 562 ,
3292 509 3342 553 et
3387 503 3602 554 multam
3647 521 3798 555 ιιι-ιι.-

2221 588 2553 642 suetudinem
2582 588 2931 644 deelarantes.
2964 589 3168 643 Inclina
3189 632 3204 653 ,
3235 592 3436 660 inquit,
3468 595 3676 659 pauperi
3702 611 3797 645 au-

2220 693 2324 730 rem
2354 688 2512 743 tuam,
2543 689 2587 732 et
2610 680 2855 748 responde
2878 681 2925 732 ei
2951 680 3162 748 paciﬁce
3185 682 3236 732 in
3267 683 3644 733 mansuetudine
3673 681 3795 748 (Ec-

2221 769 2305 821 cli.
2333 769 2382 821 4.
2417 767 2510 838 8),
2539 778 2599 822 ut
2629 776 2683 822 et
2710 778 2993 837 antequam
3037 769 3164 831 des,
3195 770 3476 825 verborum
3511 771 3796 825 clementia

2224 857 2390 912 multa
2433 859 2607 926 inopia
2635 857 2895 927 dejectum
2937 858 3052 926 ejus
3091 860 3326 912 animum
3352 861 3562 929 erigas;
3611 859 3797 913 Melior

2223 947 2354 1000 enim
2377 959 2472 1012 est,
2505 949 2692 1017 inquit,
2720 964 2903 1009 sermo,
2929 964 3080 1017 quam
3113 951 3318 1002 donatio
3345 950 3527 1019 (Eccti.
3561 951 3649 1005 18.
3682 951 3794 1018 16).

2221 1035 2371 1090 Adeo
2409 1037 2568 1091 etiam
2610 1038 2830 1092 verbum
2871 1039 3099 1092 animam
3144 1039 3428 1105 roborare,
3472 1042 3801 1096 consolatio-

2223 1139 2452 1192 nemque
2477 1127 2695 1181 multam
2726 1127 2915 1182 aﬂ'erre
2937 1129 3092 1181 solet.

2294 1216 2626 1286 Eleemosyna
2656 1218 2891 1270 alacriter
2925 1218 3200 1287 eroganda.
3247 1215 3460 1272 Serendi
3504 1228 3696 1289 tempus
3725 1231 3798 1276 est

2223 1309 2331 1361 hcc
2354 1310 2473 1361 vita.
2502 1336 2574 1347 —
2599 1307 2760 1376 Igitur
2803 1321 2908 1359 non
2958 1315 3160 1361 tantum
3189 1308 3519 1362 attendentes
3544 1325 3665 1363 eum
3706 1311 3798 1378 qui

2224 1398 2460 1465 accipit,’
2478 1398 2528 1451 in
2567 1397 2754 1450 dandis
2782 1397 3135 1467 eleemqsynis
3168 1399 3332 1452 simus
3363 1400 3607 1456 liberales
3647 1418 3662 1453 :
3703 1403 3800 1456 sed

2226 1489 2602 1542 ratiocinantes
2641 1489 2818 1557 potius
2845 1489 2962 1557 quis
2988 1488 3078 1541 ille
3102 1489 3172 1541 sit
3207 1491 3295 1557 qui
3339 1504 3400 1542 ea
3441 1505 3558 1559 qua}
3584 1492 3635 1543 in
3667 1505 3800 1559 pau-

2228 1595 2405 1650 perem
2437 1581 2692 1635 collocata
2722 1590 2867 1645 sunt,
2897 1591 2953 1635 ut
2991 1582 3092 1636 sihi
3134 1581 3266 1636 facta
3296 1583 3525 1636 vindicat
3547 1625 3563 1649 ,
3606 1594 3661 1639 et
3703 1601 3801 1650 pro

2227 1671 2362 1725 datis
2401 1670 2717 1726 solutionem
2768 1672 3089 1739 pollicetur:
3119 1683 3276 1740 atque
3315 1673 3386 1726 ita
3427 1674 3607 1727 animo
3648 1675 3798 1727 illum

2228 1760 2490 1822 intuentes
2514 1801 2531 1827 ,
2578 1776 2762 1830 magna
2789 1762 3058 1815 alacritate
3081 1761 3208 1814 dare
3237 1762 3545 1816 studeamus
3564 1802 3580 1826 ,
3614 1772 3667 1817 et
3696 1763 3792 1816 lar-

2227 1865 2369 1918 gam,
2395 1849 2518 1902 dum
2542 1849 2713 1903 adhuc
2740 1860 2945 1917 tempus
2971 1860 3073 1911 est,
3106 1858 3396 1902 sementem
3419 1851 3678 1918 jaeiamus
3695 1889 3713 1913 .
3745 1861 3804 1904 ut

2228 1948 2282 1991 et
2305 1938 2537 1993 ubertim
2567 1949 2844 1993 metamus.
2872 1938 3001 1994 Nam
3038 1939 3138 2005 Qui
3159 1954 3308 2006 parce
3330 1940 3572 2001 seminat,
3597 1939 3798 2008 inquit,

2231 2039 2598 2096 parceetmetet
2623 2028 2702 2098 (ἓ.
2726 2028 2841 2082 Cor.
2864 2029 2916 2084 9.
2941 2028 3020 2096 6).
3051 2028 3204 2081 Manu
3231 2028 3387 2098 igitur
3406 2029 3623 2083 minime
3645 2044 3800 2097 parca

2229 2119 2430 2172 semina
2458 2119 2543 2172 illa
2571 2119 2704 2172 bona
2734 2133 3062 2187 spargamus,
3096 2129 3152 2174 ut
3180 2135 3276 2174 suo
3305 2130 3542 2188 tempore
3569 2120 3802 2175 ubertim

2230 2215 2513 2264 metamus.
2545 2208 2693 2264 Nunc
2717 2211 2859 2264 enim
2887 2210 3179 2265 seminandi
3209 2221 3414 2279 tempus
3439 2219 3539 2276 est,
3565 2211 3707 2280 quod
3739 2225 3804 2265 ne

2229 2309 2611 2369 praztereamus
2635 2300 2858 2355 obsecro
2877 2341 2892 2364 ,
2935 2310 2991 2355 ut
3033 2303 3084 2355 in
3113 2301 3198 2355 die
3227 2301 3586 2356 retributionis
3615 2317 3711 2370 pro
3742 2302 3805 2354 iis

2232 2406 2348 2459 qua:
2379 2390 2464 2444 hic
2492 2391 2871 2446 seminavimus
2894 2433 2908 2458 ,
2955 2390 3155 2447 fructus
3183 2393 3538 2462 percipianius
3562 2433 3578 2458 ,
3616 2401 3668 2445 et
3699 2393 3805 2444 Du-

2233 2479 2360 2533 mini
2407 2480 2826 2534 misericordiam
2870 2494 3232 2550 assequamur.
3281 2481 3488 2534 Nullum
3515 2482 3657 2535 enim
3686 2498 3804 2533 om-

2234 2571 2361 2625 nino
2390 2571 2528 2626 aliud
2555 2586 2687 2640 opus
2713 2572 2907 2626 bonum
2929 2573 3006 2627 sic
3033 2573 3228 2640 poterit
3255 2572 3582 2640 restinguere
3621 2585 3806 2640 pecca-

2238 2669 2410 2716 torum
2436 2671 2735 2716 nostrorum
2761 2662 3078 2726 incendium,
3106 2671 3164 2716 ut
3182 2662 3532 2733 eleemosyna:
3553 2661 3802 2730 largitas:

2237 2752 2340 2828 ista
2362 2761 2416 2805 et
2445 2761 2778 2820 peccatorum
2808 2762 3108 2806 nostrorum
3148 2752 3486 2806 abolitionem
3531 2761 3802 2820 operatur,

2237 2849 2291 2895 et
2316 2840 2470 2895 nobis
2496 2841 2740 2895 ﬁduciam
2782 2841 3065 2905 conciliat,
3107 2850 3161 2896 et
3208 2840 3545 2894 ineﬂ'abilium
3593 2840 3804 2894 illorum

2237 2931 2496 2985 bonorum
2529 2932 2752 2985 fructum
2792 2941 3073 3001 przeparat.
3103 2931 3295 2985 Verum
3349 2930 3416 2984 de
3465 2928 3548 2983 bis
3591 2931 3808 2999 quidem

2239 3024 2369 3077 satis
2416 3022 2616 3076 dictum
2659 3030 2739 3074 est
2772 3021 2823 3074 in
2851 3019 3268 3075 cobortationem
3309 3029 3579 3082 vestram;
3627 3028 3684 3072 et
3719 3019 3811 3072 do-

2240 3121 2588 3166 monstratum
2621 3125 2718 3165 nos
2747 3110 2792 3165 si
2823 3125 2980 3179 parva
3002 3109 3302 3165 dederimus
3323 3149 3338 3172 ,
3369 3123 3398 3160 a
3447 3107 3671 3160 Domino
3712 3121 3810 3160 no-

2240 3211 2354 3255 stro
2382 3216 2568 3270 magna
2589 3208 3005 3269 consequuturos
3046 3213 3182 3253 esse.
3208 3198 3340 3251 Hinc
3365 3197 3504 3252 enim
3547 3210 3728 3249 sermo
3758 3196 3811 3252 in

2242 3291 2593 3361 eleemosyna:
2621 3290 3035 3343 admonitionem
3064 3287 3344 3342 devolutus
3373 3299 3452 3340 est
3481 3304 3493 3339 :
3526 3285 3647 3355 quia
3669 3289 3811 3340 enim

2243 3380 2472 3434 diximus
2511 3380 2859 3448 patriarcham
2884 3420 2901 3445 ,
2932 3379 3058 3433 dum
3090 3389 3291 3447 partem
3336 3387 3491 3432 terra:
3539 3378 3814 3432 meliorem

2244 3469 2344 3523 Lot
2372 3471 2656 3533 concessit,
2684 3477 2738 3522 et
2762 3470 3001 3522 viliorem
3029 3469 3140 3537 ipse
3163 3467 3398 3530 retinuit,
3431 3474 3631 3519 tantam
3658 3481 3686 3517 a
3714 3467 3818 3518 Deo

2245 3558 2392 3612 mino
2421 3566 2807 3627 consequutum
2835 3572 2954 3612 esse
2981 3557 3366 3619 liberalitatem,
3395 3563 3452 3609 ut
3473 3569 3686 3608 onmem
3722 3569 3822 3607 co-

2246 3649 2552 3717 gitationem
2592 3649 2928 3703 transcendat
2968 3648 3250 3716 promissio
3275 3663 3430 3715 quam
3469 3647 3515 3700 ei
3563 3647 3822 3701 Dominus

2250 3740 2371 3795 fecit
2400 3758 2413 3793 :
2446 3740 2662 3794 Elevatis
2689 3742 2819 3793 enim
2848 3739 3006 3792 oculis
3049 3739 3168 3804 tuis,
3197 3737 3383 3807 inquit,
3429 3739 3587 3790 uideo
3607 3739 3738 3800 loco,
3768 3739 3821 3794 its

2249 3847 2346 3898 quo
2372 3840 2423 3883 tu
2453 3846 2584 3883 nunc
2609 3847 2679 3893 es,
2709 3831 2776 3881 ad
2801 3830 3078 3898 aquilonem
3105 3838 3152 3881 et
3180 3829 3470 3890 meridiem,
3505 3839 3553 3879 et
3579 3828 3823 3882 orientem

2251 3932 2295 3975 et
2324 3938 2461 3975 mare
2485 3937 2503 3975 :
2530 3922 2646 3990 quia
2670 3936 2865 3973 omnem
2891 3930 3070 3973 terram
3092 3960 3106 3983 ,
3135 3935 3283 3987 quam
3311 3929 3363 3970 tu
3388 3919 3520 3970 vides
3543 3957 3558 3981 ,
3598 3933 3702 3969 eam
3733 3917 3824 3970 tibi

2253 4010 2405 4074 dabo,
2442 4020 2486 4062 et
2512 4010 2686 4063 semini
2708 4019 2793 4062 tuo
2819 4024 2975 4076 usque
3001 4009 3053 4060 in
3073 4008 3328 4060 secutum.
3357 4006 3510 4062 Parte
3537 4015 3709 4070 teme,
3745 4006 3828 4062 in—

2255 4098 2385 4166 quit,
2415 4098 2622 4151 cessisti
2654 4097 2829 4151 iratris
2860 4097 2968 4150 ﬁlio
2993 4113 3006 4149 :
3036 4111 3161 4150 ecce
3190 4111 3290 4164 ego
3319 4105 3481 4149 totam
3507 4095 3598 4148 tibi
3624 4104 3825 4149 terram

2257 4189 2512 4258 polliceor
2539 4204 2552 4251 ;
2583 4202 2753 4255 neque
2784 4188 2886 4240 hoc
2913 4188 3102 4249 solum,
3131 4186 3222 4239 sed
3248 4194 3302 4240 et
3331 4186 3516 4240 semini
3549 4195 3638 4237 tuo
3665 4184 3824 4253 polli.

2256 4291 2381 4329 ceor
2407 4289 2525 4329 eam
2549 4290 2713 4342 usque
2753 4274 2803 4326 in
2843 4274 3093 4327 saxulum
3128 4292 3140 4324 :
3173 4274 3272 4326 hoc
3299 4283 3402 4337 est,
3425 4283 3700 4340 perpetuo.
3731 4271 3828 4324 Vi,

2257 4365 2378 4416 disti
2405 4364 2670 4436 quomodo
2699 4371 2877 4416 certat
2905 4361 3173 4415 beneﬁciis
3197 4363 3218 4412 ?
3265 4361 3453 4415 Sciens
3495 4361 3636 4414 enim
3688 4362 3830 4413 Deus

2261 4455 2360 4506 hoc
2390 4454 2617 4506 maxime
2644 4467 2836 4520 cupere
2861 4452 3236 4518 patriarcham,
3269 4459 3324 4504 et
3347 4452 3472 4504 nihil
3495 4451 3608 4519 ejus
3631 4449 3829 4505 alacri-

2263 4553 2421 4599 tatem
2452 4546 2520 4596 ita
2548 4544 2916 4597 roboraturum
2941 4557 3078 4606 esse,
3111 4543 3278 4611 inquit
3309 4561 3321 4595 :
3352 4543 3419 4596 Et
3443 4541 3545 4596 hoc
3583 4543 3672 4595 tibi
3699 4556 3832 4596 con-

2265 4636 2470 4699 cedam,
2501 4635 2667 4702 utqui
2697 4649 2758 4686 ex
2783 4641 2834 4686 te
2861 4640 3160 4694 nascentur,
3189 4633 3491 4693 succedant,
3516 4642 3568 4686 et
3589 4634 3832 4687 similiter

2267 4735 2405 4780 terra
2453 4726 2726 4787 fruantur,
2783 4723 3110 4790 habeantque
3152 4730 3459 4790 perpetuum
3491 4721 3628 4775 illius
3656 4720 3833 4774 domi.

2268 4814 2431 4866 nium.
2466 4811 2680 4874 Deinde,
2723 4821 2777 4865 ut
2807 4825 2873 4864 ne
2901 4811 3184 4877 respiciens
3205 4810 3270 4864 ad
3296 4819 3533 4863 naturam
3574 4819 3628 4862 et
3677 4824 3834 4862 sene-

2267 4912 2463 4957 ctutem
2494 4917 2640 4955 suam
2669 4942 2683 4965 ,
2711 4902 2959 4968 Sameque
2999 4900 3327 4953 sterilitatem
3354 4938 3368 4961 ,
3428 4899 3833 4964 promissionem

2269 4998 2442 5046 minus
2471 5001 2697 5054 curaret,
2730 4992 2821 5045 sed
2845 4992 2977 5044 bene
3007 4989 3191 5044 ﬁderet
3214 4989 3505 5057 pollicentis
3527 4990 3728 5050 virtuti,
3754 4993 3834 5042 in-

2271 5088 2384 5154 quit
2414 5103 2425 5137 :
2451 5086 2534 5138 ⁴6.
2567 5083 2631 5136 Et
2675 5084 2858 5152 faciam
2895 5097 3058 5134 semen
3098 5090 3238 5131 tuum
3265 5080 3392 5133 sicut
3424 5095 3630 5131 arenam
3669 5088 3829 5131 terra.

2274 5176 2332 5226 Si
2360 5175 2470 5242 quis
2501 5181 2654 5241 potest
2685 5188 2944 5225 numerare
2969 5185 3173 5222 arenam
3214 5179 3376 5230 terra,
3417 5177 3462 5220 et
3492 5183 3656 5219 semen
3695 5178 3836 5219 tuum

2273 5265 2628 5318 numerabitur.
2665 5263 2796 5315 Vere
2826 5276 2981 5328 supra
3008 5268 3244 5312 naturam
3277 5259 3556 5311 humanam
3585 5269 3699 5311 erat
3723 5257 3838 5316 hare

2275 5358 2554 5424 promissio
2594 5375 2604 5406 :
2651 5369 2752 5405 non
2781 5353 2951 5406 solum
2995 5353 3134 5406 enim
3186 5351 3425 5418 promisit
3472 5365 3530 5403 se
3579 5349 3839 5404 iacturum

2275 5463 2394 5500 eum
2446 5454 2644 5513 patrem
2689 5446 2821 5496 inter
2881 5452 2955 5494 tot
2985 5438 3352 5510 impedimenta
3377 5482 3391 5505 ,
3416 5439 3508 5494 sed
3539 5441 3592 5493 in
3637 5449 3841 5500 tantum

2278 5536 2740 5602 nmltiplicaturnm
2770 5533 2923 5594 ﬁlios,
2955 5541 3010 5583 ut
3029 5545 3201 5583 arenae
3226 5539 3377 5583 teme
3403 5529 3696 5597 comparari
3718 5543 3842 5599 ptis-

2278 5637 2414 5682 scnt.
2461 5628 2792 5681 Innumeram
2833 5638 2989 5691 porro
3042 5621 3428 5674 multitudinem
3460 5622 3703 5678 [arctam
3745 5620 3840 5692 hy-

2285 5716 2543 5786 perbolica
2574 5712 2913 5769 similitudine
2941 5711 3207 5765 declarare
3238 5709 3415 5765 voluit.
