  <div class='ocr_page' id='page_1' title='image "/cluster/home/n/w/nwhite01/storage/ocr_20150623/53/pst.000005712526/318.png"; bbox 0 0 4054 6324; ppageno 0'>
   <div class='ocr_carea' id='block_1_1' title="bbox 125 398 2451 478">
    <p class='ocr_par' dir='ltr' id='par_1_1' title="bbox 125 398 2451 478">
     <span class='ocr_line' id='line_1_1' title="bbox 125 398 2451 478; baseline -0.007 -2"><span class='ocrx_word' id='word_1_1' title='bbox 125 421 208 478; x_wconf 78' lang='grc'><strong>31⁸1</strong></span> <span class='ocrx_word' id='word_1_2' title='bbox 1182 407 1244 464; x_wconf 80' lang='lat' dir='ltr'><strong>IN</strong></span> <span class='ocrx_word' id='word_1_3' title='bbox 1282 406 1433 464; x_wconf 74' lang='lat' dir='ltr'><strong>CAP.</strong></span> <span class='ocrx_word' id='word_1_4' title='bbox 1469 404 1606 460; x_wconf 83' lang='lat' dir='ltr'><strong>XIII.</strong></span> <span class='ocrx_word' id='word_1_5' title='bbox 1648 400 1892 460; x_wconf 70' lang='lat' dir='ltr'><strong>GENES.</strong></span> <span class='ocrx_word' id='word_1_6' title='bbox 1938 399 2167 458; x_wconf 74' lang='lat' dir='ltr'><strong>IIOMIL.</strong></span> <span class='ocrx_word' id='word_1_7' title='bbox 2211 398 2451 460; x_wconf 54' lang='lat' dir='ltr'><strong>XXXIV.</strong></span> 
     </span>
    </p>
   </div>
   <div class='ocr_carea' id='block_1_2' title="bbox 181 520 1675 600">
    <p class='ocr_par' dir='ltr' id='par_1_2' title="bbox 181 520 1675 600">
     <span class='ocr_line' id='line_1_2' title="bbox 181 520 1675 600; baseline -0.016 -8"><span class='ocrx_word' id='word_1_8' title='bbox 181 538 379 591; x_wconf 72' lang='lat' dir='ltr'><strong>Abrahc</strong></span> <span class='ocrx_word' id='word_1_9' title='bbox 401 535 633 589; x_wconf 68' lang='lat' dir='ltr'><strong>virtutem</strong></span> <span class='ocrx_word' id='word_1_10' title='bbox 669 528 912 600; x_wconf 72' lang='lat' dir='ltr'><strong>paulatim</strong></span> <span class='ocrx_word' id='word_1_11' title='bbox 937 535 1128 580; x_wconf 71' lang='lat' dir='ltr'><strong>exercet</strong></span> <span class='ocrx_word' id='word_1_12' title='bbox 1152 522 1307 576; x_wconf 87' lang='lat' dir='ltr'><strong>Deus.</strong></span> <span class='ocrx_word' id='word_1_13' title='bbox 1342 520 1541 586; x_wconf 84' lang='lat' dir='ltr'><strong>Quanta</strong></span> <span class='ocrx_word' id='word_1_14' title='bbox 1586 535 1675 590; x_wconf 80' lang='lat' dir='ltr'><strong>pa-</strong></span> 
     </span>
    </p>
   </div>
   <div class='ocr_carea' id='block_1_3' title="bbox 122 610 1681 690">
    <p class='ocr_par' dir='ltr' id='par_1_3' title="bbox 122 610 1681 690">
     <span class='ocr_line' id='line_1_3' title="bbox 122 610 1681 690; baseline -0.012 -11"><span class='ocrx_word' id='word_1_15' title='bbox 122 628 328 681; x_wconf 70' lang='lat' dir='ltr'><strong>triarchae</strong></span> <span class='ocrx_word' id='word_1_16' title='bbox 353 625 534 679; x_wconf 81' lang='lat' dir='ltr'><strong>mentis</strong></span> <span class='ocrx_word' id='word_1_17' title='bbox 561 623 792 690; x_wconf 79' lang='lat' dir='ltr'><strong>ﬁrmitas.</strong></span> <span class='ocrx_word' id='word_1_18' title='bbox 823 648 894 659; x_wconf 93' lang='lat'><strong>—-</strong></span> <span class='ocrx_word' id='word_1_19' title='bbox 925 615 1153 672; x_wconf 79' lang='lat' dir='ltr'><strong>Attende</strong></span> <span class='ocrx_word' id='word_1_20' title='bbox 1177 611 1446 684; x_wconf 91' lang='lat' dir='ltr'><strong>quomodo</strong></span> <span class='ocrx_word' id='word_1_21' title='bbox 1475 610 1681 664; x_wconf 78' lang='lat' dir='ltr'><strong>miseri-</strong></span> 
     </span>
    </p>
   </div>
   <div class='ocr_carea' id='block_1_4' title="bbox 118 705 1676 784">
    <p class='ocr_par' dir='ltr' id='par_1_4' title="bbox 118 705 1676 784">
     <span class='ocr_line' id='line_1_4' title="bbox 118 705 1676 784; baseline -0.011 -12"><span class='ocrx_word' id='word_1_22' title='bbox 118 733 222 772; x_wconf 85' lang='lat' dir='ltr'><strong>cors</strong></span> <span class='ocrx_word' id='word_1_23' title='bbox 265 718 396 771; x_wconf 85' lang='lat' dir='ltr'><strong>Deus</strong></span> <span class='ocrx_word' id='word_1_24' title='bbox 442 713 698 784; x_wconf 76' lang='lat' dir='ltr'><strong>paulatim</strong></span> <span class='ocrx_word' id='word_1_25' title='bbox 741 714 987 766; x_wconf 68' lang='lat' dir='ltr'><strong>virtutem</strong></span> <span class='ocrx_word' id='word_1_26' title='bbox 1026 709 1156 778; x_wconf 87' lang='lat' dir='ltr'><strong>justi</strong></span> <span class='ocrx_word' id='word_1_27' title='bbox 1201 705 1360 780; x_wconf 82' lang='lat' dir='ltr'><strong>hujus</strong></span> <span class='ocrx_word' id='word_1_28' title='bbox 1407 711 1676 758; x_wconf 74' lang='lat' dir='ltr'><strong>exerceat.</strong></span> 
     </span>
    </p>
   </div>
   <div class='ocr_carea' id='block_1_5' title="bbox 118 796 1679 874">
    <p class='ocr_par' dir='ltr' id='par_1_5' title="bbox 118 796 1679 874">
     <span class='ocr_line' id='line_1_5' title="bbox 118 796 1679 874; baseline -0.012 -12"><span class='ocrx_word' id='word_1_29' title='bbox 118 807 228 862; x_wconf 82' lang='lat' dir='ltr'><strong>Nam</strong></span> <span class='ocrx_word' id='word_1_30' title='bbox 269 822 384 862; x_wconf 88' lang='lat' dir='ltr'><strong>cum</strong></span> <span class='ocrx_word' id='word_1_31' title='bbox 430 805 677 874; x_wconf 85' lang='lat' dir='ltr'><strong>superius</strong></span> <span class='ocrx_word' id='word_1_32' title='bbox 714 803 906 857; x_wconf 77' lang='lat' dir='ltr'><strong>dixerit</strong></span> <span class='ocrx_word' id='word_1_33' title='bbox 951 819 965 855; x_wconf 91' lang='lat'><strong>:</strong></span> <span class='ocrx_word' id='word_1_34' title='bbox 1011 798 1313 854; x_wconf 85' lang='lat' dir='ltr'><strong>Seminituo</strong></span> <span class='ocrx_word' id='word_1_35' title='bbox 1337 796 1468 848; x_wconf 84' lang='lat' dir='ltr'><strong>dabo</strong></span> <span class='ocrx_word' id='word_1_36' title='bbox 1495 803 1679 848; x_wconf 83' lang='lat' dir='ltr'><strong>terram</strong></span> 
     </span>
    </p>
   </div>
   <div class='ocr_carea' id='block_1_6' title="bbox 119 887 1678 958">
    <p class='ocr_par' dir='ltr' id='par_1_6' title="bbox 119 887 1678 958">
     <span class='ocr_line' id='line_1_6' title="bbox 119 887 1678 958; baseline -0.011 -6"><span class='ocrx_word' id='word_1_37' title='bbox 119 907 259 953; x_wconf 74' lang='lat' dir='ltr'><strong>hunc:</strong></span> <span class='ocrx_word' id='word_1_38' title='bbox 281 902 416 952; x_wconf 85' lang='lat' dir='ltr'><strong>nunc</strong></span> <span class='ocrx_word' id='word_1_39' title='bbox 442 898 635 952; x_wconf 89' lang='lat' dir='ltr'><strong>iterum</strong></span> <span class='ocrx_word' id='word_1_40' title='bbox 664 895 827 950; x_wconf 89' lang='lat' dir='ltr'><strong>dicit:</strong></span> <span class='ocrx_word' id='word_1_41' title='bbox 853 891 921 946; x_wconf 86' lang='lat' dir='ltr'><strong>Et</strong></span> <span class='ocrx_word' id='word_1_42' title='bbox 945 889 1121 946; x_wconf 81' lang='lat' dir='ltr'><strong>semini</strong></span> <span class='ocrx_word' id='word_1_43' title='bbox 1147 899 1230 942; x_wconf 84' lang='lat' dir='ltr'><strong>tuo</strong></span> <span class='ocrx_word' id='word_1_44' title='bbox 1260 902 1416 958; x_wconf 84' lang='lat' dir='ltr'><strong>usque</strong></span> <span class='ocrx_word' id='word_1_45' title='bbox 1435 887 1486 939; x_wconf 89' lang='lat' dir='ltr'><strong>in</strong></span> <span class='ocrx_word' id='word_1_46' title='bbox 1515 899 1678 938; x_wconf 71' lang='lat' dir='ltr'><strong>stern-</strong></span> 
     </span>
    </p>
   </div>
   <div class='ocr_carea' id='block_1_7' title="bbox 119 976 1678 1060">
    <p class='ocr_par' dir='ltr' id='par_1_7' title="bbox 119 976 1678 1060">
     <span class='ocr_line' id='line_1_7' title="bbox 119 976 1678 1060; baseline -0.009 -18"><span class='ocrx_word' id='word_1_47' title='bbox 119 990 204 1042; x_wconf 79' lang='lat' dir='ltr'><strong>lunt</strong></span> <span class='ocrx_word' id='word_1_48' title='bbox 239 989 399 1055; x_wconf 86' lang='lat' dir='ltr'><strong>dabo,</strong></span> <span class='ocrx_word' id='word_1_49' title='bbox 431 999 481 1042; x_wconf 85' lang='lat' dir='ltr'><strong>et</strong></span> <span class='ocrx_word' id='word_1_50' title='bbox 511 989 697 1060; x_wconf 76' lang='lat' dir='ltr'><strong>faciam</strong></span> <span class='ocrx_word' id='word_1_51' title='bbox 723 985 853 1039; x_wconf 79' lang='lat' dir='ltr'><strong>illud</strong></span> <span class='ocrx_word' id='word_1_52' title='bbox 880 983 1023 1054; x_wconf 81' lang='lat' dir='ltr'><strong>quasi</strong></span> <span class='ocrx_word' id='word_1_53' title='bbox 1053 997 1260 1034; x_wconf 89' lang='lat' dir='ltr'><strong>arenam</strong></span> <span class='ocrx_word' id='word_1_54' title='bbox 1292 989 1455 1033; x_wconf 81' lang='lat' dir='ltr'><strong>teme.</strong></span> <span class='ocrx_word' id='word_1_55' title='bbox 1485 976 1678 1032; x_wconf 83' lang='lat' dir='ltr'><strong>Hacte-</strong></span> 
     </span>
    </p>
   </div>
   <div class='ocr_carea' id='block_1_8' title="bbox 118 1070 1678 1142">
    <p class='ocr_par' dir='ltr' id='par_1_8' title="bbox 118 1070 1678 1142">
     <span class='ocr_line' id='line_1_8' title="bbox 118 1070 1678 1142; baseline -0.006 -10"><span class='ocrx_word' id='word_1_56' title='bbox 118 1097 200 1134; x_wconf 86' lang='lat' dir='ltr'><strong>nus</strong></span> <span class='ocrx_word' id='word_1_57' title='bbox 223 1081 556 1134; x_wconf 84' lang='lat' dir='ltr'><strong>sermonibus</strong></span> <span class='ocrx_word' id='word_1_58' title='bbox 584 1089 786 1132; x_wconf 86' lang='lat' dir='ltr'><strong>tantum</strong></span> <span class='ocrx_word' id='word_1_59' title='bbox 818 1075 953 1129; x_wconf 85' lang='lat' dir='ltr'><strong>facta</strong></span> <span class='ocrx_word' id='word_1_60' title='bbox 975 1082 1060 1128; x_wconf 87' lang='lat' dir='ltr'><strong>est</strong></span> <span class='ocrx_word' id='word_1_61' title='bbox 1094 1071 1375 1142; x_wconf 83' lang='lat' dir='ltr'><strong>promissio</strong></span> <span class='ocrx_word' id='word_1_62' title='bbox 1402 1111 1416 1134; x_wconf 85' lang='lat'><strong>,</strong></span> <span class='ocrx_word' id='word_1_63' title='bbox 1446 1070 1678 1123; x_wconf 86' lang='lat' dir='ltr'><strong>interce-</strong></span> 
     </span>
    </p>
   </div>
   <div class='ocr_carea' id='block_1_9' title="bbox 114 1158 1676 1238">
    <p class='ocr_par' dir='ltr' id='par_1_9' title="bbox 114 1158 1676 1238">
     <span class='ocr_line' id='line_1_9' title="bbox 114 1158 1676 1238; baseline -0.006 -17"><span class='ocrx_word' id='word_1_64' title='bbox 114 1169 271 1238; x_wconf 85' lang='lat' dir='ltr'><strong>ditque</strong></span> <span class='ocrx_word' id='word_1_65' title='bbox 312 1172 454 1224; x_wconf 88' lang='lat' dir='ltr'><strong>inter</strong></span> <span class='ocrx_word' id='word_1_66' title='bbox 483 1184 594 1224; x_wconf 90' lang='lat' dir='ltr'><strong>rem</strong></span> <span class='ocrx_word' id='word_1_67' title='bbox 620 1177 676 1223; x_wconf 87' lang='lat' dir='ltr'><strong>et</strong></span> <span class='ocrx_word' id='word_1_68' title='bbox 703 1164 1109 1235; x_wconf 74' lang='lat' dir='ltr'><strong>promissionem</strong></span> <span class='ocrx_word' id='word_1_69' title='bbox 1137 1162 1362 1216; x_wconf 89' lang='lat' dir='ltr'><strong>multum</strong></span> <span class='ocrx_word' id='word_1_70' title='bbox 1385 1158 1640 1228; x_wconf 88' lang='lat' dir='ltr'><strong>temporis</strong></span> <span class='ocrx_word' id='word_1_71' title='bbox 1660 1199 1676 1223; x_wconf 97' lang='lat'><strong>,</strong></span> 
     </span>
    </p>
   </div>
   <div class='ocr_carea' id='block_1_10' title="bbox 115 1249 1678 1330">
    <p class='ocr_par' dir='ltr' id='par_1_10' title="bbox 115 1249 1678 1330">
     <span class='ocr_line' id='line_1_10' title="bbox 115 1249 1678 1330; baseline -0.008 -16"><span class='ocrx_word' id='word_1_72' title='bbox 115 1270 162 1314; x_wconf 88' lang='lat' dir='ltr'><strong>ut</strong></span> <span class='ocrx_word' id='word_1_73' title='bbox 187 1262 480 1330; x_wconf 72' lang='lat' dir='ltr'><strong>religiosam</strong></span> <span class='ocrx_word' id='word_1_74' title='bbox 508 1257 822 1329; x_wconf 82' lang='lat' dir='ltr'><strong>patriarcha:</strong></span> <span class='ocrx_word' id='word_1_75' title='bbox 857 1267 1090 1310; x_wconf 89' lang='lat' dir='ltr'><strong>mentem</strong></span> <span class='ocrx_word' id='word_1_76' title='bbox 1113 1297 1125 1317; x_wconf 91' lang='lat'><strong>,</strong></span> <span class='ocrx_word' id='word_1_77' title='bbox 1156 1263 1210 1307; x_wconf 92' lang='lat' dir='ltr'><strong>et</strong></span> <span class='ocrx_word' id='word_1_78' title='bbox 1239 1251 1560 1306; x_wconf 72' lang='lat' dir='ltr'><strong>ineffabilem</strong></span> <span class='ocrx_word' id='word_1_79' title='bbox 1587 1249 1678 1304; x_wconf 87' lang='lat' dir='ltr'><strong>Dei</strong></span> 
     </span>
    </p>
   </div>
   <div class='ocr_carea' id='block_1_11' title="bbox 112 1344 1679 1415">
    <p class='ocr_par' dir='ltr' id='par_1_11' title="bbox 112 1344 1679 1415">
     <span class='ocr_line' id='line_1_11' title="bbox 112 1344 1679 1415; baseline -0.006 -9"><span class='ocrx_word' id='word_1_80' title='bbox 112 1356 333 1409; x_wconf 86' lang='lat' dir='ltr'><strong>virtutem</strong></span> <span class='ocrx_word' id='word_1_81' title='bbox 359 1353 652 1408; x_wconf 78' lang='lat' dir='ltr'><strong>discamus.</strong></span> <span class='ocrx_word' id='word_1_82' title='bbox 695 1351 822 1405; x_wconf 89' lang='lat' dir='ltr'><strong>Data</strong></span> <span class='ocrx_word' id='word_1_83' title='bbox 852 1349 994 1404; x_wconf 90' lang='lat' dir='ltr'><strong>enim</strong></span> <span class='ocrx_word' id='word_1_84' title='bbox 1025 1363 1187 1415; x_wconf 83' lang='lat' dir='ltr'><strong>opera</strong></span> <span class='ocrx_word' id='word_1_85' title='bbox 1213 1344 1390 1400; x_wconf 81' lang='lat' dir='ltr'><strong>differt</strong></span> <span class='ocrx_word' id='word_1_86' title='bbox 1415 1358 1478 1398; x_wconf 91' lang='lat' dir='ltr'><strong>ac</strong></span> <span class='ocrx_word' id='word_1_87' title='bbox 1505 1357 1679 1396; x_wconf 80' lang='lat' dir='ltr'><strong>mora-</strong></span> 
     </span>
    </p>
   </div>
   <div class='ocr_carea' id='block_1_12' title="bbox 113 1436 1678 1512">
    <p class='ocr_par' dir='ltr' id='par_1_12' title="bbox 113 1436 1678 1512">
     <span class='ocr_line' id='line_1_12' title="bbox 113 1436 1678 1512; baseline -0.006 -16"><span class='ocrx_word' id='word_1_88' title='bbox 113 1456 203 1508; x_wconf 90' lang='lat' dir='ltr'><strong>tur,</strong></span> <span class='ocrx_word' id='word_1_89' title='bbox 230 1454 284 1498; x_wconf 89' lang='lat' dir='ltr'><strong>ut</strong></span> <span class='ocrx_word' id='word_1_90' title='bbox 311 1459 432 1498; x_wconf 91' lang='lat' dir='ltr'><strong>cum</strong></span> <span class='ocrx_word' id='word_1_91' title='bbox 461 1444 518 1508; x_wconf 91' lang='lat' dir='ltr'><strong>ii,</strong></span> <span class='ocrx_word' id='word_1_92' title='bbox 545 1443 738 1512; x_wconf 78' lang='lat' dir='ltr'><strong>quibus</strong></span> <span class='ocrx_word' id='word_1_93' title='bbox 770 1439 1051 1510; x_wconf 82' lang='lat' dir='ltr'><strong>promissio</strong></span> <span class='ocrx_word' id='word_1_94' title='bbox 1079 1437 1212 1491; x_wconf 79' lang='lat' dir='ltr'><strong>facta</strong></span> <span class='ocrx_word' id='word_1_95' title='bbox 1240 1477 1254 1501; x_wconf 94' lang='lat'><strong>,</strong></span> <span class='ocrx_word' id='word_1_96' title='bbox 1298 1436 1350 1489; x_wconf 90' lang='lat' dir='ltr'><strong>in</strong></span> <span class='ocrx_word' id='word_1_97' title='bbox 1377 1445 1678 1489; x_wconf 81' lang='lat' dir='ltr'><strong>extremam</strong></span> 
     </span>
    </p>
   </div>
   <div class='ocr_carea' id='block_1_13' title="bbox 113 1523 1678 1602">
    <p class='ocr_par' dir='ltr' id='par_1_13' title="bbox 113 1523 1678 1602">
     <span class='ocr_line' id='line_1_13' title="bbox 113 1523 1678 1602; baseline -0.006 -15"><span class='ocrx_word' id='word_1_98' title='bbox 113 1535 429 1602; x_wconf 74' lang='lat' dir='ltr'><strong>pervenerint</strong></span> <span class='ocrx_word' id='word_1_99' title='bbox 475 1543 764 1598; x_wconf 86' lang='lat' dir='ltr'><strong>senectam,</strong></span> <span class='ocrx_word' id='word_1_100' title='bbox 796 1541 849 1584; x_wconf 92' lang='lat' dir='ltr'><strong>et</strong></span> <span class='ocrx_word' id='word_1_101' title='bbox 875 1528 1166 1583; x_wconf 89' lang='lat' dir='ltr'><strong>secundum</strong></span> <span class='ocrx_word' id='word_1_102' title='bbox 1198 1526 1485 1580; x_wconf 87' lang='lat' dir='ltr'><strong>humanam</strong></span> <span class='ocrx_word' id='word_1_103' title='bbox 1512 1523 1678 1578; x_wconf 87' lang='lat' dir='ltr'><strong>ratio-</strong></span> 
     </span>
    </p>
   </div>
   <div class='ocr_carea' id='block_1_14' title="bbox 109 1616 1676 1689">
    <p class='ocr_par' dir='ltr' id='par_1_14' title="bbox 109 1616 1676 1689">
     <span class='ocr_line' id='line_1_14' title="bbox 109 1616 1676 1689; baseline -0.006 -13"><span class='ocrx_word' id='word_1_104' title='bbox 109 1639 235 1689; x_wconf 88' lang='lat' dir='ltr'><strong>nem,</strong></span> <span class='ocrx_word' id='word_1_105' title='bbox 263 1634 317 1677; x_wconf 92' lang='lat' dir='ltr'><strong>nt</strong></span> <span class='ocrx_word' id='word_1_106' title='bbox 345 1624 416 1676; x_wconf 89' lang='lat' dir='ltr'><strong>ita</strong></span> <span class='ocrx_word' id='word_1_107' title='bbox 447 1622 643 1688; x_wconf 87' lang='lat' dir='ltr'><strong>dicam,</strong></span> <span class='ocrx_word' id='word_1_108' title='bbox 666 1621 885 1674; x_wconf 90' lang='lat' dir='ltr'><strong>omnino</strong></span> <span class='ocrx_word' id='word_1_109' title='bbox 905 1616 1338 1685; x_wconf 80' lang='lat' dir='ltr'><strong>desperaverim,</strong></span> <span class='ocrx_word' id='word_1_110' title='bbox 1373 1624 1498 1668; x_wconf 90' lang='lat' dir='ltr'><strong>tunc</strong></span> <span class='ocrx_word' id='word_1_111' title='bbox 1525 1629 1676 1668; x_wconf 87' lang='lat' dir='ltr'><strong>suam</strong></span> 
     </span>
    </p>
   </div>
   <div class='ocr_carea' id='block_1_15' title="bbox 110 1706 1678 1780">
    <p class='ocr_par' dir='ltr' id='par_1_15' title="bbox 110 1706 1678 1780">
     <span class='ocr_line' id='line_1_15' title="bbox 110 1706 1678 1780; baseline -0.005 -13"><span class='ocrx_word' id='word_1_112' title='bbox 110 1716 446 1770; x_wconf 81' lang='lat' dir='ltr'><strong>inﬁrmitatem</strong></span> <span class='ocrx_word' id='word_1_113' title='bbox 473 1755 489 1780; x_wconf 91' lang='lat'><strong>,</strong></span> <span class='ocrx_word' id='word_1_114' title='bbox 532 1724 588 1769; x_wconf 91' lang='lat' dir='ltr'><strong>et</strong></span> <span class='ocrx_word' id='word_1_115' title='bbox 608 1712 979 1768; x_wconf 86' lang='lat' dir='ltr'><strong>inenarrabilis</strong></span> <span class='ocrx_word' id='word_1_116' title='bbox 1009 1710 1260 1780; x_wconf 79' lang='lat' dir='ltr'><strong>potentiae</strong></span> <span class='ocrx_word' id='word_1_117' title='bbox 1305 1706 1396 1763; x_wconf 89' lang='lat' dir='ltr'><strong>Dei</strong></span> <span class='ocrx_word' id='word_1_118' title='bbox 1432 1707 1678 1762; x_wconf 89' lang='lat' dir='ltr'><strong>eminen-</strong></span> 
     </span>
    </p>
   </div>
   <div class='ocr_carea' id='block_1_16' title="bbox 109 1807 558 1876">
    <p class='ocr_par' dir='ltr' id='par_1_16' title="bbox 109 1807 558 1876">
     <span class='ocr_line' id='line_1_16' title="bbox 109 1807 558 1876; baseline 0 -19"><span class='ocrx_word' id='word_1_119' title='bbox 109 1807 218 1859; x_wconf 88' lang='lat' dir='ltr'><strong>tiam</strong></span> <span class='ocrx_word' id='word_1_120' title='bbox 248 1816 558 1876; x_wconf 83' lang='lat' dir='ltr'><strong>agnoscant.</strong></span> 
     </span>
    </p>
   </div>
   <div class='ocr_carea' id='block_1_17' title="bbox 167 1888 1678 1967">
    <p class='ocr_par' dir='ltr' id='par_1_17' title="bbox 167 1888 1678 1967">
     <span class='ocr_line' id='line_1_17' title="bbox 167 1888 1678 1967; baseline -0.005 -17"><span class='ocrx_word' id='word_1_121' title='bbox 167 1901 214 1951; x_wconf 69' lang='grc'><strong>4.</strong></span> <span class='ocrx_word' id='word_1_122' title='bbox 247 1898 354 1953; x_wconf 87' lang='lat' dir='ltr'><strong>lloc</strong></span> <span class='ocrx_word' id='word_1_123' title='bbox 374 1899 493 1952; x_wconf 79' lang='lat' dir='ltr'><strong>loco</strong></span> <span class='ocrx_word' id='word_1_124' title='bbox 523 1897 814 1967; x_wconf 78' lang='lat' dir='ltr'><strong>expendas,</strong></span> <span class='ocrx_word' id='word_1_125' title='bbox 844 1910 1047 1966; x_wconf 74' lang='lat' dir='ltr'><strong>quaeso,</strong></span> <span class='ocrx_word' id='word_1_126' title='bbox 1080 1909 1110 1948; x_wconf 89' lang='lat' dir='ltr'><strong>a</strong></span> <span class='ocrx_word' id='word_1_127' title='bbox 1142 1889 1398 1963; x_wconf 86' lang='lat' dir='ltr'><strong>temporis</strong></span> <span class='ocrx_word' id='word_1_128' title='bbox 1422 1901 1567 1944; x_wconf 86' lang='lat' dir='ltr'><strong>tanta</strong></span> <span class='ocrx_word' id='word_1_129' title='bbox 1599 1888 1678 1942; x_wconf 86' lang='lat' dir='ltr'><strong>in-</strong></span> 
     </span>
    </p>
   </div>
   <div class='ocr_carea' id='block_1_18' title="bbox 113 1984 1675 2060">
    <p class='ocr_par' dir='ltr' id='par_1_18' title="bbox 113 1984 1675 2060">
     <span class='ocr_line' id='line_1_18' title="bbox 113 1984 1675 2060; baseline -0.004 -18"><span class='ocrx_word' id='word_1_130' title='bbox 113 1989 434 2060; x_wconf 86' lang='lat' dir='ltr'><strong>tercapedine</strong></span> <span class='ocrx_word' id='word_1_131' title='bbox 459 2029 474 2055; x_wconf 91' lang='lat'><strong>,</strong></span> <span class='ocrx_word' id='word_1_132' title='bbox 519 2004 677 2060; x_wconf 86' lang='lat' dir='ltr'><strong>quam</strong></span> <span class='ocrx_word' id='word_1_133' title='bbox 721 1989 891 2044; x_wconf 86' lang='lat' dir='ltr'><strong>solida</strong></span> <span class='ocrx_word' id='word_1_134' title='bbox 929 1987 1088 2042; x_wconf 87' lang='lat' dir='ltr'><strong>fuerit</strong></span> <span class='ocrx_word' id='word_1_135' title='bbox 1130 1984 1446 2056; x_wconf 76' lang='lat' dir='ltr'><strong>patriarcha:</strong></span> <span class='ocrx_word' id='word_1_136' title='bbox 1484 1996 1675 2047; x_wconf 88' lang='lat' dir='ltr'><strong>mens,</strong></span> 
     </span>
    </p>
   </div>
   <div class='ocr_carea' id='block_1_19' title="bbox 105 2073 1676 2148">
    <p class='ocr_par' dir='ltr' id='par_1_19' title="bbox 105 2073 1676 2148">
     <span class='ocr_line' id='line_1_19' title="bbox 105 2073 1676 2148; baseline -0.003 -18"><span class='ocrx_word' id='word_1_137' title='bbox 105 2078 353 2146; x_wconf 87' lang='lat' dir='ltr'><strong>quomodo</strong></span> <span class='ocrx_word' id='word_1_138' title='bbox 375 2080 624 2134; x_wconf 84' lang='lat' dir='ltr'><strong>humanis</strong></span> <span class='ocrx_word' id='word_1_139' title='bbox 650 2078 901 2133; x_wconf 79' lang='lat' dir='ltr'><strong>erunibus</strong></span> <span class='ocrx_word' id='word_1_140' title='bbox 931 2077 1244 2148; x_wconf 66' lang='lat' dir='ltr'><strong>prattcritis,</strong></span> <span class='ocrx_word' id='word_1_141' title='bbox 1273 2074 1341 2128; x_wconf 88' lang='lat' dir='ltr'><strong>ad</strong></span> <span class='ocrx_word' id='word_1_142' title='bbox 1383 2073 1676 2145; x_wconf 84' lang='lat' dir='ltr'><strong>potentiam</strong></span> 
     </span>
    </p>
   </div>
   <div class='ocr_carea' id='block_1_20' title="bbox 105 2165 1673 2238">
    <p class='ocr_par' dir='ltr' id='par_1_20' title="bbox 105 2165 1673 2238">
     <span class='ocr_line' id='line_1_20' title="bbox 105 2165 1673 2238; baseline -0.003 -16"><span class='ocrx_word' id='word_1_143' title='bbox 105 2169 207 2236; x_wconf 90' lang='lat' dir='ltr'><strong>ejus</strong></span> <span class='ocrx_word' id='word_1_144' title='bbox 228 2170 312 2238; x_wconf 92' lang='lat' dir='ltr'><strong>qui</strong></span> <span class='ocrx_word' id='word_1_145' title='bbox 341 2170 610 2238; x_wconf 82' lang='lat' dir='ltr'><strong>pollicitus</strong></span> <span class='ocrx_word' id='word_1_146' title='bbox 636 2179 751 2224; x_wconf 88' lang='lat' dir='ltr'><strong>erat</strong></span> <span class='ocrx_word' id='word_1_147' title='bbox 775 2209 791 2235; x_wconf 93' lang='lat'><strong>,</strong></span> <span class='ocrx_word' id='word_1_148' title='bbox 845 2170 1136 2238; x_wconf 87' lang='lat' dir='ltr'><strong>respiciens</strong></span> <span class='ocrx_word' id='word_1_149' title='bbox 1160 2207 1176 2234; x_wconf 89' lang='lat'><strong>,</strong></span> <span class='ocrx_word' id='word_1_150' title='bbox 1217 2181 1320 2221; x_wconf 91' lang='lat' dir='ltr'><strong>non</strong></span> <span class='ocrx_word' id='word_1_151' title='bbox 1355 2165 1638 2234; x_wconf 85' lang='lat' dir='ltr'><strong>impatiens</strong></span> <span class='ocrx_word' id='word_1_152' title='bbox 1657 2203 1673 2228; x_wconf 93' lang='lat'><strong>,</strong></span> 
     </span>
    </p>
   </div>
   <div class='ocr_carea' id='block_1_21' title="bbox 105 2257 1674 2329">
    <p class='ocr_par' dir='ltr' id='par_1_21' title="bbox 105 2257 1674 2329">
     <span class='ocr_line' id='line_1_21' title="bbox 105 2257 1674 2329; baseline -0.002 -19"><span class='ocrx_word' id='word_1_153' title='bbox 105 2273 198 2311; x_wconf 90' lang='lat' dir='ltr'><strong>non</strong></span> <span class='ocrx_word' id='word_1_154' title='bbox 225 2259 464 2313; x_wconf 86' lang='lat' dir='ltr'><strong>turbatus</strong></span> <span class='ocrx_word' id='word_1_155' title='bbox 491 2258 670 2314; x_wconf 89' lang='lat' dir='ltr'><strong>fuerit.</strong></span> <span class='ocrx_word' id='word_1_156' title='bbox 696 2259 856 2314; x_wconf 89' lang='lat' dir='ltr'><strong>Scitis</strong></span> <span class='ocrx_word' id='word_1_157' title='bbox 877 2260 1020 2314; x_wconf 92' lang='lat' dir='ltr'><strong>enim</strong></span> <span class='ocrx_word' id='word_1_158' title='bbox 1042 2257 1312 2329; x_wconf 88' lang='lat' dir='ltr'><strong>quomodo</strong></span> <span class='ocrx_word' id='word_1_159' title='bbox 1337 2257 1674 2326; x_wconf 88' lang='lat' dir='ltr'><strong>plerumque,</strong></span> 
     </span>
    </p>
   </div>
   <div class='ocr_carea' id='block_1_22' title="bbox 103 2334 1678 2420">
    <p class='ocr_par' dir='ltr' id='par_1_22' title="bbox 103 2334 1678 2420">
     <span class='ocr_line' id='line_1_22' title="bbox 103 2334 1678 2420; baseline 0.001 -22"><span class='ocrx_word' id='word_1_160' title='bbox 103 2349 296 2415; x_wconf 86' lang='lat' dir='ltr'><strong>quando</strong></span> <span class='ocrx_word' id='word_1_161' title='bbox 323 2351 444 2419; x_wconf 85' lang='lat' dir='ltr'><strong>quis</strong></span> <span class='ocrx_word' id='word_1_162' title='bbox 469 2348 636 2404; x_wconf 88' lang='lat' dir='ltr'><strong>semel</strong></span> <span class='ocrx_word' id='word_1_163' title='bbox 662 2359 821 2420; x_wconf 89' lang='lat' dir='ltr'><strong>atque</strong></span> <span class='ocrx_word' id='word_1_164' title='bbox 863 2334 1057 2404; x_wconf 79' lang='lat' dir='ltr'><strong>iterum</strong></span> <span class='ocrx_word' id='word_1_165' title='bbox 1099 2347 1415 2419; x_wconf 86' lang='lat' dir='ltr'><strong>pollicetur,</strong></span> <span class='ocrx_word' id='word_1_166' title='bbox 1459 2355 1514 2400; x_wconf 90' lang='lat' dir='ltr'><strong>et</strong></span> <span class='ocrx_word' id='word_1_167' title='bbox 1556 2360 1678 2414; x_wconf 80' lang='lat' dir='ltr'><strong>pro-</strong></span> 
     </span>
    </p>
   </div>
   <div class='ocr_carea' id='block_1_23' title="bbox 103 2434 1674 2509">
    <p class='ocr_par' dir='ltr' id='par_1_23' title="bbox 103 2434 1674 2509">
     <span class='ocr_line' id='line_1_23' title="bbox 103 2434 1674 2509; baseline -0.001 -20"><span class='ocrx_word' id='word_1_168' title='bbox 103 2438 246 2492; x_wconf 85' lang='lat' dir='ltr'><strong>missa</strong></span> <span class='ocrx_word' id='word_1_169' title='bbox 269 2439 492 2508; x_wconf 88' lang='lat' dir='ltr'><strong>implere</strong></span> <span class='ocrx_word' id='word_1_170' title='bbox 521 2439 714 2505; x_wconf 86' lang='lat' dir='ltr'><strong>tardat,</strong></span> <span class='ocrx_word' id='word_1_171' title='bbox 741 2438 1016 2509; x_wconf 76' lang='lat' dir='ltr'><strong>segniores</strong></span> <span class='ocrx_word' id='word_1_172' title='bbox 1044 2452 1228 2492; x_wconf 88' lang='lat' dir='ltr'><strong>sumus</strong></span> <span class='ocrx_word' id='word_1_173' title='bbox 1253 2435 1322 2490; x_wconf 89' lang='lat' dir='ltr'><strong>ad</strong></span> <span class='ocrx_word' id='word_1_174' title='bbox 1346 2434 1674 2490; x_wconf 87' lang='lat' dir='ltr'><strong>credendum</strong></span> 
     </span>
    </p>
   </div>
   <div class='ocr_carea' id='block_1_24' title="bbox 102 2527 1676 2601">
    <p class='ocr_par' dir='ltr' id='par_1_24' title="bbox 102 2527 1676 2601">
     <span class='ocr_line' id='line_1_24' title="bbox 102 2527 1676 2601; baseline 0 -21"><span class='ocrx_word' id='word_1_175' title='bbox 102 2527 158 2581; x_wconf 91' lang='lat' dir='ltr'><strong>iis</strong></span> <span class='ocrx_word' id='word_1_176' title='bbox 181 2545 292 2598; x_wconf 65' lang='lat' dir='ltr'><strong>quae</strong></span> <span class='ocrx_word' id='word_1_177' title='bbox 319 2531 510 2584; x_wconf 85' lang='lat' dir='ltr'><strong>iterum</strong></span> <span class='ocrx_word' id='word_1_178' title='bbox 542 2532 806 2601; x_wconf 89' lang='lat' dir='ltr'><strong>promittit</strong></span> <span class='ocrx_word' id='word_1_179' title='bbox 837 2547 852 2584; x_wconf 91' lang='lat'><strong>:</strong></span> <span class='ocrx_word' id='word_1_180' title='bbox 884 2530 936 2585; x_wconf 87' lang='lat' dir='ltr'><strong>id</strong></span> <span class='ocrx_word' id='word_1_181' title='bbox 966 2529 1107 2599; x_wconf 89' lang='lat' dir='ltr'><strong>quod</strong></span> <span class='ocrx_word' id='word_1_182' title='bbox 1135 2529 1190 2584; x_wconf 87' lang='lat' dir='ltr'><strong>in</strong></span> <span class='ocrx_word' id='word_1_183' title='bbox 1220 2527 1440 2583; x_wconf 89' lang='lat' dir='ltr'><strong>homine</strong></span> <span class='ocrx_word' id='word_1_184' title='bbox 1465 2541 1573 2582; x_wconf 92' lang='lat' dir='ltr'><strong>non</strong></span> <span class='ocrx_word' id='word_1_185' title='bbox 1595 2527 1676 2580; x_wconf 77' lang='lat' dir='ltr'><strong>in-</strong></span> 
     </span>
    </p>
   </div>
   <div class='ocr_carea' id='block_1_25' title="bbox 95 2616 1672 2692">
    <p class='ocr_par' dir='ltr' id='par_1_25' title="bbox 95 2616 1672 2692">
     <span class='ocr_line' id='line_1_25' title="bbox 95 2616 1672 2692; baseline 0.003 -24"><span class='ocrx_word' id='word_1_186' title='bbox 95 2616 223 2686; x_wconf 84' lang='lat' dir='ltr'><strong>juria</strong></span> <span class='ocrx_word' id='word_1_187' title='bbox 259 2619 436 2674; x_wconf 82' lang='lat' dir='ltr'><strong>Ineunt</strong></span> <span class='ocrx_word' id='word_1_188' title='bbox 476 2619 634 2677; x_wconf 86' lang='lat' dir='ltr'><strong>habet</strong></span> <span class='ocrx_word' id='word_1_189' title='bbox 670 2639 684 2676; x_wconf 86' lang='lat'><strong>:</strong></span> <span class='ocrx_word' id='word_1_190' title='bbox 729 2623 785 2676; x_wconf 90' lang='lat' dir='ltr'><strong>in</strong></span> <span class='ocrx_word' id='word_1_191' title='bbox 809 2621 920 2676; x_wconf 89' lang='lat' dir='ltr'><strong>Deo</strong></span> <span class='ocrx_word' id='word_1_192' title='bbox 948 2629 1125 2675; x_wconf 87' lang='lat' dir='ltr'><strong>autem</strong></span> <span class='ocrx_word' id='word_1_193' title='bbox 1149 2663 1165 2685; x_wconf 92' lang='lat'><strong>,</strong></span> <span class='ocrx_word' id='word_1_194' title='bbox 1204 2618 1297 2692; x_wconf 87' lang='lat' dir='ltr'><strong>qui</strong></span> <span class='ocrx_word' id='word_1_195' title='bbox 1337 2634 1423 2674; x_wconf 88' lang='lat' dir='ltr'><strong>res</strong></span> <span class='ocrx_word' id='word_1_196' title='bbox 1462 2629 1672 2674; x_wconf 88' lang='lat' dir='ltr'><strong>nostras</strong></span> 
     </span>
    </p>
   </div>
   <div class='ocr_carea' id='block_1_26' title="bbox 99 2708 1673 2781">
    <p class='ocr_par' dir='ltr' id='par_1_26' title="bbox 99 2708 1673 2781">
     <span class='ocr_line' id='line_1_26' title="bbox 99 2708 1673 2781; baseline 0.004 -25"><span class='ocrx_word' id='word_1_197' title='bbox 99 2708 317 2762; x_wconf 77' lang='lat' dir='ltr'><strong>maxima</strong></span> <span class='ocrx_word' id='word_1_198' title='bbox 345 2710 622 2779; x_wconf 87' lang='lat' dir='ltr'><strong>dispensat</strong></span> <span class='ocrx_word' id='word_1_199' title='bbox 661 2711 920 2780; x_wconf 88' lang='lat' dir='ltr'><strong>sapientia</strong></span> <span class='ocrx_word' id='word_1_200' title='bbox 941 2749 956 2776; x_wconf 93' lang='lat'><strong>,</strong></span> <span class='ocrx_word' id='word_1_201' title='bbox 983 2708 1028 2764; x_wconf 90' lang='lat' dir='ltr'><strong>si</strong></span> <span class='ocrx_word' id='word_1_202' title='bbox 1067 2725 1170 2781; x_wconf 89' lang='lat' dir='ltr'><strong>qua</strong></span> <span class='ocrx_word' id='word_1_203' title='bbox 1213 2709 1380 2765; x_wconf 87' lang='lat' dir='ltr'><strong>semel</strong></span> <span class='ocrx_word' id='word_1_204' title='bbox 1412 2710 1673 2778; x_wconf 87' lang='lat' dir='ltr'><strong>promissa</strong></span> 
     </span>
    </p>
   </div>
   <div class='ocr_carea' id='block_1_27' title="bbox 99 2794 1670 2866">
    <p class='ocr_par' dir='ltr' id='par_1_27' title="bbox 99 2794 1670 2866">
     <span class='ocr_line' id='line_1_27' title="bbox 99 2794 1670 2866; baseline 0.002 -18"><span class='ocrx_word' id='word_1_205' title='bbox 99 2794 316 2862; x_wconf 89' lang='lat' dir='ltr'><strong>fuerint,</strong></span> <span class='ocrx_word' id='word_1_206' title='bbox 370 2797 584 2855; x_wconf 83' lang='lat' dir='ltr'><strong>etiamsi</strong></span> <span class='ocrx_word' id='word_1_207' title='bbox 636 2800 916 2854; x_wconf 89' lang='lat' dir='ltr'><strong>innumera</strong></span> <span class='ocrx_word' id='word_1_208' title='bbox 969 2798 1303 2855; x_wconf 85' lang='lat' dir='ltr'><strong>intercedant</strong></span> <span class='ocrx_word' id='word_1_209' title='bbox 1354 2798 1622 2854; x_wconf 88' lang='lat' dir='ltr'><strong>obstacula</strong></span> <span class='ocrx_word' id='word_1_210' title='bbox 1652 2843 1670 2866; x_wconf 91' lang='lat'><strong>,</strong></span> 
     </span>
    </p>
   </div>
   <div class='ocr_carea' id='block_1_28' title="bbox 96 2887 1669 2961">
    <p class='ocr_par' dir='ltr' id='par_1_28' title="bbox 96 2887 1669 2961">
     <span class='ocr_line' id='line_1_28' title="bbox 96 2887 1669 2961; baseline 0.003 -23"><span class='ocrx_word' id='word_1_211' title='bbox 96 2887 456 2944; x_wconf 88' lang='lat' dir='ltr'><strong>confidendum</strong></span> <span class='ocrx_word' id='word_1_212' title='bbox 490 2901 571 2945; x_wconf 86' lang='lat' dir='ltr'><strong>cst</strong></span> <span class='ocrx_word' id='word_1_213' title='bbox 599 2890 665 2945; x_wconf 88' lang='lat' dir='ltr'><strong>ad</strong></span> <span class='ocrx_word' id='word_1_214' title='bbox 711 2889 1129 2961; x_wconf 77' lang='lat' dir='ltr'><strong>magnitudinem</strong></span> <span class='ocrx_word' id='word_1_215' title='bbox 1158 2889 1410 2958; x_wconf 65' lang='lat' dir='ltr'><strong>potentiae</strong></span> <span class='ocrx_word' id='word_1_216' title='bbox 1438 2890 1554 2957; x_wconf 85' lang='lat' dir='ltr'><strong>ejus</strong></span> <span class='ocrx_word' id='word_1_217' title='bbox 1579 2903 1669 2943; x_wconf 87' lang='lat' dir='ltr'><strong>re-</strong></span> 
     </span>
    </p>
   </div>
   <div class='ocr_carea' id='block_1_29' title="bbox 95 2979 1666 3053">
    <p class='ocr_par' dir='ltr' id='par_1_29' title="bbox 95 2979 1666 3053">
     <span class='ocr_line' id='line_1_29' title="bbox 95 2979 1666 3053; baseline -0.001 -20"><span class='ocrx_word' id='word_1_218' title='bbox 95 2982 446 3049; x_wconf 83' lang='lat' dir='ltr'><strong>spicientibus,</strong></span> <span class='ocrx_word' id='word_1_219' title='bbox 475 2983 947 3053; x_wconf 64' lang='lat' dir='ltr'><strong>confirmandique</strong></span> <span class='ocrx_word' id='word_1_220' title='bbox 974 2991 1056 3036; x_wconf 85' lang='lat' dir='ltr'><strong>est</strong></span> <span class='ocrx_word' id='word_1_221' title='bbox 1087 2981 1223 3035; x_wconf 87' lang='lat' dir='ltr'><strong>ratio</strong></span> <span class='ocrx_word' id='word_1_222' title='bbox 1242 3022 1258 3047; x_wconf 91' lang='lat'><strong>,</strong></span> <span class='ocrx_word' id='word_1_223' title='bbox 1283 2989 1339 3034; x_wconf 92' lang='lat' dir='ltr'><strong>et</strong></span> <span class='ocrx_word' id='word_1_224' title='bbox 1365 2979 1666 3044; x_wconf 90' lang='lat' dir='ltr'><strong>sciendum,</strong></span> 
     </span>
    </p>
   </div>
   <div class='ocr_carea' id='block_1_30' title="bbox 94 3069 1669 3141">
    <p class='ocr_par' dir='ltr' id='par_1_30' title="bbox 94 3069 1669 3141">
     <span class='ocr_line' id='line_1_30' title="bbox 94 3069 1669 3141; baseline 0 -19"><span class='ocrx_word' id='word_1_225' title='bbox 94 3073 257 3125; x_wconf 84' lang='lat' dir='ltr'><strong>omnia</strong></span> <span class='ocrx_word' id='word_1_226' title='bbox 294 3088 413 3141; x_wconf 66' lang='lat' dir='ltr'><strong>quae</strong></span> <span class='ocrx_word' id='word_1_227' title='bbox 438 3073 507 3127; x_wconf 87' lang='lat' dir='ltr'><strong>ab</strong></span> <span class='ocrx_word' id='word_1_228' title='bbox 532 3074 619 3127; x_wconf 92' lang='lat' dir='ltr'><strong>illo</strong></span> <span class='ocrx_word' id='word_1_229' title='bbox 641 3084 766 3127; x_wconf 89' lang='lat' dir='ltr'><strong>sunt</strong></span> <span class='ocrx_word' id='word_1_230' title='bbox 791 3073 932 3126; x_wconf 86' lang='lat' dir='ltr'><strong>dicta</strong></span> <span class='ocrx_word' id='word_1_231' title='bbox 963 3071 1179 3128; x_wconf 88' lang='lat' dir='ltr'><strong>evenire</strong></span> <span class='ocrx_word' id='word_1_232' title='bbox 1209 3070 1381 3126; x_wconf 88' lang='lat' dir='ltr'><strong>modis</strong></span> <span class='ocrx_word' id='word_1_233' title='bbox 1419 3069 1669 3124; x_wconf 90' lang='lat' dir='ltr'><strong>omnibus</strong></span> 
     </span>
    </p>
   </div>
   <div class='ocr_carea' id='block_1_31' title="bbox 95 3159 1669 3232">
    <p class='ocr_par' dir='ltr' id='par_1_31' title="bbox 95 3159 1669 3232">
     <span class='ocr_line' id='line_1_31' title="bbox 95 3159 1669 3232; baseline 0 -19"><span class='ocrx_word' id='word_1_234' title='bbox 95 3175 300 3217; x_wconf 83' lang='lat' dir='ltr'><strong>necesse</strong></span> <span class='ocrx_word' id='word_1_235' title='bbox 326 3178 466 3218; x_wconf 83' lang='lat' dir='ltr'><strong>esse.</strong></span> <span class='ocrx_word' id='word_1_236' title='bbox 497 3162 638 3217; x_wconf 84' lang='lat' dir='ltr'><strong>Nihil</strong></span> <span class='ocrx_word' id='word_1_237' title='bbox 662 3165 804 3218; x_wconf 89' lang='lat' dir='ltr'><strong>enim</strong></span> <span class='ocrx_word' id='word_1_238' title='bbox 833 3174 915 3217; x_wconf 90' lang='lat' dir='ltr'><strong>est</strong></span> <span class='ocrx_word' id='word_1_239' title='bbox 941 3162 1081 3232; x_wconf 90' lang='lat' dir='ltr'><strong>quod</strong></span> <span class='ocrx_word' id='word_1_240' title='bbox 1111 3162 1308 3216; x_wconf 77' lang='lat' dir='ltr'><strong>morari</strong></span> <span class='ocrx_word' id='word_1_241' title='bbox 1349 3168 1508 3230; x_wconf 82' lang='lat' dir='ltr'><strong>queat</strong></span> <span class='ocrx_word' id='word_1_242' title='bbox 1549 3159 1669 3229; x_wconf 91' lang='lat' dir='ltr'><strong>ejus</strong></span> 
     </span>
    </p>
   </div>
   <div class='ocr_carea' id='block_1_32' title="bbox 95 3254 1669 3326">
    <p class='ocr_par' dir='ltr' id='par_1_32' title="bbox 95 3254 1669 3326">
     <span class='ocr_line' id='line_1_32' title="bbox 95 3254 1669 3326; baseline -0.001 -20"><span class='ocrx_word' id='word_1_243' title='bbox 95 3255 486 3323; x_wconf 83' lang='lat' dir='ltr'><strong>promissiones,</strong></span> <span class='ocrx_word' id='word_1_244' title='bbox 507 3257 756 3326; x_wconf 88' lang='lat' dir='ltr'><strong>quoniam</strong></span> <span class='ocrx_word' id='word_1_245' title='bbox 787 3257 925 3309; x_wconf 89' lang='lat' dir='ltr'><strong>Deus</strong></span> <span class='ocrx_word' id='word_1_246' title='bbox 955 3265 1058 3319; x_wconf 89' lang='lat' dir='ltr'><strong>est,</strong></span> <span class='ocrx_word' id='word_1_247' title='bbox 1086 3255 1171 3308; x_wconf 91' lang='lat' dir='ltr'><strong>cui</strong></span> <span class='ocrx_word' id='word_1_248' title='bbox 1194 3254 1368 3307; x_wconf 86' lang='lat' dir='ltr'><strong>omnia</strong></span> <span class='ocrx_word' id='word_1_249' title='bbox 1397 3263 1520 3306; x_wconf 90' lang='lat' dir='ltr'><strong>sunt</strong></span> <span class='ocrx_word' id='word_1_250' title='bbox 1545 3269 1669 3320; x_wconf 86' lang='lat' dir='ltr'><strong>pos-</strong></span> 
     </span>
    </p>
   </div>
   <div class='ocr_carea' id='block_1_33' title="bbox 90 3342 1668 3416">
    <p class='ocr_par' dir='ltr' id='par_1_33' title="bbox 90 3342 1668 3416">
     <span class='ocr_line' id='line_1_33' title="bbox 90 3342 1668 3416; baseline 0.001 -21"><span class='ocrx_word' id='word_1_251' title='bbox 90 3345 251 3399; x_wconf 80' lang='lat' dir='ltr'><strong>sibilia</strong></span> <span class='ocrx_word' id='word_1_252' title='bbox 281 3363 295 3401; x_wconf 92' lang='lat'><strong>:</strong></span> <span class='ocrx_word' id='word_1_253' title='bbox 324 3357 380 3402; x_wconf 89' lang='lat' dir='ltr'><strong>et</strong></span> <span class='ocrx_word' id='word_1_254' title='bbox 405 3346 604 3402; x_wconf 91' lang='lat' dir='ltr'><strong>idcirco</strong></span> <span class='ocrx_word' id='word_1_255' title='bbox 630 3360 964 3416; x_wconf 90' lang='lat' dir='ltr'><strong>quocumque</strong></span> <span class='ocrx_word' id='word_1_256' title='bbox 993 3345 1126 3412; x_wconf 91' lang='lat' dir='ltr'><strong>vult,</strong></span> <span class='ocrx_word' id='word_1_257' title='bbox 1158 3360 1244 3399; x_wconf 89' lang='lat' dir='ltr'><strong>res</strong></span> <span class='ocrx_word' id='word_1_258' title='bbox 1283 3342 1572 3408; x_wconf 86' lang='lat' dir='ltr'><strong>transfert,</strong></span> <span class='ocrx_word' id='word_1_259' title='bbox 1613 3355 1668 3397; x_wconf 88' lang='lat' dir='ltr'><strong>et</strong></span> 
     </span>
    </p>
   </div>
   <div class='ocr_carea' id='block_1_34' title="bbox 91 3434 1664 3504">
    <p class='ocr_par' dir='ltr' id='par_1_34' title="bbox 91 3434 1664 3504">
     <span class='ocr_line' id='line_1_34' title="bbox 91 3434 1664 3504; baseline -0.001 -16"><span class='ocrx_word' id='word_1_260' title='bbox 91 3437 171 3490; x_wconf 90' lang='lat' dir='ltr'><strong>ubi</strong></span> <span class='ocrx_word' id='word_1_261' title='bbox 196 3452 299 3492; x_wconf 90' lang='lat' dir='ltr'><strong>non</strong></span> <span class='ocrx_word' id='word_1_262' title='bbox 329 3449 454 3493; x_wconf 91' lang='lat' dir='ltr'><strong>sunt</strong></span> <span class='ocrx_word' id='word_1_263' title='bbox 475 3440 595 3502; x_wconf 66' lang='lat' dir='ltr'><strong>viae,</strong></span> <span class='ocrx_word' id='word_1_264' title='bbox 630 3439 870 3493; x_wconf 86' lang='lat' dir='ltr'><strong>invenire</strong></span> <span class='ocrx_word' id='word_1_265' title='bbox 895 3437 995 3492; x_wconf 91' lang='lat' dir='ltr'><strong>scit</strong></span> <span class='ocrx_word' id='word_1_266' title='bbox 1026 3437 1137 3491; x_wconf 87' lang='lat' dir='ltr'><strong>vias</strong></span> <span class='ocrx_word' id='word_1_267' title='bbox 1155 3477 1171 3502; x_wconf 88' lang='lat'><strong>,</strong></span> <span class='ocrx_word' id='word_1_268' title='bbox 1199 3451 1262 3488; x_wconf 89' lang='lat' dir='ltr'><strong>ac</strong></span> <span class='ocrx_word' id='word_1_269' title='bbox 1287 3449 1385 3489; x_wconf 87' lang='lat' dir='ltr'><strong>nos</strong></span> <span class='ocrx_word' id='word_1_270' title='bbox 1409 3434 1664 3504; x_wconf 84' lang='lat' dir='ltr'><strong>despera-</strong></span> 
     </span>
    </p>
   </div>
   <div class='ocr_carea' id='block_1_35' title="bbox 90 3527 1664 3599">
    <p class='ocr_par' dir='ltr' id='par_1_35' title="bbox 90 3527 1664 3599">
     <span class='ocr_line' id='line_1_35' title="bbox 90 3527 1664 3599; baseline 0.001 -20"><span class='ocrx_word' id='word_1_271' title='bbox 90 3535 164 3582; x_wconf 87' lang='lat' dir='ltr'><strong>tos</strong></span> <span class='ocrx_word' id='word_1_272' title='bbox 190 3529 238 3583; x_wconf 93' lang='lat' dir='ltr'><strong>in</strong></span> <span class='ocrx_word' id='word_1_273' title='bbox 267 3530 463 3586; x_wconf 86' lang='lat' dir='ltr'><strong>bonam</strong></span> <span class='ocrx_word' id='word_1_274' title='bbox 489 3545 639 3599; x_wconf 90' lang='lat' dir='ltr'><strong>spem</strong></span> <span class='ocrx_word' id='word_1_275' title='bbox 669 3530 902 3596; x_wconf 87' lang='lat' dir='ltr'><strong>adducit,</strong></span> <span class='ocrx_word' id='word_1_276' title='bbox 928 3544 1036 3599; x_wconf 91' lang='lat' dir='ltr'><strong>quo</strong></span> <span class='ocrx_word' id='word_1_277' title='bbox 1064 3528 1380 3584; x_wconf 84' lang='lat' dir='ltr'><strong>excellentia</strong></span> <span class='ocrx_word' id='word_1_278' title='bbox 1405 3527 1664 3596; x_wconf 82' lang='lat' dir='ltr'><strong>potentis-</strong></span> 
     </span>
    </p>
   </div>
   <div class='ocr_carea' id='block_1_36' title="bbox 88 3619 1667 3695">
    <p class='ocr_par' dir='ltr' id='par_1_36' title="bbox 88 3619 1667 3695">
     <span class='ocr_line' id='line_1_36' title="bbox 88 3619 1667 3695; baseline 0.001 -24"><span class='ocrx_word' id='word_1_279' title='bbox 88 3621 224 3676; x_wconf 78' lang='lat' dir='ltr'><strong>sima:</strong></span> <span class='ocrx_word' id='word_1_280' title='bbox 272 3637 386 3677; x_wconf 69' lang='lat' dir='ltr'><strong>sua:</strong></span> <span class='ocrx_word' id='word_1_281' title='bbox 441 3624 715 3693; x_wconf 74' lang='lat' dir='ltr'><strong>sapientize</strong></span> <span class='ocrx_word' id='word_1_282' title='bbox 764 3621 918 3678; x_wconf 88' lang='lat' dir='ltr'><strong>nobis</strong></span> <span class='ocrx_word' id='word_1_283' title='bbox 967 3619 1303 3695; x_wconf 78' lang='lat' dir='ltr'><strong>manifestior</strong></span> <span class='ocrx_word' id='word_1_284' title='bbox 1365 3620 1472 3674; x_wconf 85' lang='lat' dir='ltr'><strong>fiat.</strong></span> <span class='ocrx_word' id='word_1_285' title='bbox 1530 3621 1667 3675; x_wconf 87' lang='lat' dir='ltr'><strong>Dicit</strong></span> 
     </span>
    </p>
   </div>
   <div class='ocr_carea' id='block_1_37' title="bbox 86 3711 1665 3784">
    <p class='ocr_par' dir='ltr' id='par_1_37' title="bbox 86 3711 1665 3784">
     <span class='ocr_line' id='line_1_37' title="bbox 86 3711 1665 3784; baseline 0.002 -22"><span class='ocrx_word' id='word_1_286' title='bbox 86 3711 214 3766; x_wconf 86' lang='lat' dir='ltr'><strong>enim</strong></span> <span class='ocrx_word' id='word_1_287' title='bbox 244 3728 258 3766; x_wconf 92' lang='lat'><strong>:</strong></span> <span class='ocrx_word' id='word_1_288' title='bbox 292 3714 380 3768; x_wconf 87' lang='lat' dir='ltr'><strong>I7.</strong></span> <span class='ocrx_word' id='word_1_289' title='bbox 406 3713 592 3784; x_wconf 81' lang='lat' dir='ltr'><strong>Surge,</strong></span> <span class='ocrx_word' id='word_1_290' title='bbox 616 3723 663 3768; x_wconf 88' lang='lat' dir='ltr'><strong>et</strong></span> <span class='ocrx_word' id='word_1_291' title='bbox 691 3712 984 3782; x_wconf 75' lang='lat' dir='ltr'><strong>perambula</strong></span> <span class='ocrx_word' id='word_1_292' title='bbox 1011 3723 1197 3765; x_wconf 87' lang='lat' dir='ltr'><strong>terram</strong></span> <span class='ocrx_word' id='word_1_293' title='bbox 1219 3711 1270 3764; x_wconf 88' lang='lat' dir='ltr'><strong>in</strong></span> <span class='ocrx_word' id='word_1_294' title='bbox 1299 3711 1665 3782; x_wconf 82' lang='lat' dir='ltr'><strong>longitudinem</strong></span> 
     </span>
    </p>
   </div>
   <div class='ocr_carea' id='block_1_38' title="bbox 86 3801 1662 3874">
    <p class='ocr_par' dir='ltr' id='par_1_38' title="bbox 86 3801 1662 3874">
     <span class='ocr_line' id='line_1_38' title="bbox 86 3801 1662 3874; baseline 0.004 -23"><span class='ocrx_word' id='word_1_295' title='bbox 86 3804 183 3871; x_wconf 78' lang='lat' dir='ltr'><strong>ejus</strong></span> <span class='ocrx_word' id='word_1_296' title='bbox 207 3813 252 3856; x_wconf 89' lang='lat' dir='ltr'><strong>et</strong></span> <span class='ocrx_word' id='word_1_297' title='bbox 280 3806 619 3871; x_wconf 81' lang='lat' dir='ltr'><strong>latitudinem,</strong></span> <span class='ocrx_word' id='word_1_298' title='bbox 649 3807 769 3874; x_wconf 81' lang='lat' dir='ltr'><strong>quia</strong></span> <span class='ocrx_word' id='word_1_299' title='bbox 799 3803 888 3858; x_wconf 84' lang='lat' dir='ltr'><strong>tibi</strong></span> <span class='ocrx_word' id='word_1_300' title='bbox 917 3805 1047 3858; x_wconf 72' lang='lat' dir='ltr'><strong>dabo</strong></span> <span class='ocrx_word' id='word_1_301' title='bbox 1073 3820 1207 3858; x_wconf 86' lang='lat' dir='ltr'><strong>eam.</strong></span> <span class='ocrx_word' id='word_1_302' title='bbox 1238 3801 1374 3858; x_wconf 89' lang='lat' dir='ltr'><strong>Vide</strong></span> <span class='ocrx_word' id='word_1_303' title='bbox 1395 3803 1662 3874; x_wconf 91' lang='lat' dir='ltr'><strong>quomodo</strong></span> 
     </span>
    </p>
   </div>
   <div class='ocr_carea' id='block_1_39' title="bbox 87 3893 1658 3962">
    <p class='ocr_par' dir='ltr' id='par_1_39' title="bbox 87 3893 1658 3962">
     <span class='ocr_line' id='line_1_39' title="bbox 87 3893 1658 3962; baseline 0.002 -19"><span class='ocrx_word' id='word_1_304' title='bbox 87 3893 131 3944; x_wconf 92' lang='lat' dir='ltr'><strong>in</strong></span> <span class='ocrx_word' id='word_1_305' title='bbox 159 3895 313 3949; x_wconf 84' lang='lat' dir='ltr'><strong>rebus</strong></span> <span class='ocrx_word' id='word_1_306' title='bbox 342 3895 594 3949; x_wconf 90' lang='lat' dir='ltr'><strong>omnibus</strong></span> <span class='ocrx_word' id='word_1_307' title='bbox 620 3895 839 3949; x_wconf 89' lang='lat' dir='ltr'><strong>multam</strong></span> <span class='ocrx_word' id='word_1_308' title='bbox 885 3894 1224 3948; x_wconf 88' lang='lat' dir='ltr'><strong>securitatem</strong></span> <span class='ocrx_word' id='word_1_309' title='bbox 1263 3893 1410 3962; x_wconf 88' lang='lat' dir='ltr'><strong>justo</strong></span> <span class='ocrx_word' id='word_1_310' title='bbox 1437 3893 1549 3945; x_wconf 92' lang='lat' dir='ltr'><strong>viro</strong></span> <span class='ocrx_word' id='word_1_311' title='bbox 1580 3895 1658 3946; x_wconf 87' lang='lat' dir='ltr'><strong>in-</strong></span> 
     </span>
    </p>
   </div>
   <div class='ocr_carea' id='block_1_40' title="bbox 82 3985 1663 4056">
    <p class='ocr_par' dir='ltr' id='par_1_40' title="bbox 82 3985 1663 4056">
     <span class='ocr_line' id='line_1_40' title="bbox 82 3985 1663 4056; baseline 0.001 -21"><span class='ocrx_word' id='word_1_312' title='bbox 82 3999 257 4053; x_wconf 69' lang='lat' dir='ltr'><strong>gerere</strong></span> <span class='ocrx_word' id='word_1_313' title='bbox 278 3987 493 4056; x_wconf 80' lang='lat' dir='ltr'><strong>satagit.</strong></span> <span class='ocrx_word' id='word_1_314' title='bbox 533 3987 666 4041; x_wconf 91' lang='lat' dir='ltr'><strong>Dicit</strong></span> <span class='ocrx_word' id='word_1_315' title='bbox 694 3987 841 4041; x_wconf 90' lang='lat' dir='ltr'><strong>enim</strong></span> <span class='ocrx_word' id='word_1_316' title='bbox 878 4004 891 4039; x_wconf 89' lang='lat'><strong>:</strong></span> <span class='ocrx_word' id='word_1_317' title='bbox 923 3985 1114 4056; x_wconf 85' lang='lat' dir='ltr'><strong>Surge,</strong></span> <span class='ocrx_word' id='word_1_318' title='bbox 1147 3995 1200 4040; x_wconf 91' lang='lat' dir='ltr'><strong>et</strong></span> <span class='ocrx_word' id='word_1_319' title='bbox 1224 3986 1466 4049; x_wconf 87' lang='lat' dir='ltr'><strong>circumi,</strong></span> <span class='ocrx_word' id='word_1_320' title='bbox 1496 3996 1546 4040; x_wconf 89' lang='lat' dir='ltr'><strong>et</strong></span> <span class='ocrx_word' id='word_1_321' title='bbox 1570 3985 1663 4038; x_wconf 88' lang='lat' dir='ltr'><strong>ad-</strong></span> 
     </span>
    </p>
   </div>
   <div class='ocr_carea' id='block_1_41' title="bbox 82 4072 1663 4148">
    <p class='ocr_par' dir='ltr' id='par_1_41' title="bbox 82 4072 1663 4148">
     <span class='ocr_line' id='line_1_41' title="bbox 82 4072 1663 4148; baseline 0.003 -23"><span class='ocrx_word' id='word_1_322' title='bbox 82 4072 218 4130; x_wconf 84' lang='lat' dir='ltr'><strong>disee</strong></span> <span class='ocrx_word' id='word_1_323' title='bbox 240 4087 348 4131; x_wconf 89' lang='lat' dir='ltr'><strong>tam</strong></span> <span class='ocrx_word' id='word_1_324' title='bbox 375 4077 709 4132; x_wconf 86' lang='lat' dir='ltr'><strong>latitudinem</strong></span> <span class='ocrx_word' id='word_1_325' title='bbox 734 4117 749 4141; x_wconf 89' lang='lat'><strong>,</strong></span> <span class='ocrx_word' id='word_1_326' title='bbox 797 4093 954 4148; x_wconf 87' lang='lat' dir='ltr'><strong>quam</strong></span> <span class='ocrx_word' id='word_1_327' title='bbox 993 4076 1407 4147; x_wconf 85' lang='lat' dir='ltr'><strong>longitudinem,</strong></span> <span class='ocrx_word' id='word_1_328' title='bbox 1440 4088 1499 4132; x_wconf 89' lang='lat' dir='ltr'><strong>ut</strong></span> <span class='ocrx_word' id='word_1_329' title='bbox 1525 4076 1663 4131; x_wconf 80' lang='lat' dir='ltr'><strong>scire</strong></span> 
     </span>
    </p>
   </div>
   <div class='ocr_carea' id='block_1_42' title="bbox 85 4165 1663 4236">
    <p class='ocr_par' dir='ltr' id='par_1_42' title="bbox 85 4165 1663 4236">
     <span class='ocr_line' id='line_1_42' title="bbox 85 4165 1663 4236; baseline 0.002 -19"><span class='ocrx_word' id='word_1_330' title='bbox 85 4165 244 4230; x_wconf 84' lang='lat' dir='ltr'><strong>possis</strong></span> <span class='ocrx_word' id='word_1_331' title='bbox 270 4175 326 4220; x_wconf 90' lang='lat' dir='ltr'><strong>et</strong></span> <span class='ocrx_word' id='word_1_332' title='bbox 353 4166 772 4236; x_wconf 84' lang='lat' dir='ltr'><strong>magnitudinem</strong></span> <span class='ocrx_word' id='word_1_333' title='bbox 806 4176 962 4220; x_wconf 73' lang='lat' dir='ltr'><strong>terra:</strong></span> <span class='ocrx_word' id='word_1_334' title='bbox 981 4183 1082 4236; x_wconf 84' lang='lat' dir='ltr'><strong>qua</strong></span> <span class='ocrx_word' id='word_1_335' title='bbox 1111 4167 1363 4220; x_wconf 89' lang='lat' dir='ltr'><strong>Iruiturus</strong></span> <span class='ocrx_word' id='word_1_336' title='bbox 1382 4180 1462 4233; x_wconf 88' lang='lat' dir='ltr'><strong>es,</strong></span> <span class='ocrx_word' id='word_1_337' title='bbox 1488 4175 1542 4221; x_wconf 91' lang='lat' dir='ltr'><strong>et</strong></span> <span class='ocrx_word' id='word_1_338' title='bbox 1567 4182 1663 4220; x_wconf 88' lang='lat' dir='ltr'><strong>au-</strong></span> 
     </span>
    </p>
   </div>
   <div class='ocr_carea' id='block_1_43' title="bbox 87 4256 1661 4326">
    <p class='ocr_par' dir='ltr' id='par_1_43' title="bbox 87 4256 1661 4326">
     <span class='ocr_line' id='line_1_43' title="bbox 87 4256 1661 4326; baseline 0.002 -20"><span class='ocrx_word' id='word_1_339' title='bbox 87 4264 282 4323; x_wconf 78' lang='lat' dir='ltr'><strong>thnam</strong></span> <span class='ocrx_word' id='word_1_340' title='bbox 313 4257 509 4311; x_wconf 80' lang='lat' dir='ltr'><strong>fruaris</strong></span> <span class='ocrx_word' id='word_1_341' title='bbox 531 4299 543 4321; x_wconf 90' lang='lat'><strong>,</strong></span> <span class='ocrx_word' id='word_1_342' title='bbox 576 4271 673 4325; x_wconf 79' lang='lat' dir='ltr'><strong>Spe</strong></span> <span class='ocrx_word' id='word_1_343' title='bbox 699 4267 911 4326; x_wconf 85' lang='lat' dir='ltr'><strong>pastus,</strong></span> <span class='ocrx_word' id='word_1_344' title='bbox 945 4273 1190 4326; x_wconf 87' lang='lat' dir='ltr'><strong>magnam</strong></span> <span class='ocrx_word' id='word_1_345' title='bbox 1223 4256 1346 4312; x_wconf 91' lang='lat' dir='ltr'><strong>inde</strong></span> <span class='ocrx_word' id='word_1_346' title='bbox 1370 4258 1531 4311; x_wconf 92' lang='lat' dir='ltr'><strong>animi</strong></span> <span class='ocrx_word' id='word_1_347' title='bbox 1565 4275 1661 4310; x_wconf 80' lang='lat' dir='ltr'><strong>ve-</strong></span> 
     </span>
    </p>
   </div>
   <div class='ocr_carea' id='block_1_44' title="bbox 82 4343 1658 4417">
    <p class='ocr_par' dir='ltr' id='par_1_44' title="bbox 82 4343 1658 4417">
     <span class='ocr_line' id='line_1_44' title="bbox 82 4343 1658 4417; baseline 0.004 -22"><span class='ocrx_word' id='word_1_348' title='bbox 82 4343 322 4413; x_wconf 87' lang='lat' dir='ltr'><strong>luptatem</strong></span> <span class='ocrx_word' id='word_1_349' title='bbox 347 4347 583 4401; x_wconf 83' lang='lat' dir='ltr'><strong>haurias.</strong></span> <span class='ocrx_word' id='word_1_350' title='bbox 597 4346 729 4401; x_wconf 87' lang='lat' dir='ltr'><strong>Nam</strong></span> <span class='ocrx_word' id='word_1_351' title='bbox 752 4358 1236 4417; x_wconf 79' lang='lat' dir='ltr'><strong>quantumcumque</strong></span> <span class='ocrx_word' id='word_1_352' title='bbox 1255 4357 1410 4402; x_wconf 62' lang='lat' dir='ltr'><strong>terra!</strong></span> <span class='ocrx_word' id='word_1_353' title='bbox 1426 4349 1658 4402; x_wconf 90' lang='lat' dir='ltr'><strong>cireum—</strong></span> 
     </span>
    </p>
   </div>
   <div class='ocr_carea' id='block_1_45' title="bbox 82 4435 1658 4506">
    <p class='ocr_par' dir='ltr' id='par_1_45' title="bbox 82 4435 1658 4506">
     <span class='ocr_line' id='line_1_45' title="bbox 82 4435 1658 4506; baseline 0.006 -21"><span class='ocrx_word' id='word_1_354' title='bbox 82 4435 229 4504; x_wconf 88' lang='lat' dir='ltr'><strong>ieris,</strong></span> <span class='ocrx_word' id='word_1_355' title='bbox 275 4438 372 4493; x_wconf 89' lang='lat' dir='ltr'><strong>tibi</strong></span> <span class='ocrx_word' id='word_1_356' title='bbox 401 4437 576 4506; x_wconf 86' lang='lat' dir='ltr'><strong>dabo,</strong></span> <span class='ocrx_word' id='word_1_357' title='bbox 628 4446 685 4492; x_wconf 88' lang='lat' dir='ltr'><strong>ut</strong></span> <span class='ocrx_word' id='word_1_358' title='bbox 712 4440 850 4494; x_wconf 88' lang='lat' dir='ltr'><strong>scias</strong></span> <span class='ocrx_word' id='word_1_359' title='bbox 877 4447 930 4494; x_wconf 89' lang='lat' dir='ltr'><strong>te</strong></span> <span class='ocrx_word' id='word_1_360' title='bbox 967 4454 1073 4493; x_wconf 91' lang='lat' dir='ltr'><strong>non</strong></span> <span class='ocrx_word' id='word_1_361' title='bbox 1109 4450 1314 4494; x_wconf 87' lang='lat' dir='ltr'><strong>tantum</strong></span> <span class='ocrx_word' id='word_1_362' title='bbox 1356 4439 1658 4506; x_wconf 80' lang='lat' dir='ltr'><strong>dimisisse,</strong></span> 
     </span>
    </p>
   </div>
   <div class='ocr_carea' id='block_1_46' title="bbox 80 4529 1656 4600">
    <p class='ocr_par' dir='ltr' id='par_1_46' title="bbox 80 4529 1656 4600">
     <span class='ocr_line' id='line_1_46' title="bbox 80 4529 1656 4600; baseline 0.006 -24"><span class='ocrx_word' id='word_1_363' title='bbox 80 4540 322 4594; x_wconf 83' lang='lat' dir='ltr'><strong>quantum</strong></span> <span class='ocrx_word' id='word_1_364' title='bbox 353 4539 672 4599; x_wconf 87' lang='lat' dir='ltr'><strong>accepturus</strong></span> <span class='ocrx_word' id='word_1_365' title='bbox 715 4545 796 4586; x_wconf 88' lang='lat' dir='ltr'><strong>es.</strong></span> <span class='ocrx_word' id='word_1_366' title='bbox 835 4529 911 4585; x_wconf 85' lang='lat' dir='ltr'><strong>Ne</strong></span> <span class='ocrx_word' id='word_1_367' title='bbox 943 4532 1100 4600; x_wconf 82' lang='lat' dir='ltr'><strong>igitur</strong></span> <span class='ocrx_word' id='word_1_368' title='bbox 1128 4540 1280 4600; x_wconf 86' lang='lat' dir='ltr'><strong>putes</strong></span> <span class='ocrx_word' id='word_1_369' title='bbox 1321 4541 1371 4586; x_wconf 91' lang='lat' dir='ltr'><strong>te</strong></span> <span class='ocrx_word' id='word_1_370' title='bbox 1398 4534 1656 4586; x_wconf 76' lang='lat' dir='ltr'><strong>minorem</strong></span> 
     </span>
    </p>
   </div>
   <div class='ocr_carea' id='block_1_47' title="bbox 83 4622 1659 4693">
    <p class='ocr_par' dir='ltr' id='par_1_47' title="bbox 83 4622 1659 4693">
     <span class='ocr_line' id='line_1_47' title="bbox 83 4622 1659 4693; baseline 0.006 -25"><span class='ocrx_word' id='word_1_371' title='bbox 83 4628 265 4672; x_wconf 83' lang='lat' dir='ltr'><strong>terram</strong></span> <span class='ocrx_word' id='word_1_372' title='bbox 293 4623 546 4674; x_wconf 87' lang='lat' dir='ltr'><strong>sortitum</strong></span> <span class='ocrx_word' id='word_1_373' title='bbox 575 4635 716 4687; x_wconf 87' lang='lat' dir='ltr'><strong>esse,</strong></span> <span class='ocrx_word' id='word_1_374' title='bbox 744 4622 994 4692; x_wconf 88' lang='lat' dir='ltr'><strong>quoniam</strong></span> <span class='ocrx_word' id='word_1_375' title='bbox 1021 4623 1112 4676; x_wconf 89' lang='lat' dir='ltr'><strong>ille</strong></span> <span class='ocrx_word' id='word_1_376' title='bbox 1136 4623 1378 4692; x_wconf 81' lang='lat' dir='ltr'><strong>arripuit,</strong></span> <span class='ocrx_word' id='word_1_377' title='bbox 1407 4638 1524 4693; x_wconf 63' lang='lat' dir='ltr'><strong>quin</strong></span> <span class='ocrx_word' id='word_1_378' title='bbox 1553 4625 1659 4693; x_wconf 86' lang='lat' dir='ltr'><strong>pri-</strong></span> 
     </span>
    </p>
   </div>
   <div class='ocr_carea' id='block_1_48' title="bbox 81 4709 1662 4782">
    <p class='ocr_par' dir='ltr' id='par_1_48' title="bbox 81 4709 1662 4782">
     <span class='ocr_line' id='line_1_48' title="bbox 81 4709 1662 4782; baseline 0.006 -25"><span class='ocrx_word' id='word_1_379' title='bbox 81 4723 156 4761; x_wconf 86' lang='lat' dir='ltr'><strong>ma</strong></span> <span class='ocrx_word' id='word_1_380' title='bbox 178 4709 274 4763; x_wconf 91' lang='lat' dir='ltr'><strong>sibi</strong></span> <span class='ocrx_word' id='word_1_381' title='bbox 305 4709 422 4762; x_wconf 89' lang='lat' dir='ltr'><strong>visa</strong></span> <span class='ocrx_word' id='word_1_382' title='bbox 451 4720 534 4764; x_wconf 86' lang='lat' dir='ltr'><strong>est</strong></span> <span class='ocrx_word' id='word_1_383' title='bbox 563 4719 619 4764; x_wconf 88' lang='lat' dir='ltr'><strong>et</strong></span> <span class='ocrx_word' id='word_1_384' title='bbox 643 4711 834 4779; x_wconf 90' lang='lat' dir='ltr'><strong>potior.</strong></span> <span class='ocrx_word' id='word_1_385' title='bbox 863 4711 1010 4766; x_wconf 90' lang='lat' dir='ltr'><strong>Scies</strong></span> <span class='ocrx_word' id='word_1_386' title='bbox 1041 4712 1182 4766; x_wconf 90' lang='lat' dir='ltr'><strong>enim</strong></span> <span class='ocrx_word' id='word_1_387' title='bbox 1215 4727 1320 4766; x_wconf 90' lang='lat' dir='ltr'><strong>non</strong></span> <span class='ocrx_word' id='word_1_388' title='bbox 1349 4713 1514 4768; x_wconf 90' lang='lat' dir='ltr'><strong>multo</strong></span> <span class='ocrx_word' id='word_1_389' title='bbox 1542 4723 1662 4782; x_wconf 83' lang='lat' dir='ltr'><strong>post</strong></span> 
     </span>
    </p>
   </div>
   <div class='ocr_carea' id='block_1_49' title="bbox 79 4800 1658 4872">
    <p class='ocr_par' dir='ltr' id='par_1_49' title="bbox 79 4800 1658 4872">
     <span class='ocr_line' id='line_1_49' title="bbox 79 4800 1658 4872; baseline 0.006 -22"><span class='ocrx_word' id='word_1_390' title='bbox 79 4814 137 4850; x_wconf 75' lang='lat' dir='ltr'><strong>ex</strong></span> <span class='ocrx_word' id='word_1_391' title='bbox 165 4801 320 4856; x_wconf 90' lang='lat' dir='ltr'><strong>rebus</strong></span> <span class='ocrx_word' id='word_1_392' title='bbox 351 4800 503 4872; x_wconf 87' lang='lat' dir='ltr'><strong>ipsis,</strong></span> <span class='ocrx_word' id='word_1_393' title='bbox 535 4817 695 4870; x_wconf 89' lang='lat' dir='ltr'><strong>quam</strong></span> <span class='ocrx_word' id='word_1_394' title='bbox 725 4802 856 4856; x_wconf 88' lang='lat' dir='ltr'><strong>nihil</strong></span> <span class='ocrx_word' id='word_1_395' title='bbox 888 4801 1147 4872; x_wconf 89' lang='lat' dir='ltr'><strong>profuerit</strong></span> <span class='ocrx_word' id='word_1_396' title='bbox 1173 4804 1221 4858; x_wconf 89' lang='lat' dir='ltr'><strong>ei</strong></span> <span class='ocrx_word' id='word_1_397' title='bbox 1251 4804 1473 4872; x_wconf 88' lang='lat' dir='ltr'><strong>potioris</strong></span> <span class='ocrx_word' id='word_1_398' title='bbox 1499 4813 1658 4859; x_wconf 60' lang='lat' dir='ltr'><strong>terra:</strong></span> 
     </span>
    </p>
   </div>
   <div class='ocr_carea' id='block_1_50' title="bbox 80 4890 1657 4965">
    <p class='ocr_par' dir='ltr' id='par_1_50' title="bbox 80 4890 1657 4965">
     <span class='ocr_line' id='line_1_50' title="bbox 80 4890 1657 4965; baseline 0.005 -23"><span class='ocrx_word' id='word_1_399' title='bbox 80 4890 293 4958; x_wconf 85' lang='lat' dir='ltr'><strong>electio;</strong></span> <span class='ocrx_word' id='word_1_400' title='bbox 321 4903 378 4948; x_wconf 90' lang='lat' dir='ltr'><strong>et</strong></span> <span class='ocrx_word' id='word_1_401' title='bbox 441 4893 553 4962; x_wconf 89' lang='lat' dir='ltr'><strong>ipse</strong></span> <span class='ocrx_word' id='word_1_402' title='bbox 593 4894 765 4949; x_wconf 85' lang='lat' dir='ltr'><strong>discet</strong></span> <span class='ocrx_word' id='word_1_403' title='bbox 788 4894 1104 4964; x_wconf 60' lang='lat' dir='ltr'><strong>,Xquantum</strong></span> <span class='ocrx_word' id='word_1_404' title='bbox 1124 4895 1322 4949; x_wconf 89' lang='lat' dir='ltr'><strong>malum</strong></span> <span class='ocrx_word' id='word_1_405' title='bbox 1352 4905 1434 4950; x_wconf 90' lang='lat' dir='ltr'><strong>est</strong></span> <span class='ocrx_word' id='word_1_406' title='bbox 1461 4897 1657 4965; x_wconf 89' lang='lat' dir='ltr'><strong>primas</strong></span> 
     </span>
    </p>
   </div>
   <div class='ocr_carea' id='block_1_51' title="bbox 79 4985 1660 5056">
    <p class='ocr_par' dir='ltr' id='par_1_51' title="bbox 79 4985 1660 5056">
     <span class='ocr_line' id='line_1_51' title="bbox 79 4985 1660 5056; baseline 0.008 -26"><span class='ocrx_word' id='word_1_407' title='bbox 79 4995 252 5036; x_wconf 83' lang='lat' dir='ltr'><strong>amare</strong></span> <span class='ocrx_word' id='word_1_408' title='bbox 271 4995 474 5054; x_wconf 66' lang='lat' dir='ltr'><strong>partes.</strong></span> <span class='ocrx_word' id='word_1_409' title='bbox 507 4985 585 5039; x_wconf 84' lang='lat' dir='ltr'><strong>Tu</strong></span> <span class='ocrx_word' id='word_1_410' title='bbox 605 4997 784 5040; x_wconf 89' lang='lat' dir='ltr'><strong>autem</strong></span> <span class='ocrx_word' id='word_1_411' title='bbox 807 5002 948 5041; x_wconf 91' lang='lat' dir='ltr'><strong>nunc</strong></span> <span class='ocrx_word' id='word_1_412' title='bbox 971 4987 1153 5056; x_wconf 89' lang='lat' dir='ltr'><strong>accipe</strong></span> <span class='ocrx_word' id='word_1_413' title='bbox 1179 4987 1452 5042; x_wconf 74' lang='lat' dir='ltr'><strong>modestia:</strong></span> <span class='ocrx_word' id='word_1_414' title='bbox 1473 4997 1528 5042; x_wconf 90' lang='lat' dir='ltr'><strong>et</strong></span> <span class='ocrx_word' id='word_1_415' title='bbox 1553 4990 1660 5043; x_wconf 85' lang='lat' dir='ltr'><strong>cle-</strong></span> 
     </span>
    </p>
   </div>
   <div class='ocr_carea' id='block_1_52' title="bbox 80 5074 1660 5146">
    <p class='ocr_par' dir='ltr' id='par_1_52' title="bbox 80 5074 1660 5146">
     <span class='ocr_line' id='line_1_52' title="bbox 80 5074 1660 5146; baseline 0.006 -22"><span class='ocrx_word' id='word_1_416' title='bbox 80 5074 303 5139; x_wconf 66' lang='lat' dir='ltr'><strong>mentius,</strong></span> <span class='ocrx_word' id='word_1_417' title='bbox 333 5091 496 5144; x_wconf 87' lang='lat' dir='ltr'><strong>quam</strong></span> <span class='ocrx_word' id='word_1_418' title='bbox 523 5091 647 5146; x_wconf 83' lang='lat' dir='ltr'><strong>erga</strong></span> <span class='ocrx_word' id='word_1_419' title='bbox 679 5076 858 5131; x_wconf 87' lang='lat' dir='ltr'><strong>fratris</strong></span> <span class='ocrx_word' id='word_1_420' title='bbox 883 5078 1052 5131; x_wconf 85' lang='lat' dir='ltr'><strong>ﬁlium</strong></span> <span class='ocrx_word' id='word_1_421' title='bbox 1086 5077 1366 5132; x_wconf 81' lang='lat' dir='ltr'><strong>declarain</strong></span> <span class='ocrx_word' id='word_1_422' title='bbox 1391 5119 1407 5145; x_wconf 94' lang='lat'><strong>,</strong></span> <span class='ocrx_word' id='word_1_423' title='bbox 1454 5095 1660 5134; x_wconf 90' lang='lat' dir='ltr'><strong>mercc-</strong></span> 
     </span>
    </p>
   </div>
   <div class='ocr_carea' id='block_1_53' title="bbox 80 5160 1657 5238">
    <p class='ocr_par' dir='ltr' id='par_1_53' title="bbox 80 5160 1657 5238">
     <span class='ocr_line' id='line_1_53' title="bbox 80 5160 1657 5238; baseline 0.008 -26"><span class='ocrx_word' id='word_1_424' title='bbox 80 5160 231 5227; x_wconf 91' lang='lat' dir='ltr'><strong>dem;</strong></span> <span class='ocrx_word' id='word_1_425' title='bbox 264 5167 527 5232; x_wconf 85' lang='lat' dir='ltr'><strong>promissa</strong></span> <span class='ocrx_word' id='word_1_426' title='bbox 568 5181 721 5222; x_wconf 85' lang='lat' dir='ltr'><strong>sume</strong></span> <span class='ocrx_word' id='word_1_427' title='bbox 745 5208 760 5234; x_wconf 96' lang='lat'><strong>,</strong></span> <span class='ocrx_word' id='word_1_428' title='bbox 787 5175 843 5222; x_wconf 86' lang='lat' dir='ltr'><strong>et</strong></span> <span class='ocrx_word' id='word_1_429' title='bbox 874 5167 985 5237; x_wconf 80' lang='lat' dir='ltr'><strong>jam</strong></span> <span class='ocrx_word' id='word_1_430' title='bbox 1023 5183 1286 5238; x_wconf 86' lang='lat' dir='ltr'><strong>cognosce</strong></span> <span class='ocrx_word' id='word_1_431' title='bbox 1317 5179 1513 5223; x_wconf 88' lang='lat' dir='ltr'><strong>terram</strong></span> <span class='ocrx_word' id='word_1_432' title='bbox 1538 5185 1657 5224; x_wconf 83' lang='lat' dir='ltr'><strong>orn-</strong></span> 
     </span>
    </p>
   </div>
   <div class='ocr_carea' id='block_1_54' title="bbox 81 5256 1658 5332">
    <p class='ocr_par' dir='ltr' id='par_1_54' title="bbox 81 5256 1658 5332">
     <span class='ocr_line' id='line_1_54' title="bbox 81 5256 1658 5332; baseline 0.006 -26"><span class='ocrx_word' id='word_1_433' title='bbox 81 5269 194 5308; x_wconf 86' lang='lat' dir='ltr'><strong>nem</strong></span> <span class='ocrx_word' id='word_1_434' title='bbox 217 5256 370 5325; x_wconf 90' lang='lat' dir='ltr'><strong>cujns</strong></span> <span class='ocrx_word' id='word_1_435' title='bbox 393 5257 641 5314; x_wconf 88' lang='lat' dir='ltr'><strong>dominus</strong></span> <span class='ocrx_word' id='word_1_436' title='bbox 669 5274 748 5326; x_wconf 91' lang='lat' dir='ltr'><strong>es,</strong></span> <span class='ocrx_word' id='word_1_437' title='bbox 775 5267 831 5314; x_wconf 91' lang='lat' dir='ltr'><strong>et</strong></span> <span class='ocrx_word' id='word_1_438' title='bbox 857 5275 1018 5332; x_wconf 88' lang='lat' dir='ltr'><strong>quam</strong></span> <span class='ocrx_word' id='word_1_439' title='bbox 1045 5276 1151 5315; x_wconf 93' lang='lat' dir='ltr'><strong>non</strong></span> <span class='ocrx_word' id='word_1_440' title='bbox 1182 5260 1350 5314; x_wconf 90' lang='lat' dir='ltr'><strong>multo</strong></span> <span class='ocrx_word' id='word_1_441' title='bbox 1376 5271 1495 5330; x_wconf 88' lang='lat' dir='ltr'><strong>post</strong></span> <span class='ocrx_word' id='word_1_442' title='bbox 1523 5271 1576 5315; x_wconf 87' lang='lat' dir='ltr'><strong>et</strong></span> <span class='ocrx_word' id='word_1_443' title='bbox 1601 5272 1658 5316; x_wconf 91' lang='lat' dir='ltr'><strong>tu</strong></span> 
     </span>
    </p>
   </div>
   <div class='ocr_carea' id='block_1_55' title="bbox 85 5343 1657 5419">
    <p class='ocr_par' dir='ltr' id='par_1_55' title="bbox 85 5343 1657 5419">
     <span class='ocr_line' id='line_1_55' title="bbox 85 5343 1657 5419; baseline 0.008 -26"><span class='ocrx_word' id='word_1_444' title='bbox 85 5343 206 5406; x_wconf 78' lang='lat' dir='ltr'><strong>ipse,</strong></span> <span class='ocrx_word' id='word_1_445' title='bbox 236 5354 290 5400; x_wconf 88' lang='lat' dir='ltr'><strong>et</strong></span> <span class='ocrx_word' id='word_1_446' title='bbox 316 5360 506 5400; x_wconf 87' lang='lat' dir='ltr'><strong>semen</strong></span> <span class='ocrx_word' id='word_1_447' title='bbox 533 5357 680 5402; x_wconf 87' lang='lat' dir='ltr'><strong>tuum</strong></span> <span class='ocrx_word' id='word_1_448' title='bbox 707 5350 757 5404; x_wconf 91' lang='lat' dir='ltr'><strong>in</strong></span> <span class='ocrx_word' id='word_1_449' title='bbox 795 5359 1057 5406; x_wconf 78' lang='lat' dir='ltr'><strong>mternum</strong></span> <span class='ocrx_word' id='word_1_450' title='bbox 1085 5349 1446 5419; x_wconf 87' lang='lat' dir='ltr'><strong>possidebitis.</strong></span> <span class='ocrx_word' id='word_1_451' title='bbox 1479 5350 1547 5404; x_wconf 80' lang='lat' dir='ltr'><strong>Et</strong></span> <span class='ocrx_word' id='word_1_452' title='bbox 1575 5369 1657 5406; x_wconf 87' lang='lat' dir='ltr'><strong>se-</strong></span> 
     </span>
    </p>
   </div>
   <div class='ocr_carea' id='block_1_56' title="bbox 87 5434 1662 5511">
    <p class='ocr_par' dir='ltr' id='par_1_56' title="bbox 87 5434 1662 5511">
     <span class='ocr_line' id='line_1_56' title="bbox 87 5434 1662 5511; baseline 0.01 -31"><span class='ocrx_word' id='word_1_453' title='bbox 87 5434 196 5486; x_wconf 81' lang='lat' dir='ltr'><strong>mini</strong></span> <span class='ocrx_word' id='word_1_454' title='bbox 216 5446 323 5503; x_wconf 83' lang='lat' dir='ltr'><strong>tuo,</strong></span> <span class='ocrx_word' id='word_1_455' title='bbox 350 5437 543 5506; x_wconf 89' lang='lat' dir='ltr'><strong>inquit,</strong></span> <span class='ocrx_word' id='word_1_456' title='bbox 576 5455 732 5508; x_wconf 78' lang='lat' dir='ltr'><strong>usque</strong></span> <span class='ocrx_word' id='word_1_457' title='bbox 753 5441 805 5494; x_wconf 89' lang='lat' dir='ltr'><strong>in</strong></span> <span class='ocrx_word' id='word_1_458' title='bbox 828 5442 1088 5494; x_wconf 70' lang='lat' dir='ltr'><strong>scendum.</strong></span> <span class='ocrx_word' id='word_1_459' title='bbox 1115 5439 1300 5510; x_wconf 82' lang='lat' dir='ltr'><strong>Magna</strong></span> <span class='ocrx_word' id='word_1_460' title='bbox 1325 5441 1520 5495; x_wconf 74' lang='lat' dir='ltr'><strong>divinae</strong></span> <span class='ocrx_word' id='word_1_461' title='bbox 1544 5457 1662 5511; x_wconf 85' lang='lat' dir='ltr'><strong>pro-</strong></span> 
     </span>
    </p>
   </div>
   <div class='ocr_carea' id='block_1_57' title="bbox 87 5522 1655 5600">
    <p class='ocr_par' dir='ltr' id='par_1_57' title="bbox 87 5522 1655 5600">
     <span class='ocr_line' id='line_1_57' title="bbox 87 5522 1655 5600; baseline 0.006 -24"><span class='ocrx_word' id='word_1_462' title='bbox 87 5522 340 5580; x_wconf 80' lang='lat' dir='ltr'><strong>missionis</strong></span> <span class='ocrx_word' id='word_1_463' title='bbox 370 5528 703 5598; x_wconf 86' lang='lat' dir='ltr'><strong>magnitudo,</strong></span> <span class='ocrx_word' id='word_1_464' title='bbox 734 5545 924 5600; x_wconf 90' lang='lat' dir='ltr'><strong>magna</strong></span> <span class='ocrx_word' id='word_1_465' title='bbox 955 5532 1125 5585; x_wconf 88' lang='lat' dir='ltr'><strong>nostri</strong></span> <span class='ocrx_word' id='word_1_466' title='bbox 1155 5531 1394 5585; x_wconf 88' lang='lat' dir='ltr'><strong>omnium</strong></span> <span class='ocrx_word' id='word_1_467' title='bbox 1425 5531 1655 5597; x_wconf 90' lang='lat' dir='ltr'><strong>Domini,</strong></span> 
     </span>
    </p>
   </div>
   <div class='ocr_carea' id='block_1_58' title="bbox 85 5619 1657 5691">
    <p class='ocr_par' dir='ltr' id='par_1_58' title="bbox 85 5619 1657 5691">
     <span class='ocr_line' id='line_1_58' title="bbox 85 5619 1657 5691; baseline 0.005 -25"><span class='ocrx_word' id='word_1_468' title='bbox 85 5624 231 5685; x_wconf 78' lang='lat' dir='ltr'><strong>atque</strong></span> <span class='ocrx_word' id='word_1_469' title='bbox 257 5619 514 5673; x_wconf 87' lang='lat' dir='ltr'><strong>immensa</strong></span> <span class='ocrx_word' id='word_1_470' title='bbox 543 5621 848 5688; x_wconf 88' lang='lat' dir='ltr'><strong>liberalitas,</strong></span> <span class='ocrx_word' id='word_1_471' title='bbox 881 5636 1072 5691; x_wconf 86' lang='lat' dir='ltr'><strong>magna</strong></span> <span class='ocrx_word' id='word_1_472' title='bbox 1099 5620 1364 5677; x_wconf 89' lang='lat' dir='ltr'><strong>mercedis</strong></span> <span class='ocrx_word' id='word_1_473' title='bbox 1396 5631 1657 5691; x_wconf 66' lang='lat' dir='ltr'><strong>praestan-</strong></span> 
     </span>
    </p>
   </div>
   <div class='ocr_carea' id='block_1_59' title="bbox 90 5702 1659 5776">
    <p class='ocr_par' dir='ltr' id='par_1_59' title="bbox 90 5702 1659 5776">
     <span class='ocr_line' id='line_1_59' title="bbox 90 5702 1659 5776; baseline 0.004 -16"><span class='ocrx_word' id='word_1_474' title='bbox 90 5702 172 5767; x_wconf 75' lang='lat' dir='ltr'><strong>tia,</strong></span> <span class='ocrx_word' id='word_1_475' title='bbox 195 5719 353 5776; x_wconf 84' lang='lat' dir='ltr'><strong>quam</strong></span> <span class='ocrx_word' id='word_1_476' title='bbox 382 5707 476 5761; x_wconf 87' lang='lat' dir='ltr'><strong>dat</strong></span> <span class='ocrx_word' id='word_1_477' title='bbox 503 5709 806 5764; x_wconf 85' lang='lat' dir='ltr'><strong>misericors</strong></span> <span class='ocrx_word' id='word_1_478' title='bbox 833 5721 887 5764; x_wconf 88' lang='lat' dir='ltr'><strong>et</strong></span> <span class='ocrx_word' id='word_1_479' title='bbox 915 5710 1360 5765; x_wconf 81' lang='lat' dir='ltr'><strong>clementissimus</strong></span> <span class='ocrx_word' id='word_1_480' title='bbox 1401 5709 1659 5767; x_wconf 88' lang='lat' dir='ltr'><strong>Dominus</strong></span> 
     </span>
    </p>
   </div>
   <div class='ocr_carea' id='block_1_60' title="bbox 85 5791 1659 5866">
    <p class='ocr_par' dir='ltr' id='par_1_60' title="bbox 85 5791 1659 5866">
     <span class='ocr_line' id='line_1_60' title="bbox 85 5791 1659 5866; baseline 0.006 -18"><span class='ocrx_word' id='word_1_481' title='bbox 85 5791 228 5852; x_wconf 85' lang='lat' dir='ltr'><strong>beato</strong></span> <span class='ocrx_word' id='word_1_482' title='bbox 252 5799 347 5866; x_wconf 88' lang='lat' dir='ltr'><strong>illi,</strong></span> <span class='ocrx_word' id='word_1_483' title='bbox 371 5810 424 5854; x_wconf 90' lang='lat' dir='ltr'><strong>et</strong></span> <span class='ocrx_word' id='word_1_484' title='bbox 450 5814 517 5853; x_wconf 81' lang='lat' dir='ltr'><strong>ex</strong></span> <span class='ocrx_word' id='word_1_485' title='bbox 547 5801 637 5856; x_wconf 90' lang='lat' dir='ltr'><strong>illo</strong></span> <span class='ocrx_word' id='word_1_486' title='bbox 662 5806 933 5858; x_wconf 83' lang='lat' dir='ltr'><strong>nascituro</strong></span> <span class='ocrx_word' id='word_1_487' title='bbox 962 5803 1175 5859; x_wconf 89' lang='lat' dir='ltr'><strong>semini.</strong></span> <span class='ocrx_word' id='word_1_488' title='bbox 1219 5800 1289 5857; x_wconf 88' lang='lat' dir='ltr'><strong>Ut</strong></span> <span class='ocrx_word' id='word_1_489' title='bbox 1316 5802 1429 5857; x_wconf 61' lang='lat' dir='ltr'><strong>hac</strong></span> <span class='ocrx_word' id='word_1_490' title='bbox 1455 5801 1659 5858; x_wconf 85' lang='lat' dir='ltr'><strong>audivit</strong></span> 
     </span>
    </p>
   </div>
   <div class='ocr_carea' id='block_1_61' title="bbox 3277 399 3383 454">
    <p class='ocr_par' dir='ltr' id='par_1_61' title="bbox 3277 399 3383 454">
     <span class='ocr_line' id='line_1_61' title="bbox 3277 399 3383 454; baseline 0 0"><span class='ocrx_word' id='word_1_491' title='bbox 3277 399 3383 454; x_wconf 74' lang='grc'><strong>318</strong></span> 
     </span>
    </p>
   </div>
   <div class='ocr_carea' id='block_1_62' title="bbox 1787 513 3380 584">
    <p class='ocr_par' dir='ltr' id='par_1_62' title="bbox 1787 513 3380 584">
     <span class='ocr_line' id='line_1_62' title="bbox 1787 513 3380 584; baseline -0.003 -16"><span class='ocrx_word' id='word_1_492' title='bbox 1787 514 2087 584; x_wconf 84' lang='lat' dir='ltr'><strong>patriarcha</strong></span> <span class='ocrx_word' id='word_1_493' title='bbox 2108 555 2123 580; x_wconf 91' lang='lat'><strong>,</strong></span> <span class='ocrx_word' id='word_1_494' title='bbox 2152 513 2221 569; x_wconf 89' lang='lat' dir='ltr'><strong>de</strong></span> <span class='ocrx_word' id='word_1_495' title='bbox 2247 513 2498 569; x_wconf 70' lang='lat' dir='ltr'><strong>ineffabili</strong></span> <span class='ocrx_word' id='word_1_496' title='bbox 2539 514 2777 569; x_wconf 82' lang='lat' dir='ltr'><strong>bonitate</strong></span> <span class='ocrx_word' id='word_1_497' title='bbox 2825 513 2918 570; x_wconf 85' lang='lat' dir='ltr'><strong>Dei</strong></span> <span class='ocrx_word' id='word_1_498' title='bbox 2957 513 3380 582; x_wconf 82' lang='lat' dir='ltr'><strong>obstupefactus,</strong></span> 
     </span>
    </p>
   </div>
   <div class='ocr_carea' id='block_1_63' title="bbox 1789 603 3384 674">
    <p class='ocr_par' dir='ltr' id='par_1_63' title="bbox 1789 603 3384 674">
     <span class='ocr_line' id='line_1_63' title="bbox 1789 603 3384 674; baseline -0.003 -16"><span class='ocrx_word' id='word_1_499' title='bbox 1789 605 1874 660; x_wconf 79' lang='lat' dir='ltr'><strong>t8.</strong></span> <span class='ocrx_word' id='word_1_500' title='bbox 1909 604 2064 658; x_wconf 80' lang='lat' dir='ltr'><strong>Motis</strong></span> <span class='ocrx_word' id='word_1_501' title='bbox 2084 604 2442 668; x_wconf 77' lang='lat' dir='ltr'><strong>tabernaculis,</strong></span> <span class='ocrx_word' id='word_1_502' title='bbox 2485 604 2676 674; x_wconf 88' lang='lat' dir='ltr'><strong>inquit,</strong></span> <span class='ocrx_word' id='word_1_503' title='bbox 2705 606 2858 670; x_wconf 80' lang='lat' dir='ltr'><strong>venit,</strong></span> <span class='ocrx_word' id='word_1_504' title='bbox 2884 614 2930 658; x_wconf 88' lang='lat' dir='ltr'><strong>et</strong></span> <span class='ocrx_word' id='word_1_505' title='bbox 2961 603 3204 658; x_wconf 72' lang='lat' dir='ltr'><strong>habitavit</strong></span> <span class='ocrx_word' id='word_1_506' title='bbox 3223 603 3384 671; x_wconf 69' lang='lat' dir='ltr'><strong>juxta</strong></span> 
     </span>
    </p>
   </div>
   <div class='ocr_carea' id='block_1_64' title="bbox 1783 697 3386 768">
    <p class='ocr_par' dir='ltr' id='par_1_64' title="bbox 1783 697 3386 768">
     <span class='ocr_line' id='line_1_64' title="bbox 1783 697 3386 768; baseline -0.002 -16"><span class='ocrx_word' id='word_1_507' title='bbox 1783 714 2018 768; x_wconf 86' lang='lat' dir='ltr'><strong>quercum</strong></span> <span class='ocrx_word' id='word_1_508' title='bbox 2048 697 2277 752; x_wconf 80' lang='lat' dir='ltr'><strong>Mambre</strong></span> <span class='ocrx_word' id='word_1_509' title='bbox 2299 738 2315 762; x_wconf 93' lang='lat'><strong>,</strong></span> <span class='ocrx_word' id='word_1_510' title='bbox 2354 713 2468 768; x_wconf 67' lang='lat' dir='ltr'><strong>qua!</strong></span> <span class='ocrx_word' id='word_1_511' title='bbox 2489 707 2562 751; x_wconf 83' lang='lat' dir='ltr'><strong>est</strong></span> <span class='ocrx_word' id='word_1_512' title='bbox 2582 698 2636 752; x_wconf 88' lang='lat' dir='ltr'><strong>in</strong></span> <span class='ocrx_word' id='word_1_513' title='bbox 2662 698 2915 754; x_wconf 78' lang='lat' dir='ltr'><strong>Chebron.</strong></span> <span class='ocrx_word' id='word_1_514' title='bbox 2945 697 3236 768; x_wconf 88' lang='lat' dir='ltr'><strong>Postquam</strong></span> <span class='ocrx_word' id='word_1_515' title='bbox 3256 737 3272 760; x_wconf 84' lang='lat'><strong>,</strong></span> <span class='ocrx_word' id='word_1_516' title='bbox 3303 697 3386 750; x_wconf 80' lang='lat' dir='ltr'><strong>in-</strong></span> 
     </span>
    </p>
   </div>
   <div class='ocr_carea' id='block_1_65' title="bbox 1783 789 3387 861">
    <p class='ocr_par' dir='ltr' id='par_1_65' title="bbox 1783 789 3387 861">
     <span class='ocr_line' id='line_1_65' title="bbox 1783 789 3387 861; baseline 0.001 -20"><span class='ocrx_word' id='word_1_517' title='bbox 1783 791 1918 860; x_wconf 88' lang='lat' dir='ltr'><strong>quit,</strong></span> <span class='ocrx_word' id='word_1_518' title='bbox 1966 790 2172 861; x_wconf 88' lang='lat' dir='ltr'><strong>accepit</strong></span> <span class='ocrx_word' id='word_1_519' title='bbox 2203 789 2635 858; x_wconf 88' lang='lat' dir='ltr'><strong>promissionem,</strong></span> <span class='ocrx_word' id='word_1_520' title='bbox 2659 798 2715 845; x_wconf 91' lang='lat' dir='ltr'><strong>et</strong></span> <span class='ocrx_word' id='word_1_521' title='bbox 2737 791 3005 860; x_wconf 80' lang='lat' dir='ltr'><strong>separavit</strong></span> <span class='ocrx_word' id='word_1_522' title='bbox 3025 803 3084 844; x_wconf 89' lang='lat' dir='ltr'><strong>se</strong></span> <span class='ocrx_word' id='word_1_523' title='bbox 3111 789 3231 852; x_wconf 84' lang='lat' dir='ltr'><strong>Lot,</strong></span> <span class='ocrx_word' id='word_1_524' title='bbox 3258 796 3387 842; x_wconf 89' lang='lat' dir='ltr'><strong>tunc</strong></span> 
     </span>
    </p>
   </div>
   <div class='ocr_carea' id='block_1_66' title="bbox 1789 879 3379 949">
    <p class='ocr_par' dir='ltr' id='par_1_66' title="bbox 1789 879 3379 949">
     <span class='ocr_line' id='line_1_66' title="bbox 1789 879 3379 949; baseline 0.001 -16"><span class='ocrx_word' id='word_1_525' title='bbox 1789 881 2060 935; x_wconf 76' lang='lat' dir='ltr'><strong>trmrstulit</strong></span> <span class='ocrx_word' id='word_1_526' title='bbox 2108 880 2511 935; x_wconf 86' lang='lat' dir='ltr'><strong>tabernaculum</strong></span> <span class='ocrx_word' id='word_1_527' title='bbox 2533 896 2685 934; x_wconf 91' lang='lat' dir='ltr'><strong>suum</strong></span> <span class='ocrx_word' id='word_1_528' title='bbox 2709 880 2775 935; x_wconf 90' lang='lat' dir='ltr'><strong>ad</strong></span> <span class='ocrx_word' id='word_1_529' title='bbox 2815 895 3073 949; x_wconf 89' lang='lat' dir='ltr'><strong>quercum</strong></span> <span class='ocrx_word' id='word_1_530' title='bbox 3120 879 3379 936; x_wconf 82' lang='lat' dir='ltr'><strong>Mamhre.</strong></span> 
     </span>
    </p>
   </div>
   <div class='ocr_carea' id='block_1_67' title="bbox 1795 969 3380 1042">
    <p class='ocr_par' dir='ltr' id='par_1_67' title="bbox 1795 969 3380 1042">
     <span class='ocr_line' id='line_1_67' title="bbox 1795 969 3380 1042; baseline 0.001 -19"><span class='ocrx_word' id='word_1_531' title='bbox 1795 969 1924 1026; x_wconf 88' lang='lat' dir='ltr'><strong>Vide</strong></span> <span class='ocrx_word' id='word_1_532' title='bbox 1949 971 2373 1042; x_wconf 85' lang='lat' dir='ltr'><strong>philosophicam</strong></span> <span class='ocrx_word' id='word_1_533' title='bbox 2409 982 2666 1038; x_wconf 86' lang='lat' dir='ltr'><strong>mentem,</strong></span> <span class='ocrx_word' id='word_1_534' title='bbox 2699 971 2822 1027; x_wconf 90' lang='lat' dir='ltr'><strong>vide</strong></span> <span class='ocrx_word' id='word_1_535' title='bbox 2836 971 3056 1042; x_wconf 90' lang='lat' dir='ltr'><strong>spiritus</strong></span> <span class='ocrx_word' id='word_1_536' title='bbox 3077 972 3380 1026; x_wconf 82' lang='lat' dir='ltr'><strong>sublimita-</strong></span> 
     </span>
    </p>
   </div>
   <div class='ocr_carea' id='block_1_68' title="bbox 1787 1061 3384 1134">
    <p class='ocr_par' dir='ltr' id='par_1_68' title="bbox 1787 1061 3384 1134">
     <span class='ocr_line' id='line_1_68' title="bbox 1787 1061 3384 1134; baseline 0.001 -18"><span class='ocrx_word' id='word_1_537' title='bbox 1787 1071 1912 1127; x_wconf 89' lang='lat' dir='ltr'><strong>tem,</strong></span> <span class='ocrx_word' id='word_1_538' title='bbox 1946 1062 2215 1132; x_wconf 90' lang='lat' dir='ltr'><strong>quomodo</strong></span> <span class='ocrx_word' id='word_1_539' title='bbox 2241 1061 2396 1119; x_wconf 89' lang='lat' dir='ltr'><strong>facile</strong></span> <span class='ocrx_word' id='word_1_540' title='bbox 2422 1063 2546 1117; x_wconf 90' lang='lat' dir='ltr'><strong>inde</strong></span> <span class='ocrx_word' id='word_1_541' title='bbox 2573 1064 2788 1133; x_wconf 85' lang='lat' dir='ltr'><strong>migrat,</strong></span> <span class='ocrx_word' id='word_1_542' title='bbox 2814 1078 2914 1118; x_wconf 90' lang='lat' dir='ltr'><strong>nec</strong></span> <span class='ocrx_word' id='word_1_543' title='bbox 2941 1075 3193 1134; x_wconf 88' lang='lat' dir='ltr'><strong>gravatur</strong></span> <span class='ocrx_word' id='word_1_544' title='bbox 3213 1064 3283 1118; x_wconf 89' lang='lat' dir='ltr'><strong>de</strong></span> <span class='ocrx_word' id='word_1_545' title='bbox 3310 1063 3384 1118; x_wconf 91' lang='lat' dir='ltr'><strong>Io-</strong></span> 
     </span>
    </p>
   </div>
   <div class='ocr_carea' id='block_1_69' title="bbox 1781 1149 3384 1210">
    <p class='ocr_par' dir='ltr' id='par_1_69' title="bbox 1781 1149 3384 1210">
     <span class='ocr_line' id='line_1_69' title="bbox 1781 1149 3384 1210; baseline 0.001 -3"><span class='ocrx_word' id='word_1_546' title='bbox 1781 1154 1861 1208; x_wconf 91' lang='lat' dir='ltr'><strong>cis</strong></span> <span class='ocrx_word' id='word_1_547' title='bbox 1891 1153 1944 1208; x_wconf 90' lang='lat' dir='ltr'><strong>in</strong></span> <span class='ocrx_word' id='word_1_548' title='bbox 1989 1149 2122 1208; x_wconf 78' lang='lat' dir='ltr'><strong>loca</strong></span> <span class='ocrx_word' id='word_1_549' title='bbox 2151 1154 2398 1209; x_wconf 85' lang='lat' dir='ltr'><strong>transire.</strong></span> <span class='ocrx_word' id='word_1_550' title='bbox 2441 1153 2687 1209; x_wconf 86' lang='lat' dir='ltr'><strong>Invenies</strong></span> <span class='ocrx_word' id='word_1_551' title='bbox 2719 1155 2864 1209; x_wconf 89' lang='lat' dir='ltr'><strong>enim</strong></span> <span class='ocrx_word' id='word_1_552' title='bbox 2905 1169 3030 1208; x_wconf 90' lang='lat' dir='ltr'><strong>eum</strong></span> <span class='ocrx_word' id='word_1_553' title='bbox 3069 1154 3214 1209; x_wconf 87' lang='lat' dir='ltr'><strong>nulla</strong></span> <span class='ocrx_word' id='word_1_554' title='bbox 3250 1168 3384 1210; x_wconf 84' lang='lat' dir='ltr'><strong>con-</strong></span> 
     </span>
    </p>
   </div>
   <div class='ocr_carea' id='block_1_70' title="bbox 1783 1242 3383 1316">
    <p class='ocr_par' dir='ltr' id='par_1_70' title="bbox 1783 1242 3383 1316">
     <span class='ocr_line' id='line_1_70' title="bbox 1783 1242 3383 1316; baseline 0.003 -20"><span class='ocrx_word' id='word_1_555' title='bbox 1783 1242 2068 1298; x_wconf 89' lang='lat' dir='ltr'><strong>suetudine</strong></span> <span class='ocrx_word' id='word_1_556' title='bbox 2113 1252 2448 1314; x_wconf 64' lang='lat' dir='ltr'><strong>praiventum</strong></span> <span class='ocrx_word' id='word_1_557' title='bbox 2472 1252 2526 1299; x_wconf 92' lang='lat' dir='ltr'><strong>et</strong></span> <span class='ocrx_word' id='word_1_558' title='bbox 2549 1244 2870 1314; x_wconf 87' lang='lat' dir='ltr'><strong>alligatum:</strong></span> <span class='ocrx_word' id='word_1_559' title='bbox 2915 1244 2968 1298; x_wconf 94' lang='lat' dir='ltr'><strong>id</strong></span> <span class='ocrx_word' id='word_1_560' title='bbox 3008 1245 3152 1316; x_wconf 89' lang='lat' dir='ltr'><strong>quod</strong></span> <span class='ocrx_word' id='word_1_561' title='bbox 3194 1246 3383 1301; x_wconf 89' lang='lat' dir='ltr'><strong>multis</strong></span> 
     </span>
    </p>
   </div>
   <div class='ocr_carea' id='block_1_71' title="bbox 1782 1333 3382 1405">
    <p class='ocr_par' dir='ltr' id='par_1_71' title="bbox 1782 1333 3382 1405">
     <span class='ocr_line' id='line_1_71' title="bbox 1782 1333 3382 1405; baseline 0.004 -19"><span class='ocrx_word' id='word_1_562' title='bbox 1782 1333 1981 1396; x_wconf 86' lang='lat' dir='ltr'><strong>evenit,</strong></span> <span class='ocrx_word' id='word_1_563' title='bbox 2013 1334 2175 1388; x_wconf 90' lang='lat' dir='ltr'><strong>etiam</strong></span> <span class='ocrx_word' id='word_1_564' title='bbox 2207 1334 2271 1389; x_wconf 91' lang='lat' dir='ltr'><strong>iis</strong></span> <span class='ocrx_word' id='word_1_565' title='bbox 2297 1334 2385 1405; x_wconf 90' lang='lat' dir='ltr'><strong>qui</strong></span> <span class='ocrx_word' id='word_1_566' title='bbox 2417 1350 2476 1389; x_wconf 91' lang='lat' dir='ltr'><strong>se</strong></span> <span class='ocrx_word' id='word_1_567' title='bbox 2499 1333 2866 1404; x_wconf 87' lang='lat' dir='ltr'><strong>philosophos,</strong></span> <span class='ocrx_word' id='word_1_568' title='bbox 2897 1343 3002 1390; x_wconf 88' lang='lat' dir='ltr'><strong>ete</strong></span> <span class='ocrx_word' id='word_1_569' title='bbox 3027 1335 3220 1392; x_wconf 88' lang='lat' dir='ltr'><strong>mediis</strong></span> <span class='ocrx_word' id='word_1_570' title='bbox 3243 1337 3382 1392; x_wconf 86' lang='lat' dir='ltr'><strong>libe-</strong></span> 
     </span>
    </p>
   </div>
   <div class='ocr_carea' id='block_1_72' title="bbox 1783 1426 3380 1497">
    <p class='ocr_par' dir='ltr' id='par_1_72' title="bbox 1783 1426 3380 1497">
     <span class='ocr_line' id='line_1_72' title="bbox 1783 1426 3380 1497; baseline 0.004 -21"><span class='ocrx_word' id='word_1_571' title='bbox 1783 1435 1928 1476; x_wconf 89' lang='lat' dir='ltr'><strong>ratos</strong></span> <span class='ocrx_word' id='word_1_572' title='bbox 1949 1426 2261 1479; x_wconf 87' lang='lat' dir='ltr'><strong>tumultibus</strong></span> <span class='ocrx_word' id='word_1_573' title='bbox 2279 1426 2482 1495; x_wconf 83' lang='lat' dir='ltr'><strong>jactant</strong></span> <span class='ocrx_word' id='word_1_574' title='bbox 2508 1443 2523 1481; x_wconf 90' lang='lat'><strong>:</strong></span> <span class='ocrx_word' id='word_1_575' title='bbox 2565 1435 2620 1482; x_wconf 89' lang='lat' dir='ltr'><strong>et</strong></span> <span class='ocrx_word' id='word_1_576' title='bbox 2643 1427 2688 1481; x_wconf 85' lang='lat' dir='ltr'><strong>si</strong></span> <span class='ocrx_word' id='word_1_577' title='bbox 2717 1426 2933 1496; x_wconf 90' lang='lat' dir='ltr'><strong>quando</strong></span> <span class='ocrx_word' id='word_1_578' title='bbox 2948 1430 3173 1497; x_wconf 76' lang='lat' dir='ltr'><strong>tempus</strong></span> <span class='ocrx_word' id='word_1_579' title='bbox 3200 1438 3380 1496; x_wconf 82' lang='lat' dir='ltr'><strong>vocet,</strong></span> 
     </span>
    </p>
   </div>
   <div class='ocr_carea' id='block_1_73' title="bbox 1782 1516 3384 1589">
    <p class='ocr_par' dir='ltr' id='par_1_73' title="bbox 1782 1516 3384 1589">
     <span class='ocr_line' id='line_1_73' title="bbox 1782 1516 3384 1589; baseline 0.005 -21"><span class='ocrx_word' id='word_1_580' title='bbox 1782 1516 2072 1584; x_wconf 89' lang='lat' dir='ltr'><strong>spiritualis</strong></span> <span class='ocrx_word' id='word_1_581' title='bbox 2097 1531 2240 1586; x_wconf 73' lang='lat' dir='ltr'><strong>stupe</strong></span> <span class='ocrx_word' id='word_1_582' title='bbox 2261 1518 2458 1588; x_wconf 88' lang='lat' dir='ltr'><strong>negotii</strong></span> <span class='ocrx_word' id='word_1_583' title='bbox 2480 1519 2670 1589; x_wconf 88' lang='lat' dir='ltr'><strong>gratia,</strong></span> <span class='ocrx_word' id='word_1_584' title='bbox 2706 1529 2763 1573; x_wconf 94' lang='lat' dir='ltr'><strong>ut</strong></span> <span class='ocrx_word' id='word_1_585' title='bbox 2784 1519 2838 1573; x_wconf 91' lang='lat' dir='ltr'><strong>in</strong></span> <span class='ocrx_word' id='word_1_586' title='bbox 2857 1519 3024 1573; x_wconf 89' lang='lat' dir='ltr'><strong>alium</strong></span> <span class='ocrx_word' id='word_1_587' title='bbox 3051 1519 3228 1574; x_wconf 88' lang='lat' dir='ltr'><strong>locum</strong></span> <span class='ocrx_word' id='word_1_588' title='bbox 3251 1535 3384 1576; x_wconf 90' lang='lat' dir='ltr'><strong>con-</strong></span> 
     </span>
    </p>
   </div>
   <div class='ocr_carea' id='block_1_74' title="bbox 1781 1606 3383 1681">
    <p class='ocr_par' dir='ltr' id='par_1_74' title="bbox 1781 1606 3383 1681">
     <span class='ocr_line' id='line_1_74' title="bbox 1781 1606 3383 1681; baseline 0.004 -22"><span class='ocrx_word' id='word_1_589' title='bbox 1781 1606 1974 1660; x_wconf 89' lang='lat' dir='ltr'><strong>cedant</strong></span> <span class='ocrx_word' id='word_1_590' title='bbox 2001 1650 2014 1671; x_wconf 89' lang='lat'><strong>,</strong></span> <span class='ocrx_word' id='word_1_591' title='bbox 2045 1623 2418 1677; x_wconf 68' lang='lat' dir='ltr'><strong>smpenumcro</strong></span> <span class='ocrx_word' id='word_1_592' title='bbox 2448 1609 2647 1664; x_wconf 90' lang='lat' dir='ltr'><strong>morosi</strong></span> <span class='ocrx_word' id='word_1_593' title='bbox 2676 1620 2822 1674; x_wconf 91' lang='lat' dir='ltr'><strong>sunt,</strong></span> <span class='ocrx_word' id='word_1_594' title='bbox 2861 1610 3072 1677; x_wconf 90' lang='lat' dir='ltr'><strong>tristes,</strong></span> <span class='ocrx_word' id='word_1_595' title='bbox 3099 1621 3152 1665; x_wconf 88' lang='lat' dir='ltr'><strong>et</strong></span> <span class='ocrx_word' id='word_1_596' title='bbox 3180 1613 3383 1681; x_wconf 78' lang='lat' dir='ltr'><strong>migra-</strong></span> 
     </span>
    </p>
   </div>
   <div class='ocr_carea' id='block_1_75' title="bbox 1783 1700 3384 1773">
    <p class='ocr_par' dir='ltr' id='par_1_75' title="bbox 1783 1700 3384 1773">
     <span class='ocr_line' id='line_1_75' title="bbox 1783 1700 3384 1773; baseline 0.004 -22"><span class='ocrx_word' id='word_1_597' title='bbox 1783 1700 1982 1753; x_wconf 74' lang='lat' dir='ltr'><strong>tionem</strong></span> <span class='ocrx_word' id='word_1_598' title='bbox 2021 1716 2162 1769; x_wconf 76' lang='lat' dir='ltr'><strong>:egre</strong></span> <span class='ocrx_word' id='word_1_599' title='bbox 2207 1700 2473 1767; x_wconf 80' lang='lat' dir='ltr'><strong>ferentes,</strong></span> <span class='ocrx_word' id='word_1_600' title='bbox 2519 1717 2584 1756; x_wconf 88' lang='lat' dir='ltr'><strong>eo</strong></span> <span class='ocrx_word' id='word_1_601' title='bbox 2625 1701 2767 1771; x_wconf 89' lang='lat' dir='ltr'><strong>quod</strong></span> <span class='ocrx_word' id='word_1_602' title='bbox 2809 1702 3200 1758; x_wconf 90' lang='lat' dir='ltr'><strong>consuetudine</strong></span> <span class='ocrx_word' id='word_1_603' title='bbox 3241 1718 3384 1773; x_wconf 70' lang='lat' dir='ltr'><strong>pne-</strong></span> 
     </span>
    </p>
   </div>
   <div class='ocr_carea' id='block_1_76' title="bbox 1781 1791 3380 1862">
    <p class='ocr_par' dir='ltr' id='par_1_76' title="bbox 1781 1791 3380 1862">
     <span class='ocr_line' id='line_1_76' title="bbox 1781 1791 3380 1862; baseline 0.003 -19"><span class='ocrx_word' id='word_1_604' title='bbox 1781 1791 2025 1859; x_wconf 88' lang='lat' dir='ltr'><strong>occupati</strong></span> <span class='ocrx_word' id='word_1_605' title='bbox 2055 1792 2186 1846; x_wconf 88' lang='lat' dir='ltr'><strong>sint.</strong></span> <span class='ocrx_word' id='word_1_606' title='bbox 2233 1791 2430 1846; x_wconf 90' lang='lat' dir='ltr'><strong>Verum</strong></span> <span class='ocrx_word' id='word_1_607' title='bbox 2465 1807 2570 1846; x_wconf 93' lang='lat' dir='ltr'><strong>non</strong></span> <span class='ocrx_word' id='word_1_608' title='bbox 2611 1793 2681 1846; x_wconf 86' lang='lat' dir='ltr'><strong>ita</strong></span> <span class='ocrx_word' id='word_1_609' title='bbox 2724 1792 2900 1860; x_wconf 89' lang='lat' dir='ltr'><strong>justus</strong></span> <span class='ocrx_word' id='word_1_610' title='bbox 2925 1831 2941 1858; x_wconf 90' lang='lat'><strong>,</strong></span> <span class='ocrx_word' id='word_1_611' title='bbox 2985 1793 3082 1847; x_wconf 88' lang='lat' dir='ltr'><strong>sed</strong></span> <span class='ocrx_word' id='word_1_612' title='bbox 3118 1793 3229 1862; x_wconf 85' lang='lat' dir='ltr'><strong>jam</strong></span> <span class='ocrx_word' id='word_1_613' title='bbox 3267 1804 3380 1849; x_wconf 89' lang='lat' dir='ltr'><strong>tum</strong></span> 
     </span>
    </p>
   </div>
   <div class='ocr_carea' id='block_1_77' title="bbox 1783 1879 3379 1953">
    <p class='ocr_par' dir='ltr' id='par_1_77' title="bbox 1783 1879 3379 1953">
     <span class='ocr_line' id='line_1_77' title="bbox 1783 1879 3379 1953; baseline 0.005 -21"><span class='ocrx_word' id='word_1_614' title='bbox 1783 1879 2161 1950; x_wconf 88' lang='lat' dir='ltr'><strong>philosophum</strong></span> <span class='ocrx_word' id='word_1_615' title='bbox 2201 1882 2391 1951; x_wconf 84' lang='lat' dir='ltr'><strong>agebat</strong></span> <span class='ocrx_word' id='word_1_616' title='bbox 2421 1899 2433 1935; x_wconf 88' lang='lat'><strong>:</strong></span> <span class='ocrx_word' id='word_1_617' title='bbox 2465 1892 2520 1936; x_wconf 91' lang='lat' dir='ltr'><strong>et</strong></span> <span class='ocrx_word' id='word_1_618' title='bbox 2555 1881 2704 1952; x_wconf 89' lang='lat' dir='ltr'><strong>quasi</strong></span> <span class='ocrx_word' id='word_1_619' title='bbox 2733 1882 3045 1952; x_wconf 85' lang='lat' dir='ltr'><strong>peregrinus</strong></span> <span class='ocrx_word' id='word_1_620' title='bbox 3065 1892 3118 1937; x_wconf 91' lang='lat' dir='ltr'><strong>et</strong></span> <span class='ocrx_word' id='word_1_621' title='bbox 3145 1883 3338 1953; x_wconf 77' lang='lat' dir='ltr'><strong>hospes</strong></span> <span class='ocrx_word' id='word_1_622' title='bbox 3361 1925 3379 1948; x_wconf 88' lang='lat'><strong>,</strong></span> 
     </span>
    </p>
   </div>
   <div class='ocr_carea' id='block_1_78' title="bbox 1783 1971 3383 2045">
    <p class='ocr_par' dir='ltr' id='par_1_78' title="bbox 1783 1971 3383 2045">
     <span class='ocr_line' id='line_1_78' title="bbox 1783 1971 3383 2045; baseline 0.004 -20"><span class='ocrx_word' id='word_1_623' title='bbox 1783 1971 1853 2026; x_wconf 87' lang='lat' dir='ltr'><strong>ita</strong></span> <span class='ocrx_word' id='word_1_624' title='bbox 1880 1988 2022 2027; x_wconf 91' lang='lat' dir='ltr'><strong>nunc</strong></span> <span class='ocrx_word' id='word_1_625' title='bbox 2048 1972 2172 2029; x_wconf 90' lang='lat' dir='ltr'><strong>hinc</strong></span> <span class='ocrx_word' id='word_1_626' title='bbox 2202 1973 2349 2040; x_wconf 89' lang='lat' dir='ltr'><strong>illuc,</strong></span> <span class='ocrx_word' id='word_1_627' title='bbox 2379 1989 2521 2029; x_wconf 89' lang='lat' dir='ltr'><strong>nunc</strong></span> <span class='ocrx_word' id='word_1_628' title='bbox 2545 1975 2690 2028; x_wconf 91' lang='lat' dir='ltr'><strong>illinc</strong></span> <span class='ocrx_word' id='word_1_629' title='bbox 2719 1974 2823 2028; x_wconf 87' lang='lat' dir='ltr'><strong>huc</strong></span> <span class='ocrx_word' id='word_1_630' title='bbox 2854 1975 3261 2045; x_wconf 83' lang='lat' dir='ltr'><strong>transmigrabat</strong></span> <span class='ocrx_word' id='word_1_631' title='bbox 3281 2016 3298 2042; x_wconf 91' lang='lat'><strong>,</strong></span> <span class='ocrx_word' id='word_1_632' title='bbox 3325 1986 3383 2031; x_wconf 87' lang='lat' dir='ltr'><strong>et</strong></span> 
     </span>
    </p>
   </div>
   <div class='ocr_carea' id='block_1_79' title="bbox 1785 2065 3383 2136">
    <p class='ocr_par' dir='ltr' id='par_1_79' title="bbox 1785 2065 3383 2136">
     <span class='ocr_line' id='line_1_79' title="bbox 1785 2065 3383 2136; baseline 0.003 -19"><span class='ocrx_word' id='word_1_633' title='bbox 1785 2079 1879 2131; x_wconf 90' lang='lat' dir='ltr'><strong>per</strong></span> <span class='ocrx_word' id='word_1_634' title='bbox 1907 2065 2089 2119; x_wconf 90' lang='lat' dir='ltr'><strong>omnia</strong></span> <span class='ocrx_word' id='word_1_635' title='bbox 2126 2065 2435 2133; x_wconf 87' lang='lat' dir='ltr'><strong>religiosam</strong></span> <span class='ocrx_word' id='word_1_636' title='bbox 2473 2081 2627 2120; x_wconf 87' lang='lat' dir='ltr'><strong>suam</strong></span> <span class='ocrx_word' id='word_1_637' title='bbox 2674 2075 2906 2120; x_wconf 86' lang='lat' dir='ltr'><strong>mentem</strong></span> <span class='ocrx_word' id='word_1_638' title='bbox 2947 2067 3200 2136; x_wconf 82' lang='lat' dir='ltr'><strong>operibus</strong></span> <span class='ocrx_word' id='word_1_639' title='bbox 3253 2067 3383 2136; x_wconf 86' lang='lat' dir='ltr'><strong>ipsis</strong></span> 
     </span>
    </p>
   </div>
   <div class='ocr_carea' id='block_1_80' title="bbox 1781 2152 3383 2224">
    <p class='ocr_par' dir='ltr' id='par_1_80' title="bbox 1781 2152 3383 2224">
     <span class='ocr_line' id='line_1_80' title="bbox 1781 2152 3383 2224; baseline 0.004 -18"><span class='ocrx_word' id='word_1_640' title='bbox 1781 2152 2057 2209; x_wconf 83' lang='lat' dir='ltr'><strong>declarare</strong></span> <span class='ocrx_word' id='word_1_641' title='bbox 2081 2155 2349 2209; x_wconf 76' lang='lat' dir='ltr'><strong>studebat.</strong></span> <span class='ocrx_word' id='word_1_642' title='bbox 2369 2154 2502 2208; x_wconf 81' lang='lat' dir='ltr'><strong>Nam</strong></span> <span class='ocrx_word' id='word_1_643' title='bbox 2525 2165 2807 2224; x_wconf 73' lang='lat' dir='ltr'><strong>postquam</strong></span> <span class='ocrx_word' id='word_1_644' title='bbox 2832 2157 3236 2212; x_wconf 82' lang='lat' dir='ltr'><strong>tabernaculum</strong></span> <span class='ocrx_word' id='word_1_645' title='bbox 3265 2158 3383 2213; x_wconf 78' lang='lat' dir='ltr'><strong>tixit</strong></span> 
     </span>
    </p>
   </div>
   <div class='ocr_carea' id='block_1_81' title="bbox 1780 2244 3382 2314">
    <p class='ocr_par' dir='ltr' id='par_1_81' title="bbox 1780 2244 3382 2314">
     <span class='ocr_line' id='line_1_81' title="bbox 1780 2244 3382 2314; baseline 0.007 -18"><span class='ocrx_word' id='word_1_646' title='bbox 1780 2244 1920 2312; x_wconf 88' lang='lat' dir='ltr'><strong>apud</strong></span> <span class='ocrx_word' id='word_1_647' title='bbox 1965 2261 2224 2314; x_wconf 89' lang='lat' dir='ltr'><strong>quercum</strong></span> <span class='ocrx_word' id='word_1_648' title='bbox 2263 2246 2532 2313; x_wconf 79' lang='lat' dir='ltr'><strong>Mambre,</strong></span> <span class='ocrx_word' id='word_1_649' title='bbox 2576 2248 2756 2301; x_wconf 87' lang='lat' dir='ltr'><strong>statim</strong></span> <span class='ocrx_word' id='word_1_650' title='bbox 2788 2247 2857 2301; x_wconf 88' lang='lat' dir='ltr'><strong>ibi</strong></span> <span class='ocrx_word' id='word_1_651' title='bbox 2908 2249 3171 2303; x_wconf 75' lang='lat' dir='ltr'><strong>exstruxit</strong></span> <span class='ocrx_word' id='word_1_652' title='bbox 3211 2249 3382 2307; x_wconf 83' lang='lat' dir='ltr'><strong>altare</strong></span> 
     </span>
    </p>
   </div>
   <div class='ocr_carea' id='block_1_82' title="bbox 1783 2334 3384 2408">
    <p class='ocr_par' dir='ltr' id='par_1_82' title="bbox 1783 2334 3384 2408">
     <span class='ocr_line' id='line_1_82' title="bbox 1783 2334 3384 2408; baseline 0.005 -21"><span class='ocrx_word' id='word_1_653' title='bbox 1783 2334 2028 2389; x_wconf 77' lang='lat' dir='ltr'><strong>Domino.</strong></span> <span class='ocrx_word' id='word_1_654' title='bbox 2055 2336 2244 2390; x_wconf 83' lang='lat' dir='ltr'><strong>Vidisti</strong></span> <span class='ocrx_word' id='word_1_655' title='bbox 2275 2347 2510 2392; x_wconf 88' lang='lat' dir='ltr'><strong>mentem</strong></span> <span class='ocrx_word' id='word_1_656' title='bbox 2530 2339 2777 2408; x_wconf 72' lang='lat' dir='ltr'><strong>gratatur?</strong></span> <span class='ocrx_word' id='word_1_657' title='bbox 2803 2338 2933 2406; x_wconf 82' lang='lat' dir='ltr'><strong>Quia</strong></span> <span class='ocrx_word' id='word_1_658' title='bbox 2963 2355 3086 2394; x_wconf 82' lang='lat' dir='ltr'><strong>mox</strong></span> <span class='ocrx_word' id='word_1_659' title='bbox 3123 2351 3178 2393; x_wconf 90' lang='lat' dir='ltr'><strong>ut</strong></span> <span class='ocrx_word' id='word_1_660' title='bbox 3205 2343 3384 2395; x_wconf 85' lang='lat' dir='ltr'><strong>taber-</strong></span> 
     </span>
    </p>
   </div>
   <div class='ocr_carea' id='block_1_83' title="bbox 1780 2424 3381 2500">
    <p class='ocr_par' dir='ltr' id='par_1_83' title="bbox 1780 2424 3381 2500">
     <span class='ocr_line' id='line_1_83' title="bbox 1780 2424 3381 2500; baseline 0.005 -24"><span class='ocrx_word' id='word_1_661' title='bbox 1780 2424 2030 2479; x_wconf 89' lang='lat' dir='ltr'><strong>naculum</strong></span> <span class='ocrx_word' id='word_1_662' title='bbox 2061 2425 2194 2491; x_wconf 81' lang='lat' dir='ltr'><strong>fixit,</strong></span> <span class='ocrx_word' id='word_1_663' title='bbox 2233 2427 2412 2480; x_wconf 87' lang='lat' dir='ltr'><strong>statim</strong></span> <span class='ocrx_word' id='word_1_664' title='bbox 2447 2442 2541 2495; x_wconf 89' lang='lat' dir='ltr'><strong>pro</strong></span> <span class='ocrx_word' id='word_1_665' title='bbox 2569 2425 2706 2480; x_wconf 89' lang='lat' dir='ltr'><strong>facta</strong></span> <span class='ocrx_word' id='word_1_666' title='bbox 2743 2427 2844 2482; x_wconf 89' lang='lat' dir='ltr'><strong>sibi</strong></span> <span class='ocrx_word' id='word_1_667' title='bbox 2874 2430 3228 2498; x_wconf 79' lang='lat' dir='ltr'><strong>promissione</strong></span> <span class='ocrx_word' id='word_1_668' title='bbox 3253 2448 3381 2500; x_wconf 81' lang='lat' dir='ltr'><strong>gra-</strong></span> 
     </span>
    </p>
   </div>
   <div class='ocr_carea' id='block_1_84' title="bbox 1783 2516 3378 2592">
    <p class='ocr_par' dir='ltr' id='par_1_84' title="bbox 1783 2516 3378 2592">
     <span class='ocr_line' id='line_1_84' title="bbox 1783 2516 3378 2592; baseline 0.006 -24"><span class='ocrx_word' id='word_1_669' title='bbox 1783 2516 1975 2572; x_wconf 90' lang='lat' dir='ltr'><strong>tiarum</strong></span> <span class='ocrx_word' id='word_1_670' title='bbox 2005 2519 2249 2574; x_wconf 90' lang='lat' dir='ltr'><strong>actiones</strong></span> <span class='ocrx_word' id='word_1_671' title='bbox 2270 2518 2466 2574; x_wconf 90' lang='lat' dir='ltr'><strong>obtulit</strong></span> <span class='ocrx_word' id='word_1_672' title='bbox 2496 2518 2746 2574; x_wconf 89' lang='lat' dir='ltr'><strong>Domino.</strong></span> <span class='ocrx_word' id='word_1_673' title='bbox 2791 2521 2856 2575; x_wconf 85' lang='lat' dir='ltr'><strong>Et</strong></span> <span class='ocrx_word' id='word_1_674' title='bbox 2898 2521 2950 2576; x_wconf 92' lang='lat' dir='ltr'><strong>in</strong></span> <span class='ocrx_word' id='word_1_675' title='bbox 2995 2522 3217 2592; x_wconf 86' lang='lat' dir='ltr'><strong>singulis</strong></span> <span class='ocrx_word' id='word_1_676' title='bbox 3245 2523 3378 2579; x_wconf 88' lang='lat' dir='ltr'><strong>locis</strong></span> 
     </span>
    </p>
   </div>
   <div class='ocr_carea' id='block_1_85' title="bbox 1780 2607 3376 2681">
    <p class='ocr_par' dir='ltr' id='par_1_85' title="bbox 1780 2607 3376 2681">
     <span class='ocr_line' id='line_1_85' title="bbox 1780 2607 3376 2681; baseline 0.004 -21"><span class='ocrx_word' id='word_1_677' title='bbox 1780 2607 1867 2661; x_wconf 93' lang='lat' dir='ltr'><strong>ubi</strong></span> <span class='ocrx_word' id='word_1_678' title='bbox 1898 2607 2304 2663; x_wconf 85' lang='lat' dir='ltr'><strong>tabernaculum</strong></span> <span class='ocrx_word' id='word_1_679' title='bbox 2331 2610 2470 2673; x_wconf 73' lang='lat' dir='ltr'><strong>ﬁxit,</strong></span> <span class='ocrx_word' id='word_1_680' title='bbox 2504 2610 2744 2664; x_wconf 88' lang='lat' dir='ltr'><strong>invenies</strong></span> <span class='ocrx_word' id='word_1_681' title='bbox 2777 2611 2879 2666; x_wconf 91' lang='lat' dir='ltr'><strong>hoc</strong></span> <span class='ocrx_word' id='word_1_682' title='bbox 2912 2627 3020 2681; x_wconf 74' lang='lat' dir='ltr'><strong>pra:</strong></span> <span class='ocrx_word' id='word_1_683' title='bbox 3047 2612 3297 2667; x_wconf 79' lang='lat' dir='ltr'><strong>erunibus</strong></span> <span class='ocrx_word' id='word_1_684' title='bbox 3326 2615 3376 2669; x_wconf 85' lang='lat' dir='ltr'><strong>ei</strong></span> 
     </span>
    </p>
   </div>
   <div class='ocr_carea' id='block_1_86' title="bbox 1779 2700 3379 2773">
    <p class='ocr_par' dir='ltr' id='par_1_86' title="bbox 1779 2700 3379 2773">
     <span class='ocr_line' id='line_1_86' title="bbox 1779 2700 3379 2773; baseline 0.007 -21"><span class='ocrx_word' id='word_1_685' title='bbox 1779 2700 1943 2755; x_wconf 85' lang='lat' dir='ltr'><strong>fuisse</strong></span> <span class='ocrx_word' id='word_1_686' title='bbox 1968 2714 2111 2756; x_wconf 73' lang='lat' dir='ltr'><strong>curae</strong></span> <span class='ocrx_word' id='word_1_687' title='bbox 2137 2741 2151 2766; x_wconf 85' lang='lat'><strong>,</strong></span> <span class='ocrx_word' id='word_1_688' title='bbox 2201 2712 2258 2757; x_wconf 92' lang='lat' dir='ltr'><strong>ut</strong></span> <span class='ocrx_word' id='word_1_689' title='bbox 2291 2711 2567 2757; x_wconf 84' lang='lat' dir='ltr'><strong>exstructo</strong></span> <span class='ocrx_word' id='word_1_690' title='bbox 2604 2703 2761 2758; x_wconf 81' lang='lat' dir='ltr'><strong>altari</strong></span> <span class='ocrx_word' id='word_1_691' title='bbox 2803 2718 2990 2773; x_wconf 82' lang='lat' dir='ltr'><strong>preces</strong></span> <span class='ocrx_word' id='word_1_692' title='bbox 3029 2705 3248 2761; x_wconf 86' lang='lat' dir='ltr'><strong>oll&#39;errct</strong></span> <span class='ocrx_word' id='word_1_693' title='bbox 3271 2749 3285 2770; x_wconf 89' lang='lat'><em>.</em></span> <span class='ocrx_word' id='word_1_694' title='bbox 3321 2717 3379 2763; x_wconf 91' lang='lat' dir='ltr'><strong>et</strong></span> 
     </span>
    </p>
   </div>
   <div class='ocr_carea' id='block_1_87' title="bbox 1770 2793 3375 2864">
    <p class='ocr_par' dir='ltr' id='par_1_87' title="bbox 1770 2793 3375 2864">
     <span class='ocr_line' id='line_1_87' title="bbox 1770 2793 3375 2864; baseline 0.006 -20"><span class='ocrx_word' id='word_1_695' title='bbox 1770 2793 2019 2862; x_wconf 84' lang='lat' dir='ltr'><strong>Apostoli</strong></span> <span class='ocrx_word' id='word_1_696' title='bbox 2054 2801 2383 2861; x_wconf 76' lang='lat' dir='ltr'><strong>prtcceptum</strong></span> <span class='ocrx_word' id='word_1_697' title='bbox 2428 2793 2705 2862; x_wconf 87' lang='lat' dir='ltr'><strong>impleret,</strong></span> <span class='ocrx_word' id='word_1_698' title='bbox 2750 2794 2987 2864; x_wconf 89' lang='lat' dir='ltr'><strong>jubentis</strong></span> <span class='ocrx_word' id='word_1_699' title='bbox 3032 2806 3085 2850; x_wconf 94' lang='lat' dir='ltr'><strong>ut</strong></span> <span class='ocrx_word' id='word_1_700' title='bbox 3134 2798 3186 2850; x_wconf 91' lang='lat' dir='ltr'><strong>in</strong></span> <span class='ocrx_word' id='word_1_701' title='bbox 3229 2801 3375 2854; x_wconf 83' lang='lat' dir='ltr'><strong>otuni</strong></span> 
     </span>
    </p>
   </div>
   <div class='ocr_carea' id='block_1_88' title="bbox 1777 2880 3373 2962">
    <p class='ocr_par' dir='ltr' id='par_1_88' title="bbox 1777 2880 3373 2962">
     <span class='ocr_line' id='line_1_88' title="bbox 1777 2880 3373 2962; baseline 0.009 -30"><span class='ocrx_word' id='word_1_702' title='bbox 1777 2880 1896 2934; x_wconf 90' lang='lat' dir='ltr'><strong>loco</strong></span> <span class='ocrx_word' id='word_1_703' title='bbox 1919 2892 2122 2946; x_wconf 90' lang='lat' dir='ltr'><strong>oretur,</strong></span> <span class='ocrx_word' id='word_1_704' title='bbox 2145 2892 2198 2937; x_wconf 92' lang='lat' dir='ltr'><strong>et</strong></span> <span class='ocrx_word' id='word_1_705' title='bbox 2228 2883 2506 2939; x_wconf 90' lang='lat' dir='ltr'><strong>cleventur</strong></span> <span class='ocrx_word' id='word_1_706' title='bbox 2526 2895 2723 2940; x_wconf 81' lang='lat' dir='ltr'><strong>sanctae</strong></span> <span class='ocrx_word' id='word_1_707' title='bbox 2750 2901 2940 2942; x_wconf 85' lang='lat' dir='ltr'><strong>manus</strong></span> <span class='ocrx_word' id='word_1_708' title='bbox 2959 2891 3032 2957; x_wconf 79' lang='grc' dir='ltr'><strong>(ι.</strong></span> <span class='ocrx_word' id='word_1_709' title='bbox 3054 2888 3188 2943; x_wconf 88' lang='lat' dir='ltr'><strong>Tim.</strong></span> <span class='ocrx_word' id='word_1_710' title='bbox 3216 2891 3267 2945; x_wconf 68' lang='lat'><strong>‘2.</strong></span> <span class='ocrx_word' id='word_1_711' title='bbox 3291 2892 3373 2962; x_wconf 81' lang='lat'><strong>8).</strong></span> 
     </span>
    </p>
   </div>
   <div class='ocr_carea' id='block_1_89' title="bbox 1775 2968 3370 3047">
    <p class='ocr_par' dir='ltr' id='par_1_89' title="bbox 1775 2968 3370 3047">
     <span class='ocr_line' id='line_1_89' title="bbox 1775 2968 3370 3047; baseline 0.009 -26"><span class='ocrx_word' id='word_1_712' title='bbox 1775 2968 1963 3025; x_wconf 85' lang='lat' dir='ltr'><strong>Vidisti</strong></span> <span class='ocrx_word' id='word_1_713' title='bbox 1985 2972 2218 3027; x_wconf 89' lang='lat' dir='ltr'><strong>animam</strong></span> <span class='ocrx_word' id='word_1_714' title='bbox 2249 2974 2430 3029; x_wconf 89' lang='lat' dir='ltr'><strong>divino</strong></span> <span class='ocrx_word' id='word_1_715' title='bbox 2455 2991 2640 3031; x_wconf 88' lang='lat' dir='ltr'><strong>amore</strong></span> <span class='ocrx_word' id='word_1_716' title='bbox 2667 2992 3005 3047; x_wconf 85' lang='lat' dir='ltr'><strong>succensam,</strong></span> <span class='ocrx_word' id='word_1_717' title='bbox 3034 2990 3087 3035; x_wconf 89' lang='lat' dir='ltr'><strong>et</strong></span> <span class='ocrx_word' id='word_1_718' title='bbox 3108 2981 3175 3036; x_wconf 89' lang='lat' dir='ltr'><strong>ad</strong></span> <span class='ocrx_word' id='word_1_719' title='bbox 3206 2982 3370 3036; x_wconf 88' lang='lat' dir='ltr'><strong>Deum</strong></span> 
     </span>
    </p>
   </div>
   <div class='ocr_carea' id='block_1_90' title="bbox 1773 3062 3370 3142">
    <p class='ocr_par' dir='ltr' id='par_1_90' title="bbox 1773 3062 3370 3142">
     <span class='ocr_line' id='line_1_90' title="bbox 1773 3062 3370 3142; baseline 0.011 -28"><span class='ocrx_word' id='word_1_720' title='bbox 1773 3062 2082 3129; x_wconf 78' lang='lat' dir='ltr'><strong>Volantem,</strong></span> <span class='ocrx_word' id='word_1_721' title='bbox 2134 3081 2336 3135; x_wconf 88' lang='lat' dir='ltr'><strong>proque</strong></span> <span class='ocrx_word' id='word_1_722' title='bbox 2373 3069 2624 3123; x_wconf 89' lang='lat' dir='ltr'><strong>omnibus</strong></span> <span class='ocrx_word' id='word_1_723' title='bbox 2668 3069 2868 3139; x_wconf 84' lang='lat' dir='ltr'><strong>gratias</strong></span> <span class='ocrx_word' id='word_1_724' title='bbox 2912 3075 3205 3142; x_wconf 83' lang='lat' dir='ltr'><strong>agentem?</strong></span> <span class='ocrx_word' id='word_1_725' title='bbox 3253 3075 3370 3131; x_wconf 83' lang='lat' dir='ltr'><strong>Non</strong></span> 
     </span>
    </p>
   </div>
   <div class='ocr_carea' id='block_1_91' title="bbox 1772 3156 3371 3232">
    <p class='ocr_par' dir='ltr' id='par_1_91' title="bbox 1772 3156 3371 3232">
     <span class='ocr_line' id='line_1_91' title="bbox 1772 3156 3371 3232; baseline 0.009 -24"><span class='ocrx_word' id='word_1_726' title='bbox 1772 3156 1917 3209; x_wconf 88' lang='lat' dir='ltr'><strong>enim</strong></span> <span class='ocrx_word' id='word_1_727' title='bbox 1937 3158 2268 3225; x_wconf 78' lang='lat' dir='ltr'><strong>exspectavit</strong></span> <span class='ocrx_word' id='word_1_728' title='bbox 2312 3157 2485 3213; x_wconf 88' lang='lat' dir='ltr'><strong>donec</strong></span> <span class='ocrx_word' id='word_1_729' title='bbox 2525 3161 2787 3229; x_wconf 89' lang='lat' dir='ltr'><strong>promissa</strong></span> <span class='ocrx_word' id='word_1_730' title='bbox 2812 3165 3244 3232; x_wconf 82' lang='lat' dir='ltr'><strong>complerentur;</strong></span> <span class='ocrx_word' id='word_1_731' title='bbox 3276 3170 3371 3222; x_wconf 81' lang='lat' dir='ltr'><strong>sed</strong></span> 
     </span>
    </p>
   </div>
   <div class='ocr_carea' id='block_1_92' title="bbox 1771 3247 3375 3328">
    <p class='ocr_par' dir='ltr' id='par_1_92' title="bbox 1771 3247 3375 3328">
     <span class='ocr_line' id='line_1_92' title="bbox 1771 3247 3375 3328; baseline 0.009 -28"><span class='ocrx_word' id='word_1_732' title='bbox 1771 3247 1916 3300; x_wconf 91' lang='lat' dir='ltr'><strong>etde</strong></span> <span class='ocrx_word' id='word_1_733' title='bbox 1942 3249 2298 3317; x_wconf 82' lang='lat' dir='ltr'><strong>promissione</strong></span> <span class='ocrx_word' id='word_1_734' title='bbox 2331 3251 2530 3320; x_wconf 85' lang='lat' dir='ltr'><strong>gratias</strong></span> <span class='ocrx_word' id='word_1_735' title='bbox 2556 3252 2695 3322; x_wconf 86' lang='lat' dir='ltr'><strong>agit,</strong></span> <span class='ocrx_word' id='word_1_736' title='bbox 2733 3253 2972 3325; x_wconf 85' lang='lat' dir='ltr'><strong>nihilque</strong></span> <span class='ocrx_word' id='word_1_737' title='bbox 3005 3271 3110 3312; x_wconf 92' lang='lat' dir='ltr'><strong>non</strong></span> <span class='ocrx_word' id='word_1_738' title='bbox 3139 3257 3287 3328; x_wconf 85' lang='lat' dir='ltr'><strong>facit,</strong></span> <span class='ocrx_word' id='word_1_739' title='bbox 3316 3269 3375 3315; x_wconf 85' lang='lat' dir='ltr'><strong>ut</strong></span> 
     </span>
    </p>
   </div>
   <div class='ocr_carea' id='block_1_93' title="bbox 1771 3338 3369 3412">
    <p class='ocr_par' dir='ltr' id='par_1_93' title="bbox 1771 3338 3369 3412">
     <span class='ocr_line' id='line_1_93' title="bbox 1771 3338 3369 3412; baseline 0.009 -21"><span class='ocrx_word' id='word_1_740' title='bbox 1771 3338 1838 3391; x_wconf 85' lang='lat' dir='ltr'><strong>de</strong></span> <span class='ocrx_word' id='word_1_741' title='bbox 1864 3338 2076 3407; x_wconf 64' lang='lat' dir='ltr'><strong>praeviis</strong></span> <span class='ocrx_word' id='word_1_742' title='bbox 2114 3339 2304 3408; x_wconf 84' lang='lat' dir='ltr'><strong>dignas</strong></span> <span class='ocrx_word' id='word_1_743' title='bbox 2343 3341 2540 3410; x_wconf 87' lang='lat' dir='ltr'><strong>gratias</strong></span> <span class='ocrx_word' id='word_1_744' title='bbox 2585 3358 2695 3411; x_wconf 69' lang='lat' dir='ltr'><strong>pro:</strong></span> <span class='ocrx_word' id='word_1_745' title='bbox 2734 3359 2794 3399; x_wconf 90' lang='lat' dir='ltr'><strong>se</strong></span> <span class='ocrx_word' id='word_1_746' title='bbox 2841 3347 3048 3412; x_wconf 87' lang='lat' dir='ltr'><strong>ferens,</strong></span> <span class='ocrx_word' id='word_1_747' title='bbox 3085 3348 3369 3406; x_wconf 88' lang='lat' dir='ltr'><strong>Dominmu</strong></span> 
     </span>
    </p>
   </div>
   <div class='ocr_carea' id='block_1_94' title="bbox 1771 3431 3203 3508">
    <p class='ocr_par' dir='ltr' id='par_1_94' title="bbox 1771 3431 3203 3508">
     <span class='ocr_line' id='line_1_94' title="bbox 1771 3431 3203 3508; baseline 0.007 -25"><span class='ocrx_word' id='word_1_748' title='bbox 1771 3443 1927 3483; x_wconf 90' lang='lat' dir='ltr'><strong>suum</strong></span> <span class='ocrx_word' id='word_1_749' title='bbox 1953 3439 2206 3500; x_wconf 90' lang='lat' dir='ltr'><strong>provocet</strong></span> <span class='ocrx_word' id='word_1_750' title='bbox 2233 3431 2298 3485; x_wconf 86' lang='lat' dir='ltr'><strong>ad</strong></span> <span class='ocrx_word' id='word_1_751' title='bbox 2328 3432 2712 3500; x_wconf 88' lang='lat' dir='ltr'><strong>promissiones</strong></span> <span class='ocrx_word' id='word_1_752' title='bbox 2734 3450 2859 3490; x_wconf 88' lang='lat' dir='ltr'><strong>suas</strong></span> <span class='ocrx_word' id='word_1_753' title='bbox 2885 3436 3203 3508; x_wconf 84' lang='lat' dir='ltr'><strong>implendas.</strong></span> 
     </span>
    </p>
   </div>
   <div class='ocr_carea' id='block_1_95' title="bbox 1842 3519 3366 3598">
    <p class='ocr_par' dir='ltr' id='par_1_95' title="bbox 1842 3519 3366 3598">
     <span class='ocr_line' id='line_1_95' title="bbox 1842 3519 3366 3598; baseline 0.009 -22"><span class='ocrx_word' id='word_1_754' title='bbox 1842 3521 1895 3576; x_wconf 80' lang='lat'><strong>5.</strong></span> <span class='ocrx_word' id='word_1_755' title='bbox 1931 3519 2146 3575; x_wconf 75' lang='lat' dir='ltr'><strong>Marciis</strong></span> <span class='ocrx_word' id='word_1_756' title='bbox 2166 3522 2446 3577; x_wconf 73' lang='lat' dir='ltr'><strong>exhortatio</strong></span> <span class='ocrx_word' id='word_1_757' title='bbox 2471 3524 2540 3577; x_wconf 87' lang='lat' dir='ltr'><strong>ad</strong></span> <span class='ocrx_word' id='word_1_758' title='bbox 2568 3527 2903 3580; x_wconf 79' lang='lat' dir='ltr'><strong>constantiam</strong></span> <span class='ocrx_word' id='word_1_759' title='bbox 2932 3529 2985 3583; x_wconf 87' lang='lat' dir='ltr'><strong>in</strong></span> <span class='ocrx_word' id='word_1_760' title='bbox 3010 3531 3131 3598; x_wconf 80' lang='lat' dir='ltr'><strong>ﬁde.</strong></span> <span class='ocrx_word' id='word_1_761' title='bbox 3149 3533 3366 3588; x_wconf 81' lang='lat' dir='ltr'><strong>-Illum</strong></span> 
     </span>
    </p>
   </div>
   <div class='ocr_carea' id='block_1_96' title="bbox 1770 3615 3360 3686">
    <p class='ocr_par' dir='ltr' id='par_1_96' title="bbox 1770 3615 3360 3686">
     <span class='ocr_line' id='line_1_96' title="bbox 1770 3615 3360 3686; baseline 0.006 -20"><span class='ocrx_word' id='word_1_762' title='bbox 1770 3627 1900 3667; x_wconf 90' lang='lat' dir='ltr'><strong>sane</strong></span> <span class='ocrx_word' id='word_1_763' title='bbox 1927 3623 1982 3668; x_wconf 88' lang='lat' dir='ltr'><strong>et</strong></span> <span class='ocrx_word' id='word_1_764' title='bbox 2003 3629 2100 3668; x_wconf 91' lang='lat' dir='ltr'><strong>nos</strong></span> <span class='ocrx_word' id='word_1_765' title='bbox 2125 3615 2416 3681; x_wconf 88' lang='lat' dir='ltr'><strong>imitemur,</strong></span> <span class='ocrx_word' id='word_1_766' title='bbox 2448 3625 2502 3670; x_wconf 88' lang='lat' dir='ltr'><strong>et</strong></span> <span class='ocrx_word' id='word_1_767' title='bbox 2528 3618 2969 3686; x_wconf 88' lang='lat' dir='ltr'><strong>promissiouibus</strong></span> <span class='ocrx_word' id='word_1_768' title='bbox 3007 3621 3202 3678; x_wconf 90' lang='lat' dir='ltr'><strong>divinis</strong></span> <span class='ocrx_word' id='word_1_769' title='bbox 3237 3625 3360 3679; x_wconf 80' lang='lat' dir='ltr'><strong>lida-</strong></span> 
     </span>
    </p>
   </div>
   <div class='ocr_carea' id='block_1_97' title="bbox 1771 3705 3367 3785">
    <p class='ocr_par' dir='ltr' id='par_1_97' title="bbox 1771 3705 3367 3785">
     <span class='ocr_line' id='line_1_97' title="bbox 1771 3705 3367 3785; baseline 0.008 -27"><span class='ocrx_word' id='word_1_770' title='bbox 1771 3719 1921 3770; x_wconf 89' lang='lat' dir='ltr'><strong>tnus;</strong></span> <span class='ocrx_word' id='word_1_771' title='bbox 1951 3721 2123 3774; x_wconf 84' lang='lat' dir='ltr'><strong>neque</strong></span> <span class='ocrx_word' id='word_1_772' title='bbox 2147 3705 2396 3760; x_wconf 87' lang='lat' dir='ltr'><strong>alacritas</strong></span> <span class='ocrx_word' id='word_1_773' title='bbox 2416 3716 2659 3778; x_wconf 86' lang='lat' dir='ltr'><strong>tempore</strong></span> <span class='ocrx_word' id='word_1_774' title='bbox 2679 3709 3000 3779; x_wconf 84' lang='lat' dir='ltr'><strong>obsolescat,</strong></span> <span class='ocrx_word' id='word_1_775' title='bbox 3025 3729 3199 3785; x_wconf 89' lang='lat' dir='ltr'><strong>neque</strong></span> <span class='ocrx_word' id='word_1_776' title='bbox 3216 3733 3367 3771; x_wconf 72' lang='lat' dir='ltr'><strong>tuens</strong></span> 
     </span>
    </p>
   </div>
   <div class='ocr_carea' id='block_1_98' title="bbox 1771 3796 3364 3870">
    <p class='ocr_par' dir='ltr' id='par_1_98' title="bbox 1771 3796 3364 3870">
     <span class='ocr_line' id='line_1_98' title="bbox 1771 3796 3364 3870; baseline 0.009 -21"><span class='ocrx_word' id='word_1_777' title='bbox 1771 3797 2046 3850; x_wconf 88' lang='lat' dir='ltr'><strong>remissior</strong></span> <span class='ocrx_word' id='word_1_778' title='bbox 2073 3796 2166 3850; x_wconf 87' lang='lat' dir='ltr'><strong>fiat</strong></span> <span class='ocrx_word' id='word_1_779' title='bbox 2189 3812 2254 3852; x_wconf 81' lang='lat' dir='ltr'><strong>ex</strong></span> <span class='ocrx_word' id='word_1_780' title='bbox 2295 3797 2538 3854; x_wconf 88' lang='lat' dir='ltr'><strong>obicibus</strong></span> <span class='ocrx_word' id='word_1_781' title='bbox 2566 3801 2655 3870; x_wconf 88' lang='lat' dir='ltr'><strong>qui</strong></span> <span class='ocrx_word' id='word_1_782' title='bbox 2686 3801 3050 3859; x_wconf 84' lang='lat' dir='ltr'><strong>interveniunt</strong></span> <span class='ocrx_word' id='word_1_783' title='bbox 3076 3821 3090 3858; x_wconf 89' lang='lat'><strong>:</strong></span> <span class='ocrx_word' id='word_1_784' title='bbox 3121 3807 3215 3861; x_wconf 90' lang='lat' dir='ltr'><strong>sed</strong></span> <span class='ocrx_word' id='word_1_785' title='bbox 3258 3809 3364 3863; x_wconf 88' lang='lat' dir='ltr'><strong>vir-</strong></span> 
     </span>
    </p>
   </div>
   <div class='ocr_carea' id='block_1_99' title="bbox 1771 3886 3368 3961">
    <p class='ocr_par' dir='ltr' id='par_1_99' title="bbox 1771 3886 3368 3961">
     <span class='ocr_line' id='line_1_99' title="bbox 1771 3886 3368 3961; baseline 0.009 -21"><span class='ocrx_word' id='word_1_786' title='bbox 1771 3887 1867 3940; x_wconf 90' lang='lat' dir='ltr'><strong>tuti</strong></span> <span class='ocrx_word' id='word_1_787' title='bbox 1897 3886 2092 3942; x_wconf 68' lang='lat' dir='ltr'><strong>divina:</strong></span> <span class='ocrx_word' id='word_1_788' title='bbox 2114 3886 2359 3956; x_wconf 87' lang='lat' dir='ltr'><strong>fidentes,</strong></span> <span class='ocrx_word' id='word_1_789' title='bbox 2387 3890 2537 3960; x_wconf 89' lang='lat' dir='ltr'><strong>quasi</strong></span> <span class='ocrx_word' id='word_1_790' title='bbox 2559 3894 2672 3961; x_wconf 86' lang='lat' dir='ltr'><strong>jam</strong></span> <span class='ocrx_word' id='word_1_791' title='bbox 2702 3901 2826 3947; x_wconf 91' lang='lat' dir='ltr'><strong>ante</strong></span> <span class='ocrx_word' id='word_1_792' title='bbox 2852 3895 3037 3949; x_wconf 91' lang='lat' dir='ltr'><strong>oculos</strong></span> <span class='ocrx_word' id='word_1_793' title='bbox 3063 3895 3368 3954; x_wconf 82' lang='lat' dir='ltr'><strong>videremus</strong></span> 
     </span>
    </p>
   </div>
   <div class='ocr_carea' id='block_1_100' title="bbox 1771 3980 3365 4053">
    <p class='ocr_par' dir='ltr' id='par_1_100' title="bbox 1771 3980 3365 4053">
     <span class='ocr_line' id='line_1_100' title="bbox 1771 3980 3365 4053; baseline 0.01 -23"><span class='ocrx_word' id='word_1_794' title='bbox 1771 3980 2154 4049; x_wconf 87' lang='lat' dir='ltr'><strong>promissiones</strong></span> <span class='ocrx_word' id='word_1_795' title='bbox 2202 3982 2428 4050; x_wconf 86' lang='lat' dir='ltr'><strong>impleri,</strong></span> <span class='ocrx_word' id='word_1_796' title='bbox 2482 3983 2554 4038; x_wconf 85' lang='lat' dir='ltr'><strong>ita</strong></span> <span class='ocrx_word' id='word_1_797' title='bbox 2602 3999 2786 4053; x_wconf 87' lang='lat' dir='ltr'><strong>puram</strong></span> <span class='ocrx_word' id='word_1_798' title='bbox 2832 3995 2886 4040; x_wconf 88' lang='lat' dir='ltr'><strong>et</strong></span> <span class='ocrx_word' id='word_1_799' title='bbox 2913 3987 3178 4044; x_wconf 82' lang='lat' dir='ltr'><strong>sinceram</strong></span> <span class='ocrx_word' id='word_1_800' title='bbox 3208 3992 3365 4047; x_wconf 82' lang='lat' dir='ltr'><strong>Iidem</strong></span> 
     </span>
    </p>
   </div>
   <div class='ocr_carea' id='block_1_101' title="bbox 1769 4057 3366 4152">
    <p class='ocr_par' dir='ltr' id='par_1_101' title="bbox 1769 4057 3366 4152">
     <span class='ocr_line' id='line_1_101' title="bbox 1769 4057 3366 4152; baseline 0.01 -27"><span class='ocrx_word' id='word_1_801' title='bbox 1769 4071 2135 4127; x_wconf 80' lang='lat' dir='ltr'><strong>exhibeatnus.</strong></span> <span class='ocrx_word' id='word_1_802' title='bbox 2164 4074 2350 4145; x_wconf 80' lang='lat' dir='ltr'><strong>Magna</strong></span> <span class='ocrx_word' id='word_1_803' title='bbox 2365 4057 2522 4132; x_wconf 45' lang='lat' dir='ltr'><strong>“cnim</strong></span> <span class='ocrx_word' id='word_1_804' title='bbox 2552 4087 2606 4132; x_wconf 90' lang='lat' dir='ltr'><strong>et</strong></span> <span class='ocrx_word' id='word_1_805' title='bbox 2647 4078 2907 4134; x_wconf 86' lang='lat' dir='ltr'><strong>immensa</strong></span> <span class='ocrx_word' id='word_1_806' title='bbox 2937 4083 3180 4152; x_wconf 87' lang='lat' dir='ltr'><strong>promisit</strong></span> <span class='ocrx_word' id='word_1_807' title='bbox 3210 4085 3366 4141; x_wconf 84' lang='lat' dir='ltr'><strong>nobis</strong></span> 
     </span>
    </p>
   </div>
   <div class='ocr_carea' id='block_1_102' title="bbox 1773 4163 3362 4242">
    <p class='ocr_par' dir='ltr' id='par_1_102' title="bbox 1773 4163 3362 4242">
     <span class='ocr_line' id='line_1_102' title="bbox 1773 4163 3362 4242; baseline 0.009 -26"><span class='ocrx_word' id='word_1_808' title='bbox 1773 4163 2069 4231; x_wconf 90' lang='lat' dir='ltr'><strong>Dominus,</strong></span> <span class='ocrx_word' id='word_1_809' title='bbox 2112 4176 2166 4221; x_wconf 92' lang='lat' dir='ltr'><strong>et</strong></span> <span class='ocrx_word' id='word_1_810' title='bbox 2209 4183 2331 4237; x_wconf 65' lang='lat' dir='ltr'><strong>qua:</strong></span> <span class='ocrx_word' id='word_1_811' title='bbox 2377 4179 2612 4225; x_wconf 85' lang='lat' dir='ltr'><strong>nostram</strong></span> <span class='ocrx_word' id='word_1_812' title='bbox 2656 4172 3041 4227; x_wconf 88' lang='lat' dir='ltr'><strong>transcendunt</strong></span> <span class='ocrx_word' id='word_1_813' title='bbox 3078 4176 3362 4242; x_wconf 77' lang='lat' dir='ltr'><strong>rationem,</strong></span> 
     </span>
    </p>
   </div>
   <div class='ocr_carea' id='block_1_103' title="bbox 1771 4249 3366 4332">
    <p class='ocr_par' dir='ltr' id='par_1_103' title="bbox 1771 4249 3366 4332">
     <span class='ocr_line' id='line_1_103' title="bbox 1771 4249 3366 4332; baseline 0.009 -23"><span class='ocrx_word' id='word_1_814' title='bbox 1771 4271 1961 4326; x_wconf 89' lang='lat' dir='ltr'><strong>nempe</strong></span> <span class='ocrx_word' id='word_1_815' title='bbox 1991 4249 2089 4314; x_wconf 87' lang='lat' dir='ltr'><strong>nos</strong></span> <span class='ocrx_word' id='word_1_816' title='bbox 2120 4260 2406 4330; x_wconf 89' lang='lat' dir='ltr'><strong>participes</strong></span> <span class='ocrx_word' id='word_1_817' title='bbox 2432 4261 2582 4332; x_wconf 84' lang='lat' dir='ltr'><strong>regni</strong></span> <span class='ocrx_word' id='word_1_818' title='bbox 2611 4261 2722 4318; x_wconf 78' lang='lat' dir='ltr'><strong>fore</strong></span> <span class='ocrx_word' id='word_1_819' title='bbox 2742 4305 2756 4330; x_wconf 90' lang='lat'><strong>,</strong></span> <span class='ocrx_word' id='word_1_820' title='bbox 2805 4272 2860 4319; x_wconf 90' lang='lat' dir='ltr'><strong>et</strong></span> <span class='ocrx_word' id='word_1_821' title='bbox 2887 4264 3234 4323; x_wconf 81' lang='lat' dir='ltr'><strong>ineffabilium</strong></span> <span class='ocrx_word' id='word_1_822' title='bbox 3270 4270 3366 4323; x_wconf 78' lang='lat' dir='ltr'><strong>bo-</strong></span> 
     </span>
    </p>
   </div>
   <div class='ocr_carea' id='block_1_104' title="bbox 1770 4355 3360 4424">
    <p class='ocr_par' dir='ltr' id='par_1_104' title="bbox 1770 4355 3360 4424">
     <span class='ocr_line' id='line_1_104' title="bbox 1770 4355 3360 4424; baseline 0.008 -21"><span class='ocrx_word' id='word_1_823' title='bbox 1770 4365 1956 4404; x_wconf 91' lang='lat' dir='ltr'><strong>norum</strong></span> <span class='ocrx_word' id='word_1_824' title='bbox 1979 4363 2277 4416; x_wconf 84' lang='lat' dir='ltr'><strong>consortes,</strong></span> <span class='ocrx_word' id='word_1_825' title='bbox 2305 4369 2426 4408; x_wconf 90' lang='lat' dir='ltr'><strong>cum</strong></span> <span class='ocrx_word' id='word_1_826' title='bbox 2457 4355 2661 4424; x_wconf 87' lang='lat' dir='ltr'><strong>angelis</strong></span> <span class='ocrx_word' id='word_1_827' title='bbox 2688 4366 3012 4421; x_wconf 86' lang='lat' dir='ltr'><strong>versaturos.</strong></span> <span class='ocrx_word' id='word_1_828' title='bbox 3041 4368 3098 4414; x_wconf 85' lang='lat' dir='ltr'><strong>et</strong></span> <span class='ocrx_word' id='word_1_829' title='bbox 3131 4360 3360 4417; x_wconf 82' lang='lat' dir='ltr'><strong>liberan-</strong></span> 
     </span>
    </p>
   </div>
   <div class='ocr_carea' id='block_1_105' title="bbox 1766 4441 3361 4522">
    <p class='ocr_par' dir='ltr' id='par_1_105' title="bbox 1766 4441 3361 4522">
     <span class='ocr_line' id='line_1_105' title="bbox 1766 4441 3361 4522; baseline 0.007 -26"><span class='ocrx_word' id='word_1_830' title='bbox 1766 4441 1865 4496; x_wconf 91' lang='lat' dir='ltr'><strong>dos</strong></span> <span class='ocrx_word' id='word_1_831' title='bbox 1887 4457 1917 4495; x_wconf 90' lang='lat' dir='ltr'><strong>a</strong></span> <span class='ocrx_word' id='word_1_832' title='bbox 1939 4444 2200 4513; x_wconf 87' lang='lat' dir='ltr'><strong>gehenna.</strong></span> <span class='ocrx_word' id='word_1_833' title='bbox 2253 4443 2517 4500; x_wconf 65' lang='lat' dir='ltr'><strong>Caeterum</strong></span> <span class='ocrx_word' id='word_1_834' title='bbox 2547 4462 2719 4517; x_wconf 89' lang='lat' dir='ltr'><strong>neque</strong></span> <span class='ocrx_word' id='word_1_835' title='bbox 2741 4447 3048 4503; x_wconf 81' lang='lat' dir='ltr'><strong>dillidamus</strong></span> <span class='ocrx_word' id='word_1_836' title='bbox 3073 4449 3195 4505; x_wconf 91' lang='lat' dir='ltr'><strong>ideo</strong></span> <span class='ocrx_word' id='word_1_837' title='bbox 3219 4455 3361 4522; x_wconf 87' lang='lat' dir='ltr'><strong>quod</strong></span> 
     </span>
    </p>
   </div>
   <div class='ocr_carea' id='block_1_106' title="bbox 1766 4533 3364 4613">
    <p class='ocr_par' dir='ltr' id='par_1_106' title="bbox 1766 4533 3364 4613">
     <span class='ocr_line' id='line_1_106' title="bbox 1766 4533 3364 4613; baseline 0.008 -27"><span class='ocrx_word' id='word_1_838' title='bbox 1766 4547 1830 4586; x_wconf 88' lang='lat' dir='ltr'><strong>ea</strong></span> <span class='ocrx_word' id='word_1_839' title='bbox 1861 4548 1968 4588; x_wconf 92' lang='lat' dir='ltr'><strong>non</strong></span> <span class='ocrx_word' id='word_1_840' title='bbox 1989 4533 2236 4589; x_wconf 91' lang='lat' dir='ltr'><strong>videntur</strong></span> <span class='ocrx_word' id='word_1_841' title='bbox 2269 4535 2639 4605; x_wconf 88' lang='lat' dir='ltr'><strong>corporalibus</strong></span> <span class='ocrx_word' id='word_1_842' title='bbox 2679 4538 2884 4605; x_wconf 87' lang='lat' dir='ltr'><strong>oculis;</strong></span> <span class='ocrx_word' id='word_1_843' title='bbox 2933 4540 3029 4596; x_wconf 85' lang='lat' dir='ltr'><strong>sed</strong></span> <span class='ocrx_word' id='word_1_844' title='bbox 3067 4544 3364 4613; x_wconf 80' lang='lat' dir='ltr'><strong>cogitantes</strong></span> 
     </span>
    </p>
   </div>
   <div class='ocr_carea' id='block_1_107' title="bbox 1769 4625 3373 4703">
    <p class='ocr_par' dir='ltr' id='par_1_107' title="bbox 1769 4625 3373 4703">
     <span class='ocr_line' id='line_1_107' title="bbox 1769 4625 3373 4703; baseline 0.008 -27"><span class='ocrx_word' id='word_1_845' title='bbox 1769 4625 1983 4680; x_wconf 88' lang='lat' dir='ltr'><strong>mentiri</strong></span> <span class='ocrx_word' id='word_1_846' title='bbox 2015 4640 2122 4679; x_wconf 92' lang='lat' dir='ltr'><strong>non</strong></span> <span class='ocrx_word' id='word_1_847' title='bbox 2149 4639 2305 4695; x_wconf 88' lang='lat' dir='ltr'><strong>posse</strong></span> <span class='ocrx_word' id='word_1_848' title='bbox 2331 4642 2452 4681; x_wconf 89' lang='lat' dir='ltr'><strong>eum</strong></span> <span class='ocrx_word' id='word_1_849' title='bbox 2482 4627 2573 4696; x_wconf 90' lang='lat' dir='ltr'><strong>qui</strong></span> <span class='ocrx_word' id='word_1_850' title='bbox 2604 4630 2868 4697; x_wconf 89' lang='lat' dir='ltr'><strong>promisit,</strong></span> <span class='ocrx_word' id='word_1_851' title='bbox 2893 4639 2947 4684; x_wconf 89' lang='lat' dir='ltr'><strong>et</strong></span> <span class='ocrx_word' id='word_1_852' title='bbox 2973 4631 3139 4700; x_wconf 90' lang='lat' dir='ltr'><strong>ipsius</strong></span> <span class='ocrx_word' id='word_1_853' title='bbox 3173 4644 3373 4703; x_wconf 76' lang='lat' dir='ltr'><strong>poten-</strong></span> 
     </span>
    </p>
   </div>
   <div class='ocr_carea' id='block_1_108' title="bbox 1768 4715 3362 4785">
    <p class='ocr_par' dir='ltr' id='par_1_108' title="bbox 1768 4715 3362 4785">
     <span class='ocr_line' id='line_1_108' title="bbox 1768 4715 3362 4785; baseline 0.011 -19"><span class='ocrx_word' id='word_1_854' title='bbox 1768 4717 1854 4768; x_wconf 75' lang='lat' dir='ltr'><strong>tia:</strong></span> <span class='ocrx_word' id='word_1_855' title='bbox 1899 4715 2318 4785; x_wconf 85' lang='lat' dir='ltr'><strong>magnitudinem</strong></span> <span class='ocrx_word' id='word_1_856' title='bbox 2368 4719 2803 4784; x_wconf 86' lang='lat' dir='ltr'><strong>considerantes,</strong></span> <span class='ocrx_word' id='word_1_857' title='bbox 2856 4719 2970 4777; x_wconf 69' lang='lat' dir='ltr'><strong>haec</strong></span> <span class='ocrx_word' id='word_1_858' title='bbox 3025 4724 3195 4779; x_wconf 92' lang='lat' dir='ltr'><strong>oculis</strong></span> <span class='ocrx_word' id='word_1_859' title='bbox 3237 4726 3362 4783; x_wconf 83' lang='lat' dir='ltr'><strong>lidei</strong></span> 
     </span>
    </p>
   </div>
   <div class='ocr_carea' id='block_1_109' title="bbox 1766 4809 3362 4880">
    <p class='ocr_par' dir='ltr' id='par_1_109' title="bbox 1766 4809 3362 4880">
     <span class='ocr_line' id='line_1_109' title="bbox 1766 4809 3362 4880; baseline 0.009 -23"><span class='ocrx_word' id='word_1_860' title='bbox 1766 4814 2140 4871; x_wconf 75' lang='lat' dir='ltr'><strong>contueantur,</strong></span> <span class='ocrx_word' id='word_1_861' title='bbox 2171 4816 2224 4861; x_wconf 88' lang='lat' dir='ltr'><strong>et</strong></span> <span class='ocrx_word' id='word_1_862' title='bbox 2252 4822 2318 4862; x_wconf 80' lang='lat' dir='ltr'><strong>ex</strong></span> <span class='ocrx_word' id='word_1_863' title='bbox 2349 4809 2414 4862; x_wconf 90' lang='lat' dir='ltr'><strong>iis</strong></span> <span class='ocrx_word' id='word_1_864' title='bbox 2441 4823 2560 4878; x_wconf 73' lang='lat' dir='ltr'><strong>qua:</strong></span> <span class='ocrx_word' id='word_1_865' title='bbox 2575 4809 2685 4877; x_wconf 89' lang='lat' dir='ltr'><strong>jam</strong></span> <span class='ocrx_word' id='word_1_866' title='bbox 2713 4825 2967 4866; x_wconf 91' lang='lat' dir='ltr'><strong>concessa</strong></span> <span class='ocrx_word' id='word_1_867' title='bbox 2999 4823 3126 4868; x_wconf 84' lang='lat' dir='ltr'><strong>sunt.</strong></span> <span class='ocrx_word' id='word_1_868' title='bbox 3145 4855 3160 4880; x_wconf 86' lang='lat'><strong>,</strong></span> <span class='ocrx_word' id='word_1_869' title='bbox 3199 4819 3362 4873; x_wconf 88' lang='lat' dir='ltr'><strong>etiam</strong></span> 
     </span>
    </p>
   </div>
   <div class='ocr_carea' id='block_1_110' title="bbox 1765 4893 3362 4966">
    <p class='ocr_par' dir='ltr' id='par_1_110' title="bbox 1765 4893 3362 4966">
     <span class='ocr_line' id='line_1_110' title="bbox 1765 4893 3362 4966; baseline 0.011 -20"><span class='ocrx_word' id='word_1_870' title='bbox 1765 4893 1834 4947; x_wconf 90' lang='lat' dir='ltr'><strong>de</strong></span> <span class='ocrx_word' id='word_1_871' title='bbox 1865 4893 2055 4948; x_wconf 88' lang='lat' dir='ltr'><strong>futuris</strong></span> <span class='ocrx_word' id='word_1_872' title='bbox 2083 4897 2276 4950; x_wconf 88' lang='lat' dir='ltr'><strong>bonam</strong></span> <span class='ocrx_word' id='word_1_873' title='bbox 2300 4912 2451 4966; x_wconf 78' lang='lat' dir='ltr'><strong>Spem</strong></span> <span class='ocrx_word' id='word_1_874' title='bbox 2481 4897 2773 4954; x_wconf 88' lang='lat' dir='ltr'><strong>habeamus</strong></span> <span class='ocrx_word' id='word_1_875' title='bbox 2804 4919 2818 4956; x_wconf 91' lang='lat'><strong>:</strong></span> <span class='ocrx_word' id='word_1_876' title='bbox 2849 4917 2913 4956; x_wconf 89' lang='lat' dir='ltr'><strong>ea</strong></span> <span class='ocrx_word' id='word_1_877' title='bbox 2941 4906 3083 4958; x_wconf 92' lang='lat' dir='ltr'><strong>enim</strong></span> <span class='ocrx_word' id='word_1_878' title='bbox 3114 4906 3182 4961; x_wconf 90' lang='lat' dir='ltr'><strong>de</strong></span> <span class='ocrx_word' id='word_1_879' title='bbox 3201 4923 3362 4963; x_wconf 85' lang='lat' dir='ltr'><strong>causa</strong></span> 
     </span>
    </p>
   </div>
   <div class='ocr_carea' id='block_1_111' title="bbox 1766 4984 3363 5066">
    <p class='ocr_par' dir='ltr' id='par_1_111' title="bbox 1766 4984 3363 5066">
     <span class='ocr_line' id='line_1_111' title="bbox 1766 4984 3363 5066; baseline 0.008 -28"><span class='ocrx_word' id='word_1_880' title='bbox 1766 4993 1823 5038; x_wconf 87' lang='lat' dir='ltr'><strong>et</strong></span> <span class='ocrx_word' id='word_1_881' title='bbox 1844 4984 1928 5038; x_wconf 91' lang='lat' dir='ltr'><strong>hic</strong></span> <span class='ocrx_word' id='word_1_882' title='bbox 1946 4987 2109 5039; x_wconf 89' lang='lat' dir='ltr'><strong>multa</strong></span> <span class='ocrx_word' id='word_1_883' title='bbox 2141 4987 2295 5041; x_wconf 92' lang='lat' dir='ltr'><strong>nobis</strong></span> <span class='ocrx_word' id='word_1_884' title='bbox 2321 4989 2515 5042; x_wconf 90' lang='lat' dir='ltr'><strong>donata</strong></span> <span class='ocrx_word' id='word_1_885' title='bbox 2541 5000 2666 5043; x_wconf 89' lang='lat' dir='ltr'><strong>sunt</strong></span> <span class='ocrx_word' id='word_1_886' title='bbox 2687 5032 2702 5056; x_wconf 88' lang='lat'><strong>,</strong></span> <span class='ocrx_word' id='word_1_887' title='bbox 2740 5003 2795 5045; x_wconf 91' lang='lat' dir='ltr'><strong>ut</strong></span> <span class='ocrx_word' id='word_1_888' title='bbox 2825 5008 2891 5046; x_wconf 73' lang='lat' dir='ltr'><strong>ex</strong></span> <span class='ocrx_word' id='word_1_889' title='bbox 2922 4994 2985 5047; x_wconf 89' lang='lat' dir='ltr'><strong>tis</strong></span> <span class='ocrx_word' id='word_1_890' title='bbox 3009 4995 3328 5066; x_wconf 75' lang='lat' dir='ltr'><strong>adjuvetnur</strong></span> <span class='ocrx_word' id='word_1_891' title='bbox 3349 5042 3363 5066; x_wconf 93' lang='lat'><strong>,</strong></span> 
     </span>
    </p>
   </div>
   <div class='ocr_carea' id='block_1_112' title="bbox 1768 5076 3361 5157">
    <p class='ocr_par' dir='ltr' id='par_1_112' title="bbox 1768 5076 3361 5157">
     <span class='ocr_line' id='line_1_112' title="bbox 1768 5076 3361 5157; baseline 0.011 -30"><span class='ocrx_word' id='word_1_892' title='bbox 1768 5089 2036 5147; x_wconf 89' lang='lat' dir='ltr'><strong>manuque</strong></span> <span class='ocrx_word' id='word_1_893' title='bbox 2065 5076 2344 5145; x_wconf 89' lang='lat' dir='ltr'><strong>ducamur,</strong></span> <span class='ocrx_word' id='word_1_894' title='bbox 2360 5088 2417 5134; x_wconf 92' lang='lat' dir='ltr'><strong>ut</strong></span> <span class='ocrx_word' id='word_1_895' title='bbox 2437 5079 2504 5134; x_wconf 90' lang='lat' dir='ltr'><strong>de</strong></span> <span class='ocrx_word' id='word_1_896' title='bbox 2533 5080 2636 5134; x_wconf 90' lang='lat' dir='ltr'><strong>illis</strong></span> <span class='ocrx_word' id='word_1_897' title='bbox 2661 5098 2874 5153; x_wconf 82' lang='lat' dir='ltr'><strong>quoque</strong></span> <span class='ocrx_word' id='word_1_898' title='bbox 2894 5083 3030 5140; x_wconf 89' lang='lat' dir='ltr'><strong>bene</strong></span> <span class='ocrx_word' id='word_1_899' title='bbox 3059 5102 3361 5157; x_wconf 86' lang='lat' dir='ltr'><strong>speremus.</strong></span> 
     </span>
    </p>
   </div>
   <div class='ocr_carea' id='block_1_113' title="bbox 1767 5165 3363 5244">
    <p class='ocr_par' dir='ltr' id='par_1_113' title="bbox 1767 5165 3363 5244">
     <span class='ocr_line' id='line_1_113' title="bbox 1767 5165 3363 5244; baseline 0.014 -25"><span class='ocrx_word' id='word_1_900' title='bbox 1767 5165 1898 5221; x_wconf 66' lang='lat' dir='ltr'><strong>Nam</strong></span> <span class='ocrx_word' id='word_1_901' title='bbox 1934 5172 2024 5238; x_wconf 90' lang='lat' dir='ltr'><strong>qui</strong></span> <span class='ocrx_word' id='word_1_902' title='bbox 2059 5170 2246 5225; x_wconf 88' lang='lat' dir='ltr'><strong>Filium</strong></span> <span class='ocrx_word' id='word_1_903' title='bbox 2277 5186 2430 5227; x_wconf 88' lang='lat' dir='ltr'><strong>suum</strong></span> <span class='ocrx_word' id='word_1_904' title='bbox 2466 5173 2680 5227; x_wconf 88' lang='lat' dir='ltr'><strong>tradidit</strong></span> <span class='ocrx_word' id='word_1_905' title='bbox 2714 5185 2931 5244; x_wconf 84' lang='lat' dir='ltr'><strong>preptcr</strong></span> <span class='ocrx_word' id='word_1_906' title='bbox 2975 5193 3127 5234; x_wconf 87' lang='lat' dir='ltr'><strong>suam</strong></span> <span class='ocrx_word' id='word_1_907' title='bbox 3173 5181 3228 5237; x_wconf 90' lang='lat' dir='ltr'><strong>in</strong></span> <span class='ocrx_word' id='word_1_908' title='bbox 3266 5199 3363 5241; x_wconf 84' lang='lat' dir='ltr'><strong>nos</strong></span> 
     </span>
    </p>
   </div>
   <div class='ocr_carea' id='block_1_114' title="bbox 1769 5260 3361 5344">
    <p class='ocr_par' dir='ltr' id='par_1_114' title="bbox 1769 5260 3361 5344">
     <span class='ocr_line' id='line_1_114' title="bbox 1769 5260 3361 5344; baseline 0.006 -31"><span class='ocrx_word' id='word_1_909' title='bbox 1769 5260 2065 5326; x_wconf 87' lang='lat' dir='ltr'><strong>caritatem,</strong></span> <span class='ocrx_word' id='word_1_910' title='bbox 2090 5263 2358 5332; x_wconf 89' lang='lat' dir='ltr'><strong>quomodo</strong></span> <span class='ocrx_word' id='word_1_911' title='bbox 2388 5279 2496 5317; x_wconf 90' lang='lat' dir='ltr'><strong>non</strong></span> <span class='ocrx_word' id='word_1_912' title='bbox 2523 5265 2702 5318; x_wconf 90' lang='lat' dir='ltr'><strong>omnia</strong></span> <span class='ocrx_word' id='word_1_913' title='bbox 2730 5267 2884 5322; x_wconf 88' lang='lat' dir='ltr'><strong>nobis</strong></span> <span class='ocrx_word' id='word_1_914' title='bbox 2907 5269 3109 5340; x_wconf 88' lang='lat' dir='ltr'><strong>reliqua</strong></span> <span class='ocrx_word' id='word_1_915' title='bbox 3143 5272 3361 5344; x_wconf 85' lang='lat' dir='ltr'><strong>largitu-</strong></span> 
     </span>
    </p>
   </div>
   <div class='ocr_carea' id='block_1_115' title="bbox 1767 5353 3364 5431">
    <p class='ocr_par' dir='ltr' id='par_1_115' title="bbox 1767 5353 3364 5431">
     <span class='ocr_line' id='line_1_115' title="bbox 1767 5353 3364 5431; baseline 0.009 -26"><span class='ocrx_word' id='word_1_916' title='bbox 1767 5366 1861 5406; x_wconf 90' lang='lat' dir='ltr'><strong>rus</strong></span> <span class='ocrx_word' id='word_1_917' title='bbox 1889 5354 2010 5408; x_wconf 84' lang='lat' dir='ltr'><strong>est?</strong></span> <span class='ocrx_word' id='word_1_918' title='bbox 2048 5353 2194 5408; x_wconf 90' lang='lat' dir='ltr'><strong>Sicut</strong></span> <span class='ocrx_word' id='word_1_919' title='bbox 2241 5363 2296 5409; x_wconf 91' lang='lat' dir='ltr'><strong>et</strong></span> <span class='ocrx_word' id='word_1_920' title='bbox 2339 5354 2534 5410; x_wconf 86' lang='lat' dir='ltr'><strong>Paulus</strong></span> <span class='ocrx_word' id='word_1_921' title='bbox 2562 5355 2733 5426; x_wconf 89' lang='lat' dir='ltr'><strong>inquit</strong></span> <span class='ocrx_word' id='word_1_922' title='bbox 2776 5373 2790 5409; x_wconf 89' lang='lat'><strong>:</strong></span> <span class='ocrx_word' id='word_1_923' title='bbox 2841 5357 2941 5423; x_wconf 85' lang='lat' dir='ltr'><strong>Qui</strong></span> <span class='ocrx_word' id='word_1_924' title='bbox 2984 5363 3192 5431; x_wconf 85' lang='lat' dir='ltr'><strong>proprio</strong></span> <span class='ocrx_word' id='word_1_925' title='bbox 3226 5363 3364 5419; x_wconf 80' lang='lat' dir='ltr'><strong>Filio</strong></span> 
     </span>
    </p>
   </div>
   <div class='ocr_carea' id='block_1_116' title="bbox 1766 5444 3359 5521">
    <p class='ocr_par' dir='ltr' id='par_1_116' title="bbox 1766 5444 3359 5521">
     <span class='ocr_line' id='line_1_116' title="bbox 1766 5444 3359 5521; baseline 0.008 -26"><span class='ocrx_word' id='word_1_926' title='bbox 1766 5458 1860 5496; x_wconf 88' lang='lat' dir='ltr'><strong>suo</strong></span> <span class='ocrx_word' id='word_1_927' title='bbox 1881 5459 1980 5496; x_wconf 89' lang='lat' dir='ltr'><strong>non</strong></span> <span class='ocrx_word' id='word_1_928' title='bbox 2012 5445 2230 5513; x_wconf 76' lang='lat' dir='ltr'><strong>pepercit</strong></span> <span class='ocrx_word' id='word_1_929' title='bbox 2256 5487 2270 5510; x_wconf 93' lang='lat'><strong>,</strong></span> <span class='ocrx_word' id='word_1_930' title='bbox 2294 5444 2383 5499; x_wconf 88' lang='lat' dir='ltr'><strong>sed</strong></span> <span class='ocrx_word' id='word_1_931' title='bbox 2406 5463 2499 5516; x_wconf 86' lang='lat' dir='ltr'><strong>pro</strong></span> <span class='ocrx_word' id='word_1_932' title='bbox 2529 5447 2671 5503; x_wconf 86' lang='lat' dir='ltr'><strong>nobis</strong></span> <span class='ocrx_word' id='word_1_933' title='bbox 2696 5450 2923 5506; x_wconf 84' lang='lat' dir='ltr'><strong>omnibus</strong></span> <span class='ocrx_word' id='word_1_934' title='bbox 2949 5453 3160 5508; x_wconf 84' lang='lat' dir='ltr'><strong>tradidit</strong></span> <span class='ocrx_word' id='word_1_935' title='bbox 3189 5456 3359 5521; x_wconf 84' lang='lat' dir='ltr'><strong>illum,</strong></span> 
     </span>
    </p>
   </div>
   <div class='ocr_carea' id='block_1_117' title="bbox 1767 5535 3360 5618">
    <p class='ocr_par' dir='ltr' id='par_1_117' title="bbox 1767 5535 3360 5618">
     <span class='ocr_line' id='line_1_117' title="bbox 1767 5535 3360 5618; baseline 0.013 -34"><span class='ocrx_word' id='word_1_936' title='bbox 1767 5535 2017 5599; x_wconf 86' lang='lat' dir='ltr'><strong>quomodo</strong></span> <span class='ocrx_word' id='word_1_937' title='bbox 2044 5551 2145 5586; x_wconf 88' lang='lat' dir='ltr'><strong>non</strong></span> <span class='ocrx_word' id='word_1_938' title='bbox 2168 5545 2215 5588; x_wconf 88' lang='lat' dir='ltr'><strong>et</strong></span> <span class='ocrx_word' id='word_1_939' title='bbox 2240 5537 2411 5590; x_wconf 87' lang='lat' dir='ltr'><strong>omnia</strong></span> <span class='ocrx_word' id='word_1_940' title='bbox 2437 5539 2580 5592; x_wconf 89' lang='lat' dir='ltr'><strong>nobis</strong></span> <span class='ocrx_word' id='word_1_941' title='bbox 2604 5556 2719 5594; x_wconf 87' lang='lat' dir='ltr'><strong>cum</strong></span> <span class='ocrx_word' id='word_1_942' title='bbox 2744 5541 2834 5597; x_wconf 80' lang='lat' dir='ltr'><strong>illo</strong></span> <span class='ocrx_word' id='word_1_943' title='bbox 2860 5544 3066 5599; x_wconf 87' lang='lat' dir='ltr'><strong>donabit</strong></span> <span class='ocrx_word' id='word_1_944' title='bbox 3095 5547 3272 5618; x_wconf 76' lang='lat' dir='ltr'><strong>(Rom.</strong></span> <span class='ocrx_word' id='word_1_945' title='bbox 3303 5550 3360 5604; x_wconf 88' lang='lat'><strong>8.</strong></span> 
     </span>
    </p>
   </div>
   <div class='ocr_carea' id='block_1_118' title="bbox 1768 5621 3359 5706">
    <p class='ocr_par' dir='ltr' id='par_1_118' title="bbox 1768 5621 3359 5706">
     <span class='ocr_line' id='line_1_118' title="bbox 1768 5621 3359 5706; baseline 0.011 -31"><span class='ocrx_word' id='word_1_946' title='bbox 1768 5621 1902 5693; x_wconf 68' lang='lat'><strong>&#39;52)?</strong></span> <span class='ocrx_word' id='word_1_947' title='bbox 1929 5623 1984 5678; x_wconf 93' lang='lat' dir='ltr'><strong>Si</strong></span> <span class='ocrx_word' id='word_1_948' title='bbox 2015 5624 2204 5678; x_wconf 84' lang='lat' dir='ltr'><strong>Filium</strong></span> <span class='ocrx_word' id='word_1_949' title='bbox 2228 5641 2382 5680; x_wconf 90' lang='lat' dir='ltr'><strong>suum</strong></span> <span class='ocrx_word' id='word_1_950' title='bbox 2411 5627 2630 5685; x_wconf 89' lang='lat' dir='ltr'><strong>tradidit</strong></span> <span class='ocrx_word' id='word_1_951' title='bbox 2656 5647 2752 5701; x_wconf 90' lang='lat' dir='ltr'><strong>pro</strong></span> <span class='ocrx_word' id='word_1_952' title='bbox 2782 5634 2936 5689; x_wconf 89' lang='lat' dir='ltr'><strong>nobis</strong></span> <span class='ocrx_word' id='word_1_953' title='bbox 2967 5638 3359 5706; x_wconf 83' lang='lat' dir='ltr'><strong>peccatoribus,</strong></span> 
     </span>
    </p>
   </div>
   <div class='ocr_carea' id='block_1_119' title="bbox 1768 5713 3359 5797">
    <p class='ocr_par' dir='ltr' id='par_1_119' title="bbox 1768 5713 3359 5797">
     <span class='ocr_line' id='line_1_119' title="bbox 1768 5713 3359 5797; baseline 0.01 -29"><span class='ocrx_word' id='word_1_954' title='bbox 1768 5713 1816 5768; x_wconf 90' lang='lat' dir='ltr'><strong>si</strong></span> <span class='ocrx_word' id='word_1_955' title='bbox 1840 5714 2173 5783; x_wconf 87' lang='lat' dir='ltr'><strong>baptismatis</strong></span> <span class='ocrx_word' id='word_1_956' title='bbox 2195 5715 2392 5772; x_wconf 90' lang='lat' dir='ltr'><strong>donum</strong></span> <span class='ocrx_word' id='word_1_957' title='bbox 2417 5719 2635 5789; x_wconf 79' lang='lat' dir='ltr'><strong>largitus</strong></span> <span class='ocrx_word' id='word_1_958' title='bbox 2669 5731 2771 5788; x_wconf 88' lang='lat' dir='ltr'><strong>est,</strong></span> <span class='ocrx_word' id='word_1_959' title='bbox 2799 5723 2843 5777; x_wconf 89' lang='lat' dir='ltr'><strong>si</strong></span> <span class='ocrx_word' id='word_1_960' title='bbox 2886 5727 3122 5792; x_wconf 90' lang='lat' dir='ltr'><strong>priorum</strong></span> <span class='ocrx_word' id='word_1_961' title='bbox 3167 5741 3359 5797; x_wconf 81' lang='lat' dir='ltr'><strong>pecca-</strong></span> 
     </span>
    </p>
   </div>
   <div class='ocr_carea' id='block_1_120' title="bbox 1774 5806 3360 5882">
    <p class='ocr_par' dir='ltr' id='par_1_120' title="bbox 1774 5806 3360 5882">
     <span class='ocr_line' id='line_1_120' title="bbox 1774 5806 3360 5882; baseline 0.007 -19"><span class='ocrx_word' id='word_1_962' title='bbox 1774 5818 1947 5863; x_wconf 89' lang='lat' dir='ltr'><strong>torum</strong></span> <span class='ocrx_word' id='word_1_963' title='bbox 1977 5806 2342 5864; x_wconf 86' lang='lat' dir='ltr'><strong>rcmissionem</strong></span> <span class='ocrx_word' id='word_1_964' title='bbox 2364 5809 2566 5878; x_wconf 82' lang='lat' dir='ltr'><strong>tribuit,</strong></span> <span class='ocrx_word' id='word_1_965' title='bbox 2592 5811 2636 5867; x_wconf 87' lang='lat' dir='ltr'><strong>si</strong></span> <span class='ocrx_word' id='word_1_966' title='bbox 2668 5814 2998 5882; x_wconf 62' lang='lat' dir='ltr'><strong>poenitentia:</strong></span> <span class='ocrx_word' id='word_1_967' title='bbox 3039 5818 3176 5873; x_wconf 88' lang='lat' dir='ltr'><strong>viam</strong></span> <span class='ocrx_word' id='word_1_968' title='bbox 3204 5817 3360 5874; x_wconf 86' lang='lat' dir='ltr'><strong>nobis</strong></span> 
     </span>
    </p>
   </div>
  </div>
