  <div class='ocr_page' id='page_1' title='image "/cluster/home/n/w/nwhite01/storage/ocr_20150623/53/pst.000005712526/319.png"; bbox 0 0 4054 6324; ppageno 0'>
   <div class='ocr_carea' id='block_1_1' title="bbox 1337 275 4045 446">
    <p class='ocr_par' dir='ltr' id='par_1_1' title="bbox 1337 275 4045 446">
     <span class='ocr_line' id='line_1_1' title="bbox 1337 275 4045 446; baseline -0.027 -1"><span class='ocrx_word' id='word_1_1' title='bbox 1337 389 1394 446; x_wconf 88' lang='lat' dir='ltr'><strong>s.</strong></span> <span class='ocrx_word' id='word_1_2' title='bbox 1437 378 1708 441; x_wconf 66' lang='lat' dir='ltr'><strong>JOAMiS</strong></span> <span class='ocrx_word' id='word_1_3' title='bbox 1744 361 2215 430; x_wconf 76' lang='lat' dir='ltr'><strong>CllltYSOS&#39;l&#39;mtl</strong></span> <span class='ocrx_word' id='word_1_4' title='bbox 2258 352 2570 413; x_wconf 75' lang='lat' dir='ltr'><strong>AltClllEP.</strong></span> <span class='ocrx_word' id='word_1_5' title='bbox 2610 336 3146 404; x_wconf 75' lang='lat' dir='ltr'><strong>CONSTANTINOP.</strong></span> <span class='ocrx_word' id='word_1_6' title='bbox 3799 317 3928 375; x_wconf 75' lang='lat' dir='ltr'><strong>ssc</strong></span> <span class='ocrx_word' id='word_1_7' title='bbox 4044 275 4045 370; x_wconf 41' lang='grc'><em>³</em></span> 
     </span>
    </p>
   </div>
   <div class='ocr_carea' id='block_1_2' title="bbox 2328 428 3930 532">
    <p class='ocr_par' dir='ltr' id='par_1_2' title="bbox 2328 428 3930 532">
     <span class='ocr_line' id='line_1_2' title="bbox 2328 428 3930 532; baseline -0.025 -12"><span class='ocrx_word' id='word_1_8' title='bbox 2328 469 2450 532; x_wconf 83' lang='lat' dir='ltr'><strong>vita,</strong></span> <span class='ocrx_word' id='word_1_9' title='bbox 2486 465 2529 519; x_wconf 91' lang='lat' dir='ltr'><strong>si</strong></span> <span class='ocrx_word' id='word_1_10' title='bbox 2563 461 2809 516; x_wconf 84' lang='lat' dir='ltr'><strong>volumus</strong></span> <span class='ocrx_word' id='word_1_11' title='bbox 2837 469 2954 510; x_wconf 85' lang='lat' dir='ltr'><strong>esse</strong></span> <span class='ocrx_word' id='word_1_12' title='bbox 2982 450 3143 505; x_wconf 86' lang='lat' dir='ltr'><strong>sobrii</strong></span> <span class='ocrx_word' id='word_1_13' title='bbox 3175 454 3227 500; x_wconf 81' lang='lat' dir='ltr'><strong>et</strong></span> <span class='ocrx_word' id='word_1_14' title='bbox 3253 443 3437 514; x_wconf 84' lang='lat' dir='ltr'><strong>vigiles</strong></span> <span class='ocrx_word' id='word_1_15' title='bbox 3460 480 3475 506; x_wconf 94' lang='lat'><strong>,</strong></span> <span class='ocrx_word' id='word_1_16' title='bbox 3521 435 3668 491; x_wconf 87' lang='lat' dir='ltr'><strong>ducit</strong></span> <span class='ocrx_word' id='word_1_17' title='bbox 3716 447 3818 486; x_wconf 88' lang='lat' dir='ltr'><strong>nos</strong></span> <span class='ocrx_word' id='word_1_18' title='bbox 3853 428 3930 482; x_wconf 81' lang='lat' dir='ltr'><strong>ad</strong></span> 
     </span>
    </p>
   </div>
   <div class='ocr_carea' id='block_1_3' title="bbox 2328 532 3933 612">
    <p class='ocr_par' dir='ltr' id='par_1_3' title="bbox 2328 532 3933 612">
     <span class='ocr_line' id='line_1_3' title="bbox 2328 532 3933 612; baseline -0.027 1"><span class='ocrx_word' id='word_1_19' title='bbox 2328 558 2628 612; x_wconf 82' lang='lat' dir='ltr'><strong>fruitionem</strong></span> <span class='ocrx_word' id='word_1_20' title='bbox 2657 550 2776 602; x_wconf 62' lang='lat' dir='ltr'><strong>vita</strong></span> <span class='ocrx_word' id='word_1_21' title='bbox 2808 555 3021 600; x_wconf 67' lang='lat' dir='ltr'><strong>atterna:</strong></span> <span class='ocrx_word' id='word_1_22' title='bbox 3054 558 3069 594; x_wconf 87' lang='lat'><strong>:</strong></span> <span class='ocrx_word' id='word_1_23' title='bbox 3103 549 3263 608; x_wconf 84' lang='lat' dir='ltr'><strong>atque</strong></span> <span class='ocrx_word' id='word_1_24' title='bbox 3288 532 3601 605; x_wconf 86' lang='lat' dir='ltr'><strong>poterimus,</strong></span> <span class='ocrx_word' id='word_1_25' title='bbox 3619 541 3666 580; x_wconf 71' lang='lat' dir='ltr'><strong>sn</strong></span> <span class='ocrx_word' id='word_1_26' title='bbox 3699 537 3933 593; x_wconf 82' lang='lat' dir='ltr'><strong>parmu-</strong></span> 
     </span>
    </p>
   </div>
   <div class='ocr_carea' id='block_1_4' title="bbox 2331 615 3934 718">
    <p class='ocr_par' dir='ltr' id='par_1_4' title="bbox 2331 615 3934 718">
     <span class='ocr_line' id='line_1_4' title="bbox 2331 615 3934 718; baseline -0.027 -15"><span class='ocrx_word' id='word_1_27' title='bbox 2331 664 2426 718; x_wconf 86' lang='lat' dir='ltr'><strong>per</strong></span> <span class='ocrx_word' id='word_1_28' title='bbox 2456 642 2780 699; x_wconf 76' lang='lat' dir='ltr'><strong>voluerimus</strong></span> <span class='ocrx_word' id='word_1_29' title='bbox 2832 634 3042 705; x_wconf 57' lang='lat' dir='ltr'><strong>vigilare</strong></span> <span class='ocrx_word' id='word_1_30' title='bbox 3089 637 3144 685; x_wconf 90' lang='lat' dir='ltr'><strong>et</strong></span> <span class='ocrx_word' id='word_1_31' title='bbox 3180 624 3390 696; x_wconf 89' lang='lat' dir='ltr'><strong>aperire</strong></span> <span class='ocrx_word' id='word_1_32' title='bbox 3429 620 3622 675; x_wconf 87' lang='lat' dir='ltr'><strong>mentis</strong></span> <span class='ocrx_word' id='word_1_33' title='bbox 3657 615 3890 668; x_wconf 85' lang='lat' dir='ltr'><strong>oculum</strong></span> <span class='ocrx_word' id='word_1_34' title='bbox 3917 648 3934 673; x_wconf 84' lang='lat'><strong>,</strong></span> 
     </span>
    </p>
   </div>
   <div class='ocr_carea' id='block_1_5' title="bbox 2329 705 3940 807">
    <p class='ocr_par' dir='ltr' id='par_1_5' title="bbox 2329 705 3940 807">
     <span class='ocr_line' id='line_1_5' title="bbox 2329 705 3940 807; baseline -0.027 -14"><span class='ocrx_word' id='word_1_35' title='bbox 2329 737 2522 807; x_wconf 78' lang='lat' dir='ltr'><strong>quietis</strong></span> <span class='ocrx_word' id='word_1_36' title='bbox 2566 732 2706 786; x_wconf 88' lang='lat' dir='ltr'><strong>illius</strong></span> <span class='ocrx_word' id='word_1_37' title='bbox 2754 738 2967 792; x_wconf 89' lang='lat' dir='ltr'><strong>semper</strong></span> <span class='ocrx_word' id='word_1_38' title='bbox 3017 717 3156 789; x_wconf 87' lang='lat' dir='ltr'><strong>apud</strong></span> <span class='ocrx_word' id='word_1_39' title='bbox 3209 728 3307 770; x_wconf 90' lang='lat' dir='ltr'><strong>nos</strong></span> <span class='ocrx_word' id='word_1_40' title='bbox 3352 710 3697 767; x_wconf 71' lang='lat' dir='ltr'><strong>meminisse;</strong></span> <span class='ocrx_word' id='word_1_41' title='bbox 3747 713 3803 756; x_wconf 86' lang='lat' dir='ltr'><strong>ct</strong></span> <span class='ocrx_word' id='word_1_42' title='bbox 3861 705 3940 751; x_wconf 79' lang='lat' dir='ltr'><strong>ita</strong></span> 
     </span>
    </p>
   </div>
   <div class='ocr_carea' id='block_1_6' title="bbox 2334 798 3944 899">
    <p class='ocr_par' dir='ltr' id='par_1_6' title="bbox 2334 798 3944 899">
     <span class='ocr_line' id='line_1_6' title="bbox 2334 798 3944 899; baseline -0.025 -16"><span class='ocrx_word' id='word_1_43' title='bbox 2334 825 2614 899; x_wconf 62' lang='lat' dir='ltr'><strong>praesentia</strong></span> <span class='ocrx_word' id='word_1_44' title='bbox 2643 817 2916 891; x_wconf 74' lang='lat' dir='ltr'><strong>praeterire</strong></span> <span class='ocrx_word' id='word_1_45' title='bbox 2947 829 3007 866; x_wconf 88' lang='lat' dir='ltr'><strong>ae.</strong></span> <span class='ocrx_word' id='word_1_46' title='bbox 3026 805 3425 881; x_wconf 69' lang='lat' dir='ltr'><strong>prtetervolare,</strong></span> <span class='ocrx_word' id='word_1_47' title='bbox 3456 800 3520 854; x_wconf 88' lang='lat' dir='ltr'><strong>ad</strong></span> <span class='ocrx_word' id='word_1_48' title='bbox 3545 798 3723 852; x_wconf 77' lang='lat' dir='ltr'><strong>futura</strong></span> <span class='ocrx_word' id='word_1_49' title='bbox 3743 804 3944 847; x_wconf 83' lang='lat' dir='ltr'><strong>autem</strong></span> 
     </span>
    </p>
   </div>
   <div class='ocr_carea' id='block_1_7' title="bbox 2334 887 3950 983">
    <p class='ocr_par' dir='ltr' id='par_1_7' title="bbox 2334 887 3950 983">
     <span class='ocr_line' id='line_1_7' title="bbox 2334 887 3950 983; baseline -0.024 -9"><span class='ocrx_word' id='word_1_50' title='bbox 2334 929 2390 974; x_wconf 90' lang='lat' dir='ltr'><strong>et</strong></span> <span class='ocrx_word' id='word_1_51' title='bbox 2419 931 2629 983; x_wconf 81' lang='lat' dir='ltr'><strong>semper</strong></span> <span class='ocrx_word' id='word_1_52' title='bbox 2655 909 2898 967; x_wconf 89' lang='lat' dir='ltr'><strong>durantia</strong></span> <span class='ocrx_word' id='word_1_53' title='bbox 2939 913 3170 959; x_wconf 82' lang='lat' dir='ltr'><strong>utentem</strong></span> <span class='ocrx_word' id='word_1_54' title='bbox 3205 896 3518 956; x_wconf 86' lang='lat' dir='ltr'><strong>intendere;</strong></span> <span class='ocrx_word' id='word_1_55' title='bbox 3561 891 3700 946; x_wconf 88' lang='lat' dir='ltr'><strong>sicut</strong></span> <span class='ocrx_word' id='word_1_56' title='bbox 3739 887 3950 941; x_wconf 76' lang='lat' dir='ltr'><strong>beatus</strong></span> 
     </span>
    </p>
   </div>
   <div class='ocr_carea' id='block_1_8' title="bbox 2338 977 3955 1065">
    <p class='ocr_par' dir='ltr' id='par_1_8' title="bbox 2338 977 3955 1065">
     <span class='ocr_line' id='line_1_8' title="bbox 2338 977 3955 1065; baseline -0.022 -1"><span class='ocrx_word' id='word_1_57' title='bbox 2338 1010 2428 1065; x_wconf 88' lang='lat' dir='ltr'><strong>ille</strong></span> <span class='ocrx_word' id='word_1_58' title='bbox 2473 1024 2569 1061; x_wconf 90' lang='lat' dir='ltr'><strong>nos</strong></span> <span class='ocrx_word' id='word_1_59' title='bbox 2618 1001 2843 1059; x_wconf 90' lang='lat' dir='ltr'><strong>erudivit</strong></span> <span class='ocrx_word' id='word_1_60' title='bbox 2891 998 3110 1052; x_wconf 87' lang='lat' dir='ltr'><strong>dicens:</strong></span> <span class='ocrx_word' id='word_1_61' title='bbox 3149 990 3297 1059; x_wconf 84' lang='lat' dir='ltr'><strong>Quod</strong></span> <span class='ocrx_word' id='word_1_62' title='bbox 3339 997 3506 1040; x_wconf 82' lang='lat' dir='ltr'><strong>autem</strong></span> <span class='ocrx_word' id='word_1_63' title='bbox 3549 998 3686 1036; x_wconf 81' lang='lat' dir='ltr'><strong>nunc</strong></span> <span class='ocrx_word' id='word_1_64' title='bbox 3723 981 3840 1035; x_wconf 70' lang='lat' dir='ltr'><strong>sieo</strong></span> <span class='ocrx_word' id='word_1_65' title='bbox 3891 977 3955 1029; x_wconf 86' lang='lat' dir='ltr'><strong>in</strong></span> 
     </span>
    </p>
   </div>
   <div class='ocr_carea' id='block_1_9' title="bbox 2340 1067 3954 1161">
    <p class='ocr_par' dir='ltr' id='par_1_9' title="bbox 2340 1067 3954 1161">
     <span class='ocr_line' id='line_1_9' title="bbox 2340 1067 3954 1161; baseline -0.022 -9"><span class='ocrx_word' id='word_1_66' title='bbox 2340 1114 2510 1161; x_wconf 81' lang='lat' dir='ltr'><strong>carne,</strong></span> <span class='ocrx_word' id='word_1_67' title='bbox 2542 1097 2593 1148; x_wconf 87' lang='lat' dir='ltr'><strong>in</strong></span> <span class='ocrx_word' id='word_1_68' title='bbox 2622 1093 2724 1159; x_wconf 80' lang='lat' dir='ltr'><strong>ﬁde</strong></span> <span class='ocrx_word' id='word_1_69' title='bbox 2749 1092 2857 1146; x_wconf 79' lang='lat' dir='ltr'><strong>vivo</strong></span> <span class='ocrx_word' id='word_1_70' title='bbox 2889 1087 3014 1142; x_wconf 80' lang='lat' dir='ltr'><strong>Filii</strong></span> <span class='ocrx_word' id='word_1_71' title='bbox 3039 1085 3152 1147; x_wconf 86' lang='lat' dir='ltr'><strong>Dei,</strong></span> <span class='ocrx_word' id='word_1_72' title='bbox 3186 1081 3270 1151; x_wconf 83' lang='lat' dir='ltr'><strong>qui</strong></span> <span class='ocrx_word' id='word_1_73' title='bbox 3299 1077 3472 1132; x_wconf 76' lang='lat' dir='ltr'><strong>dilexit</strong></span> <span class='ocrx_word' id='word_1_74' title='bbox 3501 1089 3598 1140; x_wconf 87' lang='lat' dir='ltr'><strong>me,</strong></span> <span class='ocrx_word' id='word_1_75' title='bbox 3628 1081 3678 1126; x_wconf 81' lang='lat' dir='ltr'><strong>et</strong></span> <span class='ocrx_word' id='word_1_76' title='bbox 3719 1067 3954 1123; x_wconf 79' lang='lat' dir='ltr'><strong>tradidit</strong></span> 
     </span>
    </p>
   </div>
   <div class='ocr_carea' id='block_1_10' title="bbox 2343 1169 3338 1255">
    <p class='ocr_par' dir='ltr' id='par_1_10' title="bbox 2343 1169 3338 1255">
     <span class='ocr_line' id='line_1_10' title="bbox 2343 1169 3338 1255; baseline -0.021 -13"><span class='ocrx_word' id='word_1_77' title='bbox 2343 1187 2662 1255; x_wconf 75' lang='lat' dir='ltr'><strong>semetipsum</strong></span> <span class='ocrx_word' id='word_1_78' title='bbox 2687 1197 2780 1251; x_wconf 90' lang='lat' dir='ltr'><strong>pro</strong></span> <span class='ocrx_word' id='word_1_79' title='bbox 2805 1194 2884 1230; x_wconf 80' lang='lat' dir='ltr'><strong>nte</strong></span> <span class='ocrx_word' id='word_1_80' title='bbox 2910 1175 3103 1245; x_wconf 83' lang='lat' dir='ltr'><strong>(Galat.</strong></span> <span class='ocrx_word' id='word_1_81' title='bbox 3135 1172 3190 1226; x_wconf 71' lang='grc'>2.</span> <span class='ocrx_word' id='word_1_82' title='bbox 3221 1169 3338 1237; x_wconf 70' lang='grc'><strong>20).</strong></span> 
     </span>
    </p>
   </div>
   <div class='ocr_carea' id='block_1_11' title="bbox 2414 1254 3954 1334">
    <p class='ocr_par' dir='ltr' id='par_1_11' title="bbox 2414 1254 3954 1334">
     <span class='ocr_line' id='line_1_11' title="bbox 2414 1254 3954 1334; baseline -0.019 -4"><span class='ocrx_word' id='word_1_83' title='bbox 2414 1277 2467 1330; x_wconf 90' lang='lat'><strong>6.</strong></span> <span class='ocrx_word' id='word_1_84' title='bbox 2513 1273 2643 1328; x_wconf 82' lang='lat' dir='ltr'><strong>Vide</strong></span> <span class='ocrx_word' id='word_1_85' title='bbox 2691 1270 2924 1324; x_wconf 89' lang='lat' dir='ltr'><strong>animam</strong></span> <span class='ocrx_word' id='word_1_86' title='bbox 2975 1267 3095 1334; x_wconf 81' lang='lat' dir='ltr'><strong>igne</strong></span> <span class='ocrx_word' id='word_1_87' title='bbox 3142 1271 3475 1323; x_wconf 88' lang='lat' dir='ltr'><strong>snccensam,</strong></span> <span class='ocrx_word' id='word_1_88' title='bbox 3523 1254 3644 1308; x_wconf 82' lang='lat' dir='ltr'><strong>vide</strong></span> <span class='ocrx_word' id='word_1_89' title='bbox 3696 1259 3954 1306; x_wconf 92' lang='lat' dir='ltr'><strong>mentem</strong></span> 
     </span>
    </p>
   </div>
   <div class='ocr_carea' id='block_1_12' title="bbox 2347 1340 3956 1433">
    <p class='ocr_par' dir='ltr' id='par_1_12' title="bbox 2347 1340 3956 1433">
     <span class='ocr_line' id='line_1_12' title="bbox 2347 1340 3956 1433; baseline -0.02 -9"><span class='ocrx_word' id='word_1_90' title='bbox 2347 1371 2559 1433; x_wconf 85' lang='lat' dir='ltr'><strong>alatam,</strong></span> <span class='ocrx_word' id='word_1_91' title='bbox 2587 1364 2707 1419; x_wconf 84' lang='lat' dir='ltr'><strong>vide</strong></span> <span class='ocrx_word' id='word_1_92' title='bbox 2737 1361 2996 1416; x_wconf 88' lang='lat' dir='ltr'><strong>rationem</strong></span> <span class='ocrx_word' id='word_1_93' title='bbox 3043 1358 3314 1410; x_wconf 87' lang='lat' dir='ltr'><strong>incensam</strong></span> <span class='ocrx_word' id='word_1_94' title='bbox 3357 1351 3448 1404; x_wconf 89' lang='lat' dir='ltr'><strong>Dei</strong></span> <span class='ocrx_word' id='word_1_95' title='bbox 3488 1361 3692 1401; x_wconf 89' lang='lat' dir='ltr'><strong>amore.</strong></span> <span class='ocrx_word' id='word_1_96' title='bbox 3743 1340 3911 1408; x_wconf 78' lang='lat' dir='ltr'><strong>Quod</strong></span> <span class='ocrx_word' id='word_1_97' title='bbox 3937 1380 3956 1402; x_wconf 91' lang='lat'><strong>,</strong></span> 
     </span>
    </p>
   </div>
   <div class='ocr_carea' id='block_1_13' title="bbox 2350 1436 3962 1530">
    <p class='ocr_par' dir='ltr' id='par_1_13' title="bbox 2350 1436 3962 1530">
     <span class='ocr_line' id='line_1_13' title="bbox 2350 1436 3962 1530; baseline -0.02 -15"><span class='ocrx_word' id='word_1_98' title='bbox 2350 1461 2537 1530; x_wconf 89' lang='lat' dir='ltr'><strong>inquit,</strong></span> <span class='ocrx_word' id='word_1_99' title='bbox 2566 1446 2929 1518; x_wconf 28' lang='lat' dir='ltr'><strong>nunc&#39;vt‘uo,,in</strong></span> <span class='ocrx_word' id='word_1_100' title='bbox 2957 1447 3058 1517; x_wconf 77' lang='lat' dir='ltr'><strong>ﬁde</strong></span> <span class='ocrx_word' id='word_1_101' title='bbox 3085 1445 3213 1500; x_wconf 76' lang='lat' dir='ltr'><strong>vivo.</strong></span> <span class='ocrx_word' id='word_1_102' title='bbox 3257 1441 3334 1496; x_wconf 81' lang='lat' dir='ltr'><strong>Ne</strong></span> <span class='ocrx_word' id='word_1_103' title='bbox 3361 1441 3525 1504; x_wconf 90' lang='lat' dir='ltr'><strong>enim,</strong></span> <span class='ocrx_word' id='word_1_104' title='bbox 3556 1436 3754 1505; x_wconf 84' lang='lat' dir='ltr'><strong>inquit,</strong></span> <span class='ocrx_word' id='word_1_105' title='bbox 3787 1441 3962 1504; x_wconf 83' lang='lat' dir='ltr'><strong>pute-</strong></span> 
     </span>
    </p>
   </div>
   <div class='ocr_carea' id='block_1_14' title="bbox 2354 1523 3963 1612">
    <p class='ocr_par' dir='ltr' id='par_1_14' title="bbox 2354 1523 3963 1612">
     <span class='ocr_line' id='line_1_14' title="bbox 2354 1523 3963 1612; baseline -0.02 -7"><span class='ocrx_word' id='word_1_106' title='bbox 2354 1523 2532 1605; x_wconf 32' lang='lat' dir='ltr'><strong>tisvme</strong></span> <span class='ocrx_word' id='word_1_107' title='bbox 2562 1546 2738 1601; x_wconf 77' lang='lat' dir='ltr'><strong>facere</strong></span> <span class='ocrx_word' id='word_1_108' title='bbox 2775 1539 2971 1612; x_wconf 90' lang='lat' dir='ltr'><strong>aliquid</strong></span> <span class='ocrx_word' id='word_1_109' title='bbox 3004 1551 3183 1593; x_wconf 91' lang='lat' dir='ltr'><strong>rerum</strong></span> <span class='ocrx_word' id='word_1_110' title='bbox 3213 1534 3371 1602; x_wconf 83' lang='lat' dir='ltr'><strong>hujus</strong></span> <span class='ocrx_word' id='word_1_111' title='bbox 3400 1531 3522 1584; x_wconf 74' lang='lat' dir='ltr'><strong>vita:</strong></span> <span class='ocrx_word' id='word_1_112' title='bbox 3563 1541 3754 1583; x_wconf 83' lang='lat' dir='ltr'><strong>causa.</strong></span> <span class='ocrx_word' id='word_1_113' title='bbox 3818 1523 3963 1577; x_wconf 75' lang='lat' dir='ltr'><strong>Nam</strong></span> 
     </span>
    </p>
   </div>
   <div class='ocr_carea' id='block_1_15' title="bbox 640 415 742 473">
    <p class='ocr_par' dir='ltr' id='par_1_15' title="bbox 640 415 742 473">
     <span class='ocr_line' id='line_1_15' title="bbox 640 415 742 473; baseline -0.039 0"><span class='ocrx_word' id='word_1_114' title='bbox 640 415 742 473; x_wconf 72' lang='lat'><strong>319</strong></span> 
     </span>
    </p>
   </div>
   <div class='ocr_carea' id='block_1_16' title="bbox 640 483 2213 598">
    <p class='ocr_par' dir='ltr' id='par_1_16' title="bbox 640 483 2213 598">
     <span class='ocr_line' id='line_1_16' title="bbox 640 483 2213 598; baseline -0.036 -16"><span class='ocrx_word' id='word_1_115' title='bbox 640 524 866 598; x_wconf 82' lang='lat' dir='ltr'><strong>aperuit,</strong></span> <span class='ocrx_word' id='word_1_116' title='bbox 891 519 933 572; x_wconf 91' lang='lat' dir='ltr'><strong>si</strong></span> <span class='ocrx_word' id='word_1_117' title='bbox 954 517 1227 571; x_wconf 85' lang='lat' dir='ltr'><strong>intnnnera</strong></span> <span class='ocrx_word' id='word_1_118' title='bbox 1247 506 1349 560; x_wconf 78' lang='lat' dir='ltr'><strong>alia</strong></span> <span class='ocrx_word' id='word_1_119' title='bbox 1377 498 1440 555; x_wconf 89' lang='lat' dir='ltr'><strong>ad</strong></span> <span class='ocrx_word' id='word_1_120' title='bbox 1464 497 1684 553; x_wconf 82' lang='lat' dir='ltr'><strong>salutem</strong></span> <span class='ocrx_word' id='word_1_121' title='bbox 1707 496 1940 543; x_wconf 88' lang='lat' dir='ltr'><strong>nostram</strong></span> <span class='ocrx_word' id='word_1_122' title='bbox 1969 483 2213 550; x_wconf 76' lang='lat' dir='ltr'><strong>operatus</strong></span> 
     </span>
     <span class='ocr_line' id='line_1_17' title="bbox 1469 566 2213 598; baseline -0.032 24"><span class='ocrx_word' id='word_1_123' title='bbox 1469 588 1488 598; x_wconf 83' lang='grc'><strong>’</strong></span> <span class='ocrx_word' id='word_1_124' title='bbox 1526 595 1534 598; x_wconf 81' lang='lat'>‘</span> <span class='ocrx_word' id='word_1_125' title='bbox 1666 580 1691 598; x_wconf 49' lang='grc' dir='ltr'><strong>’ί</strong></span> <span class='ocrx_word' id='word_1_126' title='bbox 1708 592 1796 598; x_wconf 60' lang='grc' dir='ltr'><strong>--η</strong></span> <span class='ocrx_word' id='word_1_127' title='bbox 1820 574 1970 598; x_wconf 57' lang='grc' dir='ltr'><strong>-ηι-ει-</strong></span> <span class='ocrx_word' id='word_1_128' title='bbox 1991 566 2213 598; x_wconf 56' lang='lat' dir='ltr'><strong>mann-Jul</strong></span> 
     </span>
    </p>
   </div>
   <div class='ocr_carea' id='block_1_17' title="bbox 643 566 2216 682">
    <p class='ocr_par' dir='ltr' id='par_1_17' title="bbox 643 566 2216 682">
     <span class='ocr_line' id='line_1_18' title="bbox 643 566 1059 586; baseline -0.041 -2"><span class='ocrx_word' id='word_1_129' title='bbox 643 566 668 584; x_wconf 84' lang='lat'><strong>..</strong></span> <span class='ocrx_word' id='word_1_130' title='bbox 694 566 866 586; x_wconf 54' lang='grc' dir='ltr'>...μη</span> <span class='ocrx_word' id='word_1_131' title='bbox 891 566 933 572; x_wconf 79' lang='lat'><strong>--</strong></span> 
     </span>
     <span class='ocr_line' id='line_1_19' title="bbox 643 566 2216 682; baseline -0.036 -10"><span class='ocrx_word' id='word_1_132' title='bbox 643 566 746 682; x_wconf 54' lang='lat' dir='ltr'><strong>est,</strong></span> <span class='ocrx_word' id='word_1_133' title='bbox 775 607 1108 666; x_wconf 78' lang='lat' dir='ltr'><strong>manifesnnn</strong></span> <span class='ocrx_word' id='word_1_134' title='bbox 1133 607 1214 654; x_wconf 83' lang='lat' dir='ltr'><strong>est</strong></span> <span class='ocrx_word' id='word_1_135' title='bbox 1238 610 1358 671; x_wconf 83' lang='lat' dir='ltr'><strong>eum</strong></span> <span class='ocrx_word' id='word_1_136' title='bbox 1384 600 1435 646; x_wconf 90' lang='lat' dir='ltr'><strong>et</strong></span> <span class='ocrx_word' id='word_1_137' title='bbox 1467 588 1637 641; x_wconf 81' lang='lat' dir='ltr'><strong>futura</strong></span> <span class='ocrx_word' id='word_1_138' title='bbox 1666 580 1801 634; x_wconf 88' lang='lat' dir='ltr'><strong>bona</strong></span> <span class='ocrx_word' id='word_1_139' title='bbox 1820 574 1975 629; x_wconf 91' lang='lat' dir='ltr'><strong>nobis</strong></span> <span class='ocrx_word' id='word_1_140' title='bbox 1991 566 2216 637; x_wconf 79' lang='lat' dir='ltr'><strong>reposita</strong></span> 
     </span>
     <span class='ocr_line' id='line_1_20' title="bbox 1731 663 2215 682; baseline -0.037 0"><span class='ocrx_word' id='word_1_141' title='bbox 1731 668 1743 682; x_wconf 97' lang='lat'><strong>.</strong></span> <span class='ocrx_word' id='word_1_142' title='bbox 1780 681 1785 682; x_wconf 24' lang='grc' dir='ltr'><em>γ</em></span> <span class='ocrx_word' id='word_1_143' title='bbox 2070 663 2215 682; x_wconf 43' lang='lat' dir='ltr'><strong>“UL</strong></span> 
     </span>
    </p>
   </div>
   <div class='ocr_carea' id='block_1_18' title="bbox 647 663 2217 775">
    <p class='ocr_par' dir='ltr' id='par_1_18' title="bbox 647 663 2217 775">
     <span class='ocr_line' id='line_1_21' title="bbox 647 663 2217 775; baseline -0.032 -20"><span class='ocrx_word' id='word_1_144' title='bbox 647 675 1009 775; x_wconf 73' lang='lat' dir='ltr'><strong>pra-biturum.</strong></span> <span class='ocrx_word' id='word_1_145' title='bbox 1045 690 1174 746; x_wconf 83' lang='lat' dir='ltr'><strong>Nam</strong></span> <span class='ocrx_word' id='word_1_146' title='bbox 1200 663 1287 755; x_wconf 78' lang='lat' dir='ltr'><strong>qui</strong></span> <span class='ocrx_word' id='word_1_147' title='bbox 1316 687 1530 762; x_wconf 66' lang='lat' dir='ltr'><strong>propter</strong></span> <span class='ocrx_word' id='word_1_148' title='bbox 1550 685 1698 727; x_wconf 87' lang='lat' dir='ltr'><strong>suam</strong></span> <span class='ocrx_word' id='word_1_149' title='bbox 1731 665 2038 727; x_wconf 79' lang='lat' dir='ltr'><strong>bonitatem,</strong></span> <span class='ocrx_word' id='word_1_150' title='bbox 2070 663 2217 775; x_wconf 60' lang='lat' dir='ltr'><strong>ant:-</strong></span> 
     </span>
    </p>
   </div>
   <div class='ocr_carea' id='block_1_19' title="bbox 651 741 2223 866">
    <p class='ocr_par' dir='ltr' id='par_1_19' title="bbox 651 741 2223 866">
     <span class='ocr_line' id='line_1_22' title="bbox 651 741 2223 866; baseline -0.022 -16"><span class='ocrx_word' id='word_1_151' title='bbox 651 809 809 866; x_wconf 88' lang='lat' dir='ltr'><strong>quam</strong></span> <span class='ocrx_word' id='word_1_152' title='bbox 854 803 974 844; x_wconf 89' lang='lat' dir='ltr'><strong>esse</strong></span> <span class='ocrx_word' id='word_1_153' title='bbox 1017 742 1390 848; x_wconf 69' lang='lat' dir='ltr'><strong>inciperemus.</strong></span> <span class='ocrx_word' id='word_1_154' title='bbox 1436 767 1549 822; x_wconf 66' lang='lat'><strong>11330</strong></span> <span class='ocrx_word' id='word_1_155' title='bbox 1579 755 1914 832; x_wconf 62' lang='grc' dir='ltr'><strong>Ρτπβπθνίῐυ</strong></span> <span class='ocrx_word' id='word_1_156' title='bbox 1960 741 2223 820; x_wconf 74' lang='grc' dir='ltr'><strong>ειυοιιιοάο</strong></span> 
     </span>
     <span class='ocr_line' id='line_1_23' title="bbox 1309 837 2222 866; baseline 0 0"><span class='ocrx_word' id='word_1_157' title='bbox 1309 863 1320 866; x_wconf 71' lang='lat'><strong>-</strong></span> <span class='ocrx_word' id='word_1_158' title='bbox 1365 861 1387 866; x_wconf 89' lang='lat'>_</span> <span class='ocrx_word' id='word_1_159' title='bbox 1492 856 1503 866; x_wconf 85' lang='lat'><strong>.</strong></span> <span class='ocrx_word' id='word_1_160' title='bbox 1619 861 1629 866; x_wconf 83' lang='lat'><strong>-</strong></span> <span class='ocrx_word' id='word_1_161' title='bbox 1705 864 1713 866; x_wconf 23' lang='grc' dir='ltr'>ξ</span> <span class='ocrx_word' id='word_1_162' title='bbox 1771 846 1916 866; x_wconf 75' lang='lat'><strong>___:--..</strong></span> <span class='ocrx_word' id='word_1_163' title='bbox 1947 841 2060 866; x_wconf 61' lang='lat' dir='ltr'><strong>In..-</strong></span> <span class='ocrx_word' id='word_1_164' title='bbox 2089 837 2222 866; x_wconf 66' lang='lat' dir='ltr'><strong>Iun-un</strong></span> 
     </span>
    </p>
   </div>
   <div class='ocr_carea' id='block_1_20' title="bbox 648 837 2223 941">
    <p class='ocr_par' dir='ltr' id='par_1_20' title="bbox 648 837 2223 941">
     <span class='ocr_line' id='line_1_24' title="bbox 648 837 2223 941; baseline -0.036 -1"><span class='ocrx_word' id='word_1_165' title='bbox 648 837 756 941; x_wconf 70' lang='lat' dir='ltr'><strong>rion</strong></span> <span class='ocrx_word' id='word_1_166' title='bbox 805 890 858 935; x_wconf 87' lang='lat' dir='ltr'><strong>et</strong></span> <span class='ocrx_word' id='word_1_167' title='bbox 903 876 999 931; x_wconf 82' lang='lat' dir='ltr'><strong>frui</strong></span> <span class='ocrx_word' id='word_1_168' title='bbox 1030 837 1325 926; x_wconf 76' lang='lat' dir='ltr'><strong>concedet?</strong></span> <span class='ocrx_word' id='word_1_169' title='bbox 1354 856 1505 926; x_wconf 83' lang='lat' dir='ltr'><strong>Quod</strong></span> <span class='ocrx_word' id='word_1_170' title='bbox 1547 861 1722 906; x_wconf 91' lang='lat' dir='ltr'><strong>autem</strong></span> <span class='ocrx_word' id='word_1_171' title='bbox 1771 846 1919 916; x_wconf 89' lang='lat' dir='ltr'><strong>prius</strong></span> <span class='ocrx_word' id='word_1_172' title='bbox 1947 841 2062 894; x_wconf 66' lang='lat' dir='ltr'><strong>haec</strong></span> <span class='ocrx_word' id='word_1_173' title='bbox 2089 837 2223 890; x_wconf 88' lang='lat' dir='ltr'><strong>bona</strong></span> 
     </span>
    </p>
   </div>
   <div class='ocr_carea' id='block_1_21' title="bbox 653 924 2227 1038">
    <p class='ocr_par' dir='ltr' id='par_1_21' title="bbox 653 924 2227 1038">
     <span class='ocr_line' id='line_1_25' title="bbox 653 924 2227 1038; baseline -0.034 -11"><span class='ocrx_word' id='word_1_174' title='bbox 653 975 806 1029; x_wconf 91' lang='lat' dir='ltr'><strong>nobis</strong></span> <span class='ocrx_word' id='word_1_175' title='bbox 836 960 1213 1038; x_wconf 70' lang='lat' dir='ltr'><strong>pru&#39;paraverit</strong></span> <span class='ocrx_word' id='word_1_176' title='bbox 1239 997 1252 1018; x_wconf 93' lang='lat'><strong>,</strong></span> <span class='ocrx_word' id='word_1_177' title='bbox 1287 924 1406 1004; x_wconf 88' lang='lat' dir='ltr'><strong>audi</strong></span> <span class='ocrx_word' id='word_1_178' title='bbox 1435 943 1558 1016; x_wconf 92' lang='lat' dir='ltr'><strong>quid</strong></span> <span class='ocrx_word' id='word_1_179' title='bbox 1585 941 1726 996; x_wconf 89' lang='lat' dir='ltr'><strong>dicat</strong></span> <span class='ocrx_word' id='word_1_180' title='bbox 1751 932 2011 989; x_wconf 76' lang='lat' dir='ltr'><strong>sumtibus</strong></span> <span class='ocrx_word' id='word_1_181' title='bbox 2039 936 2066 981; x_wconf 88' lang='lat' dir='ltr'><strong>a</strong></span> <span class='ocrx_word' id='word_1_182' title='bbox 2097 924 2227 978; x_wconf 85' lang='lat' dir='ltr'><strong>dex-</strong></span> 
     </span>
    </p>
   </div>
   <div class='ocr_carea' id='block_1_22' title="bbox 653 1013 2232 1123">
    <p class='ocr_par' dir='ltr' id='par_1_22' title="bbox 653 1013 2232 1123">
     <span class='ocr_line' id='line_1_26' title="bbox 653 1013 2232 1123; baseline -0.036 -2"><span class='ocrx_word' id='word_1_183' title='bbox 653 1069 749 1120; x_wconf 90' lang='lat' dir='ltr'><strong>tris</strong></span> <span class='ocrx_word' id='word_1_184' title='bbox 781 1081 793 1117; x_wconf 91' lang='lat'>:</span> <span class='ocrx_word' id='word_1_185' title='bbox 823 1013 1016 1123; x_wconf 59' lang='lat' dir='ltr'><strong>Vreuitre,</strong></span> <span class='ocrx_word' id='word_1_186' title='bbox 1038 1047 1278 1107; x_wconf 78' lang='lat' dir='ltr'><strong>benedicti</strong></span> <span class='ocrx_word' id='word_1_187' title='bbox 1331 1013 1500 1094; x_wconf 79' lang='lat' dir='ltr'><strong>Patris</strong></span> <span class='ocrx_word' id='word_1_188' title='bbox 1538 1032 1633 1087; x_wconf 85' lang='lat' dir='ltr'><strong>mei</strong></span> <span class='ocrx_word' id='word_1_189' title='bbox 1658 1072 1673 1096; x_wconf 93' lang='lat'><strong>,</strong></span> <span class='ocrx_word' id='word_1_190' title='bbox 1717 1025 1988 1082; x_wconf 81' lang='lat' dir='ltr'><strong>hereditate</strong></span> <span class='ocrx_word' id='word_1_191' title='bbox 2023 1013 2232 1084; x_wconf 78' lang='lat' dir='ltr'><strong>accipite</strong></span> 
     </span>
    </p>
   </div>
   <div class='ocr_carea' id='block_1_23' title="bbox 654 1103 2229 1226">
    <p class='ocr_par' dir='ltr' id='par_1_23' title="bbox 654 1103 2229 1226">
     <span class='ocr_line' id='line_1_27' title="bbox 654 1103 2229 1226; baseline -0.037 -15"><span class='ocrx_word' id='word_1_192' title='bbox 654 1169 866 1226; x_wconf 85' lang='lat' dir='ltr'><strong>regnum</strong></span> <span class='ocrx_word' id='word_1_193' title='bbox 888 1103 1118 1219; x_wconf 62' lang='lat' dir='ltr'><strong>partitum</strong></span> <span class='ocrx_word' id='word_1_194' title='bbox 1137 1138 1270 1194; x_wconf 87' lang='lat' dir='ltr'><strong>vobis</strong></span> <span class='ocrx_word' id='word_1_195' title='bbox 1282 1141 1396 1188; x_wconf 88' lang='lat' dir='ltr'><strong>ante</strong></span> <span class='ocrx_word' id='word_1_196' title='bbox 1413 1126 1814 1183; x_wconf 76' lang='lat' dir='ltr'><strong>constitutionem</strong></span> <span class='ocrx_word' id='word_1_197' title='bbox 1832 1111 2007 1168; x_wconf 87' lang='lat' dir='ltr'><strong>mundi</strong></span> <span class='ocrx_word' id='word_1_198' title='bbox 2019 1103 2229 1178; x_wconf 78' lang='lat' dir='ltr'><strong>(Matth.</strong></span> 
     </span>
    </p>
   </div>
   <div class='ocr_carea' id='block_1_24' title="bbox 655 1208 2234 1311">
    <p class='ocr_par' dir='ltr' id='par_1_24' title="bbox 655 1208 2234 1311">
     <span class='ocr_line' id='line_1_28' title="bbox 655 1208 2234 1311; baseline -0.035 -9"><span class='ocrx_word' id='word_1_199' title='bbox 774 1208 898 1311; x_wconf 54' lang='lat' dir='ltr'><strong>5t):</strong></span> <span class='ocrx_word' id='word_1_200' title='bbox 940 1233 1126 1291; x_wconf 73' lang='lat' dir='ltr'><strong>Vidisti</strong></span> <span class='ocrx_word' id='word_1_201' title='bbox 1180 1224 1430 1283; x_wconf 86' lang='lat' dir='ltr'><strong>bonitatis</strong></span> <span class='ocrx_word' id='word_1_202' title='bbox 1473 1210 1864 1274; x_wconf 77' lang='lat' dir='ltr'><strong>excellentiam,</strong></span> <span class='ocrx_word' id='word_1_203' title='bbox 1886 1208 2080 1275; x_wconf 89' lang='lat' dir='ltr'><strong>quanta</strong></span> <span class='ocrx_word' id='word_1_204' title='bbox 2103 1208 2234 1300; x_wconf 77' lang='lat' dir='ltr'><strong>erga</strong></span> 
     </span>
    </p>
   </div>
   <div class='ocr_carea' id='block_1_25' title="bbox 657 1286 2236 1398">
    <p class='ocr_par' dir='ltr' id='par_1_25' title="bbox 657 1286 2236 1398">
     <span class='ocr_line' id='line_1_29' title="bbox 657 1286 2236 1398; baseline -0.035 -7"><span class='ocrx_word' id='word_1_205' title='bbox 657 1286 897 1391; x_wconf 75' lang='lat' dir='ltr'><strong>nostrum</strong></span> <span class='ocrx_word' id='word_1_206' title='bbox 928 1338 1093 1398; x_wconf 86' lang='lat' dir='ltr'><strong>genus</strong></span> <span class='ocrx_word' id='word_1_207' title='bbox 1122 1316 1444 1387; x_wconf 77' lang='lat' dir='ltr'><strong>benignitate</strong></span> <span class='ocrx_word' id='word_1_208' title='bbox 1470 1321 1595 1363; x_wconf 91' lang='lat' dir='ltr'><strong>usus</strong></span> <span class='ocrx_word' id='word_1_209' title='bbox 1623 1303 1712 1364; x_wconf 87' lang='lat' dir='ltr'><strong>sit,</strong></span> <span class='ocrx_word' id='word_1_210' title='bbox 1740 1309 1798 1352; x_wconf 90' lang='lat' dir='ltr'><strong>ut</strong></span> <span class='ocrx_word' id='word_1_211' title='bbox 1842 1301 1898 1351; x_wconf 86' lang='lat' dir='ltr'><strong>et</strong></span> <span class='ocrx_word' id='word_1_212' title='bbox 1938 1301 2060 1347; x_wconf 91' lang='lat' dir='ltr'><strong>ante</strong></span> <span class='ocrx_word' id='word_1_213' title='bbox 2095 1286 2236 1356; x_wconf 83' lang='lat' dir='ltr'><strong>jacta</strong></span> 
     </span>
    </p>
   </div>
   <div class='ocr_carea' id='block_1_26' title="bbox 663 1379 2240 1480">
    <p class='ocr_par' dir='ltr' id='par_1_26' title="bbox 663 1379 2240 1480">
     <span class='ocr_line' id='line_1_30' title="bbox 663 1379 1275 1398; baseline -0.033 -7"><span class='ocrx_word' id='word_1_214' title='bbox 663 1379 897 1391; x_wconf 76' lang='grc' dir='ltr'>..υ--...---</span> <span class='ocrx_word' id='word_1_215' title='bbox 929 1379 1007 1398; x_wconf 46' lang='grc' dir='ltr'>σι</span> <span class='ocrx_word' id='word_1_216' title='bbox 1249 1379 1275 1387; x_wconf 80' lang='lat'>_</span> 
     </span>
     <span class='ocr_line' id='line_1_31' title="bbox 663 1379 2240 1480; baseline -0.035 1"><span class='ocrx_word' id='word_1_217' title='bbox 663 1423 1000 1480; x_wconf 84' lang='lat' dir='ltr'><strong>fundamenta</strong></span> <span class='ocrx_word' id='word_1_218' title='bbox 1042 1409 1226 1469; x_wconf 89' lang='lat' dir='ltr'><strong>mundi</strong></span> <span class='ocrx_word' id='word_1_219' title='bbox 1275 1403 1423 1460; x_wconf 88' lang='lat' dir='ltr'><strong>nobis</strong></span> <span class='ocrx_word' id='word_1_220' title='bbox 1467 1395 1616 1466; x_wconf 91' lang='lat' dir='ltr'><strong>regni</strong></span> <span class='ocrx_word' id='word_1_221' title='bbox 1656 1391 1905 1447; x_wconf 61' lang='lat' dir='ltr'><strong>caelorum</strong></span> <span class='ocrx_word' id='word_1_222' title='bbox 1937 1379 2240 1436; x_wconf 86' lang='lat' dir='ltr'><strong>l&#39;ruitionem</strong></span> 
     </span>
    </p>
   </div>
   <div class='ocr_carea' id='block_1_27' title="bbox 663 1465 2244 1585">
    <p class='ocr_par' dir='ltr' id='par_1_27' title="bbox 663 1465 2244 1585">
     <span class='ocr_line' id='line_1_32' title="bbox 663 1465 2244 1585; baseline -0.034 -15"><span class='ocrx_word' id='word_1_223' title='bbox 663 1523 965 1585; x_wconf 65' lang='lat' dir='ltr'><strong>praeparare</strong></span> <span class='ocrx_word' id='word_1_224' title='bbox 997 1506 1239 1573; x_wconf 84' lang='lat' dir='ltr'><strong>dignatus</strong></span> <span class='ocrx_word' id='word_1_225' title='bbox 1268 1493 1374 1551; x_wconf 87' lang='lat' dir='ltr'><strong>sit?</strong></span> <span class='ocrx_word' id='word_1_226' title='bbox 1404 1491 1560 1562; x_wconf 77' lang='lat' dir='ltr'><strong>Igitur</strong></span> <span class='ocrx_word' id='word_1_227' title='bbox 1587 1498 1653 1538; x_wconf 91' lang='lat' dir='ltr'><strong>ne</strong></span> <span class='ocrx_word' id='word_1_228' title='bbox 1695 1481 1862 1535; x_wconf 89' lang='lat' dir='ltr'><strong>simus</strong></span> <span class='ocrx_word' id='word_1_229' title='bbox 1894 1470 2118 1542; x_wconf 86' lang='lat' dir='ltr'><strong>ingrati,</strong></span> <span class='ocrx_word' id='word_1_230' title='bbox 2148 1465 2244 1520; x_wconf 80' lang='lat' dir='ltr'><strong>ob-</strong></span> 
     </span>
    </p>
   </div>
   <div class='ocr_carea' id='block_1_28' title="bbox 670 1563 2242 1666">
    <p class='ocr_par' dir='ltr' id='par_1_28' title="bbox 670 1563 2242 1666">
     <span class='ocr_line' id='line_1_33' title="bbox 670 1563 2242 1666; baseline -0.034 -6"><span class='ocrx_word' id='word_1_231' title='bbox 670 1563 1036 1666; x_wconf 54' lang='lat' dir='ltr'><strong>secr&#39;o,neque</strong></span> <span class='ocrx_word' id='word_1_232' title='bbox 1053 1591 1294 1658; x_wconf 87' lang='lat' dir='ltr'><strong>indignos</strong></span> <span class='ocrx_word' id='word_1_233' title='bbox 1316 1582 1504 1637; x_wconf 81' lang='lat' dir='ltr'><strong>talibus</strong></span> <span class='ocrx_word' id='word_1_234' title='bbox 1522 1590 1618 1631; x_wconf 90' lang='lat' dir='ltr'><strong>nos</strong></span> <span class='ocrx_word' id='word_1_235' title='bbox 1647 1569 1800 1626; x_wconf 90' lang='lat' dir='ltr'><strong>donis</strong></span> <span class='ocrx_word' id='word_1_236' title='bbox 1826 1563 2242 1621; x_wconf 85' lang='lat' dir='ltr'><strong>constituamus:</strong></span> 
     </span>
    </p>
   </div>
   <div class='ocr_carea' id='block_1_29' title="bbox 669 1649 2247 1758">
    <p class='ocr_par' dir='ltr' id='par_1_29' title="bbox 669 1649 2247 1758">
     <span class='ocr_line' id='line_1_34' title="bbox 669 1649 2247 1758; baseline -0.031 -9"><span class='ocrx_word' id='word_1_237' title='bbox 669 1692 762 1750; x_wconf 88' lang='lat' dir='ltr'><strong>sed</strong></span> <span class='ocrx_word' id='word_1_238' title='bbox 783 1649 1082 1758; x_wconf 67' lang='lat' dir='ltr'><strong>diligamus,</strong></span> <span class='ocrx_word' id='word_1_239' title='bbox 1113 1649 1368 1740; x_wconf 48' lang='lat' dir='ltr'><strong>utvdccet,</strong></span> <span class='ocrx_word' id='word_1_240' title='bbox 1400 1669 1677 1725; x_wconf 88' lang='lat' dir='ltr'><strong>Dominum</strong></span> <span class='ocrx_word' id='word_1_241' title='bbox 1708 1668 1979 1720; x_wconf 88' lang='lat' dir='ltr'><strong>nostrum,</strong></span> <span class='ocrx_word' id='word_1_242' title='bbox 2012 1649 2247 1717; x_wconf 84' lang='lat' dir='ltr'><strong>nihilque</strong></span> 
     </span>
    </p>
   </div>
   <div class='ocr_carea' id='block_1_30' title="bbox 671 1738 2249 1846">
    <p class='ocr_par' dir='ltr' id='par_1_30' title="bbox 671 1738 2249 1846">
     <span class='ocr_line' id='line_1_35' title="bbox 671 1738 2249 1846; baseline -0.032 -7"><span class='ocrx_word' id='word_1_243' title='bbox 671 1738 925 1839; x_wconf 66' lang='lat' dir='ltr'><strong>faciatsz</strong></span> <span class='ocrx_word' id='word_1_244' title='bbox 949 1738 1088 1846; x_wconf 79' lang='lat' dir='ltr'><strong>quod</strong></span> <span class='ocrx_word' id='word_1_245' title='bbox 1113 1771 1230 1839; x_wconf 89' lang='lat' dir='ltr'><strong>ejus</strong></span> <span class='ocrx_word' id='word_1_246' title='bbox 1255 1738 1378 1834; x_wconf 85' lang='lat' dir='ltr'><strong>erga</strong></span> <span class='ocrx_word' id='word_1_247' title='bbox 1403 1775 1498 1815; x_wconf 92' lang='lat' dir='ltr'><strong>nos</strong></span> <span class='ocrx_word' id='word_1_248' title='bbox 1519 1749 1943 1812; x_wconf 82' lang='lat' dir='ltr'><strong>benevolentiam</strong></span> <span class='ocrx_word' id='word_1_249' title='bbox 1974 1738 2249 1811; x_wconf 87' lang='lat' dir='ltr'><strong>impediat.</strong></span> 
     </span>
    </p>
   </div>
   <div class='ocr_carea' id='block_1_31' title="bbox 677 1829 2256 1931">
    <p class='ocr_par' dir='ltr' id='par_1_31' title="bbox 677 1829 2256 1931">
     <span class='ocr_line' id='line_1_36' title="bbox 677 1829 2256 1931; baseline -0.032 0"><span class='ocrx_word' id='word_1_250' title='bbox 677 1875 814 1931; x_wconf 77' lang='lat' dir='ltr'><strong>Num</strong></span> <span class='ocrx_word' id='word_1_251' title='bbox 843 1867 984 1924; x_wconf 91' lang='lat' dir='ltr'><strong>enim</strong></span> <span class='ocrx_word' id='word_1_252' title='bbox 1014 1878 1109 1919; x_wconf 89' lang='lat' dir='ltr'><strong>nos</strong></span> <span class='ocrx_word' id='word_1_253' title='bbox 1139 1859 1344 1930; x_wconf 87' lang='lat' dir='ltr'><strong>priores</strong></span> <span class='ocrx_word' id='word_1_254' title='bbox 1376 1865 1486 1907; x_wconf 89' lang='lat' dir='ltr'><strong>rem</strong></span> <span class='ocrx_word' id='word_1_255' title='bbox 1516 1848 1655 1902; x_wconf 85' lang='lat' dir='ltr'><strong>illam</strong></span> <span class='ocrx_word' id='word_1_256' title='bbox 1684 1835 1980 1910; x_wconf 65' lang='lat' dir='ltr'><strong>coepimus?</strong></span> <span class='ocrx_word' id='word_1_257' title='bbox 2010 1832 2121 1887; x_wconf 89' lang='lat' dir='ltr'><strong>lmo</strong></span> <span class='ocrx_word' id='word_1_258' title='bbox 2142 1829 2256 1899; x_wconf 87' lang='lat' dir='ltr'><strong>ipse</strong></span> 
     </span>
    </p>
   </div>
   <div class='ocr_carea' id='block_1_32' title="bbox 680 1930 2257 2036">
    <p class='ocr_par' dir='ltr' id='par_1_32' title="bbox 680 1930 2257 2036">
     <span class='ocr_line' id='line_1_37' title="bbox 680 1930 2257 2036; baseline -0.032 -16"><span class='ocrx_word' id='word_1_259' title='bbox 680 1967 826 2036; x_wconf 87' lang='lat' dir='ltr'><strong>prior</strong></span> <span class='ocrx_word' id='word_1_260' title='bbox 869 1970 1110 2028; x_wconf 82' lang='lat' dir='ltr'><strong>magnam</strong></span> <span class='ocrx_word' id='word_1_261' title='bbox 1141 1962 1194 2006; x_wconf 90' lang='lat' dir='ltr'><strong>et</strong></span> <span class='ocrx_word' id='word_1_262' title='bbox 1239 1940 1644 2002; x_wconf 88' lang='lat' dir='ltr'><strong>inenarrabilem</strong></span> <span class='ocrx_word' id='word_1_263' title='bbox 1673 1933 1945 1989; x_wconf 86' lang='lat' dir='ltr'><strong>caritatem</strong></span> <span class='ocrx_word' id='word_1_264' title='bbox 1993 1937 2116 1993; x_wconf 87' lang='lat' dir='ltr'><strong>erga</strong></span> <span class='ocrx_word' id='word_1_265' title='bbox 2159 1930 2257 1974; x_wconf 87' lang='lat' dir='ltr'><strong>nos</strong></span> 
     </span>
     <span class='ocr_line' id='line_1_38' title="bbox 1708 2009 2256 2036; baseline -0.024 9"><span class='ocrx_word' id='word_1_266' title='bbox 1708 2025 1721 2036; x_wconf 87' lang='lat'><strong>-</strong></span> <span class='ocrx_word' id='word_1_267' title='bbox 1856 2021 1867 2036; x_wconf 90' lang='lat'><strong><em>-</em></strong></span> <span class='ocrx_word' id='word_1_268' title='bbox 1918 2033 1954 2036; x_wconf 55' lang='grc' dir='ltr'>μ</span> <span class='ocrx_word' id='word_1_269' title='bbox 1994 2013 2144 2036; x_wconf 62' lang='grc' dir='ltr'><strong>1.---ι.</strong></span> <span class='ocrx_word' id='word_1_270' title='bbox 2213 2009 2256 2036; x_wconf 69' lang='lat'><strong>.:</strong></span> 
     </span>
    </p>
   </div>
   <div class='ocr_carea' id='block_1_33' title="bbox 682 2009 2258 2112">
    <p class='ocr_par' dir='ltr' id='par_1_33' title="bbox 682 2009 2258 2112">
     <span class='ocr_line' id='line_1_39' title="bbox 682 2009 2258 2112; baseline -0.03 -4"><span class='ocrx_word' id='word_1_271' title='bbox 682 2051 991 2109; x_wconf 71' lang='lat' dir='ltr'><strong>declaravit.</strong></span> <span class='ocrx_word' id='word_1_272' title='bbox 1039 2038 1315 2112; x_wconf 80' lang='lat' dir='ltr'><strong>Quomodo</strong></span> <span class='ocrx_word' id='word_1_273' title='bbox 1341 2036 1497 2106; x_wconf 80' lang='lat' dir='ltr'><strong>igitur</strong></span> <span class='ocrx_word' id='word_1_274' title='bbox 1525 2044 1628 2084; x_wconf 92' lang='lat' dir='ltr'><strong>non</strong></span> <span class='ocrx_word' id='word_1_275' title='bbox 1675 2021 1961 2079; x_wconf 79' lang='lat' dir='ltr'><strong>absurdum</strong></span> <span class='ocrx_word' id='word_1_276' title='bbox 1994 2013 2168 2074; x_wconf 78' lang='lat' dir='ltr'><strong>fuerit,</strong></span> <span class='ocrx_word' id='word_1_277' title='bbox 2213 2009 2258 2061; x_wconf 89' lang='lat' dir='ltr'><strong>si</strong></span> 
     </span>
    </p>
   </div>
   <div class='ocr_carea' id='block_1_34' title="bbox 2356 1620 3970 1696">
    <p class='ocr_par' dir='ltr' id='par_1_34' title="bbox 2356 1620 3970 1696">
     <span class='ocr_line' id='line_1_40' title="bbox 2356 1620 3970 1696; baseline -0.019 0"><span class='ocrx_word' id='word_1_278' title='bbox 2356 1643 2478 1696; x_wconf 90' lang='lat' dir='ltr'><strong>licet</strong></span> <span class='ocrx_word' id='word_1_279' title='bbox 2497 1651 2656 1693; x_wconf 85' lang='lat' dir='ltr'><strong>carne</strong></span> <span class='ocrx_word' id='word_1_280' title='bbox 2677 1632 3033 1690; x_wconf 87' lang='lat' dir='ltr'><strong>circumdatus</strong></span> <span class='ocrx_word' id='word_1_281' title='bbox 3055 1629 3177 1692; x_wconf 88' lang='lat' dir='ltr'><strong>sim,</strong></span> <span class='ocrx_word' id='word_1_282' title='bbox 3202 1620 3720 1688; x_wconf 88' lang='lat' dir='ltr'><strong>necessitatibusque</strong></span> <span class='ocrx_word' id='word_1_283' title='bbox 3745 1625 3970 1670; x_wconf 63' lang='lat' dir='ltr'><strong>natura</strong></span> 
     </span>
    </p>
   </div>
   <div class='ocr_carea' id='block_1_35' title="bbox 2357 1706 3965 1801">
    <p class='ocr_par' dir='ltr' id='par_1_35' title="bbox 2357 1706 3965 1801">
     <span class='ocr_line' id='line_1_41' title="bbox 2357 1706 3965 1801; baseline -0.019 -15"><span class='ocrx_word' id='word_1_284' title='bbox 2357 1732 2601 1801; x_wconf 85' lang='lat' dir='ltr'><strong>alligatus</strong></span> <span class='ocrx_word' id='word_1_285' title='bbox 2630 1744 2642 1779; x_wconf 87' lang='lat'><strong>:</strong></span> <span class='ocrx_word' id='word_1_286' title='bbox 2672 1726 2724 1780; x_wconf 92' lang='lat' dir='ltr'><strong>in</strong></span> <span class='ocrx_word' id='word_1_287' title='bbox 2759 1723 2862 1777; x_wconf 86' lang='lat' dir='ltr'><strong>lide</strong></span> <span class='ocrx_word' id='word_1_288' title='bbox 2906 1732 3080 1775; x_wconf 89' lang='lat' dir='ltr'><strong>tamen</strong></span> <span class='ocrx_word' id='word_1_289' title='bbox 3113 1718 3254 1780; x_wconf 86' lang='lat' dir='ltr'><strong>vivo,</strong></span> <span class='ocrx_word' id='word_1_290' title='bbox 3283 1728 3402 1782; x_wconf 69' lang='lat' dir='ltr'><strong>qum</strong></span> <span class='ocrx_word' id='word_1_291' title='bbox 3427 1719 3511 1766; x_wconf 85' lang='lat' dir='ltr'><strong>est</strong></span> <span class='ocrx_word' id='word_1_292' title='bbox 3547 1711 3602 1764; x_wconf 91' lang='lat' dir='ltr'><strong>in</strong></span> <span class='ocrx_word' id='word_1_293' title='bbox 3629 1706 3922 1762; x_wconf 77' lang='lat' dir='ltr'><strong>Christum</strong></span> <span class='ocrx_word' id='word_1_294' title='bbox 3950 1743 3965 1766; x_wconf 84' lang='lat'><strong>,</strong></span> 
     </span>
    </p>
   </div>
   <div class='ocr_carea' id='block_1_36' title="bbox 2360 1798 3971 1892">
    <p class='ocr_par' dir='ltr' id='par_1_36' title="bbox 2360 1798 3971 1892">
     <span class='ocr_line' id='line_1_42' title="bbox 2360 1798 3971 1892; baseline -0.02 -13"><span class='ocrx_word' id='word_1_295' title='bbox 2360 1823 2660 1892; x_wconf 89' lang='lat' dir='ltr'><strong>despiciens</strong></span> <span class='ocrx_word' id='word_1_296' title='bbox 2685 1817 2862 1872; x_wconf 88' lang='lat' dir='ltr'><strong>omnia</strong></span> <span class='ocrx_word' id='word_1_297' title='bbox 2889 1811 3188 1884; x_wconf 70' lang='lat' dir='ltr'><strong>prmsentia,</strong></span> <span class='ocrx_word' id='word_1_298' title='bbox 3216 1817 3270 1862; x_wconf 92' lang='lat' dir='ltr'><strong>et</strong></span> <span class='ocrx_word' id='word_1_299' title='bbox 3299 1820 3394 1875; x_wconf 88' lang='lat' dir='ltr'><strong>spe</strong></span> <span class='ocrx_word' id='word_1_300' title='bbox 3439 1818 3558 1872; x_wconf 80' lang='lat' dir='ltr'><strong>qua:</strong></span> <span class='ocrx_word' id='word_1_301' title='bbox 3590 1801 3642 1853; x_wconf 93' lang='lat' dir='ltr'><strong>in</strong></span> <span class='ocrx_word' id='word_1_302' title='bbox 3695 1798 3852 1853; x_wconf 89' lang='lat' dir='ltr'><strong>illum</strong></span> <span class='ocrx_word' id='word_1_303' title='bbox 3886 1805 3971 1850; x_wconf 73' lang='lat' dir='ltr'><strong>est</strong></span> 
     </span>
    </p>
   </div>
   <div class='ocr_carea' id='block_1_37' title="bbox 2362 1886 3972 1980">
    <p class='ocr_par' dir='ltr' id='par_1_37' title="bbox 2362 1886 3972 1980">
     <span class='ocr_line' id='line_1_43' title="bbox 2362 1886 3972 1980; baseline -0.019 -13"><span class='ocrx_word' id='word_1_304' title='bbox 2362 1911 2540 1966; x_wconf 83' lang='lat' dir='ltr'><strong>omnia</strong></span> <span class='ocrx_word' id='word_1_305' title='bbox 2571 1917 2984 1980; x_wconf 71' lang='lat' dir='ltr'><strong>praetercurrcns</strong></span> <span class='ocrx_word' id='word_1_306' title='bbox 3004 1944 3019 1964; x_wconf 91' lang='lat'><strong>,</strong></span> <span class='ocrx_word' id='word_1_307' title='bbox 3045 1901 3302 1956; x_wconf 90' lang='lat' dir='ltr'><strong>intentam</strong></span> <span class='ocrx_word' id='word_1_308' title='bbox 3334 1896 3385 1948; x_wconf 92' lang='lat' dir='ltr'><strong>in</strong></span> <span class='ocrx_word' id='word_1_309' title='bbox 3418 1893 3562 1946; x_wconf 90' lang='lat' dir='ltr'><strong>illum</strong></span> <span class='ocrx_word' id='word_1_310' title='bbox 3592 1899 3840 1944; x_wconf 80' lang='lat' dir='ltr'><strong>mentem</strong></span> <span class='ocrx_word' id='word_1_311' title='bbox 3874 1886 3972 1938; x_wconf 77' lang='lat' dir='ltr'><strong>ha-</strong></span> 
     </span>
    </p>
   </div>
   <div class='ocr_carea' id='block_1_38' title="bbox 2367 1977 4045 2067">
    <p class='ocr_par' dir='ltr' id='par_1_38' title="bbox 2367 1977 4045 2067">
     <span class='ocr_line' id='line_1_44' title="bbox 2367 1977 4045 2067; baseline -0.017 -10"><span class='ocrx_word' id='word_1_312' title='bbox 2367 2004 2485 2057; x_wconf 88' lang='lat' dir='ltr'><strong>beo.</strong></span> <span class='ocrx_word' id='word_1_313' title='bbox 2543 1977 2780 2067; x_wconf 79' lang='lat' dir='ltr'><strong>Denique</strong></span> <span class='ocrx_word' id='word_1_314' title='bbox 2829 2005 2887 2047; x_wconf 89' lang='lat' dir='ltr'><strong>ut</strong></span> <span class='ocrx_word' id='word_1_315' title='bbox 2925 1992 3102 2045; x_wconf 83' lang='lat' dir='ltr'><strong>discas</strong></span> <span class='ocrx_word' id='word_1_316' title='bbox 3141 1986 3509 2043; x_wconf 82' lang='lat' dir='ltr'><strong>excellentiam</strong></span> <span class='ocrx_word' id='word_1_317' title='bbox 3557 1980 3771 2035; x_wconf 88' lang='lat' dir='ltr'><strong>amoris</strong></span> <span class='ocrx_word' id='word_1_318' title='bbox 3813 1977 3972 2046; x_wconf 84' lang='lat' dir='ltr'><strong>ejus,</strong></span> <span class='ocrx_word' id='word_1_319' title='bbox 4044 2021 4045 2050; x_wconf 27' lang='grc' dir='ltr'><em>ξ</em></span> 
     </span>
    </p>
   </div>
   <div class='ocr_carea' id='block_1_39' title="bbox 2366 2067 4045 2158">
    <p class='ocr_par' dir='ltr' id='par_1_39' title="bbox 2366 2067 4045 2158">
     <span class='ocr_line' id='line_1_45' title="bbox 2366 2067 4045 2158; baseline -0.018 -10"><span class='ocrx_word' id='word_1_320' title='bbox 2366 2093 2497 2147; x_wconf 90' lang='lat' dir='ltr'><strong>dicit</strong></span> <span class='ocrx_word' id='word_1_321' title='bbox 2527 2110 2540 2147; x_wconf 75' lang='grc' dir='ltr'>ε</span> <span class='ocrx_word' id='word_1_322' title='bbox 2570 2088 2638 2144; x_wconf 80' lang='lat' dir='ltr'><strong>In</strong></span> <span class='ocrx_word' id='word_1_323' title='bbox 2663 2087 2766 2158; x_wconf 79' lang='lat' dir='ltr'><strong>ﬁde</strong></span> <span class='ocrx_word' id='word_1_324' title='bbox 2786 2086 2893 2138; x_wconf 74' lang='lat' dir='ltr'><strong>rivo</strong></span> <span class='ocrx_word' id='word_1_325' title='bbox 2926 2081 3052 2136; x_wconf 83' lang='lat' dir='ltr'><strong>Filii</strong></span> <span class='ocrx_word' id='word_1_326' title='bbox 3079 2078 3199 2144; x_wconf 91' lang='lat' dir='ltr'><strong>Dei,</strong></span> <span class='ocrx_word' id='word_1_327' title='bbox 3227 2078 3313 2149; x_wconf 69' lang='lat' dir='ltr'><strong>qui</strong></span> <span class='ocrx_word' id='word_1_328' title='bbox 3339 2092 3416 2130; x_wconf 88' lang='lat' dir='ltr'><strong>me</strong></span> <span class='ocrx_word' id='word_1_329' title='bbox 3441 2073 3642 2137; x_wconf 74' lang='lat' dir='ltr'><strong>dilexit,</strong></span> <span class='ocrx_word' id='word_1_330' title='bbox 3667 2080 3719 2123; x_wconf 85' lang='lat' dir='ltr'><strong>et</strong></span> <span class='ocrx_word' id='word_1_331' title='bbox 3753 2069 3978 2122; x_wconf 77' lang='lat' dir='ltr'><strong>tradidit</strong></span> <span class='ocrx_word' id='word_1_332' title='bbox 4044 2067 4045 2076; x_wconf 80' lang='lat'>‘</span> 
     </span>
    </p>
   </div>
   <div class='ocr_carea' id='block_1_40' title="bbox 2371 2156 3978 2248">
    <p class='ocr_par' dir='ltr' id='par_1_40' title="bbox 2371 2156 3978 2248">
     <span class='ocr_line' id='line_1_46' title="bbox 2371 2156 3978 2248; baseline -0.018 -10"><span class='ocrx_word' id='word_1_333' title='bbox 2371 2180 2691 2248; x_wconf 79' lang='lat' dir='ltr'><strong>seutetipsum</strong></span> <span class='ocrx_word' id='word_1_334' title='bbox 2740 2190 2832 2246; x_wconf 87' lang='lat' dir='ltr'><strong>pro</strong></span> <span class='ocrx_word' id='word_1_335' title='bbox 2875 2189 2972 2227; x_wconf 87' lang='lat' dir='ltr'><strong>me.</strong></span> <span class='ocrx_word' id='word_1_336' title='bbox 3027 2168 3318 2226; x_wconf 81' lang='lat' dir='ltr'><strong>Considera</strong></span> <span class='ocrx_word' id='word_1_337' title='bbox 3363 2178 3522 2235; x_wconf 87' lang='lat' dir='ltr'><strong>quam</strong></span> <span class='ocrx_word' id='word_1_338' title='bbox 3555 2160 3792 2230; x_wconf 87' lang='lat' dir='ltr'><strong>insignis</strong></span> <span class='ocrx_word' id='word_1_339' title='bbox 3838 2156 3978 2229; x_wconf 84' lang='lat' dir='ltr'><strong>grati</strong></span> 
     </span>
    </p>
   </div>
   <div class='ocr_carea' id='block_1_41' title="bbox 2371 2249 4045 2340">
    <p class='ocr_par' dir='ltr' id='par_1_41' title="bbox 2371 2249 4045 2340">
     <span class='ocr_line' id='line_1_47' title="bbox 2371 2249 4045 2340; baseline -0.018 -12"><span class='ocrx_word' id='word_1_340' title='bbox 2371 2274 2533 2328; x_wconf 88' lang='lat' dir='ltr'><strong>animi</strong></span> <span class='ocrx_word' id='word_1_341' title='bbox 2561 2266 2896 2340; x_wconf 88' lang='lat' dir='ltr'><strong>signiﬁcatio.</strong></span> <span class='ocrx_word' id='word_1_342' title='bbox 2945 2261 3082 2330; x_wconf 86' lang='lat' dir='ltr'><strong>Quid</strong></span> <span class='ocrx_word' id='word_1_343' title='bbox 3111 2259 3265 2320; x_wconf 91' lang='lat' dir='ltr'><strong>dicis,</strong></span> <span class='ocrx_word' id='word_1_344' title='bbox 3296 2272 3329 2312; x_wconf 94' lang='lat' dir='ltr'><strong>o</strong></span> <span class='ocrx_word' id='word_1_345' title='bbox 3365 2255 3523 2310; x_wconf 84' lang='lat' dir='ltr'><strong>beate</strong></span> <span class='ocrx_word' id='word_1_346' title='bbox 3567 2250 3780 2307; x_wconf 82' lang='lat' dir='ltr'><strong>Paule?</strong></span> <span class='ocrx_word' id='word_1_347' title='bbox 3811 2249 3983 2303; x_wconf 84' lang='lat' dir='ltr'><strong>Paulo</strong></span> <span class='ocrx_word' id='word_1_348' title='bbox 4044 2295 4045 2322; x_wconf 27' lang='lat'>1</span> 
     </span>
    </p>
   </div>
   <div class='ocr_carea' id='block_1_42' title="bbox 2373 2317 4045 2423">
    <p class='ocr_par' dir='ltr' id='par_1_42' title="bbox 2373 2317 4045 2423">
     <span class='ocr_line' id='line_1_48' title="bbox 2373 2317 4045 2423; baseline -0.02 -3"><span class='ocrx_word' id='word_1_349' title='bbox 2373 2373 2499 2420; x_wconf 68' lang='lat' dir='ltr'><strong>ante</strong></span> <span class='ocrx_word' id='word_1_350' title='bbox 2525 2317 3139 2423; x_wconf 57' lang='grc' dir='ltr'><strong>ἀίὲέὖξιῖίδιέίρῖορπεο</strong></span> <span class='ocrx_word' id='word_1_351' title='bbox 3174 2317 3311 2401; x_wconf 80' lang='lat' dir='ltr'><strong>Filio</strong></span> <span class='ocrx_word' id='word_1_352' title='bbox 3351 2361 3442 2400; x_wconf 84' lang='lat' dir='ltr'><strong>suo</strong></span> <span class='ocrx_word' id='word_1_353' title='bbox 3485 2359 3585 2396; x_wconf 82' lang='lat' dir='ltr'><strong>non</strong></span> <span class='ocrx_word' id='word_1_354' title='bbox 3608 2339 3869 2412; x_wconf 76' lang='lat' dir='ltr'><strong>pepercit,</strong></span> <span class='ocrx_word' id='word_1_355' title='bbox 3898 2336 3983 2391; x_wconf 78' lang='lat' dir='ltr'><strong>sed</strong></span> <span class='ocrx_word' id='word_1_356' title='bbox 4044 2317 4045 2322; x_wconf 52' lang='lat'>‘</span> 
     </span>
    </p>
   </div>
   <div class='ocr_carea' id='block_1_43' title="bbox 2377 2413 4045 2525">
    <p class='ocr_par' dir='ltr' id='par_1_43' title="bbox 2377 2413 4045 2525">
     <span class='ocr_line' id='line_1_49' title="bbox 2377 2413 4045 2525; baseline -0.019 -16"><span class='ocrx_word' id='word_1_357' title='bbox 2377 2413 2635 2525; x_wconf 46' lang='lat' dir='ltr'><strong>pro&#39;nobis</strong></span> <span class='ocrx_word' id='word_1_358' title='bbox 2661 2413 2888 2502; x_wconf 68' lang='lat' dir='ltr'><strong>omniqu</strong></span> <span class='ocrx_word' id='word_1_359' title='bbox 2918 2413 3126 2496; x_wconf 74' lang='lat' dir='ltr'><strong>tradidit</strong></span> <span class='ocrx_word' id='word_1_360' title='bbox 3154 2455 3264 2492; x_wconf 78' lang='lat' dir='ltr'><strong>eum</strong></span> <span class='ocrx_word' id='word_1_361' title='bbox 3287 2435 3463 2507; x_wconf 83' lang='lat' dir='ltr'><strong>(Rom.</strong></span> <span class='ocrx_word' id='word_1_362' title='bbox 3494 2430 3669 2502; x_wconf 64' lang='grc'><strong>8.·52)</strong></span> <span class='ocrx_word' id='word_1_363' title='bbox 3704 2447 3719 2483; x_wconf 87' lang='lat'><strong>:</strong></span> <span class='ocrx_word' id='word_1_364' title='bbox 3751 2438 3808 2484; x_wconf 85' lang='lat' dir='ltr'><strong>et</strong></span> <span class='ocrx_word' id='word_1_365' title='bbox 3843 2442 3984 2480; x_wconf 75' lang='lat' dir='ltr'><strong>nunc</strong></span> <span class='ocrx_word' id='word_1_366' title='bbox 4044 2413 4045 2416; x_wconf 9' lang='grc' dir='ltr'><strong>η</strong></span> 
     </span>
    </p>
   </div>
   <div class='ocr_carea' id='block_1_44' title="bbox 2379 2519 4045 2609">
    <p class='ocr_par' dir='ltr' id='par_1_44' title="bbox 2379 2519 4045 2609">
     <span class='ocr_line' id='line_1_50' title="bbox 2379 2519 4045 2609; baseline -0.02 -8"><span class='ocrx_word' id='word_1_367' title='bbox 2379 2519 2531 2609; x_wconf 77' lang='lat' dir='ltr'><strong>dit-is,</strong></span> <span class='ocrx_word' id='word_1_368' title='bbox 2581 2543 2681 2607; x_wconf 86' lang='lat' dir='ltr'><strong>Qui</strong></span> <span class='ocrx_word' id='word_1_369' title='bbox 2711 2539 2886 2593; x_wconf 65' lang='lat' dir='ltr'><strong>dilexit</strong></span> <span class='ocrx_word' id='word_1_370' title='bbox 2931 2551 3008 2588; x_wconf 85' lang='lat' dir='ltr'><strong>me</strong></span> <span class='ocrx_word' id='word_1_371' title='bbox 3042 2551 3060 2588; x_wconf 93' lang='lat'><strong><em>:</em></strong></span> <span class='ocrx_word' id='word_1_372' title='bbox 3115 2542 3274 2601; x_wconf 88' lang='lat' dir='ltr'><strong>atque</strong></span> <span class='ocrx_word' id='word_1_373' title='bbox 3304 2537 3359 2582; x_wconf 88' lang='lat' dir='ltr'><strong>ut</strong></span> <span class='ocrx_word' id='word_1_374' title='bbox 3407 2525 3679 2598; x_wconf 87' lang='lat' dir='ltr'><strong>proprium</strong></span> <span class='ocrx_word' id='word_1_375' title='bbox 3738 2519 3988 2590; x_wconf 78' lang='lat' dir='ltr'><strong>appellas</strong></span> <span class='ocrx_word' id='word_1_376' title='bbox 4044 2575 4045 2606; x_wconf 18' lang='grc' dir='ltr'>χ</span> 
     </span>
    </p>
   </div>
   <div class='ocr_carea' id='block_1_45' title="bbox 2381 2609 4045 2693">
    <p class='ocr_par' dir='ltr' id='par_1_45' title="bbox 2381 2609 4045 2693">
     <span class='ocr_line' id='line_1_51' title="bbox 2381 2609 4045 2693; baseline -0.02 0"><span class='ocrx_word' id='word_1_377' title='bbox 2381 2649 2660 2693; x_wconf 78' lang='lat' dir='ltr'><strong>Commune</strong></span> <span class='ocrx_word' id='word_1_378' title='bbox 2697 2626 3055 2685; x_wconf 87' lang='lat' dir='ltr'><strong>beneﬁcium?</strong></span> <span class='ocrx_word' id='word_1_379' title='bbox 3098 2623 3294 2686; x_wconf 71' lang='lat' dir='ltr'><strong>Etiam,</strong></span> <span class='ocrx_word' id='word_1_380' title='bbox 3324 2618 3533 2686; x_wconf 89' lang='lat' dir='ltr'><strong>inquit:</strong></span> <span class='ocrx_word' id='word_1_381' title='bbox 3565 2629 3686 2668; x_wconf 85' lang='lat' dir='ltr'><strong>nam</strong></span> <span class='ocrx_word' id='word_1_382' title='bbox 3723 2612 3858 2666; x_wconf 81' lang='lat' dir='ltr'><strong>licet</strong></span> <span class='ocrx_word' id='word_1_383' title='bbox 3897 2623 3988 2678; x_wconf 87' lang='lat' dir='ltr'><strong>pro</strong></span> 
     </span>
    </p>
   </div>
   <div class='ocr_carea' id='block_1_46' title="bbox 2385 2704 4045 2790">
    <p class='ocr_par' dir='ltr' id='par_1_46' title="bbox 2385 2704 4045 2790">
     <span class='ocr_line' id='line_1_52' title="bbox 2385 2704 4045 2790; baseline -0.02 -6"><span class='ocrx_word' id='word_1_384' title='bbox 2385 2728 2530 2785; x_wconf 87' lang='lat' dir='ltr'><strong>omni</strong></span> <span class='ocrx_word' id='word_1_385' title='bbox 2559 2726 2833 2780; x_wconf 90' lang='lat' dir='ltr'><strong>hominum</strong></span> <span class='ocrx_word' id='word_1_386' title='bbox 2867 2733 3064 2790; x_wconf 85' lang='lat' dir='ltr'><strong>genere</strong></span> <span class='ocrx_word' id='word_1_387' title='bbox 3089 2713 3406 2770; x_wconf 88' lang='lat' dir='ltr'><strong>sacriﬁcium</strong></span> <span class='ocrx_word' id='word_1_388' title='bbox 3431 2709 3498 2764; x_wconf 88' lang='lat' dir='ltr'><strong>ab</strong></span> <span class='ocrx_word' id='word_1_389' title='bbox 3525 2723 3590 2762; x_wconf 89' lang='lat' dir='ltr'><strong>eo</strong></span> <span class='ocrx_word' id='word_1_390' title='bbox 3618 2705 3689 2759; x_wconf 86' lang='lat' dir='ltr'><strong>sit</strong></span> <span class='ocrx_word' id='word_1_391' title='bbox 3713 2704 3988 2760; x_wconf 80' lang='lat' dir='ltr'><strong>oblatum,</strong></span> <span class='ocrx_word' id='word_1_392' title='bbox 4044 2713 4045 2762; x_wconf 38' lang='grc' dir='ltr'>ξ</span> 
     </span>
     <span class='ocr_line' id='line_1_53' title="bbox 4044 2769 4045 2790; baseline 0 0"><span class='ocrx_word' id='word_1_393' title='bbox 4044 2769 4045 2790; x_wconf 59' lang='grc' dir='ltr'>ι</span> 
     </span>
    </p>
   </div>
   <div class='ocr_carea' id='block_1_47' title="bbox 2387 2769 4045 2887">
    <p class='ocr_par' dir='ltr' id='par_1_47' title="bbox 2387 2769 4045 2887">
     <span class='ocr_line' id='line_1_54' title="bbox 2387 2769 4045 2887; baseline -0.019 -12"><span class='ocrx_word' id='word_1_394' title='bbox 2387 2832 2559 2875; x_wconf 85' lang='lat' dir='ltr'><strong>tamen</strong></span> <span class='ocrx_word' id='word_1_395' title='bbox 2588 2823 2802 2887; x_wconf 82' lang='lat' dir='ltr'><strong>propter</strong></span> <span class='ocrx_word' id='word_1_396' title='bbox 2829 2825 3065 2865; x_wconf 83' lang='lat' dir='ltr'><strong>amorem</strong></span> <span class='ocrx_word' id='word_1_397' title='bbox 3100 2808 3150 2859; x_wconf 92' lang='lat' dir='ltr'><strong>in</strong></span> <span class='ocrx_word' id='word_1_398' title='bbox 3178 2820 3297 2860; x_wconf 86' lang='lat' dir='ltr'><strong>eum</strong></span> <span class='ocrx_word' id='word_1_399' title='bbox 3324 2845 3339 2867; x_wconf 91' lang='lat'><strong>,</strong></span> <span class='ocrx_word' id='word_1_400' title='bbox 3386 2800 3436 2856; x_wconf 91' lang='lat' dir='ltr'><strong>id</strong></span> <span class='ocrx_word' id='word_1_401' title='bbox 3481 2797 3622 2870; x_wconf 80' lang='lat' dir='ltr'><strong>quod</strong></span> <span class='ocrx_word' id='word_1_402' title='bbox 3667 2794 3881 2850; x_wconf 83' lang='lat' dir='ltr'><strong>factum</strong></span> <span class='ocrx_word' id='word_1_403' title='bbox 3917 2803 3992 2847; x_wconf 82' lang='lat' dir='ltr'><strong>est</strong></span> <span class='ocrx_word' id='word_1_404' title='bbox 4043 2819 4045 2887; x_wconf 30' lang='grc' dir='ltr'>ψ</span> 
     </span>
    </p>
   </div>
   <div class='ocr_carea' id='block_1_48' title="bbox 2392 2887 3995 2982">
    <p class='ocr_par' dir='ltr' id='par_1_48' title="bbox 2392 2887 3995 2982">
     <span class='ocr_line' id='line_1_55' title="bbox 2392 2887 3995 2982; baseline -0.014 -22"><span class='ocrx_word' id='word_1_405' title='bbox 2392 2912 2658 2982; x_wconf 68' lang='lat' dir='ltr'><strong>primi-inin</strong></span> <span class='ocrx_word' id='word_1_406' title='bbox 2690 2903 2816 2959; x_wconf 88' lang='lat' dir='ltr'><strong>mihi</strong></span> <span class='ocrx_word' id='word_1_407' title='bbox 2845 2902 2999 2956; x_wconf 78' lang='lat' dir='ltr'><strong>iacio.</strong></span> <span class='ocrx_word' id='word_1_408' title='bbox 3029 2900 3100 2953; x_wconf 92' lang='lat' dir='ltr'><strong>Ita</strong></span> <span class='ocrx_word' id='word_1_409' title='bbox 3132 2909 3184 2952; x_wconf 88' lang='lat' dir='ltr'><strong>et</strong></span> <span class='ocrx_word' id='word_1_410' title='bbox 3215 2893 3490 2965; x_wconf 86' lang='lat' dir='ltr'><strong>prophetis</strong></span> <span class='ocrx_word' id='word_1_411' title='bbox 3533 2904 3651 2945; x_wconf 88' lang='lat' dir='ltr'><strong>mos</strong></span> <span class='ocrx_word' id='word_1_412' title='bbox 3676 2897 3765 2943; x_wconf 89' lang='lat' dir='ltr'><strong>est</strong></span> <span class='ocrx_word' id='word_1_413' title='bbox 3812 2887 3995 2942; x_wconf 65' lang='lat' dir='ltr'><strong>facere</strong></span> 
     </span>
    </p>
   </div>
   <div class='ocr_carea' id='block_1_49' title="bbox 2393 2961 4045 3076">
    <p class='ocr_par' dir='ltr' id='par_1_49' title="bbox 2393 2961 4045 3076">
     <span class='ocr_line' id='line_1_56' title="bbox 2393 2961 4045 3076; baseline -0.017 -20"><span class='ocrx_word' id='word_1_414' title='bbox 2393 2961 2442 3056; x_wconf 66' lang='lat' dir='ltr'><strong>et</strong></span> <span class='ocrx_word' id='word_1_415' title='bbox 2473 2961 2651 3053; x_wconf 76' lang='lat' dir='ltr'><strong>dicere</strong></span> <span class='ocrx_word' id='word_1_416' title='bbox 2681 3015 2691 3048; x_wconf 90' lang='lat'><strong>:</strong></span> <span class='ocrx_word' id='word_1_417' title='bbox 2727 2995 2864 3050; x_wconf 89' lang='lat' dir='ltr'><strong>Deus</strong></span> <span class='ocrx_word' id='word_1_418' title='bbox 2898 2993 3032 3045; x_wconf 85' lang='lat' dir='ltr'><strong>Deus</strong></span> <span class='ocrx_word' id='word_1_419' title='bbox 3057 3005 3194 3065; x_wconf 82' lang='lat' dir='ltr'><strong>meus</strong></span> <span class='ocrx_word' id='word_1_420' title='bbox 3217 2961 3562 3060; x_wconf 75' lang='lat' dir='ltr'><strong>(Psal.21.et</strong></span> <span class='ocrx_word' id='word_1_421' title='bbox 3599 2980 3722 3035; x_wconf 81' lang='lat' dir='ltr'><strong>H7.</strong></span> <span class='ocrx_word' id='word_1_422' title='bbox 3761 2987 3810 3032; x_wconf 78' lang='lat' dir='ltr'><strong>et</strong></span> <span class='ocrx_word' id='word_1_423' title='bbox 3843 2977 3992 3040; x_wconf 73' lang='lat' dir='ltr'><strong>Mi):</strong></span> 
     </span>
    </p>
   </div>
   <div class='ocr_carea' id='block_1_50' title="bbox 689 2099 2261 2208">
    <p class='ocr_par' dir='ltr' id='par_1_50' title="bbox 689 2099 2261 2208">
     <span class='ocr_line' id='line_1_57' title="bbox 689 2099 2261 2208; baseline -0.031 -8"><span class='ocrx_word' id='word_1_424' title='bbox 689 2160 815 2199; x_wconf 88' lang='lat' dir='ltr'><strong>cum</strong></span> <span class='ocrx_word' id='word_1_425' title='bbox 857 2139 945 2208; x_wconf 86' lang='lat' dir='ltr'><strong>qui</strong></span> <span class='ocrx_word' id='word_1_426' title='bbox 991 2151 1088 2190; x_wconf 87' lang='lat' dir='ltr'><strong>nos</strong></span> <span class='ocrx_word' id='word_1_427' title='bbox 1114 2134 1188 2186; x_wconf 86' lang='lat' dir='ltr'><strong>sic</strong></span> <span class='ocrx_word' id='word_1_428' title='bbox 1215 2126 1397 2184; x_wconf 81' lang='lat' dir='ltr'><strong>dilexit</strong></span> <span class='ocrx_word' id='word_1_429' title='bbox 1443 2136 1546 2176; x_wconf 91' lang='lat' dir='ltr'><strong>non</strong></span> <span class='ocrx_word' id='word_1_430' title='bbox 1592 2116 1869 2184; x_wconf 82' lang='lat' dir='ltr'><strong>diligamus</strong></span> <span class='ocrx_word' id='word_1_431' title='bbox 1911 2106 2034 2161; x_wconf 86' lang='lat' dir='ltr'><strong>totis</strong></span> <span class='ocrx_word' id='word_1_432' title='bbox 2062 2099 2261 2156; x_wconf 81' lang='lat' dir='ltr'><strong>viribus</strong></span> 
     </span>
    </p>
   </div>
   <div class='ocr_carea' id='block_1_51' title="bbox 692 2191 2264 2295">
    <p class='ocr_par' dir='ltr' id='par_1_51' title="bbox 692 2191 2264 2295">
     <span class='ocr_line' id='line_1_58' title="bbox 692 2191 2264 2295; baseline -0.028 -7"><span class='ocrx_word' id='word_1_433' title='bbox 692 2229 929 2288; x_wconf 79' lang='lat' dir='ltr'><strong>nostris?</strong></span> <span class='ocrx_word' id='word_1_434' title='bbox 960 2226 1074 2295; x_wconf 83' lang='lat' dir='ltr'><strong>Ipse</strong></span> <span class='ocrx_word' id='word_1_435' title='bbox 1102 2229 1318 2293; x_wconf 85' lang='lat' dir='ltr'><strong>propter</strong></span> <span class='ocrx_word' id='word_1_436' title='bbox 1342 2228 1488 2270; x_wconf 89' lang='lat' dir='ltr'><strong>suam</strong></span> <span class='ocrx_word' id='word_1_437' title='bbox 1514 2223 1636 2278; x_wconf 86' lang='lat' dir='ltr'><strong>erga</strong></span> <span class='ocrx_word' id='word_1_438' title='bbox 1669 2219 1766 2260; x_wconf 91' lang='lat' dir='ltr'><strong>nos</strong></span> <span class='ocrx_word' id='word_1_439' title='bbox 1793 2201 2065 2256; x_wconf 80' lang='lat' dir='ltr'><strong>caritatem</strong></span> <span class='ocrx_word' id='word_1_440' title='bbox 2087 2191 2264 2248; x_wconf 82' lang='lat' dir='ltr'><strong>omnia</strong></span> 
     </span>
    </p>
   </div>
   <div class='ocr_carea' id='block_1_52' title="bbox 613 2286 2267 2386">
    <p class='ocr_par' dir='ltr' id='par_1_52' title="bbox 613 2286 2267 2386">
     <span class='ocr_line' id='line_1_59' title="bbox 613 2286 2267 2386; baseline -0.027 -8"><span class='ocrx_word' id='word_1_441' title='bbox 689 2337 809 2376; x_wconf 88' lang='lat' dir='ltr'><strong>cum</strong></span> <span class='ocrx_word' id='word_1_442' title='bbox 838 2318 1105 2386; x_wconf 77' lang='lat' dir='ltr'><strong>voluptate</strong></span> <span class='ocrx_word' id='word_1_443' title='bbox 1144 2306 1392 2364; x_wconf 86' lang='lat' dir='ltr'><strong>sustinuit</strong></span> <span class='ocrx_word' id='word_1_444' title='bbox 1416 2321 1428 2356; x_wconf 82' lang='lat'><strong>:</strong></span> <span class='ocrx_word' id='word_1_445' title='bbox 1467 2310 1521 2354; x_wconf 91' lang='lat' dir='ltr'><strong>et</strong></span> <span class='ocrx_word' id='word_1_446' title='bbox 1549 2314 1613 2352; x_wconf 81' lang='lat' dir='ltr'><strong>ex</strong></span> <span class='ocrx_word' id='word_1_447' title='bbox 1643 2297 1756 2365; x_wconf 88' lang='lat' dir='ltr'><strong>ipso</strong></span> <span class='ocrx_word' id='word_1_448' title='bbox 1781 2302 2001 2361; x_wconf 88' lang='lat' dir='ltr'><strong>paterno</strong></span> <span class='ocrx_word' id='word_1_449' title='bbox 2027 2286 2145 2340; x_wconf 88' lang='lat' dir='ltr'><strong>sinu</strong></span> <span class='ocrx_word' id='word_1_450' title='bbox 2173 2296 2267 2336; x_wconf 83' lang='lat' dir='ltr'><strong>ex-</strong></span> 
     </span>
    </p>
   </div>
   <div class='ocr_carea' id='block_1_53' title="bbox 692 2374 2265 2473">
    <p class='ocr_par' dir='ltr' id='par_1_53' title="bbox 692 2374 2265 2473">
     <span class='ocr_line' id='line_1_60' title="bbox 692 2374 2265 2473; baseline -0.028 -5"><span class='ocrx_word' id='word_1_451' title='bbox 692 2415 895 2473; x_wconf 85' lang='lat' dir='ltr'><strong>siliens,</strong></span> <span class='ocrx_word' id='word_1_452' title='bbox 926 2418 980 2463; x_wconf 87' lang='lat' dir='ltr'><strong>ut</strong></span> <span class='ocrx_word' id='word_1_453' title='bbox 1010 2409 1078 2460; x_wconf 92' lang='lat' dir='ltr'><strong>ita</strong></span> <span class='ocrx_word' id='word_1_454' title='bbox 1107 2404 1301 2463; x_wconf 91' lang='lat' dir='ltr'><strong>dicam,</strong></span> <span class='ocrx_word' id='word_1_455' title='bbox 1348 2395 1484 2451; x_wconf 85' lang='lat' dir='ltr'><strong>servi</strong></span> <span class='ocrx_word' id='word_1_456' title='bbox 1526 2393 1746 2446; x_wconf 76' lang='lat' dir='ltr'><strong>formant</strong></span> <span class='ocrx_word' id='word_1_457' title='bbox 1789 2394 2058 2438; x_wconf 82' lang='lat' dir='ltr'><strong>assumere</strong></span> <span class='ocrx_word' id='word_1_458' title='bbox 2084 2374 2265 2438; x_wconf 89' lang='lat' dir='ltr'><strong>voluit,</strong></span> 
     </span>
    </p>
   </div>
   <div class='ocr_carea' id='block_1_54' title="bbox 699 2471 2270 2574">
    <p class='ocr_par' dir='ltr' id='par_1_54' title="bbox 699 2471 2270 2574">
     <span class='ocr_line' id='line_1_61' title="bbox 699 2471 2270 2574; baseline -0.025 -16"><span class='ocrx_word' id='word_1_459' title='bbox 699 2520 790 2574; x_wconf 87' lang='lat' dir='ltr'><strong>per</strong></span> <span class='ocrx_word' id='word_1_460' title='bbox 821 2503 1047 2555; x_wconf 86' lang='lat' dir='ltr'><strong>lmmana</strong></span> <span class='ocrx_word' id='word_1_461' title='bbox 1070 2493 1242 2548; x_wconf 83' lang='lat' dir='ltr'><strong>otnnia</strong></span> <span class='ocrx_word' id='word_1_462' title='bbox 1273 2488 1497 2544; x_wconf 84' lang='lat' dir='ltr'><strong>transire</strong></span> <span class='ocrx_word' id='word_1_463' title='bbox 1522 2526 1536 2548; x_wconf 93' lang='lat'><strong>,</strong></span> <span class='ocrx_word' id='word_1_464' title='bbox 1567 2491 1619 2537; x_wconf 89' lang='lat' dir='ltr'><strong>et</strong></span> <span class='ocrx_word' id='word_1_465' title='bbox 1649 2478 1786 2534; x_wconf 80' lang='lat' dir='ltr'><strong>ferre</strong></span> <span class='ocrx_word' id='word_1_466' title='bbox 1810 2492 1837 2529; x_wconf 92' lang='lat' dir='ltr'><strong>a</strong></span> <span class='ocrx_word' id='word_1_467' title='bbox 1867 2471 2060 2529; x_wconf 62' lang='lat' dir='ltr'><strong>iudicis</strong></span> <span class='ocrx_word' id='word_1_468' title='bbox 2080 2475 2270 2522; x_wconf 81' lang='lat' dir='ltr'><strong>contu-</strong></span> 
     </span>
    </p>
   </div>
   <div class='ocr_carea' id='block_1_55' title="bbox 698 2567 2270 2658">
    <p class='ocr_par' dir='ltr' id='par_1_55' title="bbox 698 2567 2270 2658">
     <span class='ocr_line' id='line_1_62' title="bbox 698 2567 2270 2658; baseline -0.027 -7"><span class='ocrx_word' id='word_1_469' title='bbox 698 2597 883 2652; x_wconf 84' lang='lat' dir='ltr'><strong>melias</strong></span> <span class='ocrx_word' id='word_1_470' title='bbox 913 2601 966 2646; x_wconf 93' lang='lat' dir='ltr'><strong>et</strong></span> <span class='ocrx_word' id='word_1_471' title='bbox 987 2585 1289 2658; x_wconf 68' lang='lat' dir='ltr'><strong>Opprohria,</strong></span> <span class='ocrx_word' id='word_1_472' title='bbox 1321 2580 1549 2646; x_wconf 88' lang='lat' dir='ltr'><strong>denique</strong></span> <span class='ocrx_word' id='word_1_473' title='bbox 1585 2581 1639 2628; x_wconf 89' lang='lat' dir='ltr'><strong>et</strong></span> <span class='ocrx_word' id='word_1_474' title='bbox 1676 2582 1909 2627; x_wconf 87' lang='lat' dir='ltr'><strong>crucem.</strong></span> <span class='ocrx_word' id='word_1_475' title='bbox 1947 2578 2006 2617; x_wconf 88' lang='lat' dir='ltr'><strong>ac</strong></span> <span class='ocrx_word' id='word_1_476' title='bbox 2042 2567 2270 2615; x_wconf 89' lang='lat' dir='ltr'><strong>mortem</strong></span> 
     </span>
    </p>
   </div>
   <div class='ocr_carea' id='block_1_56' title="bbox 702 2655 2279 2757">
    <p class='ocr_par' dir='ltr' id='par_1_56' title="bbox 702 2655 2279 2757">
     <span class='ocr_line' id='line_1_63' title="bbox 702 2655 2279 2757; baseline -0.028 -14"><span class='ocrx_word' id='word_1_477' title='bbox 702 2679 1285 2757; x_wconf 82' lang='lat' dir='ltr'><strong>iguominiosissimam,</strong></span> <span class='ocrx_word' id='word_1_478' title='bbox 1320 2680 1376 2724; x_wconf 91' lang='lat' dir='ltr'><strong>ut</strong></span> <span class='ocrx_word' id='word_1_479' title='bbox 1399 2683 1496 2723; x_wconf 88' lang='lat' dir='ltr'><strong>nos</strong></span> <span class='ocrx_word' id='word_1_480' title='bbox 1525 2665 1614 2736; x_wconf 90' lang='lat' dir='ltr'><strong>qui</strong></span> <span class='ocrx_word' id='word_1_481' title='bbox 1656 2661 1800 2716; x_wconf 90' lang='lat' dir='ltr'><strong>humi</strong></span> <span class='ocrx_word' id='word_1_482' title='bbox 1830 2655 2198 2714; x_wconf 90' lang='lat' dir='ltr'><strong>trahebamur,</strong></span> <span class='ocrx_word' id='word_1_483' title='bbox 2224 2656 2279 2702; x_wconf 93' lang='lat' dir='ltr'><strong>et</strong></span> 
     </span>
    </p>
   </div>
   <div class='ocr_carea' id='block_1_57' title="bbox 701 2749 2276 2843">
    <p class='ocr_par' dir='ltr' id='par_1_57' title="bbox 701 2749 2276 2843">
     <span class='ocr_line' id='line_1_64' title="bbox 701 2749 2276 2843; baseline -0.029 -8"><span class='ocrx_word' id='word_1_484' title='bbox 701 2777 919 2835; x_wconf 87' lang='lat' dir='ltr'><strong>inlinitis</strong></span> <span class='ocrx_word' id='word_1_485' title='bbox 943 2777 1278 2843; x_wconf 83' lang='lat' dir='ltr'><strong>peccatorum</strong></span> <span class='ocrx_word' id='word_1_486' title='bbox 1307 2759 1527 2818; x_wconf 83' lang='lat' dir='ltr'><strong>sarcinis</strong></span> <span class='ocrx_word' id='word_1_487' title='bbox 1552 2752 1792 2825; x_wconf 88' lang='lat' dir='ltr'><strong>oppressi</strong></span> <span class='ocrx_word' id='word_1_488' title='bbox 1821 2760 2053 2808; x_wconf 84' lang='lat' dir='ltr'><strong>eramus,</strong></span> <span class='ocrx_word' id='word_1_489' title='bbox 2100 2749 2276 2795; x_wconf 88' lang='lat' dir='ltr'><strong>nostra</strong></span> 
     </span>
    </p>
   </div>
   <div class='ocr_carea' id='block_1_58' title="bbox 702 2838 2278 2926">
    <p class='ocr_par' dir='ltr' id='par_1_58' title="bbox 702 2838 2278 2926">
     <span class='ocr_line' id='line_1_65' title="bbox 702 2838 2278 2926; baseline -0.03 0"><span class='ocrx_word' id='word_1_490' title='bbox 702 2873 755 2926; x_wconf 91' lang='lat' dir='ltr'><strong>in</strong></span> <span class='ocrx_word' id='word_1_491' title='bbox 781 2885 841 2924; x_wconf 89' lang='lat' dir='ltr'><strong>sc</strong></span> <span class='ocrx_word' id='word_1_492' title='bbox 869 2867 970 2920; x_wconf 85' lang='lat' dir='ltr'><strong>lide</strong></span> <span class='ocrx_word' id='word_1_493' title='bbox 989 2862 1186 2918; x_wconf 82' lang='lat' dir='ltr'><strong>liberos</strong></span> <span class='ocrx_word' id='word_1_494' title='bbox 1211 2855 1428 2909; x_wconf 83' lang='lat' dir='ltr'><strong>laceret.</strong></span> <span class='ocrx_word' id='word_1_495' title='bbox 1463 2849 1586 2903; x_wconf 67' lang='lat' dir='ltr'><strong>llarc</strong></span> <span class='ocrx_word' id='word_1_496' title='bbox 1614 2845 1754 2899; x_wconf 89' lang='lat' dir='ltr'><strong>enim</strong></span> <span class='ocrx_word' id='word_1_497' title='bbox 1779 2838 1952 2894; x_wconf 86' lang='lat' dir='ltr'><strong>omnia</strong></span> <span class='ocrx_word' id='word_1_498' title='bbox 1987 2841 2164 2888; x_wconf 89' lang='lat' dir='ltr'><strong>mente</strong></span> <span class='ocrx_word' id='word_1_499' title='bbox 2192 2843 2278 2882; x_wconf 69' lang='lat' dir='ltr'><strong>reo</strong></span> 
     </span>
    </p>
   </div>
   <div class='ocr_carea' id='block_1_59' title="bbox 705 2927 2283 3027">
    <p class='ocr_par' dir='ltr' id='par_1_59' title="bbox 705 2927 2283 3027">
     <span class='ocr_line' id='line_1_66' title="bbox 705 2927 2283 3027; baseline -0.027 -15"><span class='ocrx_word' id='word_1_500' title='bbox 705 2958 942 3027; x_wconf 82' lang='lat' dir='ltr'><strong>cogitans</strong></span> <span class='ocrx_word' id='word_1_501' title='bbox 968 2952 1151 3005; x_wconf 84' lang='lat' dir='ltr'><strong>beatus</strong></span> <span class='ocrx_word' id='word_1_502' title='bbox 1192 2943 1385 2999; x_wconf 79' lang='lat' dir='ltr'><strong>Paulus</strong></span> <span class='ocrx_word' id='word_1_503' title='bbox 1409 2981 1423 3004; x_wconf 90' lang='lat'><strong>,</strong></span> <span class='ocrx_word' id='word_1_504' title='bbox 1457 2935 1688 2992; x_wconf 79' lang='lat' dir='ltr'><strong>fervidus</strong></span> <span class='ocrx_word' id='word_1_505' title='bbox 1712 2928 1909 2985; x_wconf 86' lang='lat' dir='ltr'><strong>Christi</strong></span> <span class='ocrx_word' id='word_1_506' title='bbox 1943 2929 2148 2978; x_wconf 85' lang='lat' dir='ltr'><strong>amator</strong></span> <span class='ocrx_word' id='word_1_507' title='bbox 2171 2959 2186 2983; x_wconf 94' lang='lat'><strong>,</strong></span> <span class='ocrx_word' id='word_1_508' title='bbox 2230 2927 2283 2969; x_wconf 81' lang='lat' dir='ltr'><strong>et</strong></span> 
     </span>
    </p>
   </div>
   <div class='ocr_carea' id='block_1_60' title="bbox 707 3015 2287 3117">
    <p class='ocr_par' dir='ltr' id='par_1_60' title="bbox 707 3015 2287 3117">
     <span class='ocr_line' id='line_1_67' title="bbox 707 3015 2287 3117; baseline -0.026 -16"><span class='ocrx_word' id='word_1_509' title='bbox 707 3045 856 3117; x_wconf 72' lang='lat' dir='ltr'><strong>quasi</strong></span> <span class='ocrx_word' id='word_1_510' title='bbox 871 3045 1038 3097; x_wconf 84' lang='lat' dir='ltr'><strong>alatus</strong></span> <span class='ocrx_word' id='word_1_511' title='bbox 1055 3039 1358 3091; x_wconf 85' lang='lat' dir='ltr'><strong>universum</strong></span> <span class='ocrx_word' id='word_1_512' title='bbox 1380 3031 1562 3084; x_wconf 86' lang='lat' dir='ltr'><strong>orbem</strong></span> <span class='ocrx_word' id='word_1_513' title='bbox 1577 3015 1978 3095; x_wconf 82' lang='lat' dir='ltr'><strong>peragrans,qui</strong></span> <span class='ocrx_word' id='word_1_514' title='bbox 1994 3016 2045 3068; x_wconf 93' lang='lat' dir='ltr'><strong>in</strong></span> <span class='ocrx_word' id='word_1_515' title='bbox 2064 3022 2287 3080; x_wconf 86' lang='lat' dir='ltr'><strong>corpore</strong></span> 
     </span>
    </p>
   </div>
   <div class='ocr_carea' id='block_1_61' title="bbox 709 3106 2291 3207">
    <p class='ocr_par' dir='ltr' id='par_1_61' title="bbox 709 3106 2291 3207">
     <span class='ocr_line' id='line_1_68' title="bbox 709 3106 2291 3207; baseline -0.025 -14"><span class='ocrx_word' id='word_1_516' title='bbox 709 3157 826 3207; x_wconf 83' lang='lat' dir='ltr'><strong>qna.-</strong></span> <span class='ocrx_word' id='word_1_517' title='bbox 844 3138 1272 3202; x_wconf 84' lang='lat' dir='ltr'><strong>incorporearum</strong></span> <span class='ocrx_word' id='word_1_518' title='bbox 1293 3133 1594 3178; x_wconf 84' lang='lat' dir='ltr'><strong>naturarum</strong></span> <span class='ocrx_word' id='word_1_519' title='bbox 1621 3113 1827 3185; x_wconf 90' lang='lat' dir='ltr'><strong>propria</strong></span> <span class='ocrx_word' id='word_1_520' title='bbox 1848 3116 1972 3165; x_wconf 88' lang='lat' dir='ltr'><strong>sunt</strong></span> <span class='ocrx_word' id='word_1_521' title='bbox 1988 3106 2158 3159; x_wconf 78' lang='lat' dir='ltr'><strong>facere</strong></span> <span class='ocrx_word' id='word_1_522' title='bbox 2174 3109 2291 3156; x_wconf 81' lang='lat' dir='ltr'><strong>stu-</strong></span> 
     </span>
    </p>
   </div>
   <div class='ocr_carea' id='block_1_62' title="bbox 711 3195 2292 3288">
    <p class='ocr_par' dir='ltr' id='par_1_62' title="bbox 711 3195 2292 3288">
     <span class='ocr_line' id='line_1_69' title="bbox 711 3195 2292 3288; baseline -0.026 -5"><span class='ocrx_word' id='word_1_523' title='bbox 711 3195 892 3288; x_wconf 80' lang='lat' dir='ltr'><strong>debat,</strong></span> <span class='ocrx_word' id='word_1_524' title='bbox 915 3195 1176 3276; x_wconf 72' lang='lat' dir='ltr'><strong>clainahat</strong></span> <span class='ocrx_word' id='word_1_525' title='bbox 1195 3216 1405 3269; x_wconf 89' lang='lat' dir='ltr'><strong>dicens:</strong></span> <span class='ocrx_word' id='word_1_526' title='bbox 1424 3209 1624 3266; x_wconf 86' lang='lat' dir='ltr'><strong>Caritas</strong></span> <span class='ocrx_word' id='word_1_527' title='bbox 1649 3206 1779 3258; x_wconf 87' lang='lat' dir='ltr'><strong>enim</strong></span> <span class='ocrx_word' id='word_1_528' title='bbox 1800 3197 1984 3256; x_wconf 87' lang='lat' dir='ltr'><strong>Christi</strong></span> <span class='ocrx_word' id='word_1_529' title='bbox 2001 3195 2183 3249; x_wconf 75' lang='lat' dir='ltr'><strong>detinet</strong></span> <span class='ocrx_word' id='word_1_530' title='bbox 2202 3205 2292 3244; x_wconf 83' lang='lat' dir='ltr'><strong>nos</strong></span> 
     </span>
    </p>
   </div>
   <div class='ocr_carea' id='block_1_63' title="bbox 717 3283 2292 3389">
    <p class='ocr_par' dir='ltr' id='par_1_63' title="bbox 717 3283 2292 3389">
     <span class='ocr_line' id='line_1_70' title="bbox 717 3283 2292 3389; baseline -0.026 -16"><span class='ocrx_word' id='word_1_531' title='bbox 717 3318 792 3389; x_wconf 73' lang='lat'><strong>(2.</strong></span> <span class='ocrx_word' id='word_1_532' title='bbox 821 3283 935 3369; x_wconf 79' lang='lat' dir='ltr'><strong>Cor.</strong></span> <span class='ocrx_word' id='word_1_533' title='bbox 956 3313 1007 3367; x_wconf 80' lang='lat'><strong>5.</strong></span> <span class='ocrx_word' id='word_1_534' title='bbox 1033 3310 1142 3378; x_wconf 71' lang='grc'><strong>14).</strong></span> <span class='ocrx_word' id='word_1_535' title='bbox 1171 3305 1299 3360; x_wconf 81' lang='lat' dir='ltr'><strong>Vide</strong></span> <span class='ocrx_word' id='word_1_536' title='bbox 1316 3300 1652 3373; x_wconf 88' lang='lat' dir='ltr'><strong>probitatem,</strong></span> <span class='ocrx_word' id='word_1_537' title='bbox 1676 3293 1793 3347; x_wconf 87' lang='lat' dir='ltr'><strong>vide</strong></span> <span class='ocrx_word' id='word_1_538' title='bbox 1805 3288 2011 3345; x_wconf 91' lang='lat' dir='ltr'><strong>virtutis</strong></span> <span class='ocrx_word' id='word_1_539' title='bbox 2026 3283 2292 3340; x_wconf 82' lang='lat' dir='ltr'><strong>excellen-</strong></span> 
     </span>
    </p>
   </div>
   <div class='ocr_carea' id='block_1_64' title="bbox 719 3376 2294 3473">
    <p class='ocr_par' dir='ltr' id='par_1_64' title="bbox 719 3376 2294 3473">
     <span class='ocr_line' id='line_1_71' title="bbox 719 3376 2294 3473; baseline -0.026 -9"><span class='ocrx_word' id='word_1_540' title='bbox 719 3413 843 3464; x_wconf 88' lang='lat' dir='ltr'><strong>tiam</strong></span> <span class='ocrx_word' id='word_1_541' title='bbox 854 3406 990 3473; x_wconf 79' lang='lat' dir='ltr'><strong>,vide</strong></span> <span class='ocrx_word' id='word_1_542' title='bbox 1007 3405 1293 3457; x_wconf 78' lang='lat' dir='ltr'><strong>ferventem</strong></span> <span class='ocrx_word' id='word_1_543' title='bbox 1308 3406 1564 3449; x_wconf 85' lang='lat' dir='ltr'><strong>amorem.</strong></span> <span class='ocrx_word' id='word_1_544' title='bbox 1581 3387 1776 3442; x_wconf 87' lang='lat' dir='ltr'><strong>Caritas</strong></span> <span class='ocrx_word' id='word_1_545' title='bbox 1791 3379 1975 3438; x_wconf 75' lang='lat' dir='ltr'><strong>Christi</strong></span> <span class='ocrx_word' id='word_1_546' title='bbox 1988 3376 2170 3431; x_wconf 85' lang='lat' dir='ltr'><strong>detinet</strong></span> <span class='ocrx_word' id='word_1_547' title='bbox 2183 3385 2294 3426; x_wconf 89' lang='lat' dir='ltr'><strong>nos:</strong></span> 
     </span>
    </p>
   </div>
   <div class='ocr_carea' id='block_1_65' title="bbox 721 3466 2298 3561">
    <p class='ocr_par' dir='ltr' id='par_1_65' title="bbox 721 3466 2298 3561">
     <span class='ocr_line' id='line_1_72' title="bbox 721 3466 2298 3561; baseline -0.024 -7"><span class='ocrx_word' id='word_1_548' title='bbox 721 3503 822 3554; x_wconf 89' lang='lat' dir='ltr'><strong>hoc</strong></span> <span class='ocrx_word' id='word_1_549' title='bbox 835 3506 936 3561; x_wconf 88' lang='lat' dir='ltr'><strong>est,</strong></span> <span class='ocrx_word' id='word_1_550' title='bbox 958 3491 1246 3560; x_wconf 83' lang='lat' dir='ltr'><strong>compellit,</strong></span> <span class='ocrx_word' id='word_1_551' title='bbox 1269 3484 1430 3554; x_wconf 82' lang='lat' dir='ltr'><strong>cogit,</strong></span> <span class='ocrx_word' id='word_1_552' title='bbox 1451 3480 1699 3536; x_wconf 89' lang='lat' dir='ltr'><strong>concitat.</strong></span> <span class='ocrx_word' id='word_1_553' title='bbox 1720 3472 1916 3529; x_wconf 89' lang='lat' dir='ltr'><strong>Deinde</strong></span> <span class='ocrx_word' id='word_1_554' title='bbox 1933 3469 2112 3523; x_wconf 87' lang='lat' dir='ltr'><strong>volens</strong></span> <span class='ocrx_word' id='word_1_555' title='bbox 2135 3466 2298 3520; x_wconf 82' lang='lat' dir='ltr'><strong>inter-</strong></span> 
     </span>
    </p>
   </div>
   <div class='ocr_carea' id='block_1_66' title="bbox 730 3556 2295 3662">
    <p class='ocr_par' dir='ltr' id='par_1_66' title="bbox 730 3556 2295 3662">
     <span class='ocr_line' id='line_1_73' title="bbox 730 3556 2295 3662; baseline -0.026 -17"><span class='ocrx_word' id='word_1_556' title='bbox 730 3589 924 3662; x_wconf 70' lang='lat' dir='ltr'><strong>pretari</strong></span> <span class='ocrx_word' id='word_1_557' title='bbox 951 3556 1094 3655; x_wconf 90' lang='lat' dir='ltr'><strong>quod</strong></span> <span class='ocrx_word' id='word_1_558' title='bbox 1114 3598 1138 3633; x_wconf 88' lang='lat' dir='ltr'><strong>a</strong></span> <span class='ocrx_word' id='word_1_559' title='bbox 1164 3595 1222 3633; x_wconf 89' lang='lat' dir='ltr'><strong>se</strong></span> <span class='ocrx_word' id='word_1_560' title='bbox 1247 3577 1444 3632; x_wconf 89' lang='lat' dir='ltr'><strong>dictum</strong></span> <span class='ocrx_word' id='word_1_561' title='bbox 1476 3579 1611 3636; x_wconf 90' lang='lat' dir='ltr'><strong>erat,</strong></span> <span class='ocrx_word' id='word_1_562' title='bbox 1635 3565 1837 3662; x_wconf 39' lang='lat' dir='ltr'><strong>inquist:</strong></span> <span class='ocrx_word' id='word_1_563' title='bbox 1865 3561 2161 3615; x_wconf 85' lang='lat' dir='ltr'><strong>Judicantes</strong></span> <span class='ocrx_word' id='word_1_564' title='bbox 2184 3556 2295 3618; x_wconf 84' lang='lat' dir='ltr'><strong>hoc,</strong></span> 
     </span>
    </p>
   </div>
   <div class='ocr_carea' id='block_1_67' title="bbox 729 3634 2301 3748">
    <p class='ocr_par' dir='ltr' id='par_1_67' title="bbox 729 3634 2301 3748">
     <span class='ocr_line' id='line_1_74' title="bbox 733 3634 1722 3662; baseline -0.024 -3"><span class='ocrx_word' id='word_1_565' title='bbox 733 3634 924 3662; x_wconf 61' lang='lat' dir='ltr'><strong>|&quot;v-“--</strong></span> <span class='ocrx_word' id='word_1_566' title='bbox 955 3634 1087 3655; x_wconf 49' lang='lat' dir='ltr'><strong>1—vr</strong></span> <span class='ocrx_word' id='word_1_567' title='bbox 1597 3634 1605 3636; x_wconf 55' lang='grc'><strong>.</strong></span> <span class='ocrx_word' id='word_1_568' title='bbox 1717 3634 1722 3635; x_wconf 63' lang='lat'><strong><em>,</em></strong></span> 
     </span>
     <span class='ocr_line' id='line_1_75' title="bbox 729 3634 2301 3748; baseline -0.024 -15"><span class='ocrx_word' id='word_1_569' title='bbox 729 3679 963 3748; x_wconf 85' lang='lat' dir='ltr'><strong>qucniam</strong></span> <span class='ocrx_word' id='word_1_570' title='bbox 998 3674 1041 3727; x_wconf 86' lang='lat' dir='ltr'><strong>si</strong></span> <span class='ocrx_word' id='word_1_571' title='bbox 1072 3687 1201 3725; x_wconf 86' lang='lat' dir='ltr'><strong>unus</strong></span> <span class='ocrx_word' id='word_1_572' title='bbox 1229 3682 1319 3739; x_wconf 89' lang='lat' dir='ltr'><strong>pro</strong></span> <span class='ocrx_word' id='word_1_573' title='bbox 1348 3662 1577 3719; x_wconf 82' lang='lat' dir='ltr'><strong>omnibus</strong></span> <span class='ocrx_word' id='word_1_574' title='bbox 1603 3634 1827 3711; x_wconf 66' lang='lat' dir='ltr'><strong>mortuus</strong></span> <span class='ocrx_word' id='word_1_575' title='bbox 1843 3662 1910 3707; x_wconf 90' lang='lat' dir='ltr'><strong>est</strong></span> <span class='ocrx_word' id='word_1_576' title='bbox 1932 3692 1946 3715; x_wconf 94' lang='lat'><strong>,</strong></span> <span class='ocrx_word' id='word_1_577' title='bbox 1981 3664 2097 3720; x_wconf 87' lang='lat' dir='ltr'><strong>ergo</strong></span> <span class='ocrx_word' id='word_1_578' title='bbox 2132 3661 2301 3700; x_wconf 87' lang='lat' dir='ltr'><strong>omnes</strong></span> 
     </span>
    </p>
   </div>
   <div class='ocr_carea' id='block_1_68' title="bbox 728 3739 2304 3829">
    <p class='ocr_par' dir='ltr' id='par_1_68' title="bbox 728 3739 2304 3829">
     <span class='ocr_line' id='line_1_76' title="bbox 728 3739 2304 3829; baseline -0.024 -5"><span class='ocrx_word' id='word_1_579' title='bbox 728 3768 907 3823; x_wconf 84' lang='lat' dir='ltr'><strong>mortui</strong></span> <span class='ocrx_word' id='word_1_580' title='bbox 934 3773 1067 3820; x_wconf 85' lang='lat' dir='ltr'><strong>sunt.</strong></span> <span class='ocrx_word' id='word_1_581' title='bbox 1105 3760 1172 3815; x_wconf 84' lang='lat' dir='ltr'><strong>Et</strong></span> <span class='ocrx_word' id='word_1_582' title='bbox 1208 3773 1296 3829; x_wconf 86' lang='lat' dir='ltr'><strong>pro</strong></span> <span class='ocrx_word' id='word_1_583' title='bbox 1326 3753 1550 3808; x_wconf 87' lang='lat' dir='ltr'><strong>omnibus</strong></span> <span class='ocrx_word' id='word_1_584' title='bbox 1579 3757 1802 3804; x_wconf 85' lang='lat' dir='ltr'><strong>mortuus</strong></span> <span class='ocrx_word' id='word_1_585' title='bbox 1831 3753 1924 3806; x_wconf 86' lang='lat' dir='ltr'><strong>est,</strong></span> <span class='ocrx_word' id='word_1_586' title='bbox 1945 3750 1998 3793; x_wconf 88' lang='lat' dir='ltr'><strong>ut</strong></span> <span class='ocrx_word' id='word_1_587' title='bbox 2019 3750 2063 3794; x_wconf 92' lang='lat' dir='ltr'><strong>et</strong></span> <span class='ocrx_word' id='word_1_588' title='bbox 2094 3739 2304 3792; x_wconf 76' lang='lat' dir='ltr'><strong>uiuentes</strong></span> 
     </span>
    </p>
   </div>
   <div class='ocr_carea' id='block_1_69' title="bbox 731 3833 2306 3930">
    <p class='ocr_par' dir='ltr' id='par_1_69' title="bbox 731 3833 2306 3930">
     <span class='ocr_line' id='line_1_77' title="bbox 731 3833 2306 3930; baseline -0.024 -16"><span class='ocrx_word' id='word_1_589' title='bbox 731 3860 936 3930; x_wconf 80' lang='lat' dir='ltr'><strong>posthac</strong></span> <span class='ocrx_word' id='word_1_590' title='bbox 953 3871 1051 3909; x_wconf 89' lang='lat' dir='ltr'><strong>non</strong></span> <span class='ocrx_word' id='word_1_591' title='bbox 1069 3849 1286 3915; x_wconf 85' lang='lat' dir='ltr'><strong>sibiipsis</strong></span> <span class='ocrx_word' id='word_1_592' title='bbox 1307 3847 1467 3900; x_wconf 81' lang='lat' dir='ltr'><strong>vivant</strong></span> <span class='ocrx_word' id='word_1_593' title='bbox 1487 3881 1502 3906; x_wconf 94' lang='lat'><strong>,</strong></span> <span class='ocrx_word' id='word_1_594' title='bbox 1525 3840 1611 3894; x_wconf 86' lang='lat' dir='ltr'><strong>sed</strong></span> <span class='ocrx_word' id='word_1_595' title='bbox 1627 3838 1702 3891; x_wconf 84' lang='lat' dir='ltr'><strong>illi</strong></span> <span class='ocrx_word' id='word_1_596' title='bbox 1714 3837 1796 3904; x_wconf 91' lang='lat' dir='ltr'><strong>qui</strong></span> <span class='ocrx_word' id='word_1_597' title='bbox 1814 3849 1902 3902; x_wconf 85' lang='lat' dir='ltr'><strong>pro</strong></span> <span class='ocrx_word' id='word_1_598' title='bbox 1919 3833 1989 3885; x_wconf 89' lang='lat' dir='ltr'><strong>eis</strong></span> <span class='ocrx_word' id='word_1_599' title='bbox 2001 3840 2223 3883; x_wconf 87' lang='lat' dir='ltr'><strong>mortuus</strong></span> <span class='ocrx_word' id='word_1_600' title='bbox 2235 3834 2306 3878; x_wconf 87' lang='lat' dir='ltr'><strong>est</strong></span> 
     </span>
    </p>
   </div>
   <div class='ocr_carea' id='block_1_70' title="bbox 733 3917 2305 4013">
    <p class='ocr_par' dir='ltr' id='par_1_70' title="bbox 733 3917 2305 4013">
     <span class='ocr_line' id='line_1_78' title="bbox 733 3917 2305 4013; baseline -0.024 -8"><span class='ocrx_word' id='word_1_601' title='bbox 733 3917 776 4005; x_wconf 67' lang='lat' dir='ltr'><strong>et</strong></span> <span class='ocrx_word' id='word_1_602' title='bbox 818 3935 1470 4013; x_wconf 70' lang='lat' dir='ltr'><strong>rcsurrexit(lbid.o.15).</strong></span> <span class='ocrx_word' id='word_1_603' title='bbox 1523 3922 2132 3996; x_wconf 80' lang='lat' dir='ltr'><strong>Vidistiquomodojnre</strong></span> <span class='ocrx_word' id='word_1_604' title='bbox 2155 3917 2305 3980; x_wconf 90' lang='lat' dir='ltr'><strong>dixit,</strong></span> 
     </span>
    </p>
   </div>
   <div class='ocr_carea' id='block_1_71' title="bbox 735 4007 2309 4095">
    <p class='ocr_par' dir='ltr' id='par_1_71' title="bbox 735 4007 2309 4095">
     <span class='ocr_line' id='line_1_79' title="bbox 735 4007 2309 4095; baseline -0.024 0"><span class='ocrx_word' id='word_1_605' title='bbox 735 4042 930 4095; x_wconf 80' lang='lat' dir='ltr'><strong>Detinet</strong></span> <span class='ocrx_word' id='word_1_606' title='bbox 955 4052 1043 4089; x_wconf 88' lang='lat' dir='ltr'><strong>nos</strong></span> <span class='ocrx_word' id='word_1_607' title='bbox 1069 4034 1254 4086; x_wconf 87' lang='lat' dir='ltr'><strong>caritas</strong></span> <span class='ocrx_word' id='word_1_608' title='bbox 1280 4025 1500 4082; x_wconf 76' lang='lat' dir='ltr'><strong>Christi?</strong></span> <span class='ocrx_word' id='word_1_609' title='bbox 1528 4023 1582 4078; x_wconf 92' lang='lat' dir='ltr'><strong>Si</strong></span> <span class='ocrx_word' id='word_1_610' title='bbox 1614 4019 1755 4075; x_wconf 76' lang='lat' dir='ltr'><strong>enim</strong></span> <span class='ocrx_word' id='word_1_611' title='bbox 1794 4030 1887 4085; x_wconf 93' lang='lat' dir='ltr'><strong>pro</strong></span> <span class='ocrx_word' id='word_1_612' title='bbox 1921 4012 2093 4073; x_wconf 86' lang='lat' dir='ltr'><strong>nobis,</strong></span> <span class='ocrx_word' id='word_1_613' title='bbox 2121 4007 2309 4078; x_wconf 87' lang='lat' dir='ltr'><strong>inquit,</strong></span> 
     </span>
    </p>
   </div>
   <div class='ocr_carea' id='block_1_72' title="bbox 735 4109 2312 4186">
    <p class='ocr_par' dir='ltr' id='par_1_72' title="bbox 735 4109 2312 4186">
     <span class='ocr_line' id='line_1_80' title="bbox 735 4109 2312 4186; baseline -0.022 0"><span class='ocrx_word' id='word_1_614' title='bbox 735 4132 978 4186; x_wconf 83' lang='lat' dir='ltr'><strong>omnibus</strong></span> <span class='ocrx_word' id='word_1_615' title='bbox 1004 4134 1243 4180; x_wconf 86' lang='lat' dir='ltr'><strong>mortuus</strong></span> <span class='ocrx_word' id='word_1_616' title='bbox 1264 4129 1364 4184; x_wconf 85' lang='lat' dir='ltr'><strong>est,</strong></span> <span class='ocrx_word' id='word_1_617' title='bbox 1395 4123 1608 4186; x_wconf 82' lang='lat' dir='ltr'><strong>prepter</strong></span> <span class='ocrx_word' id='word_1_618' title='bbox 1628 4112 1728 4164; x_wconf 87' lang='lat' dir='ltr'><strong>hoc</strong></span> <span class='ocrx_word' id='word_1_619' title='bbox 1745 4117 1982 4161; x_wconf 88' lang='lat' dir='ltr'><strong>mortuus</strong></span> <span class='ocrx_word' id='word_1_620' title='bbox 1999 4111 2101 4169; x_wconf 89' lang='lat' dir='ltr'><strong>est,</strong></span> <span class='ocrx_word' id='word_1_621' title='bbox 2128 4109 2186 4154; x_wconf 89' lang='lat' dir='ltr'><strong>ut</strong></span> <span class='ocrx_word' id='word_1_622' title='bbox 2216 4111 2312 4153; x_wconf 88' lang='lat' dir='ltr'><strong>nos</strong></span> 
     </span>
    </p>
   </div>
   <div class='ocr_carea' id='block_1_73' title="bbox 740 4189 2314 4287">
    <p class='ocr_par' dir='ltr' id='par_1_73' title="bbox 740 4189 2314 4287">
     <span class='ocr_line' id='line_1_81' title="bbox 740 4189 2314 4287; baseline -0.02 -13"><span class='ocrx_word' id='word_1_623' title='bbox 740 4225 976 4276; x_wconf 75' lang='lat' dir='ltr'><strong>viventes</strong></span> <span class='ocrx_word' id='word_1_624' title='bbox 1005 4215 1224 4287; x_wconf 88' lang='lat' dir='ltr'><strong>posthac</strong></span> <span class='ocrx_word' id='word_1_625' title='bbox 1250 4225 1352 4265; x_wconf 92' lang='lat' dir='ltr'><strong>non</strong></span> <span class='ocrx_word' id='word_1_626' title='bbox 1381 4207 1532 4263; x_wconf 87' lang='lat' dir='ltr'><strong>nobis</strong></span> <span class='ocrx_word' id='word_1_627' title='bbox 1559 4203 1686 4274; x_wconf 84' lang='lat' dir='ltr'><strong>ipsis</strong></span> <span class='ocrx_word' id='word_1_628' title='bbox 1712 4201 1952 4255; x_wconf 84' lang='lat' dir='ltr'><strong>vivamus</strong></span> <span class='ocrx_word' id='word_1_629' title='bbox 1972 4237 1986 4260; x_wconf 93' lang='lat'><strong>,</strong></span> <span class='ocrx_word' id='word_1_630' title='bbox 2016 4194 2108 4248; x_wconf 89' lang='lat' dir='ltr'><strong>sed</strong></span> <span class='ocrx_word' id='word_1_631' title='bbox 2148 4192 2194 4247; x_wconf 89' lang='lat' dir='ltr'><strong>ei</strong></span> <span class='ocrx_word' id='word_1_632' title='bbox 2226 4189 2314 4260; x_wconf 89' lang='lat' dir='ltr'><strong>qtti</strong></span> 
     </span>
    </p>
   </div>
   <div class='ocr_carea' id='block_1_74' title="bbox 741 4282 2318 4384">
    <p class='ocr_par' dir='ltr' id='par_1_74' title="bbox 741 4282 2318 4384">
     <span class='ocr_line' id='line_1_82' title="bbox 741 4282 2318 4384; baseline -0.021 -18"><span class='ocrx_word' id='word_1_633' title='bbox 741 4331 839 4384; x_wconf 89' lang='lat' dir='ltr'><strong>pro</strong></span> <span class='ocrx_word' id='word_1_634' title='bbox 865 4311 1018 4366; x_wconf 89' lang='lat' dir='ltr'><strong>nobis</strong></span> <span class='ocrx_word' id='word_1_635' title='bbox 1045 4315 1284 4362; x_wconf 89' lang='lat' dir='ltr'><strong>mortuus</strong></span> <span class='ocrx_word' id='word_1_636' title='bbox 1327 4309 1406 4355; x_wconf 87' lang='lat' dir='ltr'><strong>est</strong></span> <span class='ocrx_word' id='word_1_637' title='bbox 1434 4307 1487 4353; x_wconf 90' lang='lat' dir='ltr'><strong>et</strong></span> <span class='ocrx_word' id='word_1_638' title='bbox 1515 4293 1816 4351; x_wconf 80' lang='lat' dir='ltr'><strong>resurrexit.</strong></span> <span class='ocrx_word' id='word_1_639' title='bbox 1871 4286 2203 4356; x_wconf 83' lang='lat' dir='ltr'><strong>Aecipiamus</strong></span> <span class='ocrx_word' id='word_1_640' title='bbox 2230 4282 2318 4350; x_wconf 86' lang='lat' dir='ltr'><strong>igi-</strong></span> 
     </span>
    </p>
   </div>
   <div class='ocr_carea' id='block_1_75' title="bbox 750 4373 2316 4470">
    <p class='ocr_par' dir='ltr' id='par_1_75' title="bbox 750 4373 2316 4470">
     <span class='ocr_line' id='line_1_83' title="bbox 750 4373 2316 4470; baseline -0.022 -12"><span class='ocrx_word' id='word_1_641' title='bbox 750 4415 834 4457; x_wconf 91' lang='lat' dir='ltr'><strong>tur</strong></span> <span class='ocrx_word' id='word_1_642' title='bbox 880 4398 1221 4470; x_wconf 88' lang='lat' dir='ltr'><strong>apostolicam</strong></span> <span class='ocrx_word' id='word_1_643' title='bbox 1267 4388 1719 4448; x_wconf 89' lang='lat' dir='ltr'><strong>admonitionem,</strong></span> <span class='ocrx_word' id='word_1_644' title='bbox 1751 4390 1804 4435; x_wconf 90' lang='lat' dir='ltr'><strong>et</strong></span> <span class='ocrx_word' id='word_1_645' title='bbox 1852 4395 1955 4431; x_wconf 92' lang='lat' dir='ltr'><strong>non</strong></span> <span class='ocrx_word' id='word_1_646' title='bbox 1996 4376 2149 4430; x_wconf 90' lang='lat' dir='ltr'><strong>nobis</strong></span> <span class='ocrx_word' id='word_1_647' title='bbox 2191 4373 2316 4442; x_wconf 73' lang='lat' dir='ltr'><strong>ipsis</strong></span> 
     </span>
    </p>
   </div>
   <div class='ocr_carea' id='block_1_76' title="bbox 746 4478 2316 4557">
    <p class='ocr_par' dir='ltr' id='par_1_76' title="bbox 746 4478 2316 4557">
     <span class='ocr_line' id='line_1_84' title="bbox 746 4478 2316 4557; baseline -0.022 -9"><span class='ocrx_word' id='word_1_648' title='bbox 746 4497 1005 4557; x_wconf 76' lang='lat' dir='ltr'><strong>vivamus,</strong></span> <span class='ocrx_word' id='word_1_649' title='bbox 1037 4488 1128 4544; x_wconf 90' lang='lat' dir='ltr'><strong>sed</strong></span> <span class='ocrx_word' id='word_1_650' title='bbox 1155 4486 1200 4540; x_wconf 94' lang='lat' dir='ltr'><strong>ei</strong></span> <span class='ocrx_word' id='word_1_651' title='bbox 1230 4483 1319 4554; x_wconf 91' lang='lat' dir='ltr'><strong>qui</strong></span> <span class='ocrx_word' id='word_1_652' title='bbox 1349 4496 1442 4551; x_wconf 88' lang='lat' dir='ltr'><strong>pro</strong></span> <span class='ocrx_word' id='word_1_653' title='bbox 1467 4479 1619 4533; x_wconf 90' lang='lat' dir='ltr'><strong>nobis</strong></span> <span class='ocrx_word' id='word_1_654' title='bbox 1639 4483 1876 4527; x_wconf 88' lang='lat' dir='ltr'><strong>mortuus</strong></span> <span class='ocrx_word' id='word_1_655' title='bbox 1900 4478 1979 4522; x_wconf 88' lang='lat' dir='ltr'><strong>est</strong></span> <span class='ocrx_word' id='word_1_656' title='bbox 1999 4478 2051 4521; x_wconf 90' lang='lat' dir='ltr'><strong>et</strong></span> <span class='ocrx_word' id='word_1_657' title='bbox 2079 4478 2316 4520; x_wconf 89' lang='lat' dir='ltr'><strong>resurre-</strong></span> 
     </span>
    </p>
   </div>
   <div class='ocr_carea' id='block_1_77' title="bbox 750 4553 2321 4651">
    <p class='ocr_par' dir='ltr' id='par_1_77' title="bbox 750 4553 2321 4651">
     <span class='ocr_line' id='line_1_85' title="bbox 750 4553 2321 4651; baseline -0.023 -11"><span class='ocrx_word' id='word_1_658' title='bbox 750 4586 846 4640; x_wconf 82' lang='lat' dir='ltr'><strong>xit.</strong></span> <span class='ocrx_word' id='word_1_659' title='bbox 873 4585 936 4638; x_wconf 85' lang='lat' dir='ltr'><strong>Et</strong></span> <span class='ocrx_word' id='word_1_660' title='bbox 958 4573 1404 4651; x_wconf 88' lang='lat' dir='ltr'><strong>quomodo,dicct</strong></span> <span class='ocrx_word' id='word_1_661' title='bbox 1428 4558 1706 4639; x_wconf 77' lang='lat' dir='ltr'><strong>quiSpiant,</strong></span> <span class='ocrx_word' id='word_1_662' title='bbox 1741 4559 2025 4630; x_wconf 87' lang='lat' dir='ltr'><strong>poterimus</strong></span> <span class='ocrx_word' id='word_1_663' title='bbox 2046 4553 2321 4610; x_wconf 86' lang='lat' dir='ltr'><strong>nonnobis</strong></span> 
     </span>
    </p>
   </div>
   <div class='ocr_carea' id='block_1_78' title="bbox 752 4649 2318 4748">
    <p class='ocr_par' dir='ltr' id='par_1_78' title="bbox 752 4649 2318 4748">
     <span class='ocr_line' id='line_1_86' title="bbox 752 4649 2318 4748; baseline -0.024 -14"><span class='ocrx_word' id='word_1_664' title='bbox 752 4679 880 4748; x_wconf 89' lang='lat' dir='ltr'><strong>ipsis</strong></span> <span class='ocrx_word' id='word_1_665' title='bbox 902 4671 1117 4729; x_wconf 82' lang='lat' dir='ltr'><strong>vivere?</strong></span> <span class='ocrx_word' id='word_1_666' title='bbox 1147 4668 1280 4724; x_wconf 78' lang='lat' dir='ltr'><strong>Audi</strong></span> <span class='ocrx_word' id='word_1_667' title='bbox 1309 4667 1520 4719; x_wconf 85' lang='lat' dir='ltr'><strong>beatum</strong></span> <span class='ocrx_word' id='word_1_668' title='bbox 1569 4659 1738 4712; x_wconf 85' lang='lat' dir='ltr'><strong>virum</strong></span> <span class='ocrx_word' id='word_1_669' title='bbox 1783 4655 1972 4708; x_wconf 90' lang='lat' dir='ltr'><strong>iterum</strong></span> <span class='ocrx_word' id='word_1_670' title='bbox 2011 4649 2272 4703; x_wconf 90' lang='lat' dir='ltr'><strong>dicentem</strong></span> <span class='ocrx_word' id='word_1_671' title='bbox 2307 4663 2318 4694; x_wconf 94' lang='lat'><strong>:</strong></span> 
     </span>
    </p>
   </div>
   <div class='ocr_carea' id='block_1_79' title="bbox 760 4736 2324 4826">
    <p class='ocr_par' dir='ltr' id='par_1_79' title="bbox 760 4736 2324 4826">
     <span class='ocr_line' id='line_1_87' title="bbox 760 4736 2324 4826; baseline -0.025 -3"><span class='ocrx_word' id='word_1_672' title='bbox 760 4769 884 4822; x_wconf 78' lang='lat' dir='ltr'><strong>Vivo</strong></span> <span class='ocrx_word' id='word_1_673' title='bbox 911 4775 1072 4819; x_wconf 87' lang='lat' dir='ltr'><strong>autem</strong></span> <span class='ocrx_word' id='word_1_674' title='bbox 1113 4776 1210 4814; x_wconf 86' lang='lat' dir='ltr'><strong>non</strong></span> <span class='ocrx_word' id='word_1_675' title='bbox 1246 4758 1358 4826; x_wconf 81' lang='lat' dir='ltr'><strong>jam</strong></span> <span class='ocrx_word' id='word_1_676' title='bbox 1389 4769 1478 4824; x_wconf 87' lang='lat' dir='ltr'><strong>ego</strong></span> <span class='ocrx_word' id='word_1_677' title='bbox 1506 4767 1523 4805; x_wconf 92' lang='lat'><strong><em>:</em></strong></span> <span class='ocrx_word' id='word_1_678' title='bbox 1561 4747 1676 4802; x_wconf 78' lang='lat' dir='ltr'><strong>vivit</strong></span> <span class='ocrx_word' id='word_1_679' title='bbox 1701 4754 1868 4798; x_wconf 86' lang='lat' dir='ltr'><strong>autem</strong></span> <span class='ocrx_word' id='word_1_680' title='bbox 1896 4742 1949 4795; x_wconf 87' lang='lat' dir='ltr'><strong>in</strong></span> <span class='ocrx_word' id='word_1_681' title='bbox 1978 4754 2055 4792; x_wconf 86' lang='lat' dir='ltr'><strong>me</strong></span> <span class='ocrx_word' id='word_1_682' title='bbox 2096 4736 2324 4791; x_wconf 75' lang='lat' dir='ltr'><strong>Christus</strong></span> 
     </span>
    </p>
   </div>
   <div class='ocr_carea' id='block_1_80' title="bbox 756 4829 2327 4926">
    <p class='ocr_par' dir='ltr' id='par_1_80' title="bbox 756 4829 2327 4926">
     <span class='ocr_line' id='line_1_88' title="bbox 756 4829 2327 4926; baseline -0.021 -13"><span class='ocrx_word' id='word_1_683' title='bbox 756 4858 952 4926; x_wconf 80' lang='lat' dir='ltr'><strong>(Galat.</strong></span> <span class='ocrx_word' id='word_1_684' title='bbox 979 4856 1015 4909; x_wconf 75' lang='lat'><strong>2</strong></span> <span class='ocrx_word' id='word_1_685' title='bbox 1064 4852 1179 4922; x_wconf 65' lang='lat'><strong>530).</strong></span> <span class='ocrx_word' id='word_1_686' title='bbox 1209 4848 1336 4903; x_wconf 74' lang='lat' dir='ltr'><strong>Vide</strong></span> <span class='ocrx_word' id='word_1_687' title='bbox 1362 4841 1626 4914; x_wconf 90' lang='lat' dir='ltr'><strong>quomodo</strong></span> <span class='ocrx_word' id='word_1_688' title='bbox 1652 4851 1813 4907; x_wconf 88' lang='lat' dir='ltr'><strong>super</strong></span> <span class='ocrx_word' id='word_1_689' title='bbox 1840 4842 2034 4889; x_wconf 86' lang='lat' dir='ltr'><strong>terram</strong></span> <span class='ocrx_word' id='word_1_690' title='bbox 2053 4829 2327 4884; x_wconf 83' lang='lat' dir='ltr'><strong>ambulans</strong></span> 
     </span>
    </p>
   </div>
   <div class='ocr_carea' id='block_1_81' title="bbox 761 4921 2330 5006">
    <p class='ocr_par' dir='ltr' id='par_1_81' title="bbox 761 4921 2330 5006">
     <span class='ocr_line' id='line_1_89' title="bbox 761 4921 2330 5006; baseline -0.022 -1"><span class='ocrx_word' id='word_1_691' title='bbox 761 4960 815 5006; x_wconf 88' lang='lat' dir='ltr'><strong>et</strong></span> <span class='ocrx_word' id='word_1_692' title='bbox 835 4961 993 5003; x_wconf 89' lang='lat' dir='ltr'><strong>carne</strong></span> <span class='ocrx_word' id='word_1_693' title='bbox 1015 4921 1388 5002; x_wconf 80' lang='lat' dir='ltr'><strong>circmndatus,</strong></span> <span class='ocrx_word' id='word_1_694' title='bbox 1408 4933 1553 5003; x_wconf 89' lang='lat' dir='ltr'><strong>quasi</strong></span> <span class='ocrx_word' id='word_1_695' title='bbox 1575 4930 1762 4986; x_wconf 62' lang='lat' dir='ltr'><strong>calum</strong></span> <span class='ocrx_word' id='word_1_696' title='bbox 1786 4926 2082 4980; x_wconf 87' lang='lat' dir='ltr'><strong>inhabitans</strong></span> <span class='ocrx_word' id='word_1_697' title='bbox 2109 4928 2164 4975; x_wconf 89' lang='lat' dir='ltr'><strong>et</strong></span> <span class='ocrx_word' id='word_1_698' title='bbox 2191 4921 2330 4972; x_wconf 91' lang='lat' dir='ltr'><strong>inter</strong></span> 
     </span>
    </p>
   </div>
   <div class='ocr_carea' id='block_1_82' title="bbox 760 5010 2328 5108">
    <p class='ocr_par' dir='ltr' id='par_1_82' title="bbox 760 5010 2328 5108">
     <span class='ocr_line' id='line_1_90' title="bbox 760 5010 2328 5108; baseline -0.022 -11"><span class='ocrx_word' id='word_1_699' title='bbox 760 5045 1097 5108; x_wconf 80' lang='lat' dir='ltr'><strong>incorporeas</strong></span> <span class='ocrx_word' id='word_1_700' title='bbox 1120 5035 1340 5088; x_wconf 85' lang='lat' dir='ltr'><strong>virtutes</strong></span> <span class='ocrx_word' id='word_1_701' title='bbox 1375 5039 1590 5081; x_wconf 88' lang='lat' dir='ltr'><strong>versans</strong></span> <span class='ocrx_word' id='word_1_702' title='bbox 1623 5021 1898 5076; x_wconf 82' lang='lat' dir='ltr'><strong>alﬁciatur.</strong></span> <span class='ocrx_word' id='word_1_703' title='bbox 1942 5015 2168 5071; x_wconf 87' lang='lat' dir='ltr'><strong>Proinde</strong></span> <span class='ocrx_word' id='word_1_704' title='bbox 2208 5010 2328 5065; x_wconf 89' lang='lat' dir='ltr'><strong>alibi</strong></span> 
     </span>
    </p>
   </div>
   <div class='ocr_carea' id='block_1_83' title="bbox 760 5113 2332 5190">
    <p class='ocr_par' dir='ltr' id='par_1_83' title="bbox 760 5113 2332 5190">
     <span class='ocr_line' id='line_1_91' title="bbox 760 5113 2332 5190; baseline -0.024 -1"><span class='ocrx_word' id='word_1_705' title='bbox 760 5136 951 5190; x_wconf 88' lang='lat' dir='ltr'><strong>iterum</strong></span> <span class='ocrx_word' id='word_1_706' title='bbox 986 5127 1229 5183; x_wconf 85' lang='lat' dir='ltr'><strong>dicebat:</strong></span> <span class='ocrx_word' id='word_1_707' title='bbox 1265 5121 1363 5186; x_wconf 84' lang='lat' dir='ltr'><strong>Qui</strong></span> <span class='ocrx_word' id='word_1_708' title='bbox 1380 5128 1541 5171; x_wconf 74' lang='lat' dir='ltr'><strong>autem</strong></span> <span class='ocrx_word' id='word_1_709' title='bbox 1568 5113 1750 5168; x_wconf 77' lang='lat' dir='ltr'><strong>Christi</strong></span> <span class='ocrx_word' id='word_1_710' title='bbox 1791 5119 1936 5173; x_wconf 87' lang='lat' dir='ltr'><strong>sunt,</strong></span> <span class='ocrx_word' id='word_1_711' title='bbox 1964 5121 2161 5160; x_wconf 84' lang='lat' dir='ltr'><strong>carnem</strong></span> <span class='ocrx_word' id='word_1_712' title='bbox 2187 5117 2332 5158; x_wconf 89' lang='lat' dir='ltr'><strong>suam</strong></span> 
     </span>
    </p>
   </div>
   <div class='ocr_carea' id='block_1_84' title="bbox 767 5192 2330 5292">
    <p class='ocr_par' dir='ltr' id='par_1_84' title="bbox 767 5192 2330 5292">
     <span class='ocr_line' id='line_1_92' title="bbox 767 5192 2330 5292; baseline -0.023 -11"><span class='ocrx_word' id='word_1_713' title='bbox 767 5225 1120 5292; x_wconf 73' lang='lat' dir='ltr'><strong>crueiﬁxerunt</strong></span> <span class='ocrx_word' id='word_1_714' title='bbox 1154 5231 1266 5269; x_wconf 88' lang='lat' dir='ltr'><strong>cum</strong></span> <span class='ocrx_word' id='word_1_715' title='bbox 1290 5209 1632 5277; x_wconf 76' lang='lat' dir='ltr'><strong>affectionibus</strong></span> <span class='ocrx_word' id='word_1_716' title='bbox 1662 5213 1707 5257; x_wconf 86' lang='lat' dir='ltr'><strong>et</strong></span> <span class='ocrx_word' id='word_1_717' title='bbox 1751 5197 2158 5268; x_wconf 82' lang='lat' dir='ltr'><strong>concupiscentiis</strong></span> <span class='ocrx_word' id='word_1_718' title='bbox 2184 5192 2330 5265; x_wconf 80' lang='lat' dir='ltr'><strong>(Gal.</strong></span> 
     </span>
    </p>
   </div>
   <div class='ocr_carea' id='block_1_85' title="bbox 763 5284 2332 5382">
    <p class='ocr_par' dir='ltr' id='par_1_85' title="bbox 763 5284 2332 5382">
     <span class='ocr_line' id='line_1_93' title="bbox 763 5284 2332 5382; baseline -0.021 -12"><span class='ocrx_word' id='word_1_719' title='bbox 763 5317 816 5370; x_wconf 79' lang='grc'>5.</span> <span class='ocrx_word' id='word_1_720' title='bbox 848 5284 961 5382; x_wconf 56' lang='lat' dir='ltr'><strong>2i).</strong></span> <span class='ocrx_word' id='word_1_721' title='bbox 998 5310 1104 5364; x_wconf 90' lang='lat' dir='ltr'><strong>lloe</strong></span> <span class='ocrx_word' id='word_1_722' title='bbox 1132 5307 1285 5376; x_wconf 75' lang='lat' dir='ltr'><strong>igitur</strong></span> <span class='ocrx_word' id='word_1_723' title='bbox 1314 5311 1516 5357; x_wconf 85' lang='lat' dir='ltr'><strong>estnon</strong></span> <span class='ocrx_word' id='word_1_724' title='bbox 1553 5293 1784 5364; x_wconf 89' lang='lat' dir='ltr'><strong>sibiipsis</strong></span> <span class='ocrx_word' id='word_1_725' title='bbox 1829 5291 2023 5352; x_wconf 86' lang='lat' dir='ltr'><strong>vivere,</strong></span> <span class='ocrx_word' id='word_1_726' title='bbox 2048 5287 2139 5341; x_wconf 88' lang='lat' dir='ltr'><strong>sed</strong></span> <span class='ocrx_word' id='word_1_727' title='bbox 2169 5287 2217 5340; x_wconf 90' lang='lat' dir='ltr'><strong>ei</strong></span> <span class='ocrx_word' id='word_1_728' title='bbox 2247 5284 2332 5354; x_wconf 89' lang='lat' dir='ltr'><strong>qui</strong></span> 
     </span>
    </p>
   </div>
   <div class='ocr_carea' id='block_1_86' title="bbox 768 5373 2334 5477">
    <p class='ocr_par' dir='ltr' id='par_1_86' title="bbox 768 5373 2334 5477">
     <span class='ocr_line' id='line_1_94' title="bbox 768 5373 2334 5477; baseline -0.022 -17"><span class='ocrx_word' id='word_1_729' title='bbox 768 5421 863 5477; x_wconf 89' lang='lat' dir='ltr'><strong>pro</strong></span> <span class='ocrx_word' id='word_1_730' title='bbox 909 5401 1060 5457; x_wconf 88' lang='lat' dir='ltr'><strong>nobis</strong></span> <span class='ocrx_word' id='word_1_731' title='bbox 1091 5404 1332 5452; x_wconf 89' lang='lat' dir='ltr'><strong>mortuus</strong></span> <span class='ocrx_word' id='word_1_732' title='bbox 1366 5398 1447 5444; x_wconf 90' lang='lat' dir='ltr'><strong>est</strong></span> <span class='ocrx_word' id='word_1_733' title='bbox 1475 5398 1525 5442; x_wconf 85' lang='lat' dir='ltr'><strong>et</strong></span> <span class='ocrx_word' id='word_1_734' title='bbox 1552 5383 1842 5442; x_wconf 83' lang='lat' dir='ltr'><strong>resurrexit</strong></span> <span class='ocrx_word' id='word_1_735' title='bbox 1887 5397 1900 5432; x_wconf 86' lang='lat'>:</span> <span class='ocrx_word' id='word_1_736' title='bbox 1948 5377 2155 5448; x_wconf 89' lang='lat' dir='ltr'><strong>quando</strong></span> <span class='ocrx_word' id='word_1_737' title='bbox 2187 5373 2334 5444; x_wconf 92' lang='lat' dir='ltr'><strong>quasi</strong></span> 
     </span>
    </p>
   </div>
   <div class='ocr_carea' id='block_1_87' title="bbox 770 5465 2336 5554">
    <p class='ocr_par' dir='ltr' id='par_1_87' title="bbox 770 5465 2336 5554">
     <span class='ocr_line' id='line_1_95' title="bbox 770 5465 2336 5554; baseline -0.021 -5"><span class='ocrx_word' id='word_1_738' title='bbox 770 5492 961 5549; x_wconf 88' lang='lat' dir='ltr'><strong>mortui</strong></span> <span class='ocrx_word' id='word_1_739' title='bbox 987 5501 1170 5545; x_wconf 90' lang='lat' dir='ltr'><strong>sumus</strong></span> <span class='ocrx_word' id='word_1_740' title='bbox 1201 5479 1445 5554; x_wconf 81' lang='lat' dir='ltr'><strong>praesenti</strong></span> <span class='ocrx_word' id='word_1_741' title='bbox 1475 5478 1616 5539; x_wconf 77' lang='lat' dir='ltr'><strong>vitae,</strong></span> <span class='ocrx_word' id='word_1_742' title='bbox 1648 5482 1700 5528; x_wconf 91' lang='lat' dir='ltr'><strong>et</strong></span> <span class='ocrx_word' id='word_1_743' title='bbox 1728 5471 1855 5526; x_wconf 90' lang='lat' dir='ltr'><strong>nihil</strong></span> <span class='ocrx_word' id='word_1_744' title='bbox 1885 5483 2068 5523; x_wconf 90' lang='lat' dir='ltr'><strong>eorum</strong></span> <span class='ocrx_word' id='word_1_745' title='bbox 2095 5481 2213 5537; x_wconf 82' lang='lat' dir='ltr'><strong>quae</strong></span> <span class='ocrx_word' id='word_1_746' title='bbox 2257 5465 2336 5516; x_wconf 90' lang='lat' dir='ltr'><strong>vi-</strong></span> 
     </span>
    </p>
   </div>
   <div class='ocr_carea' id='block_1_88' title="bbox 771 5559 2340 5648">
    <p class='ocr_par' dir='ltr' id='par_1_88' title="bbox 771 5559 2340 5648">
     <span class='ocr_line' id='line_1_96' title="bbox 771 5559 2340 5648; baseline -0.022 -6"><span class='ocrx_word' id='word_1_747' title='bbox 771 5588 964 5642; x_wconf 77' lang='lat' dir='ltr'><strong>dentur</strong></span> <span class='ocrx_word' id='word_1_748' title='bbox 995 5622 1007 5646; x_wconf 96' lang='lat'><strong>,</strong></span> <span class='ocrx_word' id='word_1_749' title='bbox 1060 5577 1392 5648; x_wconf 86' lang='lat' dir='ltr'><strong>suspicimus.</strong></span> <span class='ocrx_word' id='word_1_750' title='bbox 1447 5568 1578 5624; x_wconf 87' lang='lat' dir='ltr'><strong>Nam</strong></span> <span class='ocrx_word' id='word_1_751' title='bbox 1616 5564 1811 5620; x_wconf 88' lang='lat' dir='ltr'><strong>idcirco</strong></span> <span class='ocrx_word' id='word_1_752' title='bbox 1860 5559 2113 5616; x_wconf 88' lang='lat' dir='ltr'><strong>Dominus</strong></span> <span class='ocrx_word' id='word_1_753' title='bbox 2158 5565 2340 5610; x_wconf 89' lang='lat' dir='ltr'><strong>noster</strong></span> 
     </span>
    </p>
   </div>
   <div class='ocr_carea' id='block_1_89' title="bbox 771 5653 2337 5733">
    <p class='ocr_par' dir='ltr' id='par_1_89' title="bbox 771 5653 2337 5733">
     <span class='ocr_line' id='line_1_97' title="bbox 771 5653 2337 5733; baseline -0.022 -1"><span class='ocrx_word' id='word_1_754' title='bbox 771 5676 1053 5732; x_wconf 76' lang='lat' dir='ltr'><strong>cruciﬁxus</strong></span> <span class='ocrx_word' id='word_1_755' title='bbox 1080 5679 1182 5733; x_wconf 87' lang='lat' dir='ltr'><strong>est,</strong></span> <span class='ocrx_word' id='word_1_756' title='bbox 1215 5675 1272 5721; x_wconf 92' lang='lat' dir='ltr'><strong>ut</strong></span> <span class='ocrx_word' id='word_1_757' title='bbox 1310 5665 1444 5718; x_wconf 88' lang='lat' dir='ltr'><strong>hanc</strong></span> <span class='ocrx_word' id='word_1_758' title='bbox 1475 5661 1634 5714; x_wconf 90' lang='lat' dir='ltr'><strong>vitam</strong></span> <span class='ocrx_word' id='word_1_759' title='bbox 1662 5669 1756 5726; x_wconf 88' lang='lat' dir='ltr'><strong>pro</strong></span> <span class='ocrx_word' id='word_1_760' title='bbox 1783 5653 1870 5708; x_wconf 90' lang='lat' dir='ltr'><strong>illa</strong></span> <span class='ocrx_word' id='word_1_761' title='bbox 1917 5658 2337 5710; x_wconf 88' lang='lat' dir='ltr'><strong>commutemus;</strong></span> 
     </span>
    </p>
   </div>
   <div class='ocr_carea' id='block_1_90' title="bbox 778 5740 2338 5835">
    <p class='ocr_par' dir='ltr' id='par_1_90' title="bbox 778 5740 2338 5835">
     <span class='ocr_line' id='line_1_98' title="bbox 778 5740 2338 5835; baseline -0.02 -14"><span class='ocrx_word' id='word_1_762' title='bbox 778 5771 882 5821; x_wconf 85' lang='lat' dir='ltr'><strong>imo</strong></span> <span class='ocrx_word' id='word_1_763' title='bbox 907 5781 1001 5835; x_wconf 88' lang='lat' dir='ltr'><strong>por</strong></span> <span class='ocrx_word' id='word_1_764' title='bbox 1023 5763 1158 5817; x_wconf 89' lang='lat' dir='ltr'><strong>hanc</strong></span> <span class='ocrx_word' id='word_1_765' title='bbox 1191 5758 1331 5812; x_wconf 91' lang='lat' dir='ltr'><strong>illam</strong></span> <span class='ocrx_word' id='word_1_766' title='bbox 1364 5753 1512 5810; x_wconf 89' lang='lat' dir='ltr'><strong>nobis</strong></span> <span class='ocrx_word' id='word_1_767' title='bbox 1552 5748 1899 5821; x_wconf 83' lang='lat' dir='ltr'><strong>negotiemur.</strong></span> <span class='ocrx_word' id='word_1_768' title='bbox 1931 5743 2171 5799; x_wconf 61' lang='lat' dir='ltr'><strong>Praesens</strong></span> <span class='ocrx_word' id='word_1_769' title='bbox 2198 5740 2338 5796; x_wconf 89' lang='lat' dir='ltr'><strong>enim</strong></span> 
     </span>
    </p>
   </div>
   <div class='ocr_carea' id='block_1_91' title="bbox 2394 3067 3996 3162">
    <p class='ocr_par' dir='ltr' id='par_1_91' title="bbox 2394 3067 3996 3162">
     <span class='ocr_line' id='line_1_99' title="bbox 2394 3067 3996 3162; baseline -0.017 -17"><span class='ocrx_word' id='word_1_770' title='bbox 2394 3090 2641 3162; x_wconf 87' lang='lat' dir='ltr'><strong>quamvis</strong></span> <span class='ocrx_word' id='word_1_771' title='bbox 2664 3087 2824 3140; x_wconf 91' lang='lat' dir='ltr'><strong>totius</strong></span> <span class='ocrx_word' id='word_1_772' title='bbox 2863 3082 3010 3136; x_wconf 88' lang='lat' dir='ltr'><strong>orbis</strong></span> <span class='ocrx_word' id='word_1_773' title='bbox 3036 3081 3106 3135; x_wconf 88' lang='lat' dir='ltr'><strong>sit</strong></span> <span class='ocrx_word' id='word_1_774' title='bbox 3144 3080 3287 3132; x_wconf 87' lang='lat' dir='ltr'><strong>Deus</strong></span> <span class='ocrx_word' id='word_1_775' title='bbox 3319 3093 3335 3130; x_wconf 90' lang='lat'><strong>:</strong></span> <span class='ocrx_word' id='word_1_776' title='bbox 3372 3073 3464 3128; x_wconf 87' lang='lat' dir='ltr'><strong>sed</strong></span> <span class='ocrx_word' id='word_1_777' title='bbox 3487 3070 3756 3142; x_wconf 84' lang='lat' dir='ltr'><strong>peculiare</strong></span> <span class='ocrx_word' id='word_1_778' title='bbox 3777 3067 3894 3122; x_wconf 85' lang='lat' dir='ltr'><strong>hoc</strong></span> <span class='ocrx_word' id='word_1_779' title='bbox 3925 3076 3996 3120; x_wconf 89' lang='lat' dir='ltr'><strong>est</strong></span> 
     </span>
    </p>
   </div>
   <div class='ocr_carea' id='block_1_92' title="bbox 2397 3157 4045 3256">
    <p class='ocr_par' dir='ltr' id='par_1_92' title="bbox 2397 3157 4045 3256">
     <span class='ocr_line' id='line_1_100' title="bbox 2397 3157 4045 3256; baseline -0.015 -21"><span class='ocrx_word' id='word_1_780' title='bbox 2397 3180 2568 3235; x_wconf 90' lang='lat' dir='ltr'><strong>amori</strong></span> <span class='ocrx_word' id='word_1_781' title='bbox 2597 3220 2611 3244; x_wconf 94' lang='lat'><strong>,</strong></span> <span class='ocrx_word' id='word_1_782' title='bbox 2641 3187 2697 3256; x_wconf 83' lang='lat' dir='ltr'><strong>ut</strong></span> <span class='ocrx_word' id='word_1_783' title='bbox 2722 3192 2787 3231; x_wconf 87' lang='lat' dir='ltr'><strong>ex</strong></span> <span class='ocrx_word' id='word_1_784' title='bbox 2824 3170 3196 3227; x_wconf 71' lang='lat' dir='ltr'><strong>communihm</strong></span> <span class='ocrx_word' id='word_1_785' title='bbox 3225 3165 3434 3237; x_wconf 79' lang='lat' dir='ltr'><strong>propria</strong></span> <span class='ocrx_word' id='word_1_786' title='bbox 3465 3161 3643 3216; x_wconf 79' lang='lat' dir='ltr'><strong>faciat.</strong></span> <span class='ocrx_word' id='word_1_787' title='bbox 3695 3158 3831 3212; x_wconf 83' lang='lat' dir='ltr'><strong>Filii</strong></span> <span class='ocrx_word' id='word_1_788' title='bbox 3891 3157 3994 3214; x_wconf 75' lang='lat' dir='ltr'><strong>Dei.</strong></span> <span class='ocrx_word' id='word_1_789' title='bbox 4044 3169 4045 3210; x_wconf 69' lang='grc' dir='ltr'>ξ</span> 
     </span>
    </p>
   </div>
   <div class='ocr_carea' id='block_1_93' title="bbox 2401 3233 4045 3343">
    <p class='ocr_par' dir='ltr' id='par_1_93' title="bbox 2401 3233 4045 3343">
     <span class='ocr_line' id='line_1_101' title="bbox 2401 3233 4045 3343; baseline -0.019 -17"><span class='ocrx_word' id='word_1_790' title='bbox 2401 3233 2704 3343; x_wconf 32' lang='grc' dir='ltr'><strong>ἱιλῳιίιίᾳιιῖ</strong></span> <span class='ocrx_word' id='word_1_791' title='bbox 2735 3265 2908 3320; x_wconf 77' lang='lat' dir='ltr'><strong>dilexit</strong></span> <span class='ocrx_word' id='word_1_792' title='bbox 2937 3280 3035 3317; x_wconf 90' lang='lat' dir='ltr'><strong>me.</strong></span> <span class='ocrx_word' id='word_1_793' title='bbox 3083 3233 3239 3328; x_wconf 77' lang='lat' dir='ltr'><strong>Quid</strong></span> <span class='ocrx_word' id='word_1_794' title='bbox 3261 3233 3433 3311; x_wconf 81' lang='lat' dir='ltr'><strong>dicis?</strong></span> <span class='ocrx_word' id='word_1_795' title='bbox 3473 3253 3549 3343; x_wconf 81' lang='lat' dir='ltr'><strong>Te</strong></span> <span class='ocrx_word' id='word_1_796' title='bbox 3573 3250 3749 3343; x_wconf 82' lang='lat' dir='ltr'><strong>solum</strong></span> <span class='ocrx_word' id='word_1_797' title='bbox 3773 3247 3998 3302; x_wconf 79' lang='lat' dir='ltr'><strong>dilexit?</strong></span> 
     </span>
    </p>
   </div>
   <div class='ocr_carea' id='block_1_94' title="bbox 2400 3337 4000 3426">
    <p class='ocr_par' dir='ltr' id='par_1_94' title="bbox 2400 3337 4000 3426">
     <span class='ocr_line' id='line_1_102' title="bbox 2400 3337 4000 3426; baseline -0.019 -8"><span class='ocrx_word' id='word_1_798' title='bbox 2400 3365 2658 3424; x_wconf 88' lang='lat' dir='ltr'><strong>Omnem,</strong></span> <span class='ocrx_word' id='word_1_799' title='bbox 2692 3357 2894 3426; x_wconf 87' lang='lat' dir='ltr'><strong>inquit,</strong></span> <span class='ocrx_word' id='word_1_800' title='bbox 2931 3353 3203 3409; x_wconf 91' lang='lat' dir='ltr'><strong>hominum</strong></span> <span class='ocrx_word' id='word_1_801' title='bbox 3237 3357 3477 3402; x_wconf 87' lang='lat' dir='ltr'><strong>naturam</strong></span> <span class='ocrx_word' id='word_1_802' title='bbox 3515 3341 3738 3405; x_wconf 84' lang='lat' dir='ltr'><strong>dilexit,</strong></span> <span class='ocrx_word' id='word_1_803' title='bbox 3771 3337 3876 3392; x_wconf 76' lang='lat' dir='ltr'><strong>sed</strong></span> <span class='ocrx_word' id='word_1_804' title='bbox 3912 3350 4000 3406; x_wconf 76' lang='lat' dir='ltr'><strong>ego</strong></span> 
     </span>
    </p>
   </div>
   <div class='ocr_carea' id='block_1_95' title="bbox 2401 3428 4045 3525">
    <p class='ocr_par' dir='ltr' id='par_1_95' title="bbox 2401 3428 4045 3525">
     <span class='ocr_line' id='line_1_103' title="bbox 2401 3428 4045 3525; baseline -0.019 -16"><span class='ocrx_word' id='word_1_805' title='bbox 2401 3459 2447 3508; x_wconf 90' lang='lat' dir='ltr'><strong>ei</strong></span> <span class='ocrx_word' id='word_1_806' title='bbox 2475 3454 2670 3525; x_wconf 79' lang='lat' dir='ltr'><strong>gratias</strong></span> <span class='ocrx_word' id='word_1_807' title='bbox 2698 3449 2888 3513; x_wconf 82' lang='lat' dir='ltr'><strong>debeo,</strong></span> <span class='ocrx_word' id='word_1_808' title='bbox 2921 3443 3070 3514; x_wconf 87' lang='lat' dir='ltr'><strong>quasi</strong></span> <span class='ocrx_word' id='word_1_809' title='bbox 3099 3456 3184 3495; x_wconf 90' lang='lat' dir='ltr'><strong>me</strong></span> <span class='ocrx_word' id='word_1_810' title='bbox 3205 3440 3375 3493; x_wconf 90' lang='lat' dir='ltr'><strong>solum</strong></span> <span class='ocrx_word' id='word_1_811' title='bbox 3422 3433 3716 3490; x_wconf 80' lang='lat' dir='ltr'><strong>dilexisset.</strong></span> <span class='ocrx_word' id='word_1_812' title='bbox 3773 3428 3845 3483; x_wconf 82' lang='lat' dir='ltr'><strong>Et</strong></span> <span class='ocrx_word' id='word_1_813' title='bbox 3898 3440 3997 3481; x_wconf 77' lang='lat' dir='ltr'><strong>tra-</strong></span> 
     </span>
    </p>
   </div>
   <div class='ocr_carea' id='block_1_96' title="bbox 2405 3523 3998 3612">
    <p class='ocr_par' dir='ltr' id='par_1_96' title="bbox 2405 3523 3998 3612">
     <span class='ocr_line' id='line_1_104' title="bbox 2405 3523 3998 3612; baseline -0.019 -9"><span class='ocrx_word' id='word_1_814' title='bbox 2405 3523 2533 3602; x_wconf 77' lang='lat' dir='ltr'><strong>didit</strong></span> <span class='ocrx_word' id='word_1_815' title='bbox 2554 3544 2868 3612; x_wconf 84' lang='lat' dir='ltr'><strong>semetipsum</strong></span> <span class='ocrx_word' id='word_1_816' title='bbox 2900 3553 2990 3609; x_wconf 88' lang='lat' dir='ltr'><strong>pro</strong></span> <span class='ocrx_word' id='word_1_817' title='bbox 3013 3551 3108 3588; x_wconf 84' lang='lat' dir='ltr'><strong>me.</strong></span> <span class='ocrx_word' id='word_1_818' title='bbox 3139 3531 3273 3600; x_wconf 87' lang='lat' dir='ltr'><strong>Quid</strong></span> <span class='ocrx_word' id='word_1_819' title='bbox 3303 3530 3483 3598; x_wconf 82' lang='lat' dir='ltr'><strong>igitur,</strong></span> <span class='ocrx_word' id='word_1_820' title='bbox 3513 3540 3609 3596; x_wconf 90' lang='lat' dir='ltr'><strong>pro</strong></span> <span class='ocrx_word' id='word_1_821' title='bbox 3638 3532 3690 3577; x_wconf 90' lang='lat' dir='ltr'><strong>te</strong></span> <span class='ocrx_word' id='word_1_822' title='bbox 3717 3523 3842 3576; x_wconf 88' lang='lat' dir='ltr'><strong>solo</strong></span> <span class='ocrx_word' id='word_1_823' title='bbox 3879 3536 3998 3574; x_wconf 86' lang='lat' dir='ltr'><strong>cru-</strong></span> 
     </span>
    </p>
   </div>
   <div class='ocr_carea' id='block_1_97' title="bbox 2408 3617 4000 3696">
    <p class='ocr_par' dir='ltr' id='par_1_97' title="bbox 2408 3617 4000 3696">
     <span class='ocr_line' id='line_1_105' title="bbox 2408 3617 4000 3696; baseline -0.021 -1"><span class='ocrx_word' id='word_1_824' title='bbox 2408 3641 2595 3695; x_wconf 85' lang='lat' dir='ltr'><strong>cilixus</strong></span> <span class='ocrx_word' id='word_1_825' title='bbox 2620 3634 2742 3690; x_wconf 91' lang='lat' dir='ltr'><strong>est?</strong></span> <span class='ocrx_word' id='word_1_826' title='bbox 2789 3634 2978 3687; x_wconf 85' lang='lat' dir='ltr'><strong>Annon</strong></span> <span class='ocrx_word' id='word_1_827' title='bbox 3011 3628 3123 3696; x_wconf 91' lang='lat' dir='ltr'><strong>ipse</strong></span> <span class='ocrx_word' id='word_1_828' title='bbox 3150 3624 3278 3677; x_wconf 89' lang='lat' dir='ltr'><strong>dicit</strong></span> <span class='ocrx_word' id='word_1_829' title='bbox 3319 3640 3332 3674; x_wconf 91' lang='lat'><strong>:</strong></span> <span class='ocrx_word' id='word_1_830' title='bbox 3366 3619 3492 3674; x_wconf 81' lang='lat' dir='ltr'><strong>Cum</strong></span> <span class='ocrx_word' id='word_1_831' title='bbox 3536 3617 3794 3671; x_wconf 74' lang='lat' dir='ltr'><strong>exaltatus</strong></span> <span class='ocrx_word' id='word_1_832' title='bbox 3835 3617 4000 3683; x_wconf 70' lang='lat' dir='ltr'><strong>(uero,</strong></span> 
     </span>
    </p>
   </div>
   <div class='ocr_carea' id='block_1_98' title="bbox 2410 3706 4045 3788">
    <p class='ocr_par' dir='ltr' id='par_1_98' title="bbox 2410 3706 4045 3788">
     <span class='ocr_line' id='line_1_106' title="bbox 2410 3706 4045 3788; baseline -0.021 -2"><span class='ocrx_word' id='word_1_833' title='bbox 2410 3746 2578 3786; x_wconf 87' lang='lat' dir='ltr'><strong>omnes</strong></span> <span class='ocrx_word' id='word_1_834' title='bbox 2622 3727 2820 3780; x_wconf 82' lang='lat' dir='ltr'><strong>traham</strong></span> <span class='ocrx_word' id='word_1_835' title='bbox 2855 3722 2922 3774; x_wconf 86' lang='lat' dir='ltr'><strong>ad</strong></span> <span class='ocrx_word' id='word_1_836' title='bbox 2961 3719 3210 3788; x_wconf 85' lang='lat' dir='ltr'><strong>meipsum</strong></span> <span class='ocrx_word' id='word_1_837' title='bbox 3235 3712 3411 3784; x_wconf 83' lang='lat' dir='ltr'><strong>(Joan.</strong></span> <span class='ocrx_word' id='word_1_838' title='bbox 3466 3709 3550 3763; x_wconf 73' lang='grc'>12.</span> <span class='ocrx_word' id='word_1_839' title='bbox 3575 3706 3707 3777; x_wconf 67' lang='lat'><strong>32)?</strong></span> <span class='ocrx_word' id='word_1_840' title='bbox 3741 3720 3933 3758; x_wconf 86' lang='lat' dir='ltr'><strong>nonne</strong></span> <span class='ocrx_word' id='word_1_841' title='bbox 3961 3714 4002 3754; x_wconf 91' lang='lat' dir='ltr'><strong>tu</strong></span> <span class='ocrx_word' id='word_1_842' title='bbox 4043 3753 4045 3782; x_wconf 36' lang='lat'>‘</span> 
     </span>
    </p>
   </div>
   <div class='ocr_carea' id='block_1_99' title="bbox 2413 3795 4004 3890">
    <p class='ocr_par' dir='ltr' id='par_1_99' title="bbox 2413 3795 4004 3890">
     <span class='ocr_line' id='line_1_107' title="bbox 2413 3795 4004 3890; baseline -0.019 -14"><span class='ocrx_word' id='word_1_843' title='bbox 2413 3824 2524 3890; x_wconf 90' lang='lat' dir='ltr'><strong>ipse</strong></span> <span class='ocrx_word' id='word_1_844' title='bbox 2551 3817 2748 3882; x_wconf 84' lang='lat' dir='ltr'><strong>dixisti,</strong></span> <span class='ocrx_word' id='word_1_845' title='bbox 2787 3813 2888 3866; x_wconf 84' lang='lat' dir='ltr'><strong>Pro</strong></span> <span class='ocrx_word' id='word_1_846' title='bbox 2935 3810 3074 3864; x_wconf 85' lang='lat' dir='ltr'><strong>nobis</strong></span> <span class='ocrx_word' id='word_1_847' title='bbox 3104 3805 3334 3861; x_wconf 84' lang='lat' dir='ltr'><strong>omnibus</strong></span> <span class='ocrx_word' id='word_1_848' title='bbox 3378 3800 3587 3855; x_wconf 89' lang='lat' dir='ltr'><strong>tradidit</strong></span> <span class='ocrx_word' id='word_1_849' title='bbox 3631 3795 4004 3866; x_wconf 70' lang='lat' dir='ltr'><strong>semetipsum!</strong></span> 
     </span>
    </p>
   </div>
   <div class='ocr_carea' id='block_1_100' title="bbox 2418 3888 4005 3976">
    <p class='ocr_par' dir='ltr' id='par_1_100' title="bbox 2418 3888 4005 3976">
     <span class='ocr_line' id='line_1_108' title="bbox 2418 3888 4005 3976; baseline -0.019 -10"><span class='ocrx_word' id='word_1_850' title='bbox 2418 3913 2607 3973; x_wconf 79' lang='lat' dir='ltr'><strong>Etiam,</strong></span> <span class='ocrx_word' id='word_1_851' title='bbox 2637 3907 2844 3976; x_wconf 89' lang='lat' dir='ltr'><strong>inquit:</strong></span> <span class='ocrx_word' id='word_1_852' title='bbox 2878 3917 2981 3956; x_wconf 90' lang='lat' dir='ltr'><strong>non</strong></span> <span class='ocrx_word' id='word_1_853' title='bbox 3015 3900 3206 3968; x_wconf 84' lang='lat' dir='ltr'><strong>loquor</strong></span> <span class='ocrx_word' id='word_1_854' title='bbox 3254 3891 3573 3965; x_wconf 86' lang='lat' dir='ltr'><strong>pugnantia,</strong></span> <span class='ocrx_word' id='word_1_855' title='bbox 3623 3888 3715 3942; x_wconf 87' lang='lat' dir='ltr'><strong>sed</strong></span> <span class='ocrx_word' id='word_1_856' title='bbox 3763 3900 4005 3941; x_wconf 80' lang='lat' dir='ltr'><strong>amorem</strong></span> 
     </span>
    </p>
   </div>
   <div class='ocr_carea' id='block_1_101' title="bbox 2419 3955 4045 4059">
    <p class='ocr_par' dir='ltr' id='par_1_101' title="bbox 2419 3955 4045 4059">
     <span class='ocr_line' id='line_1_109' title="bbox 2420 3955 3565 3976; baseline -0.019 5"><span class='ocrx_word' id='word_1_857' title='bbox 2420 3955 2607 3973; x_wconf 71' lang='grc' dir='ltr'><strong>υ“·“·’“·ν</strong></span> <span class='ocrx_word' id='word_1_858' title='bbox 2640 3955 2724 3976; x_wconf 82' lang='grc' dir='ltr'><strong><em>““’“Ι</em></strong></span> <span class='ocrx_word' id='word_1_859' title='bbox 2749 3955 2804 3958; x_wconf 86' lang='grc'><strong><em>---</em></strong></span> <span class='ocrx_word' id='word_1_860' title='bbox 2838 3955 2843 3956; x_wconf 53' lang='grc' dir='ltr'><em>ν</em></span> <span class='ocrx_word' id='word_1_861' title='bbox 2882 3955 2887 3956; x_wconf 54' lang='grc' dir='ltr'><em>ν</em></span> <span class='ocrx_word' id='word_1_862' title='bbox 3088 3955 3103 3968; x_wconf 85' lang='grc'><strong>1</strong></span> <span class='ocrx_word' id='word_1_863' title='bbox 3256 3955 3271 3965; x_wconf 95' lang='grc'><strong>.</strong></span> <span class='ocrx_word' id='word_1_864' title='bbox 3329 3955 3356 3964; x_wconf 59' lang='grc' dir='ltr'>η.</span> <span class='ocrx_word' id='word_1_865' title='bbox 3562 3955 3565 3956; x_wconf 40' lang='grc' dir='ltr'><em>ν</em></span> 
     </span>
     <span class='ocr_line' id='line_1_110' title="bbox 2419 3955 4045 4059; baseline -0.018 -1"><span class='ocrx_word' id='word_1_866' title='bbox 2419 4018 2594 4059; x_wconf 89' lang='lat' dir='ltr'><strong>meum</strong></span> <span class='ocrx_word' id='word_1_867' title='bbox 2626 4005 2694 4053; x_wconf 90' lang='lat' dir='ltr'><strong>ita</strong></span> <span class='ocrx_word' id='word_1_868' title='bbox 2726 3995 2997 4051; x_wconf 88' lang='lat' dir='ltr'><strong>consolor.</strong></span> <span class='ocrx_word' id='word_1_869' title='bbox 3023 3991 3140 4045; x_wconf 84' lang='lat' dir='ltr'><strong>Jam</strong></span> <span class='ocrx_word' id='word_1_870' title='bbox 3187 3989 3307 4043; x_wconf 89' lang='lat' dir='ltr'><strong>vide</strong></span> <span class='ocrx_word' id='word_1_871' title='bbox 3350 3987 3540 4039; x_wconf 88' lang='lat' dir='ltr'><strong>iterum</strong></span> <span class='ocrx_word' id='word_1_872' title='bbox 3571 3991 3625 4036; x_wconf 90' lang='lat' dir='ltr'><strong>et</strong></span> <span class='ocrx_word' id='word_1_873' title='bbox 3675 3979 3825 4036; x_wconf 87' lang='lat' dir='ltr'><strong>aliud</strong></span> <span class='ocrx_word' id='word_1_874' title='bbox 3866 3977 4006 4048; x_wconf 82' lang='lat' dir='ltr'><strong>quod</strong></span> <span class='ocrx_word' id='word_1_875' title='bbox 4044 3955 4045 3958; x_wconf 8' lang='grc' dir='ltr'><strong>η</strong></span> 
     </span>
    </p>
   </div>
   <div class='ocr_carea' id='block_1_102' title="bbox 2422 4069 4008 4148">
    <p class='ocr_par' dir='ltr' id='par_1_102' title="bbox 2422 4069 4008 4148">
     <span class='ocr_line' id='line_1_111' title="bbox 2422 4069 4008 4148; baseline -0.015 -2"><span class='ocrx_word' id='word_1_876' title='bbox 2422 4094 2578 4148; x_wconf 87' lang='lat' dir='ltr'><strong>dictis</strong></span> <span class='ocrx_word' id='word_1_877' title='bbox 2609 4091 2713 4144; x_wconf 92' lang='lat' dir='ltr'><strong>illis</strong></span> <span class='ocrx_word' id='word_1_878' title='bbox 2761 4101 2859 4141; x_wconf 89' lang='lat' dir='ltr'><strong>nos</strong></span> <span class='ocrx_word' id='word_1_879' title='bbox 2888 4085 3063 4138; x_wconf 85' lang='lat' dir='ltr'><strong>docet.</strong></span> <span class='ocrx_word' id='word_1_880' title='bbox 3095 4080 3228 4135; x_wconf 86' lang='lat' dir='ltr'><strong>Cum</strong></span> <span class='ocrx_word' id='word_1_881' title='bbox 3257 4077 3396 4132; x_wconf 90' lang='lat' dir='ltr'><strong>enim</strong></span> <span class='ocrx_word' id='word_1_882' title='bbox 3442 4074 3687 4144; x_wconf 87' lang='lat' dir='ltr'><strong>superius</strong></span> <span class='ocrx_word' id='word_1_883' title='bbox 3713 4070 3922 4126; x_wconf 75' lang='lat' dir='ltr'><strong>dixerit</strong></span> <span class='ocrx_word' id='word_1_884' title='bbox 3954 4069 4008 4123; x_wconf 82' lang='lat' dir='ltr'><strong>de</strong></span> 
     </span>
    </p>
   </div>
   <div class='ocr_carea' id='block_1_103' title="bbox 2424 4163 4007 4250">
    <p class='ocr_par' dir='ltr' id='par_1_103' title="bbox 2424 4163 4007 4250">
     <span class='ocr_line' id='line_1_112' title="bbox 2424 4163 4007 4250; baseline -0.018 -7"><span class='ocrx_word' id='word_1_885' title='bbox 2424 4189 2578 4243; x_wconf 87' lang='lat' dir='ltr'><strong>Patre</strong></span> <span class='ocrx_word' id='word_1_886' title='bbox 2601 4225 2616 4250; x_wconf 97' lang='lat'><strong>,</strong></span> <span class='ocrx_word' id='word_1_887' title='bbox 2661 4182 2764 4236; x_wconf 84' lang='lat' dir='ltr'><strong>Pro</strong></span> <span class='ocrx_word' id='word_1_888' title='bbox 2797 4171 2936 4232; x_wconf 75' lang='lat' dir='ltr'><strong>nobis</strong></span> <span class='ocrx_word' id='word_1_889' title='bbox 2980 4174 3209 4229; x_wconf 88' lang='lat' dir='ltr'><strong>omnibus</strong></span> <span class='ocrx_word' id='word_1_890' title='bbox 3248 4169 3456 4224; x_wconf 84' lang='lat' dir='ltr'><strong>tradidit</strong></span> <span class='ocrx_word' id='word_1_891' title='bbox 3497 4168 3641 4220; x_wconf 85' lang='lat' dir='ltr'><strong>illum</strong></span> <span class='ocrx_word' id='word_1_892' title='bbox 3665 4206 3680 4228; x_wconf 88' lang='lat'><strong>,</strong></span> <span class='ocrx_word' id='word_1_893' title='bbox 3722 4163 3814 4217; x_wconf 90' lang='lat' dir='ltr'><strong>hic</strong></span> <span class='ocrx_word' id='word_1_894' title='bbox 3843 4163 4007 4224; x_wconf 83' lang='lat' dir='ltr'><strong>dicit,</strong></span> 
     </span>
    </p>
   </div>
   <div class='ocr_carea' id='block_1_104' title="bbox 2425 4253 4009 4343">
    <p class='ocr_par' dir='ltr' id='par_1_104' title="bbox 2425 4253 4009 4343">
     <span class='ocr_line' id='line_1_113' title="bbox 2425 4253 4009 4343; baseline -0.016 -12"><span class='ocrx_word' id='word_1_895' title='bbox 2425 4277 2760 4343; x_wconf 75' lang='lat' dir='ltr'><strong>Sometipsum</strong></span> <span class='ocrx_word' id='word_1_896' title='bbox 2800 4267 3009 4323; x_wconf 83' lang='lat' dir='ltr'><strong>tradidit</strong></span> <span class='ocrx_word' id='word_1_897' title='bbox 3046 4282 3064 4320; x_wconf 89' lang='lat'><strong><em>:</em></strong></span> <span class='ocrx_word' id='word_1_898' title='bbox 3094 4273 3146 4319; x_wconf 92' lang='lat' dir='ltr'><strong>et</strong></span> <span class='ocrx_word' id='word_1_899' title='bbox 3180 4262 3283 4315; x_wconf 90' lang='lat' dir='ltr'><strong>illic</strong></span> <span class='ocrx_word' id='word_1_900' title='bbox 3309 4259 3546 4328; x_wconf 87' lang='lat' dir='ltr'><strong>quidem,</strong></span> <span class='ocrx_word' id='word_1_901' title='bbox 3574 4266 3628 4309; x_wconf 90' lang='lat' dir='ltr'><strong>ut</strong></span> <span class='ocrx_word' id='word_1_902' title='bbox 3668 4253 4009 4308; x_wconf 81' lang='lat' dir='ltr'><strong>coneordiatn</strong></span> 
     </span>
    </p>
   </div>
   <div class='ocr_carea' id='block_1_105' title="bbox 2423 4346 4012 4430">
    <p class='ocr_par' dir='ltr' id='par_1_105' title="bbox 2423 4346 4012 4430">
     <span class='ocr_line' id='line_1_114' title="bbox 2423 4346 4012 4430; baseline -0.016 -7"><span class='ocrx_word' id='word_1_903' title='bbox 2423 4365 2666 4423; x_wconf 89' lang='lat' dir='ltr'><strong>ostendat</strong></span> <span class='ocrx_word' id='word_1_904' title='bbox 2695 4379 2757 4417; x_wconf 89' lang='lat' dir='ltr'><strong>ac</strong></span> <span class='ocrx_word' id='word_1_905' title='bbox 2785 4375 2963 4430; x_wconf 87' lang='lat' dir='ltr'><strong>parem</strong></span> <span class='ocrx_word' id='word_1_906' title='bbox 2993 4357 3249 4420; x_wconf 88' lang='lat' dir='ltr'><strong>honorem</strong></span> <span class='ocrx_word' id='word_1_907' title='bbox 3279 4351 3453 4405; x_wconf 85' lang='lat' dir='ltr'><strong>Patris</strong></span> <span class='ocrx_word' id='word_1_908' title='bbox 3477 4358 3528 4402; x_wconf 91' lang='lat' dir='ltr'><strong>et</strong></span> <span class='ocrx_word' id='word_1_909' title='bbox 3558 4347 3694 4412; x_wconf 84' lang='lat' dir='ltr'><strong>Filii,</strong></span> <span class='ocrx_word' id='word_1_910' title='bbox 3725 4354 3784 4400; x_wconf 90' lang='lat' dir='ltr'><strong>et</strong></span> <span class='ocrx_word' id='word_1_911' title='bbox 3811 4346 4012 4416; x_wconf 81' lang='lat' dir='ltr'><strong>passio-</strong></span> 
     </span>
    </p>
   </div>
   <div class='ocr_carea' id='block_1_106' title="bbox 2431 4439 4009 4518">
    <p class='ocr_par' dir='ltr' id='par_1_106' title="bbox 2431 4439 4009 4518">
     <span class='ocr_line' id='line_1_115' title="bbox 2431 4439 4009 4518; baseline -0.016 -5"><span class='ocrx_word' id='word_1_912' title='bbox 2431 4475 2549 4513; x_wconf 91' lang='lat' dir='ltr'><strong>nem</strong></span> <span class='ocrx_word' id='word_1_913' title='bbox 2575 4454 2872 4509; x_wconf 82' lang='lat' dir='ltr'><strong>subindieet</strong></span> <span class='ocrx_word' id='word_1_914' title='bbox 2903 4469 2914 4501; x_wconf 93' lang='lat'><strong>:</strong></span> <span class='ocrx_word' id='word_1_915' title='bbox 2944 4449 3192 4518; x_wconf 87' lang='lat' dir='ltr'><strong>quoniam</strong></span> <span class='ocrx_word' id='word_1_916' title='bbox 3218 4446 3375 4499; x_wconf 89' lang='lat' dir='ltr'><strong>etiam</strong></span> <span class='ocrx_word' id='word_1_917' title='bbox 3417 4443 3523 4494; x_wconf 88' lang='lat' dir='ltr'><strong>alio</strong></span> <span class='ocrx_word' id='word_1_918' title='bbox 3546 4441 3662 4494; x_wconf 92' lang='lat' dir='ltr'><strong>loco</strong></span> <span class='ocrx_word' id='word_1_919' title='bbox 3689 4439 3825 4493; x_wconf 86' lang='lat' dir='ltr'><strong>dicit</strong></span> <span class='ocrx_word' id='word_1_920' title='bbox 3857 4457 3870 4492; x_wconf 90' lang='lat'>:</span> <span class='ocrx_word' id='word_1_921' title='bbox 3909 4439 4009 4490; x_wconf 74' lang='lat' dir='ltr'><strong>Fa-</strong></span> 
     </span>
    </p>
   </div>
   <div class='ocr_carea' id='block_1_107' title="bbox 2428 4530 4012 4612">
    <p class='ocr_par' dir='ltr' id='par_1_107' title="bbox 2428 4530 4012 4612">
     <span class='ocr_line' id='line_1_116' title="bbox 2428 4530 4012 4612; baseline -0.015 -8"><span class='ocrx_word' id='word_1_922' title='bbox 2428 4563 2536 4605; x_wconf 86' lang='lat' dir='ltr'><strong>ctus</strong></span> <span class='ocrx_word' id='word_1_923' title='bbox 2558 4547 2788 4601; x_wconf 81' lang='lat' dir='ltr'><strong>obediens</strong></span> <span class='ocrx_word' id='word_1_924' title='bbox 2809 4559 2962 4612; x_wconf 81' lang='lat' dir='ltr'><strong>usque</strong></span> <span class='ocrx_word' id='word_1_925' title='bbox 2991 4541 3056 4593; x_wconf 89' lang='lat' dir='ltr'><strong>ad</strong></span> <span class='ocrx_word' id='word_1_926' title='bbox 3080 4549 3285 4591; x_wconf 84' lang='lat' dir='ltr'><strong>mortem</strong></span> <span class='ocrx_word' id='word_1_927' title='bbox 3309 4535 3565 4605; x_wconf 82' lang='lat' dir='ltr'><strong>(Philipp.</strong></span> <span class='ocrx_word' id='word_1_928' title='bbox 3594 4533 3648 4586; x_wconf 74' lang='grc'>2.</span> <span class='ocrx_word' id='word_1_929' title='bbox 3688 4530 3744 4600; x_wconf 84' lang='grc'><strong>8)</strong></span> <span class='ocrx_word' id='word_1_930' title='bbox 3779 4551 3790 4583; x_wconf 91' lang='grc'>;</span> <span class='ocrx_word' id='word_1_931' title='bbox 3826 4531 4012 4600; x_wconf 79' lang='lat' dir='ltr'><strong>ubique</strong></span> 
     </span>
    </p>
   </div>
   <div class='ocr_carea' id='block_1_108' title="bbox 2433 4619 4011 4709">
    <p class='ocr_par' dir='ltr' id='par_1_108' title="bbox 2433 4619 4011 4709">
     <span class='ocr_line' id='line_1_117' title="bbox 2433 4619 4011 4709; baseline -0.012 -19"><span class='ocrx_word' id='word_1_932' title='bbox 2433 4637 2662 4709; x_wconf 80' lang='lat' dir='ltr'><strong>passioni</strong></span> <span class='ocrx_word' id='word_1_933' title='bbox 2712 4633 2867 4688; x_wconf 87' lang='lat' dir='ltr'><strong>ﬁdem</strong></span> <span class='ocrx_word' id='word_1_934' title='bbox 2898 4630 3113 4685; x_wconf 78' lang='lat' dir='ltr'><strong>faciens.</strong></span> <span class='ocrx_word' id='word_1_935' title='bbox 3164 4628 3260 4682; x_wconf 90' lang='lat' dir='ltr'><strong>llic</strong></span> <span class='ocrx_word' id='word_1_936' title='bbox 3309 4635 3484 4678; x_wconf 80' lang='lat' dir='ltr'><strong>autent</strong></span> <span class='ocrx_word' id='word_1_937' title='bbox 3526 4623 3736 4693; x_wconf 89' lang='lat' dir='ltr'><strong>posuit,</strong></span> <span class='ocrx_word' id='word_1_938' title='bbox 3787 4619 4011 4674; x_wconf 71' lang='lat' dir='ltr'><strong>Tradidit</strong></span> 
     </span>
    </p>
   </div>
   <div class='ocr_carea' id='block_1_109' title="bbox 2431 4713 4012 4798">
    <p class='ocr_par' dir='ltr' id='par_1_109' title="bbox 2431 4713 4012 4798">
     <span class='ocr_line' id='line_1_118' title="bbox 2431 4713 4012 4798; baseline -0.014 -14"><span class='ocrx_word' id='word_1_939' title='bbox 2431 4730 2789 4798; x_wconf 84' lang='lat' dir='ltr'><strong>semetipsum,</strong></span> <span class='ocrx_word' id='word_1_940' title='bbox 2840 4731 2896 4778; x_wconf 93' lang='lat' dir='ltr'><strong>ut</strong></span> <span class='ocrx_word' id='word_1_941' title='bbox 2951 4720 3148 4776; x_wconf 83' lang='lat' dir='ltr'><strong>indicet</strong></span> <span class='ocrx_word' id='word_1_942' title='bbox 3202 4733 3323 4772; x_wconf 89' lang='lat' dir='ltr'><strong>enm</strong></span> <span class='ocrx_word' id='word_1_943' title='bbox 3369 4716 3665 4770; x_wconf 85' lang='lat' dir='ltr'><strong>voluntarie</strong></span> <span class='ocrx_word' id='word_1_944' title='bbox 3713 4713 4012 4780; x_wconf 81' lang='lat' dir='ltr'><strong>passionem</strong></span> 
     </span>
    </p>
   </div>
   <div class='ocr_carea' id='block_1_110' title="bbox 2433 4802 4013 4887">
    <p class='ocr_par' dir='ltr' id='par_1_110' title="bbox 2433 4802 4013 4887">
     <span class='ocr_line' id='line_1_119' title="bbox 2433 4802 4013 4887; baseline -0.011 -14"><span class='ocrx_word' id='word_1_945' title='bbox 2433 4819 2750 4887; x_wconf 84' lang='lat' dir='ltr'><strong>suscepisse,</strong></span> <span class='ocrx_word' id='word_1_946' title='bbox 2773 4823 2826 4868; x_wconf 88' lang='lat' dir='ltr'><strong>et</strong></span> <span class='ocrx_word' id='word_1_947' title='bbox 2848 4828 2952 4867; x_wconf 90' lang='lat' dir='ltr'><strong>non</strong></span> <span class='ocrx_word' id='word_1_948' title='bbox 2981 4809 3320 4871; x_wconf 85' lang='lat' dir='ltr'><strong>necessitate,</strong></span> <span class='ocrx_word' id='word_1_949' title='bbox 3355 4820 3526 4875; x_wconf 87' lang='lat' dir='ltr'><strong>neque</strong></span> <span class='ocrx_word' id='word_1_950' title='bbox 3555 4803 3604 4856; x_wconf 80' lang='lat' dir='ltr'><strong>vi</strong></span> <span class='ocrx_word' id='word_1_951' title='bbox 3627 4843 3641 4866; x_wconf 89' lang='lat'><strong>,</strong></span> <span class='ocrx_word' id='word_1_952' title='bbox 3695 4802 3793 4857; x_wconf 83' lang='lat' dir='ltr'><strong>sed</strong></span> <span class='ocrx_word' id='word_1_953' title='bbox 3837 4804 4013 4857; x_wconf 73' lang='lat' dir='ltr'><strong>volen-</strong></span> 
     </span>
    </p>
   </div>
   <div class='ocr_carea' id='block_1_111' title="bbox 2437 4895 4014 4978">
    <p class='ocr_par' dir='ltr' id='par_1_111' title="bbox 2437 4895 4014 4978">
     <span class='ocr_line' id='line_1_120' title="bbox 2437 4895 4014 4978; baseline -0.011 -15"><span class='ocrx_word' id='word_1_954' title='bbox 2437 4921 2539 4965; x_wconf 91' lang='lat' dir='ltr'><strong>tem</strong></span> <span class='ocrx_word' id='word_1_955' title='bbox 2585 4907 2995 4978; x_wconf 84' lang='lat' dir='ltr'><strong>cupientcmque</strong></span> <span class='ocrx_word' id='word_1_956' title='bbox 3043 4900 3203 4954; x_wconf 89' lang='lat' dir='ltr'><strong>totius</strong></span> <span class='ocrx_word' id='word_1_957' title='bbox 3265 4897 3481 4951; x_wconf 86' lang='lat' dir='ltr'><strong>humani</strong></span> <span class='ocrx_word' id='word_1_958' title='bbox 3539 4895 3750 4965; x_wconf 87' lang='lat' dir='ltr'><strong>generis</strong></span> <span class='ocrx_word' id='word_1_959' title='bbox 3797 4896 4014 4948; x_wconf 85' lang='lat' dir='ltr'><strong>salutem</strong></span> 
     </span>
    </p>
   </div>
   <div class='ocr_carea' id='block_1_112' title="bbox 2436 4988 4015 5071">
    <p class='ocr_par' dir='ltr' id='par_1_112' title="bbox 2436 4988 4015 5071">
     <span class='ocr_line' id='line_1_121' title="bbox 2436 4988 4015 5071; baseline -0.011 -16"><span class='ocrx_word' id='word_1_960' title='bbox 2436 5001 2665 5071; x_wconf 86' lang='lat' dir='ltr'><strong>operari,</strong></span> <span class='ocrx_word' id='word_1_961' title='bbox 2696 5013 2907 5053; x_wconf 89' lang='lat' dir='ltr'><strong>crucem</strong></span> <span class='ocrx_word' id='word_1_962' title='bbox 2934 4993 3267 5048; x_wconf 86' lang='lat' dir='ltr'><strong>sustinuisse.</strong></span> <span class='ocrx_word' id='word_1_963' title='bbox 3317 4990 3541 5056; x_wconf 86' lang='lat' dir='ltr'><strong>Qualem</strong></span> <span class='ocrx_word' id='word_1_964' title='bbox 3585 4988 3744 5057; x_wconf 79' lang='lat' dir='ltr'><strong>igitur</strong></span> <span class='ocrx_word' id='word_1_965' title='bbox 3785 4989 4015 5041; x_wconf 77' lang='lat' dir='ltr'><strong>vicissim</strong></span> 
     </span>
    </p>
   </div>
   <div class='ocr_carea' id='block_1_113' title="bbox 2439 5079 4018 5156">
    <p class='ocr_par' dir='ltr' id='par_1_113' title="bbox 2439 5079 4018 5156">
     <span class='ocr_line' id='line_1_122' title="bbox 2439 5079 4018 5156; baseline -0.012 -5"><span class='ocrx_word' id='word_1_966' title='bbox 2439 5110 2672 5150; x_wconf 88' lang='lat' dir='ltr'><strong>amorem</strong></span> <span class='ocrx_word' id='word_1_967' title='bbox 2716 5091 2970 5146; x_wconf 86' lang='lat' dir='ltr'><strong>exhibere</strong></span> <span class='ocrx_word' id='word_1_968' title='bbox 3018 5087 3309 5156; x_wconf 88' lang='lat' dir='ltr'><strong>poterimus</strong></span> <span class='ocrx_word' id='word_1_969' title='bbox 3353 5093 3456 5136; x_wconf 89' lang='lat' dir='ltr'><strong>tatu</strong></span> <span class='ocrx_word' id='word_1_970' title='bbox 3496 5079 3715 5133; x_wconf 86' lang='lat' dir='ltr'><strong>divitem</strong></span> <span class='ocrx_word' id='word_1_971' title='bbox 3752 5096 3882 5149; x_wconf 80' lang='lat' dir='ltr'><strong>erga</strong></span> <span class='ocrx_word' id='word_1_972' title='bbox 3931 5096 4018 5133; x_wconf 79' lang='lat' dir='ltr'><strong>nos</strong></span> 
     </span>
    </p>
   </div>
   <div class='ocr_carea' id='block_1_114' title="bbox 2440 5173 4018 5243">
    <p class='ocr_par' dir='ltr' id='par_1_114' title="bbox 2440 5173 4018 5243">
     <span class='ocr_line' id='line_1_123' title="bbox 2440 5173 4018 5243; baseline -0.011 0"><span class='ocrx_word' id='word_1_973' title='bbox 2440 5191 2712 5243; x_wconf 83' lang='lat' dir='ltr'><strong>caritatem</strong></span> <span class='ocrx_word' id='word_1_974' title='bbox 2731 5181 3017 5238; x_wconf 85' lang='lat' dir='ltr'><strong>declaranti</strong></span> <span class='ocrx_word' id='word_1_975' title='bbox 3036 5180 3059 5231; x_wconf 88' lang='lat'><strong>?</strong></span> <span class='ocrx_word' id='word_1_976' title='bbox 3079 5179 3118 5232; x_wconf 84' lang='lat' dir='ltr'><strong>E</strong></span> <span class='ocrx_word' id='word_1_977' title='bbox 3148 5179 3295 5231; x_wconf 89' lang='lat' dir='ltr'><strong>iamsi</strong></span> <span class='ocrx_word' id='word_1_978' title='bbox 3314 5176 3541 5230; x_wconf 89' lang='lat' dir='ltr'><strong>animam</strong></span> <span class='ocrx_word' id='word_1_979' title='bbox 3564 5175 3732 5242; x_wconf 81' lang='lat' dir='ltr'><strong>ipsam</strong></span> <span class='ocrx_word' id='word_1_980' title='bbox 3751 5173 4018 5241; x_wconf 81' lang='lat' dir='ltr'><strong>impenda-</strong></span> 
     </span>
    </p>
   </div>
   <div class='ocr_carea' id='block_1_115' title="bbox 2444 5264 4016 5347">
    <p class='ocr_par' dir='ltr' id='par_1_115' title="bbox 2444 5264 4016 5347">
     <span class='ocr_line' id='line_1_124' title="bbox 2444 5264 4016 5347; baseline -0.012 -14"><span class='ocrx_word' id='word_1_981' title='bbox 2444 5294 2559 5333; x_wconf 91' lang='lat' dir='ltr'><strong>mus</strong></span> <span class='ocrx_word' id='word_1_982' title='bbox 2589 5291 2683 5347; x_wconf 89' lang='lat' dir='ltr'><strong>pro</strong></span> <span class='ocrx_word' id='word_1_983' title='bbox 2717 5273 2833 5342; x_wconf 87' lang='lat' dir='ltr'><strong>ejus</strong></span> <span class='ocrx_word' id='word_1_984' title='bbox 2867 5270 3088 5340; x_wconf 86' lang='lat' dir='ltr'><strong>legibus,</strong></span> <span class='ocrx_word' id='word_1_985' title='bbox 3119 5276 3169 5321; x_wconf 90' lang='lat' dir='ltr'><strong>et</strong></span> <span class='ocrx_word' id='word_1_986' title='bbox 3215 5283 3308 5336; x_wconf 90' lang='lat' dir='ltr'><strong>pro</strong></span> <span class='ocrx_word' id='word_1_987' title='bbox 3338 5264 3713 5318; x_wconf 83' lang='lat' dir='ltr'><strong>observatione</strong></span> <span class='ocrx_word' id='word_1_988' title='bbox 3744 5264 4016 5316; x_wconf 77' lang='lat' dir='ltr'><strong>mandato-</strong></span> 
     </span>
    </p>
   </div>
   <div class='ocr_carea' id='block_1_116' title="bbox 2444 5351 4016 5436">
    <p class='ocr_par' dir='ltr' id='par_1_116' title="bbox 2444 5351 4016 5436">
     <span class='ocr_line' id='line_1_125' title="bbox 2444 5351 4016 5436; baseline -0.013 -12"><span class='ocrx_word' id='word_1_989' title='bbox 2444 5386 2583 5429; x_wconf 80' lang='lat' dir='ltr'><strong>tum,</strong></span> <span class='ocrx_word' id='word_1_990' title='bbox 2611 5381 2726 5436; x_wconf 73' lang='lat' dir='ltr'><strong>qua:</strong></span> <span class='ocrx_word' id='word_1_991' title='bbox 2748 5364 2814 5416; x_wconf 91' lang='lat' dir='ltr'><strong>ab</strong></span> <span class='ocrx_word' id='word_1_992' title='bbox 2842 5364 2956 5431; x_wconf 92' lang='lat' dir='ltr'><strong>ipso</strong></span> <span class='ocrx_word' id='word_1_993' title='bbox 2977 5367 3100 5413; x_wconf 87' lang='lat' dir='ltr'><strong>sunt</strong></span> <span class='ocrx_word' id='word_1_994' title='bbox 3128 5359 3250 5412; x_wconf 85' lang='lat' dir='ltr'><strong>data</strong></span> <span class='ocrx_word' id='word_1_995' title='bbox 3275 5400 3288 5421; x_wconf 95' lang='lat'><strong>,</strong></span> <span class='ocrx_word' id='word_1_996' title='bbox 3342 5371 3512 5425; x_wconf 82' lang='lat' dir='ltr'><strong>neque</strong></span> <span class='ocrx_word' id='word_1_997' title='bbox 3558 5353 3636 5408; x_wconf 87' lang='lat' dir='ltr'><strong>sic</strong></span> <span class='ocrx_word' id='word_1_998' title='bbox 3681 5351 3748 5405; x_wconf 84' lang='lat' dir='ltr'><strong>ad</strong></span> <span class='ocrx_word' id='word_1_999' title='bbox 3791 5353 4016 5406; x_wconf 80' lang='lat' dir='ltr'><strong>caritatis</strong></span> 
     </span>
    </p>
   </div>
   <div class='ocr_carea' id='block_1_117' title="bbox 2446 5450 4012 5524">
    <p class='ocr_par' dir='ltr' id='par_1_117' title="bbox 2446 5450 4012 5524">
     <span class='ocr_line' id='line_1_126' title="bbox 2446 5450 4012 5524; baseline -0.013 -10"><span class='ocrx_word' id='word_1_1000' title='bbox 2446 5460 2660 5514; x_wconf 87' lang='lat' dir='ltr'><strong>tnodum</strong></span> <span class='ocrx_word' id='word_1_1001' title='bbox 2712 5453 3012 5524; x_wconf 83' lang='lat' dir='ltr'><strong>pertingere</strong></span> <span class='ocrx_word' id='word_1_1002' title='bbox 3053 5450 3382 5520; x_wconf 87' lang='lat' dir='ltr'><strong>poterimus,</strong></span> <span class='ocrx_word' id='word_1_1003' title='bbox 3430 5461 3586 5514; x_wconf 89' lang='lat' dir='ltr'><strong>quam</strong></span> <span class='ocrx_word' id='word_1_1004' title='bbox 3618 5458 3742 5513; x_wconf 82' lang='lat' dir='ltr'><strong>erga</strong></span> <span class='ocrx_word' id='word_1_1005' title='bbox 3785 5453 4012 5498; x_wconf 84' lang='lat' dir='ltr'><strong>nostrum</strong></span> 
     </span>
    </p>
   </div>
   <div class='ocr_carea' id='block_1_118' title="bbox 2447 5538 4013 5614">
    <p class='ocr_par' dir='ltr' id='par_1_118' title="bbox 2447 5538 4013 5614">
     <span class='ocr_line' id='line_1_127' title="bbox 2447 5538 4013 5614; baseline -0.013 -10"><span class='ocrx_word' id='word_1_1006' title='bbox 2447 5548 2734 5605; x_wconf 85' lang='lat' dir='ltr'><strong>declaravit</strong></span> <span class='ocrx_word' id='word_1_1007' title='bbox 2783 5556 2967 5614; x_wconf 89' lang='lat' dir='ltr'><strong>genus.</strong></span> <span class='ocrx_word' id='word_1_1008' title='bbox 3011 5541 3127 5611; x_wconf 83' lang='lat' dir='ltr'><strong>Ipse</strong></span> <span class='ocrx_word' id='word_1_1009' title='bbox 3176 5540 3316 5593; x_wconf 87' lang='lat' dir='ltr'><strong>enim</strong></span> <span class='ocrx_word' id='word_1_1010' title='bbox 3363 5538 3501 5591; x_wconf 90' lang='lat' dir='ltr'><strong>Deus</strong></span> <span class='ocrx_word' id='word_1_1011' title='bbox 3549 5551 3668 5588; x_wconf 91' lang='lat' dir='ltr'><strong>cum</strong></span> <span class='ocrx_word' id='word_1_1012' title='bbox 3719 5547 3902 5600; x_wconf 84' lang='lat' dir='ltr'><strong>esset,</strong></span> <span class='ocrx_word' id='word_1_1013' title='bbox 3934 5551 4013 5602; x_wconf 80' lang='lat' dir='ltr'><strong>pro</strong></span> 
     </span>
    </p>
   </div>
   <div class='ocr_carea' id='block_1_119' title="bbox 2451 5627 4010 5698">
    <p class='ocr_par' dir='ltr' id='par_1_119' title="bbox 2451 5627 4010 5698">
     <span class='ocr_line' id='line_1_128' title="bbox 2451 5627 4010 5698; baseline -0.014 -1"><span class='ocrx_word' id='word_1_1014' title='bbox 2451 5641 2752 5698; x_wconf 81' lang='lat' dir='ltr'><strong>hominibus</strong></span> <span class='ocrx_word' id='word_1_1015' title='bbox 2774 5636 2876 5691; x_wconf 86' lang='lat' dir='ltr'><strong>hoc</strong></span> <span class='ocrx_word' id='word_1_1016' title='bbox 2904 5635 3086 5696; x_wconf 87' lang='lat' dir='ltr'><strong>subiit,</strong></span> <span class='ocrx_word' id='word_1_1017' title='bbox 3109 5642 3163 5686; x_wconf 89' lang='lat' dir='ltr'><strong>et</strong></span> <span class='ocrx_word' id='word_1_1018' title='bbox 3193 5631 3450 5686; x_wconf 87' lang='lat' dir='ltr'><strong>Dominus</strong></span> <span class='ocrx_word' id='word_1_1019' title='bbox 3475 5643 3570 5698; x_wconf 89' lang='lat' dir='ltr'><strong>pro</strong></span> <span class='ocrx_word' id='word_1_1020' title='bbox 3595 5627 3803 5688; x_wconf 81' lang='lat' dir='ltr'><strong>servis;</strong></span> <span class='ocrx_word' id='word_1_1021' title='bbox 3835 5642 3895 5679; x_wconf 86' lang='lat' dir='ltr'><strong>ac</strong></span> <span class='ocrx_word' id='word_1_1022' title='bbox 3923 5641 4010 5677; x_wconf 79' lang='lat' dir='ltr'><strong>non</strong></span> 
     </span>
    </p>
   </div>
   <div class='ocr_carea' id='block_1_120' title="bbox 2452 5719 4008 5806">
    <p class='ocr_par' dir='ltr' id='par_1_120' title="bbox 2452 5719 4008 5806">
     <span class='ocr_line' id='line_1_129' title="bbox 2452 5719 4008 5806; baseline -0.015 -17"><span class='ocrx_word' id='word_1_1023' title='bbox 2452 5749 2547 5806; x_wconf 90' lang='lat' dir='ltr'><strong>pro</strong></span> <span class='ocrx_word' id='word_1_1024' title='bbox 2571 5733 2735 5788; x_wconf 89' lang='lat' dir='ltr'><strong>servis</strong></span> <span class='ocrx_word' id='word_1_1025' title='bbox 2766 5727 3075 5798; x_wconf 89' lang='lat' dir='ltr'><strong>simpliciter</strong></span> <span class='ocrx_word' id='word_1_1026' title='bbox 3095 5765 3108 5792; x_wconf 92' lang='lat'><strong>,</strong></span> <span class='ocrx_word' id='word_1_1027' title='bbox 3149 5722 3242 5778; x_wconf 89' lang='lat' dir='ltr'><strong>sed</strong></span> <span class='ocrx_word' id='word_1_1028' title='bbox 3288 5735 3386 5792; x_wconf 87' lang='lat' dir='ltr'><strong>pro</strong></span> <span class='ocrx_word' id='word_1_1029' title='bbox 3415 5719 3633 5790; x_wconf 83' lang='lat' dir='ltr'><strong>ingratis</strong></span> <span class='ocrx_word' id='word_1_1030' title='bbox 3659 5728 3716 5772; x_wconf 88' lang='lat' dir='ltr'><strong>et</strong></span> <span class='ocrx_word' id='word_1_1031' title='bbox 3762 5720 4008 5787; x_wconf 76' lang='lat' dir='ltr'><strong>perpetuis</strong></span> 
     </span>
    </p>
   </div>
  </div>
