4054 6324
97 424 200 481 319

98 537 293 608 τηρίαν
321 532 601 606 ἡμετέραν
619 531 1130 607 ἒπραγματεύσατο,
1149 531 1392 605 δηλονότι
1410 531 1502 586 καὶ
1530 530 1599 584 τὰ
1623 529 1682 582 ἰν

96 621 174 692 τῷ
197 619 449 692 μέλλοντι
469 620 604 691 ⁴ἡμῖν
619 617 1016 690 τεταμιευμένα
1036 616 1216 687 ἀγαθὰ
1231 617 1477 690 παρέξει.
1493 615 1552 668 '0
1575 613 1684 684 γὰρ

97 704 203 776 πρὸ
227 703 333 776 τῆς
357 705 438 768 εἰς
466 702 530 757 τὸ
568 697 706 756 εἰναι
732 702 881 773 ἡμᾶς
915 701 1153 773 παρόδου
1183 700 1356 756 ταῦτα
1390 713 1686 771 προευτρε-

96 787 264 851 πίσας
293 785 384 841 διά
421 785 522 858 τὴν
550 784 760 839 οἰκείαν
783 783 1116 858 ἀγαθότητα,
1153 785 1271 849 πῶς
1299 783 1420 856 οὐχὶ
1455 783 1548 838 καὶ
1585 781 1684 853 τὴν

96 871 399 926 ἀπόλαυσιν
427 871 736 943 χαριεῖταις
764 869 884 926 Ὅτι
909 870 1020 942 γάρ
1046 869 1330 942 προλαϐὼν
1353 868 1525 924 ταῦτα
1549 867 1682 938 ἡμῖν

96 955 363 1026 ἡτοίμασε
389 954 457 1009 τὰ
487 953 691 1024 ἀγαθά,
725 955 890 1010 ἄκουε
924 955 1089 1010 αὐτοῦ
1111 953 1363 1025 λέγοντος
1389 953 1526 1026 πρὸς
1553 951 1682 1016 τοὺς

95 1039 158 1092 ὲκ
186 1038 382 1107 δεξιῶν
413 1036 677 1102 ἑστῶτας
705 1038 904 1105 Δεῦτε,
935 1041 992 1094 οἰ
1016 1037 1408 1108 εὐλογημένοι
1436 1036 1543 1090 τοῦ
1565 1038 1682 1090 Πα-

95 1124 233 1190 τρός
246 1139 391 1189 μου,
413 1121 912 1191 κληρονομήσατε
934 1121 1052 1190 τὴν
1074 1119 1527 1192 ἡτοιμασμένην
1543 1117 1683 1188 ὑμῖν

88 1204 423 1268 βασιλείαν
454 1202 570 1272 πρὸ
599 1204 940 1273 καταϐολῆς
957 1216 983 1244 τι
1004 1205 1256 1273 κόσμου.
1290 1198 1444 1266 Εἶδες
1477 1201 1680 1269 ἀγαθό-

90 1303 256 1356 τητος
281 1287 384 1339 ύπε
394 1285 622 1358 ρόολὴν,
639 1286 782 1361 πόσῃ
803 1288 931 1358 περί
948 1289 1009 1342 τὸ
1028 1288 1296 1360 ἡμέτερον
1309 1286 1468 1356 γένος
1489 1286 1684 1356 κέχρη-

89 1385 179 1421 ται
211 1372 282 1439 τῇ
319 1364 719 1439 φιλανθρωπίᾳ,
751 1369 824 1430 ὡς
852 1370 948 1424 καὶ
977 1371 1084 1441 πρὸ
1111 1371 1210 1440 τῆς
1235 1370 1328 1424 τοῦ
1355 1369 1562 1439 κόσμου
1583 1386 1680 1421 κα-

89 1451 327 1522 ταϐολῆς
356 1453 489 1521 ἡμίν
524 1450 624 1520 τῆς
656 1451 933 1522 βασιλείας
962 1453 1388 1524 προευτρεπίσαι
1418 1451 1516 1524 τὴν
1549 1451 1683 1504 ἁπό-

88 1536 314 1599 λαυσιν;
341 1534 432 1605 Μὴ
462 1533 642 1588 τοίνυν
670 1535 985 1607 ἀγνώμονες
1011 1537 1320 1608 γενώμεθα,
1353 1535 1679 1608 παρακαλῶ,

91 1621 230 1692 μηδὲ
259 1619 513 1685 ἀναξίους
547 1621 774 1684 ἑαυτοὺς
811 1623 1246 1691 καταστήσωμεν
1275 1621 1386 1674 τῶν
1413 1619 1682 1674 τοσούτων

87 1704 334 1775 δωρεῶν,
383 1703 520 1758 ἀλλά
567 1703 966 1774 ἀγαπήσωμεν,
1013 1705 1088 1768 ὡς
1134 1705 1232 1769 δεῖ,
1280 1704 1371 1758 τὸν
1415 1704 1681 1776 ἡμέτερον

89 1788 396 1856 Δεσπότην,
418 1787 514 1840 καὶ
531 1787 696 1858 μηδὲν
723 1787 1185 1859 διαπραττώμεθα
1212 1787 1321 1841 τῶν
1364 1787 1681 1841 διακοπτόν-

86 1887 197 1923 των
250 1870 354 1942 τὴν
392 1870 531 1941 πρὸς
565 1870 711 1940 ἡμᾶς
762 1869 928 1924 αὐτοῦ
957 1869 1189 1924 εὔνοιαν.
1250 1871 1343 1944 Μὴ
1386 1871 1495 1943 γὰρ
1527 1870 1682 1924 αὐτοὶ

88 1954 554 2036 προκατάρχομεν
597 1951 692 2008 τοῦ
758 1953 1124 2027 πράγματος;
1169 1955 1342 2020 Αὐτὸς
1392 1953 1681 2036 προλαξὼν

88 2036 298 2106 πολλὴν
318 2036 412 2090 καὶ
437 2035 644 2106 ἄφατον
670 2036 769 2109 τὴν
795 2055 863 2092 πε
872 2038 925 2110 ρὶ
939 2039 1090 2108 ἡμᾶς
1105 2037 1326 2110 ἀγάπην
1349 2035 1676 2100 ἐπεδείξατο.

88 2113 377 2189 [ΜΠΠῶς
401 2115 496 2174 οὖν
525 2121 626 2175 οὐκ
649 2120 851 2191 ἄτοπον
879 2120 971 2174 τὸν
998 2120 1172 2186 οὕτως
1205 2122 1570 2192 ἀγαπήσαντα
1607 2121 1681 2192 μὴ

87 2201 185 2254 καὶ
209 2203 382 2272 ἡμᾶς,
399 2202 523 2256 ὅσον
540 2203 738 2274 ἔχομεν
761 2203 1065 2275 δυνάμεως,
1092 2205 1346 2275 ἀγαπᾷνς
1381 2205 1552 2267 Αὐτὸς
1573 2204 1683 2274 γὰρ

85 2280 179 2336 διά
209 2285 314 2354 τὴν
349 2285 478 2356 περί
522 2287 669 2358 ἡμᾶς
702 2287 923 2358 ἀγάπην
957 2289 1138 2342 πάντα
1176 2288 1294 2358 μεθ’
1328 2286 1523 2357 ἡδονῆς
1547 2287 1682 2340 ὑπέ-

89 2381 270 2434 μεινε,
301 2367 396 2422 καὶ
419 2368 479 2436 ἐξ
505 2368 688 2422 ἀὐτῶν
715 2370 825 2424 τῶν
848 2369 1065 2424 κάλπιον
1087 2370 1197 2424 τῶν
1228 2370 1511 2442 πατρικῶν
1536 2369 1685 2423 ἀλλό-

88 2465 279 2517 μενος,
317 2450 394 2514 ὠς
441 2452 640 2518 εἰπεῖν,
685 2451 874 2506 δούλου
908 2452 1122 2524 μορφὴν
1151 2451 1440 2506 ἀναλαϐεῖν
1466 2452 1684 2507 κατεδέ-

86 2530 244 2596 ξατο,
266 2535 361 2588 καὶ
376 2535 463 2588 διά
493 2537 709 2590 πάντων
728 2536 837 2590 τῶν
859 2536 1214 2610 ἀνθρωπίνων
1242 2536 1437 2604 ἐλθεῖν,
1465 2537 1560 2591 καὶ
1584 2538 1684 2601 τὰς

86 2617 246 2685 παρά
274 2615 545 2672 Ἰουδαίων
573 2618 762 2690 ὕϐρεις
792 2622 887 2673 καὶ
916 2620 1141 2690 ἀτιμίας
1171 2620 1480 2691 ὑπομεῖναι,
1508 2621 1600 2674 καὶ
1624 2620 1684 2674 τὸ

82 2700 400 2755 τελευταῖον
423 2701 658 2774 σταυρὸν
681 2703 1028 2770 κατεδέξατο,
1059 2705 1152 2757 καὶ
1184 2703 1414 2758 θάνατον
1442 2703 1533 2759 τὸν
1560 2706 1685 2757 ὲπο-

82 2781 374 2846 νείδιστον,
388 2783 475 2836 ῐνα
491 2784 637 2854 ἡμᾶς
651 2786 776 2849 τοὺς
795 2785 971 2856 χαμαὶ
991 2786 1337 2857 συρομένους.
1359 2787 1452 2838 καὶ
1471 2788 1684 2856 μυρίοις

84 2865 337 2936 φορτίοις
360 2867 773 2939 ἁμαρτημάτων
791 2869 1176 2942 βαρουμένους.
1197 2869 1286 2924 διά
1301 2872 1400 2940 τῆς
1415 2871 1496 2934 εἰς
1521 2869 1684 2924 αὑτὸν

86 2950 335 3014 πίστεως
376 2950 742 3025 ἐλευθερώσῃ.
791 2954 978 3008 Ταῦτα
1028 2955 1137 3027 γὰρ
1178 2956 1395 3010 ἅπαντα
1427 2954 1624 3009 ἐννοῶν
1657 2957 1686 3009 ό

87 3033 369 3104 μακάριος
418 3035 647 3100 Παῦλος,
674 3037 702 3089 ό
732 3036 935 3109 θερμὸς
978 3038 1215 3111 ἐραστὴς
1242 3039 1338 3092 τοῦ
1369 3038 1631 3110 Χριστοῦ,
1657 3040 1686 3092 ό

82 3115 350 3188 καθάπερ
376 3117 683 3189 ὑπόπτερος
713 3119 811 3190 τὴν
827 3121 1152 3192 οἰκουμένην
1178 3121 1520 3192 περιτρέχων
1543 3122 1687 3176 ἀπα·

84 3217 214 3265 σαν,
241 3201 273 3252 ό
316 3202 376 3254 ἐν
405 3198 621 3270 σώματι
665 3202 735 3254 τὰ
784 3201 895 3256 τῶν
931 3203 1240 3273 ἀσωμάτων
1263 3204 1685 3258 -ὲπιδείκνυσθαι

85 3282 438 3346 σπουδάζων,
456 3283 586 3337 ὲὸόα
613 3284 808 3352 λέγων·
844 3285 908 3341 Ἠ
932 3285 1044 3356 τὰρ
1072 3285 1273 3356 ἀγάπη
1293 3287 1402 3343 τοῦ
1424 3287 1684 3358 Χριστοῦ

81 3366 342 3435 συνέχει
364 3363 690 3438 ἡμᾶς.”ορα
718 3367 1161 3438 εὐγνωμοσύνην,
1180 3370 1281 3440 ὅρα
1299 3370 1503 3444 ἀρετῆς
1517 3371 1685 3443 ύπερ-

82 3447 280 3520 ϐολὴν,
322 3448 425 3519 ὅρα
444 3447 608 3502 πόθον
641 3447 852 3512 ζέοντα.
886 3449 947 3505 Ἠ
975 3449 1200 3520 ἀγάπη,
1229 3453 1387 3523 φησὶ,
1424 3453 1530 3509 τοῦ
1551 3457 1687 3524 Χρι-

80 3529 246 3586 στοῦ
282 3529 531 3600 συνέχει
557 3529 746 3600 ἡμᾶς’
783 3532 928 3586 τοῦτ’
961 3533 1132 3597 ἔστιν,
1160 3533 1308 3597 ὠθεῖ,
1335 3537 1686 3605 καταναγκά-

83 3613 193 3676 ζει,
225 3615 569 3681 κατεπείγει.
589 3611 722 3668 Εἶτα
744 3615 1082 3685 ἑρμηνεῦσαι
1113 3616 1435 3688 βουλόμενος
1463 3619 1524 3672 τὸ
1555 3621 1684 3690 παρ’

83 3697 294 3752 ἑαυτοῦ
343 3697 531 3770 ῥηθὲν,
569 3699 730 3770 φησί’
761 3700 1098 3768 Κρίναντας
1141 3702 1337 3766 τοῦτο,
1372 3702 1462 3758 ὅτι
1504 3705 1557 3757 εἰ
1598 3697 1686 3770 εἷς

82 3780 245 3848 ὑπὲρ
281 3781 568 3835 ἁπάντων
603 3780 926 3851 ἀπέθανεν,
958 3782 1073 3852 ἄρα
1111 3786 1166 3838 οἱ
1206 3785 1432 3850 πάντες
1462 3787 1684 3842 ἀπέθα-

80 3881 224 3918 νον.
250 3863 361 3917 Καὶ
381 3863 532 3933 ὺπέρ
553 3864 797 3919 πάντων
815 3867 1137 3929 ἀπέθανεν,
1161 3868 1262 3921 ἵνα
1279 3871 1330 3922 οἰ
1353 3867 1566 3934 ζῶντες
1574 3888 1688 3939 μη-

81 3949 216 4004 κέτι
245 3946 484 4016 ἑαυτοῖς
507 3947 706 4015 ζῶσιν,
742 3951 905 4005 ἀλλὰ
935 3949 1016 4016 τῷ
1043 3949 1198 4022 ὑπὲρ
1229 3953 1430 4006 αὐτῶν
1456 3955 1682 4007 ἀποθα-

82 4035 268 4087 νόντι
296 4031 393 4086 καὶ
426 4033 746 4104 ἐγερθέντι.
778 4030 932 4097 Εἰδες
963 4034 1080 4098 πῶς
1106 4036 1331 4100 εἰκότως
1365 4037 1570 4107 ἔλεγεν,
1605 4040 1684 4094 ὅτι

80 4115 350 4184 Συνέχει
372 4115 531 4186 ἡμᾶς
559 4117 597 4186 ἡ
626 4115 828 4186 ἀγάπη
851 4117 960 4172 τοῦ
989 4117 1282 4187 Χριστοῦ;
1319 4119 1380 4174 Εἰ
1412 4121 1520 4191 γὰρ
1543 4122 1686 4194 ὑπὲρ

84 4199 449 4272 ἡμῶν,φησί,
473 4200 696 4255 πάντων
721 4199 978 4265 ἀπέθανε,
1001 4201 1092 4256 διὰ
1105 4202 1266 4257 τοῦτο
1289 4204 1582 4268 ἀπέθανεν,
1603 4205 1687 4258 ἵνα

85 4285 263 4354 ἡμεῖς
288 4284 337 4336 οἰ
371 4283 573 4348 ζῶντες
610 4284 810 4354 μηκέτι
848 4286 1061 4350 ἑαυτοῖς
1092 4286 1299 4358 ζῶμεν,
1334 4289 1450 4342 ἀλλ’
1494 4291 1688 4360 ἐκείνῳ

81 4366 167 4438 τῷ
199 4365 347 4438 ὑπὲρ
377 4366 535 4438 ήμῶν
568 4367 896 4422 ἀποθανόντι
930 4370 1024 4423 καῖ⁵
1060 4369 1365 4441 ἐγερθέντι.
1392 4371 1686 4442 Δεχὼμεθα

81 4449 282 4504 τοίνυν
305 4449 404 4521 τὴν
434 4449 762 4528 παραίνεσιν
791 4451 890 4523 τὴν
917 4453 1302 4526 ἀποστολικὴν,
1330 4456 1424 4510 καὶ
1460 4456 1535 4528 μὴ
1565 4458 1690 4510 ἑαυσ

83 4535 206 4600 τοῖς
239 4531 447 4604 ζῶμεν,
473 4534 609 4590 ἀλλά
633 4534 712 4606 τῷ
735 4536 1046 4608 ὑπὲρημῶν
1069 4539 1391 4594 ἀποθανόντι
1413 4541 1508 4594 καὶ
1533 4544 1688 4612 ἐγερ-

84 4616 268 4671 θέντι.
301 4617 410 4670 Καὶ
443 4616 582 4682 πῶς,
613 4619 770 4689 φησί,
805 4619 1152 4690 δυνησόμεθα
1201 4622 1278 4692 μὴ
1311 4624 1524 4686 ἑαυτοῖς
1555 4624 1684 4693 ζῇνς

88 4701 304 4754 Ἄκουε
331 4700 426 4755 τοῦ
459 4702 726 4772 μακαρίου
754 4702 946 4756 τούτου
982 4703 1144 4757 πάλιν
1179 4705 1429 4773 λέγοντος
1449 4725 1461 4738 ο
1498 4706 1590 4760 Ζῶ
1621 4706 1687 4760 δέ

85 4787 210 4840 οὐκ
246 4782 336 4836 ἔτι
365 4783 500 4853 ἐγὼ,
529 4782 598 4854 ζῇ
622 4785 690 4840 δέ
724 4787 796 4840 ἐν
815 4786 945 4857 ἐμοὶ
979 4789 1257 4857 Χριστός.
1276 4789 1419 4862 Ὅρα
1450 4791 1568 4855 πῶς
1595 4794 1688 4846 ἐπὶ

84 4868 200 4935 γῆς
237 4865 473 4934 βαδίζων
494 4870 590 4922 καὶ
607 4870 770 4940 σαρκί
787 4871 1302 4941 συμπεπλεγμένος,
1322 4875 1574 4946 καθάπερ
1598 4877 1687 4930 τὸν

87 4952 330 5021 οὐρανὸν
357 4950 544 5017 οἰκῶν,
574 4952 668 5006 καὶ
690 4955 812 5016 ταῖς
841 4954 1156 5024 ἀσωμάτοις
1184 4960 1689 5029 συναναστρεφόμε-

86 5049 182 5094 νος
208 5031 529 5102 δυνάμεσιν,
553 5033 695 5088 οὕτω
707 5034 958 5088 διέκειτο.
979 5037 1078 5090 Διά
1097 5037 1255 5091 τοῦτο
1270 5039 1505 5110 ἀλλαχοῦ
1526 5042 1689 5098 πάλιν

90 5109 321 5181 ἕλεγενῖ
351 5119 412 5168 Οἱ
433 5115 503 5170 δὲ
522 5115 628 5170 τοῦ
645 5118 924 5185 Χριστοῦ,
947 5119 1062 5188 τὴν
1075 5121 1274 5189 σάρκα
1294 5109 1690 5191 ἐσταύρωσαν

89 5197 225 5251 σὺν
245 5195 370 5262 τοῖς
397 5197 706 5267 παθήμασι
737 5201 835 5254 καὶ
859 5201 988 5270 ταῖς
1004 5205 1363 5273 ἐπιθυμίαις.
1383 5206 1554 5261 Τοῦτο
1581 5209 1691 5262 τοί-

92 5295 196 5331 νυν
211 5278 334 5331 tot!
353 5279 410 5332 τὸ
441 5279 516 5351 μὴ
540 5281 753 5346 ἑαυτοῖς
781 5282 901 5355 ζῇν,
921 5285 1059 5339 ἀλλά
1195 5287 1337 5359 ὑπὲρ
1370 5288 1528 5358 ἡμῶν
1551 5291 1687 5344 ἀπο-

93 5361 321 5417 θανόντι
347 5363 439 5416 καλ⁵
463 5364 762 5436 ἐγερθέντι,
791 5367 918 5420 ὅταν
937 5367 1187 5440 καθάπερ
1217 5371 1402 5440 νεκροί
1421 5366 1571 5440 ὦμεν
1593 5374 1688 5426 τοῦ

97 5443 376 5515 παρόντος
405 5446 544 5517 βίου,
581 5448 673 5501 καὶ
709 5449 846 5521 πρὸς
883 5450 1052 5522 μηδὲν
1082 5451 1189 5505 τῶν
1217 5455 1512 5524 ὁρωμένων
1537 5449 1689 5526 ὦμεν

96 5527 455 5600 ἐπτοημένοι.
496 5530 598 5583 Διά
624 5531 731 5602 γάρ
759 5531 918 5586 τοῦτο
944 5536 971 5586 ὀ
995 5535 1276 5606 Δεσπότης
1307 5537 1463 5607 ἡμῶν
1495 5539 1689 5593 ἐσταυ-

101 5610 281 5682 ρώθη,
310 5611 398 5666 ἵνα
430 5613 552 5666 ἀντὶ
575 5615 780 5683 ταύτης
806 5616 904 5685 τῆς
929 5617 1075 5687 ζωῆς
1104 5619 1318 5690 ἐκείνην
1348 5621 1691 5687 άνταλλαξώ-

102 5694 278 5758 μεθα·
306 5694 507 5764 μᾶλλον
531 5695 607 5760 δὲ,
627 5697 714 5750 ἵνα
747 5696 836 5750 διὰ
859 5697 1062 5769 ταύτης
1087 5702 1302 5772 ἐκείνην
1321 5705 1530 5768 ἑαυτοῖς
1552 5723 1693 5776 πρα-

99 5777 567 5848 γματευσώμεθα.
600 5778 662 5832 'Il
689 5779 798 5850 γὰρ
828 5781 1078 5856 παροῦσα
1099 5784 1231 5854 ζωὴ,
1259 5787 1352 5839 ἐὰν
1376 5787 1690 5859 βουλώμεθα

100 5865 300 5932 νήφειν
316 5861 410 5914 καὶ
429 5861 808 5934 ἐγρηγορέναι,
829 5863 966 5935 πρὸς
992 5866 1090 5936 τὴν
1111 5867 1406 5923 ἀπόλαυσιν
1430 5871 1527 5942 τῆς
1557 5873 1685 5928 αἰω-

167 6047 194 6073 ⁴
224 6040 454 6107 Quinque
475 6057 588 6100 mss.
615 6045 709 6096 ἀπὸ
732 6047 1016 6106 καταϐολῆς,

1131 416 1201 474 ΙΝ
1232 415 1387 474 CAP.
1421 414 1540 472 XIII
1577 412 1823 474 GENES.
1864 414 2099 474 HOMIL.
2132 415 2375 474 XXXIV.

3271 413 3382 472 330

1789 527 1902 584 νίου
1936 530 2082 602 ζωῆς
2111 532 2258 604 ἡμᾶς
2299 529 2512 602 ὁδηγεῖ·
2553 530 2647 584 καὶ
2688 527 3051 601 δυνησόμεθα,
3093 529 3141 581 εἰ
3178 527 3377 598 βουλη-

1787 616 2012 687 θείημεν
2038 616 2233 688 μικρὸν
2257 614 2596 687 διεγερθῆναι
2628 615 2726 668 καὶ
2751 612 3010 679 διανοῖξαι
3040 612 3102 666 τὸ
3125 613 3224 684 τῆς
3258 614 3390 668 δια--
3503 677 3508 688 Ι

1786 699 1936 762 νοίας
1958 698 2132 770 ὄμμα,
2166 698 2263 768 τῆς
2297 698 2416 752 ἐκεῖ
2451 697 2660 769 λήξεως
2685 697 2783 769 τὴν
2820 697 3029 751 έννοιαν
3052 696 3139 750 διὰ
3177 699 3390 762 παντὸς

1783 781 2006 853 τρέφειν
2029 783 2160 854 παρ’
2185 783 2418 848 ἑαυτοῖς,
2445 782 2541 836 καί
2555 780 2700 836 οὕτω
2717 779 2786 834 τά
2809 781 2908 851 μὲν
2929 779 3186 850 ὁρώμενα
3203 797 3389 852 παραγ

1783 874 2002 945 τρέχειν
2041 875 2136 929 καὶ
2170 871 2596 945 ὑπερίπτασθαι,
2628 871 2762 944 πρὸς
2796 871 2854 924 δὲ
2888 869 2958 924 τά
2987 871 3250 942 μέλλοντα
3284 871 3380 925 καὶ

1784 956 2162 1023 διαιωνίζοντα
2185 955 2385 1010 τείνειν
2409 955 2502 1010 τὸν
2523 955 2802 1025 λογισμόν
2833 953 3085 1025 καθάπερ
3110 952 3205 1007 καὶ
3231 955 3261 1006 ό
3282 970 3380 1024 μαι

1786 1041 1978 1111 κάριος
2004 1032 2160 1104 οὗτος
2187 1039 2458 1093 παιδεύων
2483 1040 2631 1110 ἡμᾶς
2651 1036 2857 1106 ἔλεγεν·
2897 1038 2958 1089 Ὃ
2983 1036 3052 1089 δὲ
3071 1036 3189 1091 νῦν
3207 1035 3282 1098 ζῶ
3308 1037 3383 1090 ἐν

1785 1125 1988 1193 σαρκὶ.
2009 1124 2293 1177 ἐνπίστει
2317 1121 2388 1184 ζῶ
2411 1121 2487 1192 τῇ
2506 1121 2612 1176 τοῦ
2641 1119 2779 1175 Υίοῦ
2803 1119 2908 1174 τοῦ
2935 1119 3084 1173 Θεοῦ
3112 1117 3221 1173 τοῦ
3236 1119 3381 1188 ἀγα-

1786 1207 2102 1276 πήσαντός
2129 1223 2228 1276 με,
2255 1207 2353 1260 καὶ
2387 1204 2762 1274 παραδόντος
2781 1203 2999 1256 ἐαυτὸν
3023 1200 3179 1269 ὑπὲρ
3206 1201 3382 1269 ἐμοῦ.

1865 1292 2098 1362 ς’.”ορα
2122 1289 2298 1360 ψυχὴν
2330 1289 2753 1358 πεπυρωμένην,
2789 1286 2890 1356 ὅρα
2924 1283 3182 1355 λογισμὸν
3215 1287 3381 1336 ἐπτε-

1787 1373 2052 1444 ρωμένον,
2080 1375 2182 1444 ὅρα
2218 1372 2457 1426 διάνοιαν
2486 1369 2846 1440 ὲκκειιομένην
2873 1367 2948 1437 τῷ
2970 1367 3106 1438 πρὸς
3126 1367 3216 1420 τὸν
3249 1366 3380 1420 Θεὸν

1787 1455 1956 1526 πόθῳ.
1984 1458 2046 1508 Ὃ
2076 1455 2194 1510 νῦν
2230 1453 2323 1518 ζῶ,
2363 1454 2549 1526 φησὶν,
2578 1454 2647 1506 ἐν
2685 1452 2886 1505 πίστει
2922 1447 3011 1510 ζῶ.
3047 1451 3138 1521 Μὴ
3160 1450 3269 1521 γὰρ
3297 1467 3382 1503 νο-

1789 1540 1989 1612 μίσητέ
2009 1557 2098 1612 με,
2122 1539 2280 1610 φησί,
2302 1537 2577 1593 συντελεῖν
2600 1555 2650 1590 τι
2668 1538 2746 1599 εἰς
2765 1536 2833 1588 τὰ
2857 1534 2950 1588 τοῦ
2977 1536 3244 1605 παρόντος
3263 1534 3380 1604 βίου

1788 1622 1940 1695 [348]
1973 1626 2298 1695 πράγματα.
2334 1623 2398 1675 Εἰ
2431 1621 2540 1693 γάρ
2580 1621 2673 1674 καὶ
2701 1620 2881 1690 σάρκα
2915 1619 3259 1690 περίκειμαι,
3287 1621 3382 1672 καὶ

1785 1709 1906 1768 ταῖς
1931 1706 2201 1775 ἀνάγκαις
2223 1705 2322 1776 τῆς
2345 1705 2560 1774 φύσεως
2582 1703 2970 1774 προσδέδεμαι,
2990 1701 3107 1754 ἀλλ’
3124 1703 3181 1754 ὲν
3201 1703 3380 1755 πίστει

1789 1789 1887 1854 ζῶ,
1922 1792 1986 1860 τῇ
2017 1791 2096 1853 εἰς
2129 1779 2383 1860 Χριστὸν,
2414 1788 2633 1841 πάντων
2663 1786 2946 1858 ὑπερορῶν
2977 1787 3005 1826 b
3032 1785 3141 1840 τῶν
3174 1787 3381 1856 παρόν-

1787 1889 1916 1940 των,
1943 1874 2009 1944 τῇ
2034 1872 2206 1925 ἑλπίδι
2230 1874 2293 1942 τῇ
2318 1874 2396 1936 εἰς
2421 1871 2581 1924 αὐτὸν
2606 1870 2783 1924 πάντα
2807 1869 3191 1941 παρατρέχων,
3228 1871 3351 1923 ἐκτε
3367 1901 3380 1909 -

1787 1955 2031 2026 ταμένην
2056 1954 2166 2026 ἔχω
2185 1956 2282 2025 τὴν
2308 1955 2547 2009 διάνοιαν
2565 1953 2702 2025 πρὸς
2734 1953 2916 2006 αὐτόν.
2935 1949 3067 2005 Εἶτα
3091 1953 3179 2006 ἵνα
3202 1952 3382 2026 μάθῃς

1788 2036 1952 2092 αὐτοῦ
1970 2036 2066 2091 τοῦ
2099 2038 2321 2108 φίλτρου
2344 2037 2443 2108 τὴν
2465 2036 2793 2108 ὑπερϐολὴν,
2831 2036 2996 2108 φησίν
3013 2077 3024 2089 .
3045 2035 3148 2089 Ἐν
3179 2036 3382 2089 πίστει

1786 2120 1860 2182 ζῶ
1887 2119 1964 2190 τῇ
1989 2121 2095 2176 τοῦ
2145 2121 2284 2176 Υίοῦ
2315 2120 2424 2174 τοῦ
2466 2119 2620 2174 Θεοῦ
2648 2119 2756 2181 τοῦ
2799 2119 3237 2188 ἀγαπήσαντός
3281 2136 3378 2187 με,

1789 2203 1887 2258 καί
1914 2203 2294 2272 παραδόντος
2323 2201 2545 2258 ἑαυτὸν
2579 2202 2734 2271 ὑπὲρ
2764 2202 2933 2271 ἐμοῦ.
2969 2201 3171 2256 Σκόπει
3207 2202 3382 2272 πόσης

1786 2286 1888 2358 τῆς
1909 2287 2330 2359 εὐγνωμοσύνης
2358 2289 2391 2358 ἡ
2420 2285 2720 2358 ὑπερϐολή.
2738 2286 2803 2338 Τί
2832 2285 3030 2354 λέγεις,
3063 2278 3108 2337 ῶ
3141 2285 3379 2355 μακάριε

1787 2372 2003 2436 Παῦλες
2036 2371 2150 2442 Πρὸ
2196 2370 2395 2442 μικροῦ
2439 2370 2644 2438 ἔλεγες,
2669 2370 2777 2435 ’ος
2806 2386 2873 2440 γε
2903 2368 3008 2423 τοῦ
3048 2367 3201 2422 ἰδίου
3242 2368 3380 2422 Υίοῦ

1787 2457 1899 2511 οὐκ
1929 2455 2236 2524 ἐφείσατο,
2271 2455 2409 2509 ἀλλ’
2445 2453 2598 2523 ὑπὲρ
2628 2451 2800 2523 ἡμῶν
2842 2454 3087 2505 πάντων
3117 2452 3384 2520 παρέδω-

1789 2548 1895 2590 κεν
1917 2539 2133 2591 αὐτόν’
2176 2539 2270 2591 καὶ
2312 2537 2408 2591 νῦν
2444 2537 2640 2606 λέγεις,
2690 2536 2801 2591 Τοῦ
2829 2535 3260 2606 ἀγαπήσαντός
3287 2551 3381 2604 με,

1787 2620 1882 2673 καί
1911 2619 2140 2691 ἰδιοποιῇ
2177 2619 2274 2691 τὴν
2306 2619 2493 2692 κοινὴν
2531 2618 2886 2690 εύεργεσίαν;
2919 2619 3050 2682 Ναὶ,
3097 2617 3262 2688 φησίν
3283 2635 3294 2646 ·
3335 2619 3384 2669 εἰ

1787 2703 1894 2774 γὰρ
1912 2703 2006 2757 καὶ
2023 2703 2164 2773 ὑπὲρ
2183 2703 2385 2770 παντὸς
2407 2703 2502 2757 τοῦ
2521 2704 2628 2756 τῶν
2643 2701 2948 2775 ἀνθρώπων
2966 2703 3156 2770 γένους
3175 2702 3207 2770 ἡ
3224 2699 3384 2752 θυσία

1790 2787 2218 2857 προσενήνεκται
2262 2788 2394 2855 παρ’
2432 2786 2622 2848 αὑτοῦ,
2669 2785 2804 2839 ἀλλά
2845 2785 2933 2839 διά
2963 2784 3024 2838 τὸ
3064 2785 3191 2854 περί
3221 2785 3386 2837 αὑτὸν

1789 2868 2011 2940 φίλτρον
2044 2885 2146 2939 μου
2186 2869 2296 2939 ἐγὼ
2337 2869 2699 2940 ἰδιοποιοῦμαι
2729 2868 2790 2922 τὸ
2830 2869 3075 2938 γεγονός.
3105 2868 3262 2922 Οὕτω
3291 2869 3385 2920 καὶ

1789 2953 1905 3015 τοῖς
1925 2953 2236 3021 προφήταις
2258 2951 2379 3015 έθος
2403 2953 2596 3016 ποιεῖν,
2623 2953 2720 3006 καὶ
2744 2951 2943 3013 λέγειν·
2966 2952 3022 3004 '0
3044 2951 3176 3014 Θεὸς
3199 2952 3226 3003 ὁ
3252 2951 3387 3012 Θεός
3429 3013 3431 3015 ι

1794 3050 1895 3104 μου
1915 3050 1927 3063 ·
1960 3033 2137 3086 καίτοι
2169 3033 2271 3104 τῆς
2299 3036 2627 3104 οἰκουμένης
2654 3036 2774 3088 ἐστὶ
2793 3034 2926 3098 Θεός
2947 3049 2960 3062 ·
2993 3035 3108 3099 ἀλλ’
3137 3036 3265 3087 ἴδιον
3290 3033 3384 3086 τεῦ

1784 3116 1980 3180 πόθου,
2006 3116 2074 3169 τὸ.
2095 3117 2248 3170 κοινά
2275 3115 2668 3170 ἰδιοποιεῖσθαι.
2693 3116 2774 3186 Τῇ
2793 3116 2901 3172 τοῦ
2933 3118 3070 3172 Υἱοῦ
3088 3117 3193 3171 τοῦ
3213 3118 3385 3182 θεοῦ,

1792 3195 1944 3270 φησί,
1964 3199 2072 3254 τοῦ
2087 3199 2522 3268 ἀγαπήσαντός
2542 3200 2712 3268 με.Τί
2727 3200 2940 3270 λέγεις;
2973 3201 3039 3254 Σὲ
3065 3202 3224 3272 μόνον
3245 3201 3387 3270 ἠγά-

1796 3293 1970 3350 πησε;
2010 3282 2196 3334 Πᾶσαν
2240 3282 2361 3352 μὲν,
2391 3283 2546 3350 φησὶ,
2577 3283 2677 3353 τὴν
2703 3283 2810 3337 τῶν
2853 3283 3160 3356 ἀνθρώπων
3200 3281 3383 3352 φύσιν,

1796 3363 1912 3417 ἀλλ’
1938 3362 2048 3433 ἐγὼ
2081 3364 2157 3427 ὼς
2200 3365 2360 3435 μόνος
2403 3366 2733 3434 ἀγαπηθεὶς,
2759 3366 2935 3428 οὕτως
2975 3366 3124 3437 αύτῷ
3155 3368 3386 3439 χάριτας

1794 3447 2013 3515 ὀφείλω.
2037 3448 2149 3502 Καὶ
2171 3446 2548 3516 παραδόντος
2567 3448 2788 3502 ἐαυτὸν
2816 3451 2967 3517 ὑπὲρ
2996 3450 3164 3518 ἐμοῦ.
3183 3451 3247 3503 Τί
3273 3447 3387 3516 οὖν,

1793 3530 1933 3602 ὑπὲρ
1957 3530 2051 3584 σοῦ
2083 3529 2244 3600 μόνον
2268 3530 2622 3602 ὲσταυρώθη;
2655 3533 2769 3586 Οὐκ
2800 3534 2967 3598 αὐτὸς
3011 3533 3182 3602 λέγει,
3203 3536 3390 3588 Ὅταν

1793 3611 2280 3682 ὑψωθῶ,πάντας
2301 3611 2548 3669 ἑλκύσω
2572 3615 2720 3683 πρὸς
2734 3617 3020 3686 ἐμαυτόν;
3056 3619 3116 3670 οὐ
3140 3620 3203 3671 σὺ
3227 3620 3389 3684 αὐτὸς

1792 3692 1972 3761 εἴπας,
1999 3697 2107 3750 δτι¹
2123 3693 2274 3770 Υπὲρ
2294 3696 2466 3766 ἡμῶν
2496 3698 2739 3752 πάντων
2765 3700 3110 3769 παρέδωκεν
3137 3703 3387 3765 ἐαυτόν;

1792 3779 1920 3844 Ναὶ,
1951 3779 2115 3852 φησίν
2134 3795 2147 3810 °
2205 3781 2306 3833 οὐκ
2358 3779 2772 3851 ἐναντιούμενος
2802 3783 2980 3853 ἑαυτῷ
3007 3784 3178 3839 ταῦτά
3222 3801 3386 3857 φημι,

1791 3862 1929 3917 ἀλλά
1954 3863 2047 3917 τόν
2083 3865 2323 3934 ἐμαυτοῦ
2357 3865 2523 3918 πόθον
2569 3865 3086 3937 παραμυθούμενος.
3130 3870 3240 3922 Καὶ
3285 3871 3389 3940 ὅρα

1794 3945 2085 4000 πάλινκαί
2127 3946 2313 4017 ἕτερόν
2336 3964 2385 4000 τι
2417 3948 2503 4000 διά
2549 3947 2658 4002 τῶν
2689 3949 2999 4020 εἰρημένων
3038 3953 3188 4021 ἡμᾶς
3235 3953 3387 4006 διδά-

1795 4045 2010 4085 σκοντα.
2039 4029 2325 4102 Ἀνωτέρω
2370 4029 2481 4101 γάρ
2527 4031 2698 4083 εἰπὼν
2747 4034 2872 4102 περί
2899 4033 2994 4085 τοῦ
3033 4035 3266 4104 Πατρὸς,
3303 4037 3386 4090 ὃτι

1806 4113 1987 4182 ’Υπὲρ
2019 4111 2190 4182 ἡμῶν
2229 4113 2475 4167 πάντων
2514 4115 2862 4183 παρέδωκεν
2893 4117 3102 4182 αὑτὸν,
3150 4118 3388 4173 ἐνταῦθα

1791 4199 1959 4267 λέγει,
1984 4198 2240 4251 Ἑαυτὸν
2273 4197 2620 4266 παρέδωκεν
2647 4217 2656 4226 ’
2710 4199 2828 4252 ἐκεῖ
2863 4202 2979 4270 μὲν,
3012 4201 3100 4254 ἵνα
3132 4201 3228 4272 τὴν
3254 4203 3388 4272 ὁμό-

1793 4299 1941 4336 νοιαν
1962 4281 2113 4355 δείξῃ
2148 4281 2244 4334 καὶ
2273 4283 2372 4352 τὴν
2403 4283 2693 4353 ὁμοτιμίαν
2723 4283 2937 4355 Πατρὸς
2974 4286 3066 4338 καὶ
3101 4285 3255 4350 Υίού,
3292 4289 3386 4340 καὶ

1791 4367 1891 4440 τὴν
1923 4367 2236 4435 οἰκονομίαν
2268 4377 2289 4405 ο
2329 4366 2632 4434 αἰνίξηται·
2669 4369 2789 4420 ἐπεὶ
2828 4370 2920 4421 καὶ
2957 4369 3192 4440 ἀλλαχοῦ
3229 4387 3381 4439 φησι,

1794 4451 2132 4518 Γενόμενος
2162 4452 2430 4515 ὑπήκοος
2451 4449 2631 4519 μέχρι
2662 4451 2943 4518 θανάτου,
2985 4453 3258 4525 πανταχοῦ
3292 4456 3387 4527 τὴν

1792 4533 2100 4603 οἰκονομίαν
2134 4533 2512 4604 πιστούμενος.
2548 4534 2818 4587 Ἐνταῦθα
2847 4535 2903 4587 δὲ
2935 4535 3014 4598 τὸ,
3039 4537 3388 4604 Πιιίέδωκεν

1793 4616 2031 4679 ἑαυτὸν,
2065 4615 2334 4676 τέθεικεν,
2368 4617 2456 4669 ἵνα
2485 4616 2634 4688 δείξῃ
2657 4618 2738 4670 ὅτι
2771 4617 2912 4671 ἑκὼν
2937 4620 2996 4671 τὸ
3024 4620 3195 4682 πάθος
3222 4639 3353 4674 κατε
3371 4654 3386 4662 -

1793 4698 2005 4765 δέξατο,
2023 4700 2116 4752 καὶ
2135 4699 2235 4752 οὐκ
2260 4700 2476 4771 ἀνάγκῃ
2498 4700 2621 4753 οὐδὲ
2647 4699 2758 4771 βία,
2784 4701 2919 4754 ἀλλά
2949 4701 3272 4773 βουλόμενος
3295 4709 3389 4759 καὶ

1794 4782 1964 4835 θέλων
2005 4783 2171 4835 παντὶ
2204 4781 2282 4850 τῷ
2307 4783 2417 4835 τῶν
2448 4781 2754 4854 ἀνθρώπων
2792 4785 2938 4851 γένει
2979 4786 3078 4857 τὴν
3110 4790 3388 4860 σωτηρίαν

1796 4864 2352 4936 πραγματεύσασθαι,
2384 4865 2476 4918 τὸν
2515 4866 2747 4938 σταυρὸν
2782 4868 3071 4938 ὑπέμεινε.
3097 4871 3263 4924 Ποίαν
3293 4867 3387 4928 οὖν

1795 4950 1913 5002 κατ’
1938 4947 2096 5012 ἀξίαν
2119 4948 2341 5018 ἀγάπην
2359 4948 2733 5015 ἐπιδείξασθαι
2755 4951 3116 5023 δυνησόμεθα,
3139 4955 3274 5026 πρὸς
3297 4957 3388 5009 τὸν

1793 5029 1938 5084 οὕτω
1967 5031 2226 5084 πλουσίαν
2253 5032 2350 5102 τὴν
2376 5033 2500 5101 περί
2523 5034 2670 5103 ἡμᾶς
2698 5035 2924 5105 ἀγάπην
2943 5037 3384 5108 ὲπιδειξὰμενον;

1795 5114 1915 5167 Κάν
1964 5115 2076 5185 γάρ
2117 5115 2287 5184 αὐτὴν
2323 5115 2422 5185 τὴν
2456 5116 2637 5186 ψυχὴν
2663 5116 2930 5189 προέσθαι,
2963 5120 3388 5192 καταδεξὼμεθα

1796 5197 1934 5268 ὑπέρ
1964 5214 2024 5250 τε
2053 5199 2162 5251 τῶν
2197 5197 2363 5251 αὐτοῦ
2391 5198 2592 5268 νόμων,
2628 5199 2721 5252 καὶ
2751 5199 2853 5271 τῆς
2883 5202 3131 5272 φυλακῆς
3160 5203 3270 5257 τῶν
3305 5207 3389 5256 ἐνυ

1795 5280 1964 5333 τολῶν
1994 5279 2104 5333 τῶν
2136 5281 2266 5351 παρ’
2288 5280 2453 5334 αὐτοῦ
2489 5280 2768 5347 δοθεισῶν,
2812 5285 2933 5338 οὐδὲ
2966 5285 3112 5339 οὕτω
3153 5288 3289 5357 πρὸς
3328 5290 3389 5341 τὸ

1800 5364 1998 5434 μέτρον
2030 5363 2233 5432 φθάσαι
2255 5363 2599 5434 δυνησόμεθα
2635 5365 2735 5433 τῆς
2765 5367 3008 5437 ἀγάπης,
3036 5370 3102 5439 ἣν
3137 5372 3266 5438 περὶ
3291 5372 3391 5440 τὴν

1796 5445 2075 5516 ἡμετέραν
2105 5447 2418 5510 ἐπεδείξατο
2463 5445 2646 5516 φύσιν.
2674 5450 2848 5513 Αὐτὸς
2884 5452 2984 5521 μὲν
3018 5453 3125 5523 γὰρ
3152 5453 3284 5515 Θεὸς
3315 5456 3389 5508 ῶν

1796 5527 1938 5598 ὑπὲρ
1984 5527 2290 5600 ἀνθρώπων
2341 5528 2499 5583 τοῦτο
2541 5531 2904 5599 κατεδέξατο,
2951 5536 3044 5588 καὶ
3107 5539 3384 5607 Δεσπότης

1793 5610 2078 5681 τυγχάνων
2103 5613 2242 5682 ὑπὲρ
2266 5612 2488 5678 δούλων,
2529 5615 2623 5667 καί
2652 5616 2751 5686 οὐχ
2781 5617 2923 5688 ὑπὲρ
2948 5618 3150 5672 δούλων
3175 5619 3390 5686 ἁπλῶς,

1797 5693 1932 5746 ἀλλά
1970 5696 2066 5748 καί
2108 5696 2441 5766 ἀγνωμόνων
2475 5698 2567 5750 καί
2615 5698 2818 5769 πολλὴν
2861 5701 2955 5754 καὶ
2995 5703 3261 5755 ἄσπονδον
3291 5703 3392 5773 τὴν

1798 5777 2642 5849 ἔχθρανἐπιδεικνυμένων.οΚαὶ
2673 5783 2835 5847 αὐτὸς
2864 5785 2963 5853 μὲν
2995 5785 3287 5854 προλαϐὼν
3311 5788 3389 5850 είς

1865 5936 2000 6012 FrSjc
2017 5938 2165 6012 ξεινίί
2194 5946 2243 5989 el
2267 5947 2460 6012 s_eplcm
2482 5958 2592 6012 mss.
2610 5945 2792 6012 _MoreI.
2813 5950 3012 6011 ύῃορῶν,
3085 5953 3109 5982 ε
3131 5953 3395 6012 Οἰκονομὶα

1803 6011 1918 6076 ςυιη
1933 5999 2002 6076 (12
2015 6000 2206 6076 (ξίη-ἰείυ
2226 6009 2305 6051 esl
2322 5999 2580 6076 scrutamdg
2609 5999 2947 6076 lrggamalibn'c
2971 6010 3288 6076 inteiligilur,
3313 5999 3395 6064 ίιίε

1805 6071 1922 6110 ναι-ο
1945 6061 2008 6110 de
2032 6061 2288 6126 l’assiuuc,
2316 6073 2368 6116 ut
2392 6080 2450 6117 cx
2473 6061 2604 6119 εει-ἐρ
2647 6071 2820 6132 liquot.
