4054 6324
104 445 196 501 3‘2!
1057 431 1122 486 IN
1159 430 1307 488 CAP.
1350 427 1486 483 XIV.
1529 416 1772 479 GENES.
1818 415 2046 473 llOMlL.
2089 415 2300 471 XXXV.

101 558 352 615 inimicis.
397 556 460 611 Et
494 556 608 626 ipse
635 551 780 623 prior
808 548 860 603 in
906 545 1150 617 indignos
1197 555 1252 600 et
1293 542 1486 598 millies
1511 539 1686 625 lapsos

106 659 309 705 tantam
336 625 560 703 contulit
604 639 1006 698 beneficentiam
1048 657 1061 692 :
1112 650 1210 690 nos
1257 641 1433 687 autem
1479 625 1685 683 etiamsi

105 743 365 797 faciamus
403 747 752 809 quaecumque
796 731 1124 801 poterimus,
1154 725 1282 780 nihil
1313 735 1561 792 magnum
1607 717 1686 770 fa-

105 836 310 890 ciemus
331 875 347 894 .
376 842 435 887 ut
457 831 506 886 ei
535 828 624 900 qui
666 841 764 880 nos
791 824 948 878 tantis
980 819 1253 877 beneficiis
1282 813 1558 886 praevenit,
1589 810 1688 866 ali-

103 925 231 997 quid
279 921 652 993 rependamus.
686 917 874 972 Nostra
925 914 1067 969 enim
1099 952 1112 974 ,
1159 909 1202 963 si
1229 921 1331 978 qua
1359 912 1681 974 sequuntur,

105 1015 385 1071 retributio
413 1011 627 1081 quidem
655 1018 778 1064 sunt
803 1017 858 1062 et
885 1005 1159 1063 debitum;
1191 1000 1332 1054 illius
1355 1006 1532 1051 autem
1563 1000 1687 1047 sunt

104 1106 272 1176 gratia
316 1113 374 1158 et
416 1099 711 1165 beneficia,
739 1094 1144 1167 largitionisque
1186 1087 1512 1160 magnitudo.
1562 1085 1686 1139 flare

103 1197 267 1265 igitur
293 1194 472 1248 omnia
519 1192 851 1262 cogitantes,
902 1186 1185 1255 diligamus
1231 1181 1500 1237 Christum
1549 1179 1687 1232 sicut

102 1285 302 1339 Paulus
352 1284 523 1354 ipsum
570 1280 796 1344 dilexit,
826 1277 1131 1356 nullamque
1161 1271 1502 1345 praesentium
1533 1269 1688 1322 ratio-

100 1392 224 1429 nem
255 1373 564 1436 habeamus,
583 1369 677 1424 sed
701 1376 1014 1438 perpetuum
1030 1365 1145 1434 ejus
1165 1376 1402 1417 amorem
1434 1361 1484 1412 in
1511 1358 1685 1412 anima

101 1474 289 1518 nostra
340 1463 548 1516 firmum
593 1467 649 1514 et
693 1457 935 1514 stabilem
976 1468 1270 1510 servemus.
1315 1450 1388 1505 Ita
1437 1448 1577 1504 enim
1635 1455 1689 1501 et

98 1555 281 1608 omnia
310 1565 429 1620 qua:
472 1552 523 1604 in
561 1549 660 1604 hac
685 1549 791 1603 vita
821 1555 964 1614 sunt,
995 1544 1376 1604 deridebimus,
1409 1549 1463 1595 et
1491 1548 1685 1593 terram

99 1643 253 1711 quasi
279 1643 466 1697 caelum
489 1640 922 1704 inhabitahimus,
952 1651 1124 1706 neque
1149 1651 1212 1689 ex
1235 1632 1504 1705 prosperis
1528 1629 1687 1685 rebus

101 1711 443 1786 remissiores
459 1731 680 1794 erimus,
697 1742 871 1797 neque
885 1742 948 1781 ex
966 1725 1205 1780 adversis
1219 1720 1650 1778 contristabimur
1671 1734 1683 1770 :

99 1823 196 1877 sed
227 1821 478 1877 omnibus
518 1818 802 1890 prteteritis
829 1817 896 1872 ad
944 1816 1225 1870 amabilem
1274 1812 1555 1867 Dominum
1588 1824 1688 1862 no-

100 1927 274 1969 strum
306 1914 430 1968 hinc
456 1911 846 1971 festinabimus,
894 1923 1066 1977 neque
1091 1905 1398 1960 dilationem
1424 1900 1686 1973 gravatim

102 2008 364 2070 feremus,
392 2003 487 2058 sed
517 2017 657 2058 nunc
683 2010 738 2057 et
767 2015 864 2054 nos
887 1999 1026 2054 sicut
1057 1998 1242 2051 beatus
1288 1995 1377 2049 ille
1407 1994 1647 2048 dicemus
1669 2033 1684 2056 ,

104 2099 257 2165 Quod
277 2111 410 2150 nunc
437 2096 646 2150 vivimus
672 2094 726 2147 in
753 2107 926 2156 carne,
956 2091 1010 2143 in
1038 2088 1141 2158 [ide
1177 2087 1386 2140 sinimus
1412 2082 1535 2138 Filii
1573 2083 1686 2146 Dei,

99 2192 185 2256 qui
212 2189 391 2257 ditarit
437 2203 548 2254 nos,
578 2195 624 2241 et
650 2185 972 2254 semetipsum
999 2180 1208 2236 tradidit
1238 2194 1330 2249 pro
1364 2176 1506 2230 nobis
1544 2173 1686 2249 (Gal.

99 2282 155 2334 2.
198 2281 296 2352 ΞΟ)
320 2297 334 2333 :
366 2289 423 2334 ut
450 2287 506 2335 et
531 2287 847 2348 praesentem
877 2275 1038 2329 vitam
1067 2274 1268 2341 absque
1306 2282 1537 2324 maerore
1565 2282 1688 2336 per-

104 2373 370 2438 ficiamus,
418 2378 474 2425 et
518 2368 710 2424 futuris
739 2366 895 2423 bonis
934 2363 1034 2418 frui
1065 2375 1401 2424 mereamur,
1442 2357 1609 2428 gratia
1637 2363 1692 2410 et

101 2461 474 2518 misericordia
515 2459 724 2515 Domini
763 2457 932 2514 nostri
972 2455 1100 2510 Jesu
1143 2450 1376 2518 Chl‘iall,
1422 2463 1542 2504 cum
1584 2462 1690 2518 quo

103 2556 252 2610 l'atri
283 2563 340 2610 et
368 2552 589 2623 Spiritui
619 2558 807 2607 sancto
834 2549 905 2604 sit
923 2546 1108 2620 gloria,
1143 2544 1447 2614 imperium,
1495 2541 1685 2607 honor,

104 2631 326 2702 nunc'et
353 2658 586 2714 semper,
619 2653 675 2699 et
692 2643 744 2697 in
770 2641 964 2697 szecula
983 2637 1327 2694 saeculorum.
1355 2636 1545 2690 Amen.

630 2772 910 2829 HOMILIA
946 2768 1167 2826 XXXV.

106 2886 326 2941 Factam
352 2895 426 2940 est
464 2895 632 2940 autent
660 2885 714 2938 in
741 2899 896 2955 regno
921 2880 1238 2951 Amarphatlt
1277 2878 1408 2949 regis
1435 2877 1690 2942 Sennaar,

179 2977 368 3032 Arioclt
411 2993 504 3031 rex
528 2977 744 3043 Alasar,
787 2985 834 3030 et
859 2971 1265 3043 Chodologomor
1303 2985 1394 3024 rea:
1433 2968 1614 3032 Elam,
1646 2975 1694 3021 et

181 3068 440 3123 Thartltac
465 3084 557 3122 rea:
579 3067 801 3139 gentium
826 3073 1083 3138 gesserunt
1107 3062 1294 3117 bellum
1317 3077 1434 3115 eam
1461 3074 1574 3129 rege
1595 3057 1694 3113 So—

176 3159 446 3212 domorum
474 3156 637 3230 (Gen.
666 3158 753 3212 14.
781 3157 832 3211 1.
863 3152 954 3226 2).

180 3268 234 3322 l.
265 3264 436 3320 Lectio
462 3265 746 3336 Scriptura:
771 3261 1169 3318 conimen‘datur.
1195 3259 1469 3330 —lngens
1495 3259 1692 3312 bonum

104 3369 212 3422 est,
242 3357 596 3422 dilectissimi,
624 3355 922 3411 divinarum
945 3345 1339 3422 Scripturarum
1368 3352 1546 3407 lectio.
1571 3350 1695 3405 llaec

102 3451 256 3505 enim
299 3450 533 3503 animam
581 3461 708 3503 vera
754 3445 1092 3518 philosophia
1141 3446 1453 3500 instructam
1496 3443 1691 3510 reddit,

105 3544 227 3596 h:ec
255 3542 306 3596 in
337 3541 525 3596 emtum
558 3547 791 3595 mentem
818 3536 1101 3602 transfert,
1135 3536 1250 3591 haec
1279 3550 1572 3590 memorem
1598 3535 1694 3589 be-

106 3633 286 3688 neficii
334 3631 512 3688 reddit
539 3631 808 3686 hominem
836 3670 852 3695 ,
883 3628 1000 3683 ha'e
1044 3627 1168 3682 facit
1210 3642 1277 3683 ne
1316 3626 1602 3697 quidquam
1629 3641 1696 3679 ex

104 3726 273 3780 rebus
303 3722 660 3793 praesentibus
703 3720 1063 3786 admiremur,
1106 3719 1202 3773 sed
1248 3727 1305 3772 ut
1345 3727 1600 3787 perpetuo
1642 3717 1694 3771 in

101 3817 212 3872 alia
245 3816 351 3869 vita
381 3824 561 3869 mente
589 3820 770 3868 nostra
801 3799 1078 3868 versemur
1095 3851 1111 3875 ,
1139 3819 1194 3865 et
1219 3808 1285 3864 ad
1313 3809 1519 3864 Domini
1550 3824 1695 3864 mer-

103 3908 297 3962 cedem
335 3906 687 3976 respicientes
727 3905 904 3960 omnia
945 3918 1232 3973 operemur
1255 3944 1270 3968 ,
1318 3902 1698 3973 alacritateque

107 4012 302 4068 magna
329 3996 581 4051 virtutum
611 3995 820 4052 labores
844 3994 1236 4066 aggrediamur.
1265 3993 1339 4048 Ex
1372 3994 1501 4062 ipsis
1528 3993 1699 4049 disce-

107 4104 169 4143 re
196 4089 322 4144 licet
351 4087 444 4144 Dei
472 4088 721 4144 celeriter
760 4085 1120 4142 suecurrentis
1156 4084 1570 4154 providentiam,
1605 4085 1698 4154 ju-

106 4190 314 4235 storunt
345 4178 735 4244 fortitudinem,
767 4176 976 4231 Domini
1010 4176 1322 4242 bonitatem,
1355 4175 1697 4244 praemiorum

108 4271 555 4342 magnitudinem.
596 4269 732 4324 Hinc
773 4282 1058 4339 possumus
1102 4266 1168 4320 ad
1213 4263 1607 4322 aemulationem
1644 4275 1700 4322 et

109 4362 466 4419 imitationem
511 4358 861 4430 philosophia:
906 4371 1290 4430 generosorum
1321 4356 1556 4411 virorum
1600 4371 1699 4411 ex-

108 4452 266 4510 citari
285 4493 302 4518 ,
330 4460 389 4506 ut
420 4465 528 4516 non
560 4459 927 4520 torpescamus
956 4449 1008 4503 in
1039 4447 1250 4502 virtutis
1277 4447 1655 4503 certaminibus
1681 4462 1695 4512 ;

108 4544 205 4600 sed
233 4541 565 4599 confidamus
595 4539 791 4596 divinis
819 4537 1262 4610 promissionibus
1281 4578 1297 4604 ,
1344 4537 1503 4591 etiam
1543 4546 1688 4591 ante-

109 4648 272 4702 quam
313 4633 583 4688 eveniant.
630 4627 861 4685 Proinde
901 4641 1090 4697 magna
1136 4626 1409 4697 diligentia
1434 4667 1449 4690 ,
1495 4639 1696 4695 quaeso,

108 4724 413 4777 divinarum
454 4719 850 4790 Scripturarum
890 4718 1104 4774 lectioni
1133 4731 1401 4772 vacemus.
1443 4717 1517 4772 Ita
1556 4717 1698 4773 enim

106 4825 167 4870 et
190 4815 469 4870 scientiam
508 4825 876 4882 assequentur,
923 4810 967 4866 si
1013 4809 1079 4864 ad
1123 4823 1206 4873 ea,
1254 4824 1372 4878 quae
1417 4808 1486 4863 ibi
1529 4810 1699 4878 posita

109 4914 261 4969 sunt,
289 4903 598 4972 frequenter
625 4899 960 4955 accedamus.
990 4899 1172 4968 Neque
1193 4900 1335 4953 enim
1364 4899 1477 4953 fieri
1507 4909 1694 4968 potest,

111 5007 172 5050 ut
199 4997 242 5049 is
274 4993 363 5064 qui
393 4991 587 5047 divinis
617 4990 905 5061 Seripturis
944 5003 1135 5058 magno
1161 4988 1339 5044 studio
1369 4989 1701 5057 ferventique

109 5085 382 5140 desiderio
406 5090 591 5147 vacat,
622 5093 872 5150 umquam
905 5079 1236 5147 negligatur;
1282 5077 1376 5133 sed
1408 5079 1531 5133 licet
1559 5079 1696 5133 desit

112 5176 271 5230 nobis
314 5173 546 5228 hominis
576 5169 973 5242 magisterium,
1026 5169 1140 5237 ipse
1179 5169 1435 5222 Dominus
1471 5184 1702 5238 superne

113 5275 298 5320 nostra
327 5265 379 5318 in
406 5262 568 5319 corda
596 5263 800 5316 intrans
837 5260 1065 5327 illustrat
1093 5269 1326 5314 mentem
1350 5300 1363 5321 ,
1394 5261 1584 5314 rationi
1611 5261 1700 5329 ju-

115 5355 216 5411 bar
261 5368 414 5408 suum
462 5351 726 5418 infundit,
771 5351 973 5421 detegit
1018 5351 1259 5416 occulta,
1306 5349 1597 5421 doetorque
1647 5353 1703 5406 lit

112 5459 304 5500 eorum
333 5459 453 5513 qua:
494 5445 836 5514 ignoramus;
882 5453 1085 5498 tantum
1132 5444 1174 5497 si
1218 5458 1315 5498 nos
1357 5460 1476 5513 qua:
1521 5455 1700 5499 nostra

115 5543 245 5590 sunt
280 5533 470 5589 afferre
499 5535 748 5590 velimus.
782 5533 864 5588 Ne
890 5536 1073 5589 vocetis
1103 5535 1245 5588 enim
1266 5575 1281 5601 ,
1313 5536 1512 5604 inquit,
1543 5538 1702 5606 magi-

116 5637 274 5681 strum
305 5642 459 5694 super
487 5634 670 5679 terram
701 5623 920 5696 (Matth.
955 5625 1045 5680 23.
1075 5625 1169 5693 8).
1203 5625 1432 5691 Quando
1460 5627 1617 5696 igitur
1647 5635 1701 5683 In

116 5732 306 5774 ntanus
343 5716 674 5785 Spiritnalem
719 5718 909 5772 librum
949 5718 1208 5786 capimus,
1257 5718 1459 5773 intenta
1502 5729 1698 5785 mente,

113 5807 354 5864 collectis
387 5801 726 5876 reductisque
765 5805 1174 5878 cogitationibus
1195 5848 1208 5875 ,
1243 5808 1491 5881 omnique
1531 5825 1695 5866 smcu-

3271 408 3423 463 392‘

1795 531 1891 584 lari
1921 545 2048 584 cura
2075 528 2293 598 depulsa
2316 570 2331 596 ,
2374 529 2588 584 lectioni
2633 528 3002 583 incumbamus
3028 544 3146 582 eum
3185 543 3376 598 magna

1792 620 1986 690 pietate
2015 629 2073 674 et
2101 620 2428 683 attentione,
2473 629 2529 673 ut
2576 620 2845 688 poesimus
2890 634 2918 673 a
2961 629 3148 674 sancto
3178 618 3379 688 Spiritu

1790 711 1854 764 ad
1887 713 2206 781 scriptorum
2251 711 2653 781 intelligentiam
2700 711 2820 766 duci
2845 752 2861 777 ,
2902 719 2958 766 ct
3002 712 3225 765 multum
3258 712 3381 765 inde

1790 801 2025 856 fructum
2055 805 2350 873 percipere.
2381 804 2512 858 Nam
2547 803 2805 859 barbarus
2831 804 2919 858 ille
2949 805 3146 873 regina:
3167 801 3378 857 Ethio-

1792 909 1917 962 pum
1973 894 2284 960 eunuchus,
2319 897 2407 965 qui
2454 897 2505 950 in
2540 905 2682 950 tanta
2727 905 2845 950 erat
2889 897 3078 964 gloria,
3123 904 3178 950 et
3220 911 3380 950 curru

1791 983 2083 1040 vehebatur
2105 986 2240 1056 (Act.
2269 986 2347 1058 8),
2372 1002 2441 1041 ne
2465 987 2558 1040 illo
2579 987 2792 1057 quidem
2825 996 3068 1056 tempore
3095 988 3380 1041 lectionem

1792 1077 2132 1148 negligebat;
2165 1080 2257 1134 sed
2291 1079 2606 1148 prepbetam
2637 1080 2688 1132 in
2720 1079 2965 1133 manibus
2995 1080 3194 1134 habens
3216 1120 3232 1147 ,
3269 1095 3384 1134 ma-

1790 1183 1952 1237 gnum
1986 1168 2199 1222 lectioni
2227 1168 2514 1223 adhibebat
2538 1170 2798 1235 studium,
2833 1169 2990 1239 idque
3019 1171 3229 1225 nescius
3255 1169 3379 1238 quid

1793 1258 1844 1310 in
1877 1256 2026 1310 libris
2065 1258 2470 1313 contineretur:
2501 1267 2735 1312 attamen
2776 1259 2899 1328 quia
2942 1259 3201 1314 afferebat
3229 1259 3384 1329 quid-

1791 1345 1915 1415 quid
1950 1347 2000 1399 in
2035 1362 2094 1402 se
2122 1355 2259 1414 erat,
2296 1363 2488 1417 nempe
2512 1349 2745 1402 studium
2767 1391 2780 1408 .
2810 1350 3170 1415 alacritatem,
3201 1361 3382 1404 atten-

1793 1435 1989 1491 tionem
2010 1479 2024 1502 ,
2058 1437 2332 1492 doctorem
2362 1450 2548 1495 nactus
2575 1448 2675 1494 est.
2705 1441 2891 1510 Cogita
2919 1442 3065 1496 enim
3088 1483 3104 1506 ,
3133 1442 3379 1504 obsecro,

1790 1535 2047 1595 quantum
2075 1536 2188 1582 erat
2217 1544 2390 1597 neque
2435 1529 2486 1582 in
2529 1529 2716 1584 itinere
2762 1531 3046 1585 lectionem
3090 1531 3380 1601 negligere,

1791 1622 1846 1669 et
1872 1617 2168 1686 prmsertim
2205 1617 2482 1673 sedentem
2513 1621 2564 1673 in
2594 1635 2774 1675 curru.
2817 1621 3048 1675 Audiant
3078 1624 3381 1691 exemplum

1793 1705 1828 1758 ii
1857 1706 1946 1775 qui
1974 1721 2146 1776 neque
2169 1707 2312 1763 domi
2342 1717 2397 1763 ut
2422 1708 2524 1764 hoc
2550 1708 2763 1774 faciant,
2795 1712 3103 1781 persuaderi
3137 1723 3384 1782 possunt,

1791 1795 1886 1851 sed
1938 1805 2184 1866 putantes
2230 1814 2616 1867 supervacuam
2661 1817 2781 1856 esse
2829 1802 3020 1857 horum
3073 1803 3379 1865 lectionem.

1793 1889 1913 1959 quia
1943 1891 2025 1945 vel
2051 1906 2171 1945 cum
2211 1891 2434 1946 muliere
2465 1892 2740 1959 habitant,
2773 1896 2855 1948 vel
2899 1896 3101 1949 militiae
3128 1896 3386 1965 adscripti

1792 1990 1955 2044 sunt,
2000 1981 2087 2036 vel
2118 1997 2408 2052 puerorum
2440 1993 2495 2038 et
2534 1998 2810 2037 servorum
2851 1985 3186 2054 aliorumque
3214 2002 3382 2055 nego-

1795 2069 1988 2125 tiorum
2014 2081 2177 2141 agunt
2202 2087 2384 2126 curam
2407 2111 2423 2137 ,
2468 2087 2574 2128 non
2611 2075 2902 2128 convenire
2942 2074 3042 2128 sibi
3075 2076 3380 2144 opinantur,

1793 2168 1852 2214 ut
1874 2161 2069 2215 divinae
2098 2161 2389 2231 Scriptum
2429 2162 2646 2218 lectioni
2688 2164 3018 2220 incumbant.
3064 2166 3205 2222 Ecce
3240 2169 3383 2221 enim

1795 2252 1881 2307 hic
1899 2253 2178 2308 eunuchus
2202 2264 2256 2308 et
2277 2254 2554 2318 barbarus,
2579 2271 2699 2325 qute
2719 2266 2944 2327 utraque
2963 2258 3029 2311 ad
3055 2259 3384 2314 reddendum

1796 2343 2238 2414 negligentiorem
2275 2344 2631 2410 sufficiebant,
2659 2355 2713 2402 et
2741 2347 2807 2401 ad
2833 2347 2948 2403 lucc
2970 2349 3242 2418 dignitatis
3267 2366 3384 2404 :tttl-

1796 2434 1998 2505 plitudo
2023 2445 2078 2490 et
2102 2451 2263 2505 opum
2289 2436 2612 2491 abundantia
2644 2455 2656 2489 :
2690 2437 2825 2492 adde
2850 2438 2992 2508 quod
3023 2449 3077 2493 et
3106 2439 3157 2493 in
3193 2439 3386 2495 itinere

1794 2535 1909 2582 erat
1933 2536 1990 2582 et
2015 2541 2174 2582 curru
2206 2527 2477 2582 ferebatur
2504 2547 2516 2581 :
2553 2527 2654 2582 hoc
2682 2529 2825 2582 enim
2857 2529 3017 2583 modo
3044 2529 3145 2583 iter
3173 2530 3398 2585 facienti.

1797 2633 1904 2672 non
1929 2626 2011 2674 est
2038 2616 2192 2673 facile
2223 2616 2440 2673 lectioni
2472 2633 2594 2674 esse
2619 2627 2881 2672 attentum
2903 2659 2918 2684 ,
2949 2619 3056 2674 imo
3082 2620 3236 2676 valde
3267 2637 3390 2674 mo-

1796 2708 1986 2764 lestum
2019 2726 2033 2761 :
2066 2718 2301 2763 attamen
2330 2708 2666 2764 desiderium.
2685 2718 2741 2764 et
2783 2710 3018 2764 studium
3061 2713 3239 2764 oninia
3282 2711 3388 2766 int-

1799 2799 2104 2870 pedimenta
2135 2816 2164 2854 e
2195 2799 2373 2854 medio
2404 2799 2708 2867 auferebat,
2742 2809 2794 2855 et
2823 2801 3039 2856 lectioni
3069 2803 3156 2857 ille
3186 2803 3392 2858 ineunt-

1799 2893 1990 2957 bebat,
2039 2907 2139 2948 nec
2169 2892 2380 2948 dicebat
2427 2907 2488 2948 ea
2521 2909 2640 2963 quae
2683 2909 2824 2949 nunc
2873 2895 3116 2965 plerique
3157 2895 3340 2950 dicunt
3374 2915 3388 2951 :

1797 2982 1912 3037 Non
1942 2983 2180 3050 intelligo
2209 2997 2272 3036 ea
2301 2998 2422 3053 quae
2447 2984 2644 3052 scripta
2676 2992 2822 3052 sunt,
2853 3000 2960 3039 non
2992 3000 3207 3054 possum
3237 2989 3390 3040 intel‘

1800 3073 1964 3142 ligere
1991 3071 2405 3142 profunditatem
2438 3073 2835 3142 Scripturarum
2865 3091 2878 3126 :
2908 3090 3074 3144 quare
3114 3076 3307 3130 frustra
3339 3088 3406 3133 et»

1801 3163 2066 3218 incassum
2095 3162 2332 3218 laborem
2362 3162 2684 3218 sustinerem
2727 3164 2975 3234 legendo,
3003 3166 3129 3220 dum
3157 3183 3261 3221 non
3293 3167 3392 3222 ιι..-

1800 3253 1902 3308 beo
1941 3255 2030 3324 qui
2080 3254 2499 3324 interpreteturi
2542 3253 2684 3308 Nihil
2737 3255 2924 3309 borum
2971 3258 3238 3326 cogitabat
3283 3259 3401 3327 ille,

1801 3344 1977 3415 lingua
2008 3344 2223 3414 quidem
2262 3345 2522 3400 barbarus
2542 3385 2556 3409 ,
2590 3356 2770 3401 mente
2799 3356 2976 3402 autem
3007 3347 3391 3418 philosOphus;

1800 3434 1894 3488 sed
1921 3435 2162 3504 cogitans
2194 3434 2459 3504 potiusse
2499 3451 2603 3490 non
2633 3446 2998 3507 contemptum
3044 3440 3143 3506 iri,
3177 3441 3268 3495 sed
3296 3457 3392 3496 su-

1799 3540 1964 3595 perna
1992 3527 2162 3595 gratia
2189 3525 2578 3596 adjuvandum,
2613 3528 2772 3582 modo
2797 3529 2937 3599 quod
2968 3546 3121 3585 suum
3151 3542 3268 3586 erat
3299 3549 3396 3602 pro

1801 3616 2262 3691 viribusoadferrct
2283 3659 2298 3682 ,
2329 3618 2546 3672 lectioni
2579 3619 2941 3674 incumbebat.
2978 3621 3265 3692 Propterea
3297 3624 3395 3679 be.-

1803 3708 1998 3778 nignus
2028 3709 2285 3763 Dominus
2314 3710 2481 3779 ipsius
2503 3710 2691 3764 videns
2715 3711 3062 3781 desiderium,
3092 3731 3213 3771 eum
3237 3717 3396 3772 mini-

1804 3813 1890 3854 me
1915 3800 2183 3869 neglexit,
2215 3814 2387 3869 neque
2415 3815 2509 3854 sua
2548 3815 2678 3856 cura
2721 3802 2996 3868 destituit,
3025 3805 3121 3860 sed
3154 3809 3398 3874 protinus

1804 3891 1904 3960 ipsi
1928 3892 2204 3946 doctorem
2233 3891 2396 3946 misit.
2427 3891 2507 3946 Tu
2532 3902 2709 3947 autem
2739 3896 2982 3965 expende
3005 3899 3276 3966 quomodo
3302 3916 3398 3956 ex-

1802 3984 2120 4052 spectaverit
2139 4024 2155 4050 ,
2186 3993 2244 4038 ut
2273 3983 2387 4054 ipse
2413 3999 2534 4054 qua:
2575 3985 2743 4054 ipsius
2782 3995 2937 4041 erant
2965 3989 3109 4058 prius
3136 3989 3395 4059 adferret,

1802 4085 1856 4129 et
1891 4085 2015 4130 tunc
2044 4090 2198 4130 suum
2245 4073 2495 4144 patefecit
2523 4075 2797 4130 auxilium.
2842 4076 2975 4131 Cum
3018 4077 3177 4148 igitur
3215 4082 3399 4139 omnia

1805 4165 2039 4234 perfecta
2069 4173 2125 4219 et
2153 4164 2396 4220 absoluta
2427 4173 2608 4219 essent
2632 4181 2750 4236 quas
2777 4167 2846 4221 ab
2876 4167 2976 4223 illo
3009 4169 3215 4224 fuerant
3241 4172 3397 4226 exhi-

1804 4255 1976 4311 benda
2000 4297 2015 4321 ,
2047 4254 2304 4325 deinceps
2333 4256 2553 4326 angelus
2591 4257 2805 4312 Domini
2847 4258 3097 4329 Philippo.
3129 4264 3399 4330 apparuit,

1804 4348 1990 4403 dicens
2020 4365 2033 4399 :
2064 4346 2231 4419 Surge
2257 4357 2305 4402 et
2327 4347 2453 4402 vade
2477 4348 2548 4404 ad
2575 4348 2707 4401 siam
2733 4365 2848 4417 que
2871 4351 3127 4404 descendit
3153 4352 3214 4405 ab
3237 4353 3396 4407 Jeru-

1804 4442 1960 4493 salem
1988 4440 2043 4493 in
2072 4438 2303 4505 Gazam;
2334 4440 2442 4496 hac
2467 4448 2546 4494 est
2568 4440 2784 4496 deserta.
2821 4441 2887 4495 Et
2916 4458 3060 4510 ecce,
3090 4444 3294 4514 inquit,
3325 4448 3400 4500 vir

1806 4532 2070 4601 xEtlu'ops,
2101 4535 2374 4603 prefectus
2399 4533 2658 4586 eunuchus
2686 4532 2946 4588 Candaees
2977 4537 3164 4606 regina:
3187 4537 3399 4592 .‘Ethio.

1807 4639 1962 4693 pum,
1993 4625 2082 4693 qui
2107 4635 2307 4678 venerat
2332 4624 2640 4678 adoraturus
2666 4626 2718 4678 in
2743 4625 3068 4692 Jerusalem;
3110 4640 3152 4681 et
3180 4632 3286 4698 ipse
3315 4613 3403 4684 re;

1807 4716 2088 4769 vertebatur
2141 4715 2324 4768 sedens
2379 4730 2530 4782 super
2588 4731 2793 4769 currum
2857 4733 3041 4783 suum,
3111 4720 3405 4791 legebatque

1806 4806 2001 4861 Isaiam
2026 4806 2320 4878 prapltetam
2343 4807 2476 4878 (Art.
2502 4806 2554 4862 8.
2584 4805 2942 4876 26-28).Vide
2969 4825 3126 4879 quam
3151 4822 3404 4868 accurate

1807 4898 1962 4952 nobis
1989 4897 2220 4951 narrarit
2246 4898 2333 4967 qui
2366 4896 2557 4951 librum
2598 4898 2846 4968 scripsit,
2878 4899 3064 4955 dicens
3085 4941 3099 4964 ,
3132 4901 3399 4973 Λῗιιιὶορε,

1808 4997 1866 5042 ιιι
1894 4988 2038 5041 illum
2073 4987 2357 5046 barbarum
2401 5001 2523 5042 esse
2553 5003 2997 5057 cognosceremus
3027 5009 3038 5045 :
3071 4992 3266 5047 deinde
3304 4997 3399 5061 ait,

1810 5079 2124 5148 Prmfectus,
2157 5095 2263 5148 quo
2292 5080 2508 5133 nomine
2539 5082 2802 5135 maximus
2831 5083 3101 5152 dignitatis
3131 5085 3302 5142 honor
3331 5091 3405 5144 si-

1807 5169 2125 5237 gnificatur;
2161 5169 2262 5235 Qui
2287 5179 2510 5236 venerat,
2542 5171 2744 5239 inquit,
2777 5173 3084 5228 adoraturus
3112 5176 3164 5229 in
3190 5175 3404 5232 Jerusa-

1807 5262 1923 5314 lem.
1973 5257 2108 5314 Vide
2153 5260 2312 5314 etiam
2359 5261 2802 5330 peregrinationis
2849 5264 3106 5331 causam,
3154 5267 3400 5323 idoneam

1809 5368 1927 5421 qua:
1960 5351 2120 5405 animi
2168 5351 2331 5420 ipsius
2363 5353 2614 5421 pietatem
2653 5353 2890 5409 declaret
2924 5373 2934 5408 :
2969 5357 3216 5424 expende
3258 5361 3403 5414 enim

1807 5451 2062 5510 quantum
2111 5443 2318 5495 itineris
2361 5443 2659 5512 susceperit
2703 5454 2762 5497 ut
2806 5444 3085 5500 Dominum
3129 5449 3401 5505 adoraret.

1807 5535 1958 5590 Tunc
1985 5536 2126 5589 enim
2163 5533 2336 5587 adhuc
2361 5534 2598 5588 divinum
2631 5536 2828 5589 cultum
2871 5538 3272 5594 arbitrabantur
3299 5557 3403 5594 uno

1810 5627 1928 5680 loco
1968 5624 2212 5679 concludi
2237 5666 2251 5690 ,
2300 5623 2527 5693 ideoque
2571 5624 2730 5694 longo
2767 5636 2985 5694 peracto
3032 5628 3263 5695 itinere,
3299 5629 3406 5685 illic

1809 5732 1933 5772 suas
1960 5732 2145 5788 preces
2173 5716 2465 5771 fundebant
2495 5735 2505 5769 :
2540 5729 2820 5786 propterea
2853 5730 2908 5773 et
2939 5722 3037 5774 iste
3068 5737 3132 5775 eo
3163 5733 3402 5784 venerat,

1818 5810 1904 5865 ubi
1938 5811 2189 5878 templum
2222 5818 2333 5862 erat
2363 5817 2413 5862 et
2445 5808 2615 5862 cultus
2643 5807 2913 5878 ludaicus,
2949 5820 3005 5868 ut
3035 5812 3426 5873 adorationen'».
