  <div class='ocr_page' id='page_1' title='image "/cluster/home/n/w/nwhite01/storage/ocr_20150623/53/pst.000005712526/323.png"; bbox 0 0 4054 6324; ppageno 0'>
   <div class='ocr_carea' id='block_1_1' title="bbox 639 504 2202 579">
    <p class='ocr_par' dir='ltr' id='par_1_1' title="bbox 639 504 2202 579">
     <span class='ocr_line' id='line_1_1' title="bbox 639 504 2202 579; baseline -0.006 -12"><span class='ocrx_word' id='word_1_1' title='bbox 639 511 864 567; x_wconf 79' lang='lat' dir='ltr'><strong>Domino</strong></span> <span class='ocrx_word' id='word_1_2' title='bbox 905 507 1247 579; x_wconf 81' lang='lat' dir='ltr'><strong>persolveret.</strong></span> <span class='ocrx_word' id='word_1_3' title='bbox 1289 505 1354 559; x_wconf 79' lang='lat' dir='ltr'><strong>Et</strong></span> <span class='ocrx_word' id='word_1_4' title='bbox 1394 514 1734 575; x_wconf 69' lang='lat' dir='ltr'><strong>posteaquam</strong></span> <span class='ocrx_word' id='word_1_5' title='bbox 1773 504 1915 574; x_wconf 83' lang='lat' dir='ltr'><strong>quod</strong></span> <span class='ocrx_word' id='word_1_6' title='bbox 1957 504 2202 574; x_wconf 79' lang='lat' dir='ltr'><strong>Cupiebat</strong></span> 
     </span>
    </p>
   </div>
   <div class='ocr_carea' id='block_1_2' title="bbox 639 593 2206 671">
    <p class='ocr_par' dir='ltr' id='par_1_2' title="bbox 639 593 2206 671">
     <span class='ocr_line' id='line_1_2' title="bbox 639 593 2206 671; baseline -0.006 -16"><span class='ocrx_word' id='word_1_7' title='bbox 639 600 965 671; x_wconf 78' lang='lat' dir='ltr'><strong>implevissot</strong></span> <span class='ocrx_word' id='word_1_8' title='bbox 986 639 1001 664; x_wconf 95' lang='lat'><strong>,</strong></span> <span class='ocrx_word' id='word_1_9' title='bbox 1028 596 1294 651; x_wconf 79' lang='lat' dir='ltr'><strong>Revertens</strong></span> <span class='ocrx_word' id='word_1_10' title='bbox 1314 635 1330 661; x_wconf 91' lang='lat'><strong>,</strong></span> <span class='ocrx_word' id='word_1_11' title='bbox 1362 595 1549 665; x_wconf 87' lang='lat' dir='ltr'><strong>inquit,</strong></span> <span class='ocrx_word' id='word_1_12' title='bbox 1574 604 1623 648; x_wconf 90' lang='lat' dir='ltr'><strong>et</strong></span> <span class='ocrx_word' id='word_1_13' title='bbox 1652 594 1703 646; x_wconf 80' lang='lat' dir='ltr'><strong>in</strong></span> <span class='ocrx_word' id='word_1_14' title='bbox 1734 605 1887 649; x_wconf 79' lang='lat' dir='ltr'><strong>eum</strong></span> <span class='ocrx_word' id='word_1_15' title='bbox 1913 610 2004 647; x_wconf 81' lang='lat' dir='ltr'><strong>suo</strong></span> <span class='ocrx_word' id='word_1_16' title='bbox 2033 593 2206 647; x_wconf 81' lang='lat' dir='ltr'><strong>sedens</strong></span> 
     </span>
    </p>
   </div>
   <div class='ocr_carea' id='block_1_3' title="bbox 636 692 1933 763">
    <p class='ocr_par' dir='ltr' id='par_1_3' title="bbox 636 692 1933 763">
     <span class='ocr_line' id='line_1_3' title="bbox 636 692 1933 763; baseline -0.012 -18"><span class='ocrx_word' id='word_1_17' title='bbox 636 692 847 763; x_wconf 74' lang='lat' dir='ltr'><strong>legebat.</strong></span> <span class='ocrx_word' id='word_1_18' title='bbox 1923 697 1933 707; x_wconf 56' lang='grc' dir='ltr'>κ</span> 
     </span>
    </p>
   </div>
   <div class='ocr_carea' id='block_1_4' title="bbox 702 776 2203 849">
    <p class='ocr_par' dir='ltr' id='par_1_4' title="bbox 702 776 2203 849">
     <span class='ocr_line' id='line_1_4' title="bbox 702 776 2203 849; baseline -0.003 -14"><span class='ocrx_word' id='word_1_19' title='bbox 702 782 757 835; x_wconf 72' lang='grc'><strong>2.</strong></span> <span class='ocrx_word' id='word_1_20' title='bbox 801 780 1004 835; x_wconf 81' lang='lat' dir='ltr'><strong>Deinde</strong></span> <span class='ocrx_word' id='word_1_21' title='bbox 1030 793 1151 834; x_wconf 75' lang='lat' dir='ltr'><strong>cum</strong></span> <span class='ocrx_word' id='word_1_22' title='bbox 1182 778 1493 835; x_wconf 70' lang='lat' dir='ltr'><strong>accessisset</strong></span> <span class='ocrx_word' id='word_1_23' title='bbox 1530 778 1807 847; x_wconf 80' lang='lat' dir='ltr'><strong>Philippus</strong></span> <span class='ocrx_word' id='word_1_24' title='bbox 1834 776 1947 849; x_wconf 89' lang='lat' dir='ltr'><strong>(a),</strong></span> <span class='ocrx_word' id='word_1_25' title='bbox 1979 777 2112 831; x_wconf 87' lang='lat' dir='ltr'><strong>dixit</strong></span> <span class='ocrx_word' id='word_1_26' title='bbox 2138 777 2203 830; x_wconf 89' lang='lat' dir='ltr'><strong>ad</strong></span> 
     </span>
    </p>
   </div>
   <div class='ocr_carea' id='block_1_5' title="bbox 636 866 2209 941">
    <p class='ocr_par' dir='ltr' id='par_1_5' title="bbox 636 866 2209 941">
     <span class='ocr_line' id='line_1_5' title="bbox 636 866 2209 941; baseline -0.004 -16"><span class='ocrx_word' id='word_1_27' title='bbox 636 872 781 925; x_wconf 50' lang='lat' dir='ltr'><strong>ilium</strong></span> <span class='ocrx_word' id='word_1_28' title='bbox 812 888 827 925; x_wconf 87' lang='lat'><strong>:</strong></span> <span class='ocrx_word' id='word_1_29' title='bbox 853 870 1080 924; x_wconf 80' lang='lat' dir='ltr'><strong>Putasne</strong></span> <span class='ocrx_word' id='word_1_30' title='bbox 1108 870 1347 941; x_wconf 86' lang='lat' dir='ltr'><strong>intelligis</strong></span> <span class='ocrx_word' id='word_1_31' title='bbox 1375 883 1490 938; x_wconf 73' lang='lat' dir='ltr'><strong>gnte</strong></span> <span class='ocrx_word' id='word_1_32' title='bbox 1514 868 1637 939; x_wconf 84' lang='lat' dir='ltr'><strong>legis</strong></span> <span class='ocrx_word' id='word_1_33' title='bbox 1664 868 1797 935; x_wconf 79' lang='lat' dir='ltr'><strong>(Act.</strong></span> <span class='ocrx_word' id='word_1_34' title='bbox 1821 867 1875 923; x_wconf 86' lang='lat'><strong>8.</strong></span> <span class='ocrx_word' id='word_1_35' title='bbox 1898 867 2028 938; x_wconf 72' lang='lat'><strong>50)?</strong></span> <span class='ocrx_word' id='word_1_36' title='bbox 2051 866 2209 920; x_wconf 82' lang='lat' dir='ltr'><strong>Vides</strong></span> 
     </span>
    </p>
   </div>
   <div class='ocr_carea' id='block_1_6' title="bbox 635 956 2204 1030">
    <p class='ocr_par' dir='ltr' id='par_1_6' title="bbox 635 956 2204 1030">
     <span class='ocr_line' id='line_1_6' title="bbox 635 956 2204 1030; baseline -0.004 -15"><span class='ocrx_word' id='word_1_37' title='bbox 635 964 869 1016; x_wconf 75' lang='lat' dir='ltr'><strong>animum</strong></span> <span class='ocrx_word' id='word_1_38' title='bbox 900 961 1212 1030; x_wconf 76' lang='lat' dir='ltr'><strong>diligentem</strong></span> <span class='ocrx_word' id='word_1_39' title='bbox 1238 975 1301 1014; x_wconf 87' lang='lat' dir='ltr'><strong>ac</strong></span> <span class='ocrx_word' id='word_1_40' title='bbox 1325 960 1643 1025; x_wconf 88' lang='lat' dir='ltr'><strong>sollicitum,</strong></span> <span class='ocrx_word' id='word_1_41' title='bbox 1678 958 1889 1012; x_wconf 68' lang='lat' dir='ltr'><strong>lectimi</strong></span> <span class='ocrx_word' id='word_1_42' title='bbox 1916 956 2079 1012; x_wconf 85' lang='lat' dir='ltr'><strong>etiam</strong></span> <span class='ocrx_word' id='word_1_43' title='bbox 2109 956 2204 1018; x_wconf 78' lang='lat' dir='ltr'><strong>illi,</strong></span> 
     </span>
    </p>
   </div>
   <div class='ocr_carea' id='block_1_7' title="bbox 636 1046 2207 1121">
    <p class='ocr_par' dir='ltr' id='par_1_7' title="bbox 636 1046 2207 1121">
     <span class='ocr_line' id='line_1_7' title="bbox 636 1046 2207 1121; baseline -0.003 -17"><span class='ocrx_word' id='word_1_44' title='bbox 636 1068 793 1121; x_wconf 85' lang='lat' dir='ltr'><strong>quam</strong></span> <span class='ocrx_word' id='word_1_45' title='bbox 834 1066 938 1104; x_wconf 92' lang='lat' dir='ltr'><strong>non</strong></span> <span class='ocrx_word' id='word_1_46' title='bbox 986 1051 1334 1120; x_wconf 65' lang='lat' dir='ltr'><strong>intelligeret,</strong></span> <span class='ocrx_word' id='word_1_47' title='bbox 1367 1048 1791 1113; x_wconf 80' lang='lat' dir='ltr'><strong>incumbentem,</strong></span> <span class='ocrx_word' id='word_1_48' title='bbox 1838 1057 1893 1102; x_wconf 90' lang='lat' dir='ltr'><strong>et</strong></span> <span class='ocrx_word' id='word_1_49' title='bbox 1933 1046 2207 1118; x_wconf 80' lang='lat' dir='ltr'><strong>docton</strong></span> 
     </span>
    </p>
   </div>
   <div class='ocr_carea' id='block_1_8' title="bbox 637 1136 2210 1213">
    <p class='ocr_par' dir='ltr' id='par_1_8' title="bbox 637 1136 2210 1213">
     <span class='ocr_line' id='line_1_8' title="bbox 637 1136 2210 1213; baseline -0.004 -17"><span class='ocrx_word' id='word_1_50' title='bbox 637 1145 723 1213; x_wconf 81' lang='lat' dir='ltr'><strong>qui</strong></span> <span class='ocrx_word' id='word_1_51' title='bbox 756 1144 927 1211; x_wconf 86' lang='lat' dir='ltr'><strong>ipsum</strong></span> <span class='ocrx_word' id='word_1_52' title='bbox 960 1142 1246 1196; x_wconf 89' lang='lat' dir='ltr'><strong>instrueret</strong></span> <span class='ocrx_word' id='word_1_53' title='bbox 1270 1138 1671 1209; x_wconf 81' lang='lat' dir='ltr'><strong>requirentem?</strong></span> <span class='ocrx_word' id='word_1_54' title='bbox 1702 1136 1911 1192; x_wconf 78' lang='lat' dir='ltr'><strong>Etenim</strong></span> <span class='ocrx_word' id='word_1_55' title='bbox 1938 1136 2210 1206; x_wconf 78' lang='lat' dir='ltr'><strong>apostolus</strong></span> 
     </span>
    </p>
   </div>
   <div class='ocr_carea' id='block_1_9' title="bbox 634 1228 2206 1303">
    <p class='ocr_par' dir='ltr' id='par_1_9' title="bbox 634 1228 2206 1303">
     <span class='ocr_line' id='line_1_9' title="bbox 634 1228 2206 1303; baseline -0.007 -14"><span class='ocrx_word' id='word_1_56' title='bbox 634 1236 813 1289; x_wconf 87' lang='lat' dir='ltr'><strong>statim</strong></span> <span class='ocrx_word' id='word_1_57' title='bbox 852 1249 947 1303; x_wconf 88' lang='lat' dir='ltr'><strong>per</strong></span> <span class='ocrx_word' id='word_1_58' title='bbox 990 1232 1455 1302; x_wconf 72' lang='lat' dir='ltr'><strong>interrogationem</strong></span> <span class='ocrx_word' id='word_1_59' title='bbox 1505 1230 1646 1284; x_wconf 89' lang='lat' dir='ltr'><strong>illius</strong></span> <span class='ocrx_word' id='word_1_60' title='bbox 1688 1229 1883 1286; x_wconf 90' lang='lat' dir='ltr'><strong>excitat</strong></span> <span class='ocrx_word' id='word_1_61' title='bbox 1923 1228 2206 1292; x_wconf 80' lang='lat' dir='ltr'><strong>affectum;</strong></span> 
     </span>
    </p>
   </div>
   <div class='ocr_carea' id='block_1_10' title="bbox 634 1321 2209 1395">
    <p class='ocr_par' dir='ltr' id='par_1_10' title="bbox 634 1321 2209 1395">
     <span class='ocr_line' id='line_1_10' title="bbox 634 1321 2209 1395; baseline -0.005 -14"><span class='ocrx_word' id='word_1_62' title='bbox 634 1327 772 1395; x_wconf 84' lang='lat' dir='ltr'><strong>quod</strong></span> <span class='ocrx_word' id='word_1_63' title='bbox 794 1327 935 1381; x_wconf 89' lang='lat' dir='ltr'><strong>enim</strong></span> <span class='ocrx_word' id='word_1_64' title='bbox 958 1324 1148 1395; x_wconf 86' lang='lat' dir='ltr'><strong>dignus</strong></span> <span class='ocrx_word' id='word_1_65' title='bbox 1174 1333 1337 1386; x_wconf 88' lang='lat' dir='ltr'><strong>esset,</strong></span> <span class='ocrx_word' id='word_1_66' title='bbox 1362 1323 1451 1393; x_wconf 88' lang='lat' dir='ltr'><strong>qui</strong></span> <span class='ocrx_word' id='word_1_67' title='bbox 1472 1322 1704 1377; x_wconf 86' lang='lat' dir='ltr'><strong>doctoris</strong></span> <span class='ocrx_word' id='word_1_68' title='bbox 1724 1336 1884 1390; x_wconf 83' lang='lat' dir='ltr'><strong>Opera</strong></span> <span class='ocrx_word' id='word_1_69' title='bbox 1908 1322 1960 1375; x_wconf 88' lang='lat' dir='ltr'><strong>in</strong></span> <span class='ocrx_word' id='word_1_70' title='bbox 1981 1321 2209 1375; x_wconf 87' lang='lat' dir='ltr'><strong>lectione</strong></span> 
     </span>
    </p>
   </div>
   <div class='ocr_carea' id='block_1_11' title="bbox 635 1410 2209 1482">
    <p class='ocr_par' dir='ltr' id='par_1_11' title="bbox 635 1410 2209 1482">
     <span class='ocr_line' id='line_1_11' title="bbox 635 1410 2209 1482; baseline -0.004 -12"><span class='ocrx_word' id='word_1_71' title='bbox 635 1415 1031 1470; x_wconf 85' lang='lat' dir='ltr'><strong>reconditorum</strong></span> <span class='ocrx_word' id='word_1_72' title='bbox 1063 1414 1467 1480; x_wconf 68' lang='lat' dir='ltr'><strong>intelligentiam</strong></span> <span class='ocrx_word' id='word_1_73' title='bbox 1495 1421 1910 1482; x_wconf 87' lang='lat' dir='ltr'><strong>consequeretur</strong></span> <span class='ocrx_word' id='word_1_74' title='bbox 1932 1453 1945 1471; x_wconf 94' lang='lat'><strong>,</strong></span> <span class='ocrx_word' id='word_1_75' title='bbox 1976 1411 2085 1477; x_wconf 87' lang='lat' dir='ltr'><strong>ipsa</strong></span> <span class='ocrx_word' id='word_1_76' title='bbox 2112 1410 2209 1463; x_wconf 87' lang='lat' dir='ltr'><strong>viri</strong></span> 
     </span>
    </p>
   </div>
   <div class='ocr_carea' id='block_1_12' title="bbox 638 1501 2211 1575">
    <p class='ocr_par' dir='ltr' id='par_1_12' title="bbox 638 1501 2211 1575">
     <span class='ocr_line' id='line_1_12' title="bbox 638 1501 2211 1575; baseline -0.004 -15"><span class='ocrx_word' id='word_1_77' title='bbox 638 1506 915 1575; x_wconf 74' lang='lat' dir='ltr'><strong>responsio</strong></span> <span class='ocrx_word' id='word_1_78' title='bbox 940 1506 1195 1560; x_wconf 82' lang='lat' dir='ltr'><strong>declarat.</strong></span> <span class='ocrx_word' id='word_1_79' title='bbox 1226 1504 1358 1559; x_wconf 89' lang='lat' dir='ltr'><strong>Cum</strong></span> <span class='ocrx_word' id='word_1_80' title='bbox 1380 1504 1522 1558; x_wconf 91' lang='lat' dir='ltr'><strong>enim</strong></span> <span class='ocrx_word' id='word_1_81' title='bbox 1548 1505 1816 1572; x_wconf 86' lang='lat' dir='ltr'><strong>apostolus</strong></span> <span class='ocrx_word' id='word_1_82' title='bbox 1837 1504 2073 1565; x_wconf 82' lang='lat' dir='ltr'><strong>dixisset,</strong></span> <span class='ocrx_word' id='word_1_83' title='bbox 2103 1501 2211 1555; x_wconf 84' lang='lat' dir='ltr'><strong>Pu-</strong></span> 
     </span>
    </p>
   </div>
   <div class='ocr_carea' id='block_1_13' title="bbox 636 1594 2207 1663">
    <p class='ocr_par' dir='ltr' id='par_1_13' title="bbox 636 1594 2207 1663">
     <span class='ocr_line' id='line_1_13' title="bbox 636 1594 2207 1663; baseline -0.003 -15"><span class='ocrx_word' id='word_1_84' title='bbox 636 1608 776 1651; x_wconf 82' lang='lat' dir='ltr'><strong>tasne</strong></span> <span class='ocrx_word' id='word_1_85' title='bbox 795 1597 1033 1663; x_wconf 79' lang='lat' dir='ltr'><strong>intelligit</strong></span> <span class='ocrx_word' id='word_1_86' title='bbox 1053 1596 1080 1650; x_wconf 86' lang='lat'><strong>.’</strong></span> <span class='ocrx_word' id='word_1_87' title='bbox 1103 1606 1356 1663; x_wconf 85' lang='lat' dir='ltr'><strong>vesteque</strong></span> <span class='ocrx_word' id='word_1_88' title='bbox 1376 1594 1464 1647; x_wconf 83' lang='lat' dir='ltr'><strong>vili</strong></span> <span class='ocrx_word' id='word_1_89' title='bbox 1496 1595 1707 1649; x_wconf 85' lang='lat' dir='ltr'><strong>indutus</strong></span> <span class='ocrx_word' id='word_1_90' title='bbox 1731 1595 2042 1647; x_wconf 71' lang='lat' dir='ltr'><strong>accessisset</strong></span> <span class='ocrx_word' id='word_1_91' title='bbox 2066 1609 2077 1641; x_wconf 88' lang='lat'>:</span> <span class='ocrx_word' id='word_1_92' title='bbox 2103 1608 2207 1644; x_wconf 78' lang='lat' dir='ltr'><strong>non</strong></span> 
     </span>
    </p>
   </div>
   <div class='ocr_carea' id='block_1_14' title="bbox 638 1683 2210 1759">
    <p class='ocr_par' dir='ltr' id='par_1_14' title="bbox 638 1683 2210 1759">
     <span class='ocr_line' id='line_1_14' title="bbox 638 1683 2210 1759; baseline -0.005 -17"><span class='ocrx_word' id='word_1_93' title='bbox 638 1704 778 1759; x_wconf 65' lang='lat' dir='ltr'><strong>(egre</strong></span> <span class='ocrx_word' id='word_1_94' title='bbox 806 1691 921 1741; x_wconf 90' lang='lat' dir='ltr'><strong>tttlit</strong></span> <span class='ocrx_word' id='word_1_95' title='bbox 950 1703 1046 1743; x_wconf 90' lang='lat' dir='ltr'><strong>nec</strong></span> <span class='ocrx_word' id='word_1_96' title='bbox 1092 1687 1394 1756; x_wconf 88' lang='lat' dir='ltr'><strong>indignatus</strong></span> <span class='ocrx_word' id='word_1_97' title='bbox 1417 1695 1535 1750; x_wconf 89' lang='lat' dir='ltr'><strong>est,</strong></span> <span class='ocrx_word' id='word_1_98' title='bbox 1578 1698 1749 1753; x_wconf 85' lang='lat' dir='ltr'><strong>neque</strong></span> <span class='ocrx_word' id='word_1_99' title='bbox 1791 1698 1848 1737; x_wconf 89' lang='lat' dir='ltr'><strong>sc</strong></span> <span class='ocrx_word' id='word_1_100' title='bbox 1892 1700 1935 1737; x_wconf 74' lang='lat' dir='ltr'><strong>ct</strong></span> <span class='ocrx_word' id='word_1_101' title='bbox 1960 1683 2210 1737; x_wconf 88' lang='lat' dir='ltr'><strong>utumelia</strong></span> 
     </span>
    </p>
   </div>
   <div class='ocr_carea' id='block_1_15' title="bbox 635 1772 2211 1844">
    <p class='ocr_par' dir='ltr' id='par_1_15' title="bbox 635 1772 2211 1844">
     <span class='ocr_line' id='line_1_15' title="bbox 635 1772 2211 1844; baseline -0.004 -13"><span class='ocrx_word' id='word_1_102' title='bbox 635 1777 773 1831; x_wconf 84' lang='lat' dir='ltr'><strong>aflici</strong></span> <span class='ocrx_word' id='word_1_103' title='bbox 804 1777 1143 1841; x_wconf 83' lang='lat' dir='ltr'><strong>existimavit,</strong></span> <span class='ocrx_word' id='word_1_104' title='bbox 1172 1774 1311 1844; x_wconf 88' lang='lat' dir='ltr'><strong>quod</strong></span> <span class='ocrx_word' id='word_1_105' title='bbox 1345 1774 1609 1844; x_wconf 87' lang='lat' dir='ltr'><strong>plerisque</strong></span> <span class='ocrx_word' id='word_1_106' title='bbox 1640 1774 1853 1829; x_wconf 88' lang='lat' dir='ltr'><strong>insulsis</strong></span> <span class='ocrx_word' id='word_1_107' title='bbox 1884 1772 2097 1837; x_wconf 86' lang='lat' dir='ltr'><strong>accidit,</strong></span> <span class='ocrx_word' id='word_1_108' title='bbox 2123 1772 2211 1840; x_wconf 83' lang='lat' dir='ltr'><strong>qui</strong></span> 
     </span>
    </p>
   </div>
   <div class='ocr_carea' id='block_1_16' title="bbox 636 1866 2213 1937">
    <p class='ocr_par' dir='ltr' id='par_1_16' title="bbox 636 1866 2213 1937">
     <span class='ocr_line' id='line_1_16' title="bbox 636 1866 2213 1937; baseline -0.004 -16"><span class='ocrx_word' id='word_1_109' title='bbox 636 1884 779 1937; x_wconf 73' lang='lat' dir='ltr'><strong>smpe</strong></span> <span class='ocrx_word' id='word_1_110' title='bbox 806 1870 1007 1923; x_wconf 89' lang='lat' dir='ltr'><strong>malunt</strong></span> <span class='ocrx_word' id='word_1_111' title='bbox 1037 1870 1087 1922; x_wconf 91' lang='lat' dir='ltr'><strong>in</strong></span> <span class='ocrx_word' id='word_1_112' title='bbox 1115 1880 1369 1937; x_wconf 86' lang='lat' dir='ltr'><strong>perpetua</strong></span> <span class='ocrx_word' id='word_1_113' title='bbox 1393 1868 1590 1919; x_wconf 88' lang='lat' dir='ltr'><strong>versari</strong></span> <span class='ocrx_word' id='word_1_114' title='bbox 1621 1866 1936 1935; x_wconf 77' lang='lat' dir='ltr'><strong>ignorantia,</strong></span> <span class='ocrx_word' id='word_1_115' title='bbox 1966 1866 2086 1933; x_wconf 88' lang='lat' dir='ltr'><strong>quia</strong></span> <span class='ocrx_word' id='word_1_116' title='bbox 2120 1880 2213 1931; x_wconf 87' lang='lat' dir='ltr'><strong>ptt—</strong></span> 
     </span>
    </p>
   </div>
   <div class='ocr_carea' id='block_1_17' title="bbox 635 1953 2213 2027">
    <p class='ocr_par' dir='ltr' id='par_1_17' title="bbox 635 1953 2213 2027">
     <span class='ocr_line' id='line_1_17' title="bbox 635 1953 2213 2027; baseline -0.003 -16"><span class='ocrx_word' id='word_1_117' title='bbox 635 1957 723 2012; x_wconf 92' lang='lat' dir='ltr'><strong>det</strong></span> <span class='ocrx_word' id='word_1_118' title='bbox 744 1957 864 2011; x_wconf 90' lang='lat' dir='ltr'><strong>illos</strong></span> <span class='ocrx_word' id='word_1_119' title='bbox 894 1958 1242 2027; x_wconf 88' lang='lat' dir='ltr'><strong>ignorantiam</strong></span> <span class='ocrx_word' id='word_1_120' title='bbox 1275 1971 1424 2009; x_wconf 88' lang='lat' dir='ltr'><strong>suam</strong></span> <span class='ocrx_word' id='word_1_121' title='bbox 1455 1956 1719 2019; x_wconf 78' lang='lat' dir='ltr'><strong>conﬁteri,</strong></span> <span class='ocrx_word' id='word_1_122' title='bbox 1747 1966 1800 2009; x_wconf 90' lang='lat' dir='ltr'><strong>ct</strong></span> <span class='ocrx_word' id='word_1_123' title='bbox 1825 1955 1977 2007; x_wconf 85' lang='lat' dir='ltr'><strong>abiis</strong></span> <span class='ocrx_word' id='word_1_124' title='bbox 2006 1953 2213 2008; x_wconf 89' lang='lat' dir='ltr'><strong>discere</strong></span> 
     </span>
    </p>
   </div>
   <div class='ocr_carea' id='block_1_18' title="bbox 636 2042 2212 2116">
    <p class='ocr_par' dir='ltr' id='par_1_18' title="bbox 636 2042 2212 2116">
     <span class='ocr_line' id='line_1_18' title="bbox 636 2042 2212 2116; baseline -0.004 -15"><span class='ocrx_word' id='word_1_125' title='bbox 636 2048 724 2116; x_wconf 91' lang='lat' dir='ltr'><strong>qui</strong></span> <span class='ocrx_word' id='word_1_126' title='bbox 754 2048 946 2102; x_wconf 89' lang='lat' dir='ltr'><strong>docere</strong></span> <span class='ocrx_word' id='word_1_127' title='bbox 982 2049 1210 2101; x_wconf 77' lang='lat' dir='ltr'><strong>valeant.</strong></span> <span class='ocrx_word' id='word_1_128' title='bbox 1260 2051 1329 2101; x_wconf 85' lang='lat' dir='ltr'><strong>At</strong></span> <span class='ocrx_word' id='word_1_129' title='bbox 1372 2046 1492 2099; x_wconf 92' lang='lat' dir='ltr'><strong>huic</strong></span> <span class='ocrx_word' id='word_1_130' title='bbox 1535 2044 1667 2098; x_wconf 91' lang='lat' dir='ltr'><strong>nihil</strong></span> <span class='ocrx_word' id='word_1_131' title='bbox 1717 2044 1820 2099; x_wconf 93' lang='lat' dir='ltr'><strong>tale</strong></span> <span class='ocrx_word' id='word_1_132' title='bbox 1862 2046 2069 2106; x_wconf 89' lang='lat' dir='ltr'><strong>evenit;</strong></span> <span class='ocrx_word' id='word_1_133' title='bbox 2118 2042 2212 2095; x_wconf 87' lang='lat' dir='ltr'><strong>sed</strong></span> 
     </span>
    </p>
   </div>
   <div class='ocr_carea' id='block_1_19' title="bbox 636 2132 2212 2205">
    <p class='ocr_par' dir='ltr' id='par_1_19' title="bbox 636 2132 2212 2205">
     <span class='ocr_line' id='line_1_19' title="bbox 636 2132 2212 2205; baseline -0.006 -11"><span class='ocrx_word' id='word_1_134' title='bbox 636 2153 759 2194; x_wconf 87' lang='lat' dir='ltr'><strong>cum</strong></span> <span class='ocrx_word' id='word_1_135' title='bbox 791 2137 1197 2193; x_wconf 89' lang='lat' dir='ltr'><strong>mansuetudine</strong></span> <span class='ocrx_word' id='word_1_136' title='bbox 1240 2148 1294 2191; x_wconf 90' lang='lat' dir='ltr'><strong>et</strong></span> <span class='ocrx_word' id='word_1_137' title='bbox 1339 2140 1533 2205; x_wconf 82' lang='lat' dir='ltr'><strong>pietate</strong></span> <span class='ocrx_word' id='word_1_138' title='bbox 1579 2135 1894 2203; x_wconf 70' lang='lat' dir='ltr'><strong>respondet,</strong></span> <span class='ocrx_word' id='word_1_139' title='bbox 1941 2134 2100 2187; x_wconf 91' lang='lat' dir='ltr'><strong>animi</strong></span> <span class='ocrx_word' id='word_1_140' title='bbox 2132 2132 2212 2185; x_wconf 90' lang='lat' dir='ltr'><strong>sui</strong></span> 
     </span>
    </p>
   </div>
   <div class='ocr_carea' id='block_1_20' title="bbox 638 2224 2213 2296">
    <p class='ocr_par' dir='ltr' id='par_1_20' title="bbox 638 2224 2213 2296">
     <span class='ocr_line' id='line_1_20' title="bbox 638 2224 2213 2296; baseline -0.004 -12"><span class='ocrx_word' id='word_1_141' title='bbox 638 2239 832 2285; x_wconf 84' lang='lat' dir='ltr'><strong>statum</strong></span> <span class='ocrx_word' id='word_1_142' title='bbox 862 2230 1158 2285; x_wconf 82' lang='lat' dir='ltr'><strong>declarans.</strong></span> <span class='ocrx_word' id='word_1_143' title='bbox 1185 2229 1359 2296; x_wconf 90' lang='lat' dir='ltr'><strong>aitque</strong></span> <span class='ocrx_word' id='word_1_144' title='bbox 1393 2246 1405 2279; x_wconf 89' lang='lat'>:</span> <span class='ocrx_word' id='word_1_145' title='bbox 1439 2228 1699 2292; x_wconf 79' lang='lat' dir='ltr'><strong>Quomodo</strong></span> <span class='ocrx_word' id='word_1_146' title='bbox 1730 2228 1943 2295; x_wconf 84' lang='lat' dir='ltr'><strong>possim,</strong></span> <span class='ocrx_word' id='word_1_147' title='bbox 1984 2226 2079 2279; x_wconf 77' lang='lat' dir='ltr'><strong>nisi</strong></span> <span class='ocrx_word' id='word_1_148' title='bbox 2102 2224 2213 2292; x_wconf 81' lang='lat' dir='ltr'><strong>quis</strong></span> 
     </span>
    </p>
   </div>
   <div class='ocr_carea' id='block_1_21' title="bbox 637 2318 2214 2387">
    <p class='ocr_par' dir='ltr' id='par_1_21' title="bbox 637 2318 2214 2387">
     <span class='ocr_line' id='line_1_21' title="bbox 637 2318 2214 2387; baseline -0.003 -14"><span class='ocrx_word' id='word_1_149' title='bbox 637 2321 759 2373; x_wconf 82' lang='lat' dir='ltr'><strong>mihi</strong></span> <span class='ocrx_word' id='word_1_150' title='bbox 794 2320 1061 2373; x_wconf 84' lang='lat' dir='ltr'><strong>ostenderit</strong></span> <span class='ocrx_word' id='word_1_151' title='bbox 1090 2318 1263 2385; x_wconf 79' lang='lat' dir='ltr'><strong>(Ibid.</strong></span> <span class='ocrx_word' id='word_1_152' title='bbox 1291 2335 1337 2371; x_wconf 74' lang='grc' dir='ltr'><strong>ιν.</strong></span> <span class='ocrx_word' id='word_1_153' title='bbox 1365 2320 1422 2371; x_wconf 76' lang='lat'><strong>31</strong></span> <span class='ocrx_word' id='word_1_154' title='bbox 1455 2318 1521 2387; x_wconf 82' lang='lat'><strong>)?</strong></span> <span class='ocrx_word' id='word_1_155' title='bbox 1567 2332 1664 2371; x_wconf 77' lang='lat' dir='ltr'><strong>nec</strong></span> <span class='ocrx_word' id='word_1_156' title='bbox 1708 2326 1908 2370; x_wconf 87' lang='lat' dir='ltr'><strong>tantum</strong></span> <span class='ocrx_word' id='word_1_157' title='bbox 1941 2326 2214 2370; x_wconf 85' lang='lat' dir='ltr'><strong>mansuete</strong></span> 
     </span>
    </p>
   </div>
   <div class='ocr_carea' id='block_1_22' title="bbox 639 2410 2215 2479">
    <p class='ocr_par' dir='ltr' id='par_1_22' title="bbox 639 2410 2215 2479">
     <span class='ocr_line' id='line_1_22' title="bbox 639 2410 2215 2479; baseline -0.002 -16"><span class='ocrx_word' id='word_1_158' title='bbox 639 2410 933 2479; x_wconf 85' lang='lat' dir='ltr'><strong>respondit,</strong></span> <span class='ocrx_word' id='word_1_159' title='bbox 964 2425 1026 2463; x_wconf 80' lang='lat' dir='ltr'><strong>ac</strong></span> <span class='ocrx_word' id='word_1_160' title='bbox 1058 2420 1238 2477; x_wconf 77' lang='lat' dir='ltr'><strong>postea</strong></span> <span class='ocrx_word' id='word_1_161' title='bbox 1270 2410 1495 2474; x_wconf 77' lang='lat' dir='ltr'><strong>transiit,</strong></span> <span class='ocrx_word' id='word_1_162' title='bbox 1525 2410 1618 2462; x_wconf 88' lang='lat' dir='ltr'><strong>sed</strong></span> <span class='ocrx_word' id='word_1_163' title='bbox 1650 2425 1832 2463; x_wconf 84' lang='lat' dir='ltr'><strong>rursus</strong></span> <span class='ocrx_word' id='word_1_164' title='bbox 1861 2423 2063 2462; x_wconf 87' lang='lat' dir='ltr'><strong>morum</strong></span> <span class='ocrx_word' id='word_1_165' title='bbox 2091 2423 2215 2462; x_wconf 89' lang='lat' dir='ltr'><strong>suo-</strong></span> 
     </span>
    </p>
   </div>
   <div class='ocr_carea' id='block_1_23' title="bbox 638 2500 2213 2567">
    <p class='ocr_par' dir='ltr' id='par_1_23' title="bbox 638 2500 2213 2567">
     <span class='ocr_line' id='line_1_23' title="bbox 638 2500 2213 2567; baseline -0.001 -15"><span class='ocrx_word' id='word_1_166' title='bbox 638 2516 753 2552; x_wconf 85' lang='lat' dir='ltr'><strong>rum</strong></span> <span class='ocrx_word' id='word_1_167' title='bbox 780 2500 1029 2553; x_wconf 83' lang='lat' dir='ltr'><strong>virtutem</strong></span> <span class='ocrx_word' id='word_1_168' title='bbox 1061 2500 1213 2552; x_wconf 81' lang='lat' dir='ltr'><strong>nobis</strong></span> <span class='ocrx_word' id='word_1_169' title='bbox 1241 2500 1630 2559; x_wconf 83' lang='lat' dir='ltr'><strong>demonstrans,</strong></span> <span class='ocrx_word' id='word_1_170' title='bbox 1671 2500 1768 2552; x_wconf 90' lang='lat' dir='ltr'><strong>ista</strong></span> <span class='ocrx_word' id='word_1_171' title='bbox 1800 2500 2047 2567; x_wconf 88' lang='lat' dir='ltr'><strong>loquutus</strong></span> <span class='ocrx_word' id='word_1_172' title='bbox 2076 2514 2213 2565; x_wconf 70' lang='lat' dir='ltr'><strong>prm-</strong></span> 
     </span>
    </p>
   </div>
   <div class='ocr_carea' id='block_1_24' title="bbox 639 2580 2217 2657">
    <p class='ocr_par' dir='ltr' id='par_1_24' title="bbox 639 2580 2217 2657">
     <span class='ocr_line' id='line_1_24' title="bbox 639 2580 2217 2657; baseline 0 -16"><span class='ocrx_word' id='word_1_173' title='bbox 639 2587 807 2643; x_wconf 87' lang='lat' dir='ltr'><strong>fectus</strong></span> <span class='ocrx_word' id='word_1_174' title='bbox 838 2589 962 2653; x_wconf 86' lang='lat' dir='ltr'><strong>ille,</strong></span> <span class='ocrx_word' id='word_1_175' title='bbox 1010 2580 1298 2654; x_wconf 75' lang='lat' dir='ltr'><strong>barbarus,</strong></span> <span class='ocrx_word' id='word_1_176' title='bbox 1343 2602 1502 2641; x_wconf 90' lang='lat' dir='ltr'><strong>curru</strong></span> <span class='ocrx_word' id='word_1_177' title='bbox 1550 2598 1766 2651; x_wconf 82' lang='lat' dir='ltr'><strong>vectus,</strong></span> <span class='ocrx_word' id='word_1_178' title='bbox 1800 2603 1919 2641; x_wconf 90' lang='lat' dir='ltr'><strong>eum</strong></span> <span class='ocrx_word' id='word_1_179' title='bbox 1968 2588 2053 2657; x_wconf 90' lang='lat' dir='ltr'><strong>qui</strong></span> <span class='ocrx_word' id='word_1_180' title='bbox 2099 2587 2217 2641; x_wconf 78' lang='lat' dir='ltr'><strong>vilis</strong></span> 
     </span>
    </p>
   </div>
   <div class='ocr_carea' id='block_1_25' title="bbox 638 2677 2217 2745">
    <p class='ocr_par' dir='ltr' id='par_1_25' title="bbox 638 2677 2217 2745">
     <span class='ocr_line' id='line_1_25' title="bbox 638 2677 2217 2745; baseline -0.001 -14"><span class='ocrx_word' id='word_1_181' title='bbox 638 2679 949 2740; x_wconf 75' lang='lat' dir='ltr'><strong>videbatur,</strong></span> <span class='ocrx_word' id='word_1_182' title='bbox 994 2690 1049 2732; x_wconf 87' lang='lat' dir='ltr'><strong>et</strong></span> <span class='ocrx_word' id='word_1_183' title='bbox 1094 2694 1155 2732; x_wconf 88' lang='lat' dir='ltr'><strong>ex</strong></span> <span class='ocrx_word' id='word_1_184' title='bbox 1204 2677 1393 2732; x_wconf 84' lang='lat' dir='ltr'><strong>vestitu</strong></span> <span class='ocrx_word' id='word_1_185' title='bbox 1421 2677 1883 2743; x_wconf 88' lang='lat' dir='ltr'><strong>contenmeudus,</strong></span> <span class='ocrx_word' id='word_1_186' title='bbox 1929 2678 2129 2745; x_wconf 79' lang='lat' dir='ltr'><strong>rogavit</strong></span> <span class='ocrx_word' id='word_1_187' title='bbox 2158 2685 2217 2730; x_wconf 93' lang='lat' dir='ltr'><strong>ut</strong></span> 
     </span>
    </p>
   </div>
   <div class='ocr_carea' id='block_1_26' title="bbox 640 2768 2215 2833">
    <p class='ocr_par' dir='ltr' id='par_1_26' title="bbox 640 2768 2215 2833">
     <span class='ocr_line' id='line_1_26' title="bbox 640 2768 2215 2833; baseline 0.002 -12"><span class='ocrx_word' id='word_1_188' title='bbox 640 2770 981 2833; x_wconf 75' lang='lat' dir='ltr'><strong>ascenderet,</strong></span> <span class='ocrx_word' id='word_1_189' title='bbox 1026 2785 1087 2824; x_wconf 78' lang='lat' dir='ltr'><strong>ac</strong></span> <span class='ocrx_word' id='word_1_190' title='bbox 1124 2784 1305 2824; x_wconf 85' lang='lat' dir='ltr'><strong>secum</strong></span> <span class='ocrx_word' id='word_1_191' title='bbox 1349 2770 1579 2824; x_wconf 82' lang='lat' dir='ltr'><strong>sederet.</strong></span> <span class='ocrx_word' id='word_1_192' title='bbox 1622 2769 1783 2823; x_wconf 74' lang='lat' dir='ltr'><strong>Vides</strong></span> <span class='ocrx_word' id='word_1_193' title='bbox 1811 2770 1971 2823; x_wconf 86' lang='lat' dir='ltr'><strong>animi</strong></span> <span class='ocrx_word' id='word_1_194' title='bbox 2004 2768 2215 2824; x_wconf 79' lang='lat' dir='ltr'><strong>fervens</strong></span> 
     </span>
    </p>
   </div>
   <div class='ocr_carea' id='block_1_27' title="bbox 640 2859 2217 2929">
    <p class='ocr_par' dir='ltr' id='par_1_27' title="bbox 640 2859 2217 2929">
     <span class='ocr_line' id='line_1_27' title="bbox 640 2859 2217 2929; baseline 0 -16"><span class='ocrx_word' id='word_1_195' title='bbox 640 2859 918 2913; x_wconf 84' lang='lat' dir='ltr'><strong>studium?</strong></span> <span class='ocrx_word' id='word_1_196' title='bbox 962 2859 1107 2913; x_wconf 87' lang='lat' dir='ltr'><strong>vides</strong></span> <span class='ocrx_word' id='word_1_197' title='bbox 1170 2860 1310 2928; x_wconf 88' lang='lat' dir='ltr'><strong>pium</strong></span> <span class='ocrx_word' id='word_1_198' title='bbox 1368 2859 1578 2913; x_wconf 87' lang='lat' dir='ltr'><strong>barbari</strong></span> <span class='ocrx_word' id='word_1_199' title='bbox 1630 2860 1906 2924; x_wconf 83' lang='lat' dir='ltr'><strong>animum,</strong></span> <span class='ocrx_word' id='word_1_200' title='bbox 1950 2860 2217 2929; x_wconf 89' lang='lat' dir='ltr'><strong>quomodo</strong></span> 
     </span>
    </p>
   </div>
   <div class='ocr_carea' id='block_1_28' title="bbox 640 2950 2219 3020">
    <p class='ocr_par' dir='ltr' id='par_1_28' title="bbox 640 2950 2219 3020">
     <span class='ocr_line' id='line_1_28' title="bbox 640 2950 2219 3020; baseline 0.002 -19"><span class='ocrx_word' id='word_1_201' title='bbox 640 2952 893 3019; x_wconf 61' lang='lat' dir='ltr'><strong>sapientis</strong></span> <span class='ocrx_word' id='word_1_202' title='bbox 921 2950 1192 3020; x_wconf 80' lang='lat' dir='ltr'><strong>cujusdam</strong></span> <span class='ocrx_word' id='word_1_203' title='bbox 1225 2951 1424 3005; x_wconf 89' lang='lat' dir='ltr'><strong>dictum</strong></span> <span class='ocrx_word' id='word_1_204' title='bbox 1460 2950 1585 3004; x_wconf 88' lang='lat' dir='ltr'><strong>illud</strong></span> <span class='ocrx_word' id='word_1_205' title='bbox 1622 2952 1918 3020; x_wconf 83' lang='lat' dir='ltr'><strong>impleverit</strong></span> <span class='ocrx_word' id='word_1_206' title='bbox 1951 2968 1963 3004; x_wconf 92' lang='lat'>:</span> <span class='ocrx_word' id='word_1_207' title='bbox 1994 2950 2054 3006; x_wconf 91' lang='lat' dir='ltr'><strong>Si</strong></span> <span class='ocrx_word' id='word_1_208' title='bbox 2084 2953 2219 3004; x_wconf 82' lang='lat' dir='ltr'><strong>tnde-</strong></span> 
     </span>
    </p>
   </div>
   <div class='ocr_carea' id='block_1_29' title="bbox 639 3043 2218 3113">
    <p class='ocr_par' dir='ltr' id='par_1_29' title="bbox 639 3043 2218 3113">
     <span class='ocr_line' id='line_1_29' title="bbox 639 3043 2218 3113; baseline 0.001 -18"><span class='ocrx_word' id='word_1_209' title='bbox 639 3044 709 3095; x_wconf 85' lang='lat' dir='ltr'><strong>ris</strong></span> <span class='ocrx_word' id='word_1_210' title='bbox 748 3043 909 3095; x_wconf 81' lang='lat' dir='ltr'><strong>rirum</strong></span> <span class='ocrx_word' id='word_1_211' title='bbox 949 3044 1276 3111; x_wconf 85' lang='lat' dir='ltr'><strong>prudentem,</strong></span> <span class='ocrx_word' id='word_1_212' title='bbox 1310 3059 1455 3095; x_wconf 88' lang='lat' dir='ltr'><strong>mane</strong></span> <span class='ocrx_word' id='word_1_213' title='bbox 1488 3060 1640 3113; x_wconf 85' lang='lat' dir='ltr'><strong>surge</strong></span> <span class='ocrx_word' id='word_1_214' title='bbox 1678 3043 1747 3095; x_wconf 87' lang='lat' dir='ltr'><strong>ad</strong></span> <span class='ocrx_word' id='word_1_215' title='bbox 1775 3060 1888 3096; x_wconf 85' lang='lat' dir='ltr'><strong>eum</strong></span> <span class='ocrx_word' id='word_1_216' title='bbox 1912 3083 1925 3106; x_wconf 89' lang='lat'><strong>,</strong></span> <span class='ocrx_word' id='word_1_217' title='bbox 1956 3054 2001 3095; x_wconf 89' lang='lat' dir='ltr'><strong>et</strong></span> <span class='ocrx_word' id='word_1_218' title='bbox 2030 3044 2218 3113; x_wconf 84' lang='lat' dir='ltr'><strong>gradus</strong></span> 
     </span>
    </p>
   </div>
   <div class='ocr_carea' id='block_1_30' title="bbox 644 3131 2220 3204">
    <p class='ocr_par' dir='ltr' id='par_1_30' title="bbox 644 3131 2220 3204">
     <span class='ocr_line' id='line_1_30' title="bbox 644 3131 2220 3204; baseline -0.001 -16"><span class='ocrx_word' id='word_1_219' title='bbox 644 3143 884 3188; x_wconf 84' lang='lat' dir='ltr'><strong>osttornm</strong></span> <span class='ocrx_word' id='word_1_220' title='bbox 910 3135 1046 3189; x_wconf 82' lang='lat' dir='ltr'><strong>illius</strong></span> <span class='ocrx_word' id='word_1_221' title='bbox 1074 3134 1266 3187; x_wconf 87' lang='lat' dir='ltr'><strong>deterat</strong></span> <span class='ocrx_word' id='word_1_222' title='bbox 1296 3149 1382 3204; x_wconf 83' lang='lat' dir='ltr'><strong>pes</strong></span> <span class='ocrx_word' id='word_1_223' title='bbox 1414 3144 1530 3187; x_wconf 88' lang='lat' dir='ltr'><strong>tuus</strong></span> <span class='ocrx_word' id='word_1_224' title='bbox 1563 3131 1761 3203; x_wconf 79' lang='lat' dir='ltr'><strong>(Eccli.</strong></span> <span class='ocrx_word' id='word_1_225' title='bbox 1790 3133 1841 3187; x_wconf 87' lang='lat'><strong>6.</strong></span> <span class='ocrx_word' id='word_1_226' title='bbox 1872 3133 2021 3203; x_wconf 79' lang='lat'><strong>36)?</strong></span> <span class='ocrx_word' id='word_1_227' title='bbox 2064 3133 2220 3187; x_wconf 74' lang='lat' dir='ltr'><strong>Vides</strong></span> 
     </span>
    </p>
   </div>
   <div class='ocr_carea' id='block_1_31' title="bbox 647 3223 2220 3293">
    <p class='ocr_par' dir='ltr' id='par_1_31' title="bbox 647 3223 2220 3293">
     <span class='ocr_line' id='line_1_31' title="bbox 647 3223 2220 3293; baseline -0.001 -16"><span class='ocrx_word' id='word_1_228' title='bbox 647 3223 736 3293; x_wconf 88' lang='lat' dir='ltr'><strong>qui</strong></span> <span class='ocrx_word' id='word_1_229' title='bbox 765 3225 954 3277; x_wconf 88' lang='lat' dir='ltr'><strong>merito</strong></span> <span class='ocrx_word' id='word_1_230' title='bbox 980 3239 1083 3277; x_wconf 87' lang='lat' dir='ltr'><strong>non</strong></span> <span class='ocrx_word' id='word_1_231' title='bbox 1112 3224 1179 3279; x_wconf 87' lang='lat' dir='ltr'><strong>sit</strong></span> <span class='ocrx_word' id='word_1_232' title='bbox 1202 3223 1511 3293; x_wconf 77' lang='lat' dir='ltr'><strong>neglectus?</strong></span> <span class='ocrx_word' id='word_1_233' title='bbox 1539 3223 1685 3277; x_wconf 83' lang='lat' dir='ltr'><strong>vides</strong></span> <span class='ocrx_word' id='word_1_234' title='bbox 1709 3224 1797 3292; x_wconf 91' lang='lat' dir='ltr'><strong>qui</strong></span> <span class='ocrx_word' id='word_1_235' title='bbox 1824 3229 2014 3277; x_wconf 84' lang='lat' dir='ltr'><strong>merito</strong></span> <span class='ocrx_word' id='word_1_236' title='bbox 2037 3238 2220 3291; x_wconf 85' lang='lat' dir='ltr'><strong>super-</strong></span> 
     </span>
    </p>
   </div>
   <div class='ocr_carea' id='block_1_32' title="bbox 644 3312 2221 3383">
    <p class='ocr_par' dir='ltr' id='par_1_32' title="bbox 644 3312 2221 3383">
     <span class='ocr_line' id='line_1_32' title="bbox 644 3312 2221 3383; baseline -0.001 -15"><span class='ocrx_word' id='word_1_237' title='bbox 644 3329 764 3368; x_wconf 88' lang='lat' dir='ltr'><strong>nam</strong></span> <span class='ocrx_word' id='word_1_238' title='bbox 806 3314 875 3367; x_wconf 87' lang='lat' dir='ltr'><strong>sit</strong></span> <span class='ocrx_word' id='word_1_239' title='bbox 920 3322 1280 3382; x_wconf 82' lang='lat' dir='ltr'><strong>consequutus</strong></span> <span class='ocrx_word' id='word_1_240' title='bbox 1325 3313 1756 3383; x_wconf 75' lang='lat' dir='ltr'><strong>providentiam?</strong></span> <span class='ocrx_word' id='word_1_241' title='bbox 1800 3312 1947 3367; x_wconf 86' lang='lat' dir='ltr'><strong>vides</strong></span> <span class='ocrx_word' id='word_1_242' title='bbox 1991 3321 2047 3365; x_wconf 91' lang='lat' dir='ltr'><strong>ut</strong></span> <span class='ocrx_word' id='word_1_243' title='bbox 2092 3312 2221 3367; x_wconf 86' lang='lat' dir='ltr'><strong>nihil</strong></span> 
     </span>
    </p>
   </div>
   <div class='ocr_carea' id='block_1_33' title="bbox 640 3402 2221 3474">
    <p class='ocr_par' dir='ltr' id='par_1_33' title="bbox 640 3402 2221 3474">
     <span class='ocr_line' id='line_1_33' title="bbox 640 3402 2221 3474; baseline -0.001 -17"><span class='ocrx_word' id='word_1_244' title='bbox 640 3404 881 3465; x_wconf 83' lang='lat' dir='ltr'><strong>omiserit</strong></span> <span class='ocrx_word' id='word_1_245' title='bbox 928 3419 1114 3460; x_wconf 92' lang='lat' dir='ltr'><strong>eorum</strong></span> <span class='ocrx_word' id='word_1_246' title='bbox 1164 3420 1282 3474; x_wconf 65' lang='lat' dir='ltr'><strong>quae</strong></span> <span class='ocrx_word' id='word_1_247' title='bbox 1326 3404 1394 3459; x_wconf 86' lang='lat' dir='ltr'><strong>ab</strong></span> <span class='ocrx_word' id='word_1_248' title='bbox 1443 3404 1559 3473; x_wconf 85' lang='lat' dir='ltr'><strong>ipso</strong></span> <span class='ocrx_word' id='word_1_249' title='bbox 1605 3403 1783 3457; x_wconf 83' lang='lat' dir='ltr'><strong>all&#39;erri</strong></span> <span class='ocrx_word' id='word_1_250' title='bbox 1831 3402 2221 3457; x_wconf 82' lang='lat' dir='ltr'><strong>conveniebat?</strong></span> 
     </span>
    </p>
   </div>
   <div class='ocr_carea' id='block_1_34' title="bbox 643 3494 2222 3566">
    <p class='ocr_par' dir='ltr' id='par_1_34' title="bbox 643 3494 2222 3566">
     <span class='ocr_line' id='line_1_34' title="bbox 643 3494 2222 3566; baseline -0.002 -14"><span class='ocrx_word' id='word_1_251' title='bbox 643 3497 929 3566; x_wconf 80' lang='lat' dir='ltr'><strong>Propterea</strong></span> <span class='ocrx_word' id='word_1_252' title='bbox 951 3496 1206 3564; x_wconf 79' lang='lat' dir='ltr'><strong>deinceps</strong></span> <span class='ocrx_word' id='word_1_253' title='bbox 1226 3495 1501 3551; x_wconf 87' lang='lat' dir='ltr'><strong>doctorem</strong></span> <span class='ocrx_word' id='word_1_254' title='bbox 1525 3504 1733 3562; x_wconf 76' lang='lat' dir='ltr'><strong>nactus,</strong></span> <span class='ocrx_word' id='word_1_255' title='bbox 1755 3509 1940 3549; x_wconf 88' lang='lat' dir='ltr'><strong>eorum</strong></span> <span class='ocrx_word' id='word_1_256' title='bbox 1969 3494 2075 3548; x_wconf 85' lang='lat' dir='ltr'><strong>vim</strong></span> <span class='ocrx_word' id='word_1_257' title='bbox 2102 3509 2222 3565; x_wconf 78' lang='lat' dir='ltr'><strong>quae</strong></span> 
     </span>
    </p>
   </div>
   <div class='ocr_carea' id='block_1_35' title="bbox 642 3587 2221 3657">
    <p class='ocr_par' dir='ltr' id='par_1_35' title="bbox 642 3587 2221 3657">
     <span class='ocr_line' id='line_1_35' title="bbox 642 3587 2221 3657; baseline 0.001 -16"><span class='ocrx_word' id='word_1_258' title='bbox 642 3590 913 3657; x_wconf 86' lang='lat' dir='ltr'><strong>proposita</strong></span> <span class='ocrx_word' id='word_1_259' title='bbox 941 3597 1095 3643; x_wconf 90' lang='lat' dir='ltr'><strong>erant</strong></span> <span class='ocrx_word' id='word_1_260' title='bbox 1120 3596 1368 3645; x_wconf 87' lang='lat' dir='ltr'><strong>accurate</strong></span> <span class='ocrx_word' id='word_1_261' title='bbox 1394 3587 1674 3652; x_wconf 87' lang='lat' dir='ltr'><strong>discebat,</strong></span> <span class='ocrx_word' id='word_1_262' title='bbox 1722 3596 1775 3641; x_wconf 91' lang='lat' dir='ltr'><strong>et</strong></span> <span class='ocrx_word' id='word_1_263' title='bbox 1804 3588 1983 3642; x_wconf 85' lang='lat' dir='ltr'><strong>animo</strong></span> <span class='ocrx_word' id='word_1_264' title='bbox 2022 3588 2221 3642; x_wconf 78' lang='lat' dir='ltr'><strong>illumi-</strong></span> 
     </span>
    </p>
   </div>
   <div class='ocr_carea' id='block_1_36' title="bbox 642 3680 885 3739">
    <p class='ocr_par' dir='ltr' id='par_1_36' title="bbox 642 3680 885 3739">
     <span class='ocr_line' id='line_1_36' title="bbox 642 3680 885 3739; baseline 0 -8"><span class='ocrx_word' id='word_1_265' title='bbox 642 3680 885 3739; x_wconf 71' lang='lat' dir='ltr'><strong>nubatur.</strong></span> 
     </span>
    </p>
   </div>
   <div class='ocr_carea' id='block_1_37' title="bbox 720 3767 2224 3840">
    <p class='ocr_par' dir='ltr' id='par_1_37' title="bbox 720 3767 2224 3840">
     <span class='ocr_line' id='line_1_37' title="bbox 720 3767 2224 3840; baseline 0.003 -21"><span class='ocrx_word' id='word_1_266' title='bbox 720 3769 885 3834; x_wconf 84' lang='lat' dir='ltr'><strong>Quam</strong></span> <span class='ocrx_word' id='word_1_267' title='bbox 927 3769 1048 3822; x_wconf 80' lang='lat' dir='ltr'><strong>utile</strong></span> <span class='ocrx_word' id='word_1_268' title='bbox 1075 3767 1399 3838; x_wconf 79' lang='lat' dir='ltr'><strong>Scripturant</strong></span> <span class='ocrx_word' id='word_1_269' title='bbox 1446 3768 1647 3840; x_wconf 87' lang='lat' dir='ltr'><strong>legere;</strong></span> <span class='ocrx_word' id='word_1_270' title='bbox 1693 3769 1888 3823; x_wconf 84' lang='lat' dir='ltr'><strong>nullum</strong></span> <span class='ocrx_word' id='word_1_271' title='bbox 1928 3780 2119 3838; x_wconf 85' lang='lat' dir='ltr'><strong>tempus</strong></span> <span class='ocrx_word' id='word_1_272' title='bbox 2156 3770 2224 3823; x_wconf 82' lang='lat' dir='ltr'><strong>ad</strong></span> 
     </span>
    </p>
   </div>
   <div class='ocr_carea' id='block_1_38' title="bbox 646 3857 2223 3930">
    <p class='ocr_par' dir='ltr' id='par_1_38' title="bbox 646 3857 2223 3930">
     <span class='ocr_line' id='line_1_38' title="bbox 646 3857 2223 3930; baseline 0.001 -18"><span class='ocrx_word' id='word_1_273' title='bbox 646 3857 926 3928; x_wconf 70' lang='lat' dir='ltr'><strong>Scriptura</strong></span> <span class='ocrx_word' id='word_1_274' title='bbox 946 3858 1207 3912; x_wconf 75' lang='lat' dir='ltr'><strong>lectionem</strong></span> <span class='ocrx_word' id='word_1_275' title='bbox 1232 3861 1627 3914; x_wconf 85' lang='lat' dir='ltr'><strong>incommodum.</strong></span> <span class='ocrx_word' id='word_1_276' title='bbox 1652 3889 1719 3899; x_wconf 91' lang='lat'><strong>-—</strong></span> <span class='ocrx_word' id='word_1_277' title='bbox 1741 3858 1942 3915; x_wconf 78' lang='lat' dir='ltr'><strong>Videtis</strong></span> <span class='ocrx_word' id='word_1_278' title='bbox 1968 3871 2223 3930; x_wconf 84' lang='lat' dir='ltr'><strong>quantum</strong></span> 
     </span>
    </p>
   </div>
   <div class='ocr_carea' id='block_1_39' title="bbox 643 3941 2224 4019">
    <p class='ocr_par' dir='ltr' id='par_1_39' title="bbox 643 3941 2224 4019">
     <span class='ocr_line' id='line_1_39' title="bbox 643 3941 2224 4019; baseline 0.002 -16"><span class='ocrx_word' id='word_1_279' title='bbox 643 3949 715 4004; x_wconf 88' lang='lat' dir='ltr'><strong>sit</strong></span> <span class='ocrx_word' id='word_1_280' title='bbox 757 3950 1023 4005; x_wconf 86' lang='lat' dir='ltr'><strong>commodi</strong></span> <span class='ocrx_word' id='word_1_281' title='bbox 1068 3959 1269 4004; x_wconf 88' lang='lat' dir='ltr'><strong>attente</strong></span> <span class='ocrx_word' id='word_1_282' title='bbox 1310 3958 1366 4003; x_wconf 91' lang='lat' dir='ltr'><strong>et</strong></span> <span class='ocrx_word' id='word_1_283' title='bbox 1394 3951 1631 4005; x_wconf 86' lang='lat' dir='ltr'><strong>studiose</strong></span> <span class='ocrx_word' id='word_1_284' title='bbox 1674 3941 1879 4005; x_wconf 80' lang='lat' dir='ltr'><strong>divitias</strong></span> <span class='ocrx_word' id='word_1_285' title='bbox 1921 3952 2224 4019; x_wconf 74' lang='lat' dir='ltr'><strong>beriptnrns</strong></span> 
     </span>
    </p>
   </div>
   <div class='ocr_carea' id='block_1_40' title="bbox 646 4040 2225 4110">
    <p class='ocr_par' dir='ltr' id='par_1_40' title="bbox 646 4040 2225 4110">
     <span class='ocr_line' id='line_1_40' title="bbox 646 4040 2225 4110; baseline 0 -14"><span class='ocrx_word' id='word_1_286' title='bbox 646 4041 861 4110; x_wconf 79' lang='lat' dir='ltr'><strong>legere?</strong></span> <span class='ocrx_word' id='word_1_287' title='bbox 892 4041 1178 4107; x_wconf 84' lang='lat' dir='ltr'><strong>Propterea</strong></span> <span class='ocrx_word' id='word_1_288' title='bbox 1208 4041 1349 4095; x_wconf 91' lang='lat' dir='ltr'><strong>enim</strong></span> <span class='ocrx_word' id='word_1_289' title='bbox 1373 4050 1425 4095; x_wconf 89' lang='lat' dir='ltr'><strong>et</strong></span> <span class='ocrx_word' id='word_1_290' title='bbox 1447 4040 1584 4095; x_wconf 89' lang='lat' dir='ltr'><strong>hanc</strong></span> <span class='ocrx_word' id='word_1_291' title='bbox 1604 4040 1672 4095; x_wconf 90' lang='lat' dir='ltr'><strong>de</strong></span> <span class='ocrx_word' id='word_1_292' title='bbox 1692 4040 1918 4096; x_wconf 85' lang='lat' dir='ltr'><strong>barbaro</strong></span> <span class='ocrx_word' id='word_1_293' title='bbox 1950 4043 2225 4096; x_wconf 83' lang='lat' dir='ltr'><strong>historiam</strong></span> 
     </span>
    </p>
   </div>
   <div class='ocr_carea' id='block_1_41' title="bbox 648 4128 2225 4199">
    <p class='ocr_par' dir='ltr' id='par_1_41' title="bbox 648 4128 2225 4199">
     <span class='ocr_line' id='line_1_41' title="bbox 648 4128 2225 4199; baseline 0 -14"><span class='ocrx_word' id='word_1_294' title='bbox 648 4131 701 4189; x_wconf 86' lang='lat' dir='ltr'><strong>in</strong></span> <span class='ocrx_word' id='word_1_295' title='bbox 733 4129 965 4183; x_wconf 89' lang='lat' dir='ltr'><strong>medium</strong></span> <span class='ocrx_word' id='word_1_296' title='bbox 994 4130 1144 4183; x_wconf 82' lang='lat' dir='ltr'><strong>vobis</strong></span> <span class='ocrx_word' id='word_1_297' title='bbox 1171 4128 1424 4199; x_wconf 89' lang='lat' dir='ltr'><strong>produxi,</strong></span> <span class='ocrx_word' id='word_1_298' title='bbox 1453 4138 1510 4183; x_wconf 86' lang='lat' dir='ltr'><strong>ut</strong></span> <span class='ocrx_word' id='word_1_299' title='bbox 1537 4144 1606 4184; x_wconf 88' lang='lat' dir='ltr'><strong>ne</strong></span> <span class='ocrx_word' id='word_1_300' title='bbox 1632 4145 1953 4199; x_wconf 82' lang='lat' dir='ltr'><strong>quemquam</strong></span> <span class='ocrx_word' id='word_1_301' title='bbox 1986 4140 2225 4185; x_wconf 90' lang='lat' dir='ltr'><strong>nostrum</strong></span> 
     </span>
    </p>
   </div>
   <div class='ocr_carea' id='block_1_42' title="bbox 648 4218 2225 4291">
    <p class='ocr_par' dir='ltr' id='par_1_42' title="bbox 648 4218 2225 4291">
     <span class='ocr_line' id='line_1_42' title="bbox 648 4218 2225 4291; baseline -0.001 -14"><span class='ocrx_word' id='word_1_302' title='bbox 648 4219 841 4289; x_wconf 81' lang='lat' dir='ltr'><strong>pudeat</strong></span> <span class='ocrx_word' id='word_1_303' title='bbox 879 4220 1197 4273; x_wconf 87' lang='lat' dir='ltr'><strong>imitatorem</strong></span> <span class='ocrx_word' id='word_1_304' title='bbox 1228 4220 1339 4274; x_wconf 85' lang='lat' dir='ltr'><strong>lieri</strong></span> <span class='ocrx_word' id='word_1_305' title='bbox 1369 4218 1634 4289; x_wconf 68' lang='lat' dir='ltr'><strong>[Elllillpls</strong></span> <span class='ocrx_word' id='word_1_306' title='bbox 1654 4262 1669 4285; x_wconf 92' lang='lat'><strong>,</strong></span> <span class='ocrx_word' id='word_1_307' title='bbox 1702 4220 1964 4285; x_wconf 91' lang='lat' dir='ltr'><strong>eunuchi,</strong></span> <span class='ocrx_word' id='word_1_308' title='bbox 1996 4222 2109 4289; x_wconf 89' lang='lat' dir='ltr'><strong>ejus</strong></span> <span class='ocrx_word' id='word_1_309' title='bbox 2137 4223 2225 4291; x_wconf 90' lang='lat' dir='ltr'><strong>qui</strong></span> 
     </span>
    </p>
   </div>
   <div class='ocr_carea' id='block_1_43' title="bbox 648 4308 2227 4379">
    <p class='ocr_par' dir='ltr' id='par_1_43' title="bbox 648 4308 2227 4379">
     <span class='ocr_line' id='line_1_43' title="bbox 648 4308 2227 4379; baseline 0.003 -16"><span class='ocrx_word' id='word_1_310' title='bbox 648 4324 716 4364; x_wconf 82' lang='lat' dir='ltr'><strong>ne</strong></span> <span class='ocrx_word' id='word_1_311' title='bbox 746 4308 795 4363; x_wconf 91' lang='lat' dir='ltr'><strong>in</strong></span> <span class='ocrx_word' id='word_1_312' title='bbox 842 4309 1029 4362; x_wconf 86' lang='lat' dir='ltr'><strong>itinere</strong></span> <span class='ocrx_word' id='word_1_313' title='bbox 1058 4309 1269 4378; x_wconf 84' lang='lat' dir='ltr'><strong>quidem</strong></span> <span class='ocrx_word' id='word_1_314' title='bbox 1317 4310 1597 4362; x_wconf 90' lang='lat' dir='ltr'><strong>lectionem</strong></span> <span class='ocrx_word' id='word_1_315' title='bbox 1645 4309 1954 4379; x_wconf 74' lang='lat' dir='ltr'><strong>neglexerit.</strong></span> <span class='ocrx_word' id='word_1_316' title='bbox 2003 4310 2227 4367; x_wconf 88' lang='lat' dir='ltr'><strong>ldoneus</strong></span> 
     </span>
    </p>
   </div>
   <div class='ocr_carea' id='block_1_44' title="bbox 649 4400 2223 4470">
    <p class='ocr_par' dir='ltr' id='par_1_44' title="bbox 649 4400 2223 4470">
     <span class='ocr_line' id='line_1_44' title="bbox 649 4400 2223 4470; baseline 0.002 -16"><span class='ocrx_word' id='word_1_317' title='bbox 649 4401 792 4454; x_wconf 89' lang='lat' dir='ltr'><strong>enim</strong></span> <span class='ocrx_word' id='word_1_318' title='bbox 818 4410 899 4453; x_wconf 84' lang='lat' dir='ltr'><strong>est</strong></span> <span class='ocrx_word' id='word_1_319' title='bbox 928 4400 1184 4453; x_wconf 83' lang='lat' dir='ltr'><strong>barbarus</strong></span> <span class='ocrx_word' id='word_1_320' title='bbox 1212 4401 1308 4453; x_wconf 90' lang='lat' dir='ltr'><strong>iste</strong></span> <span class='ocrx_word' id='word_1_321' title='bbox 1336 4402 1424 4470; x_wconf 91' lang='lat' dir='ltr'><strong>qui</strong></span> <span class='ocrx_word' id='word_1_322' title='bbox 1454 4401 1607 4456; x_wconf 90' lang='lat' dir='ltr'><strong>nobis</strong></span> <span class='ocrx_word' id='word_1_323' title='bbox 1629 4402 1874 4457; x_wconf 88' lang='lat' dir='ltr'><strong>onmibus</strong></span> <span class='ocrx_word' id='word_1_324' title='bbox 1900 4404 2089 4458; x_wconf 86' lang='lat' dir='ltr'><strong>doctor</strong></span> <span class='ocrx_word' id='word_1_325' title='bbox 2114 4406 2223 4470; x_wconf 78' lang='lat' dir='ltr'><strong>fiat,</strong></span> 
     </span>
    </p>
   </div>
   <div class='ocr_carea' id='block_1_45' title="bbox 651 4492 2225 4560">
    <p class='ocr_par' dir='ltr' id='par_1_45' title="bbox 651 4492 2225 4560">
     <span class='ocr_line' id='line_1_45' title="bbox 651 4492 2225 4560; baseline 0.004 -17"><span class='ocrx_word' id='word_1_326' title='bbox 651 4500 761 4544; x_wconf 91' lang='lat' dir='ltr'><strong>tum</strong></span> <span class='ocrx_word' id='word_1_327' title='bbox 792 4492 1046 4560; x_wconf 83' lang='lat' dir='ltr'><strong>privatam</strong></span> <span class='ocrx_word' id='word_1_328' title='bbox 1077 4494 1236 4544; x_wconf 90' lang='lat' dir='ltr'><strong>vitam</strong></span> <span class='ocrx_word' id='word_1_329' title='bbox 1264 4493 1617 4557; x_wconf 82' lang='lat' dir='ltr'><strong>sectantibus,</strong></span> <span class='ocrx_word' id='word_1_330' title='bbox 1648 4503 1754 4547; x_wconf 90' lang='lat' dir='ltr'><strong>tum</strong></span> <span class='ocrx_word' id='word_1_331' title='bbox 1792 4495 1992 4549; x_wconf 72' lang='lat' dir='ltr'><strong>militia:</strong></span> <span class='ocrx_word' id='word_1_332' title='bbox 2020 4495 2225 4551; x_wconf 79' lang='lat' dir='ltr'><strong>adscri-</strong></span> 
     </span>
    </p>
   </div>
   <div class='ocr_carea' id='block_1_46' title="bbox 653 4583 2226 4658">
    <p class='ocr_par' dir='ltr' id='par_1_46' title="bbox 653 4583 2226 4658">
     <span class='ocr_line' id='line_1_46' title="bbox 653 4583 2226 4658; baseline 0.003 -19"><span class='ocrx_word' id='word_1_333' title='bbox 653 4585 777 4658; x_wconf 88' lang='lat' dir='ltr'><strong>ptis,</strong></span> <span class='ocrx_word' id='word_1_334' title='bbox 808 4592 919 4639; x_wconf 91' lang='lat' dir='ltr'><strong>tum</strong></span> <span class='ocrx_word' id='word_1_335' title='bbox 945 4583 1200 4651; x_wconf 75' lang='lat' dir='ltr'><strong>dignitate</strong></span> <span class='ocrx_word' id='word_1_336' title='bbox 1226 4593 1279 4638; x_wconf 90' lang='lat' dir='ltr'><strong>et</strong></span> <span class='ocrx_word' id='word_1_337' title='bbox 1304 4584 1508 4640; x_wconf 88' lang='lat' dir='ltr'><strong>honore</strong></span> <span class='ocrx_word' id='word_1_338' title='bbox 1539 4585 1773 4653; x_wconf 68' lang='lat' dir='ltr'><strong>prmditis</strong></span> <span class='ocrx_word' id='word_1_339' title='bbox 1792 4626 1806 4651; x_wconf 95' lang='lat'><strong>,</strong></span> <span class='ocrx_word' id='word_1_340' title='bbox 1836 4596 1890 4640; x_wconf 88' lang='lat' dir='ltr'><strong>et</strong></span> <span class='ocrx_word' id='word_1_341' title='bbox 1920 4597 1975 4640; x_wconf 88' lang='lat' dir='ltr'><strong>ut</strong></span> <span class='ocrx_word' id='word_1_342' title='bbox 2000 4588 2050 4639; x_wconf 94' lang='lat' dir='ltr'><strong>in</strong></span> <span class='ocrx_word' id='word_1_343' title='bbox 2077 4603 2226 4643; x_wconf 87' lang='lat' dir='ltr'><strong>sum-</strong></span> 
     </span>
    </p>
   </div>
   <div class='ocr_carea' id='block_1_47' title="bbox 655 4677 2227 4742">
    <p class='ocr_par' dir='ltr' id='par_1_47' title="bbox 655 4677 2227 4742">
     <span class='ocr_line' id='line_1_47' title="bbox 655 4677 2227 4742; baseline 0.003 -13"><span class='ocrx_word' id='word_1_344' title='bbox 655 4692 739 4735; x_wconf 91' lang='lat' dir='ltr'><strong>ma</strong></span> <span class='ocrx_word' id='word_1_345' title='bbox 767 4677 937 4736; x_wconf 72' lang='lat' dir='ltr'><strong>dicam</strong></span> <span class='ocrx_word' id='word_1_346' title='bbox 957 4718 972 4741; x_wconf 90' lang='lat'><strong>,</strong></span> <span class='ocrx_word' id='word_1_347' title='bbox 1005 4677 1251 4730; x_wconf 88' lang='lat' dir='ltr'><strong>omnibus</strong></span> <span class='ocrx_word' id='word_1_348' title='bbox 1290 4694 1393 4733; x_wconf 91' lang='lat' dir='ltr'><strong>non</strong></span> <span class='ocrx_word' id='word_1_349' title='bbox 1422 4679 1546 4732; x_wconf 89' lang='lat' dir='ltr'><strong>viris</strong></span> <span class='ocrx_word' id='word_1_350' title='bbox 1571 4679 1764 4742; x_wconf 80' lang='lat' dir='ltr'><strong>solum,</strong></span> <span class='ocrx_word' id='word_1_351' title='bbox 1794 4678 1887 4733; x_wconf 88' lang='lat' dir='ltr'><strong>sed</strong></span> <span class='ocrx_word' id='word_1_352' title='bbox 1912 4687 1966 4733; x_wconf 88' lang='lat' dir='ltr'><strong>et</strong></span> <span class='ocrx_word' id='word_1_353' title='bbox 1990 4680 2227 4734; x_wconf 81' lang='lat' dir='ltr'><strong>tnui-ieri-</strong></span> 
     </span>
    </p>
   </div>
   <div class='ocr_carea' id='block_1_48' title="bbox 653 4764 2230 4835">
    <p class='ocr_par' dir='ltr' id='par_1_48' title="bbox 653 4764 2230 4835">
     <span class='ocr_line' id='line_1_48' title="bbox 653 4764 2230 4835; baseline 0.002 -16"><span class='ocrx_word' id='word_1_354' title='bbox 653 4768 782 4831; x_wconf 73' lang='lat' dir='ltr'><strong>ltus,</strong></span> <span class='ocrx_word' id='word_1_355' title='bbox 814 4776 869 4823; x_wconf 89' lang='lat' dir='ltr'><strong>nt</strong></span> <span class='ocrx_word' id='word_1_356' title='bbox 896 4782 1013 4835; x_wconf 74' lang='lat' dir='ltr'><strong>qua:</strong></span> <span class='ocrx_word' id='word_1_357' title='bbox 1054 4764 1268 4821; x_wconf 86' lang='lat' dir='ltr'><strong>assidue</strong></span> <span class='ocrx_word' id='word_1_358' title='bbox 1293 4765 1435 4823; x_wconf 90' lang='lat' dir='ltr'><strong>domi</strong></span> <span class='ocrx_word' id='word_1_359' title='bbox 1466 4779 1749 4823; x_wconf 86' lang='lat' dir='ltr'><strong>versentur</strong></span> <span class='ocrx_word' id='word_1_360' title='bbox 1778 4784 1789 4820; x_wconf 77' lang='grc' dir='ltr'>ε</span> <span class='ocrx_word' id='word_1_361' title='bbox 1822 4768 1948 4835; x_wconf 90' lang='lat' dir='ltr'><strong>quin</strong></span> <span class='ocrx_word' id='word_1_362' title='bbox 1976 4770 2131 4822; x_wconf 90' lang='lat' dir='ltr'><strong>etiam</strong></span> <span class='ocrx_word' id='word_1_363' title='bbox 2164 4768 2230 4823; x_wconf 84' lang='lat' dir='ltr'><strong>iis</strong></span> 
     </span>
    </p>
   </div>
   <div class='ocr_carea' id='block_1_49' title="bbox 651 4858 2231 4928">
    <p class='ocr_par' dir='ltr' id='par_1_49' title="bbox 651 4858 2231 4928">
     <span class='ocr_line' id='line_1_49' title="bbox 651 4858 2231 4928; baseline -0.001 -12"><span class='ocrx_word' id='word_1_364' title='bbox 651 4860 840 4916; x_wconf 84' lang='lat' dir='ltr'><strong>doctor</strong></span> <span class='ocrx_word' id='word_1_365' title='bbox 880 4858 1037 4915; x_wconf 78' lang='lat' dir='ltr'><strong>fuerit</strong></span> <span class='ocrx_word' id='word_1_366' title='bbox 1077 4859 1165 4926; x_wconf 84' lang='lat' dir='ltr'><strong>qui</strong></span> <span class='ocrx_word' id='word_1_367' title='bbox 1195 4858 1353 4912; x_wconf 89' lang='lat' dir='ltr'><strong>vitam</strong></span> <span class='ocrx_word' id='word_1_368' title='bbox 1400 4859 1743 4913; x_wconf 83' lang='lat' dir='ltr'><strong>monasticam</strong></span> <span class='ocrx_word' id='word_1_369' title='bbox 1781 4858 2128 4928; x_wconf 78' lang='lat' dir='ltr'><strong>delegerunt,</strong></span> <span class='ocrx_word' id='word_1_370' title='bbox 2172 4869 2231 4914; x_wconf 91' lang='lat' dir='ltr'><strong>ut</strong></span> 
     </span>
    </p>
   </div>
   <div class='ocr_carea' id='block_1_50' title="bbox 652 4950 2231 5019">
    <p class='ocr_par' dir='ltr' id='par_1_50' title="bbox 652 4950 2231 5019">
     <span class='ocr_line' id='line_1_50' title="bbox 652 4950 2231 5019; baseline 0.003 -17"><span class='ocrx_word' id='word_1_371' title='bbox 652 4951 858 5009; x_wconf 85' lang='lat' dir='ltr'><strong>discant</strong></span> <span class='ocrx_word' id='word_1_372' title='bbox 880 4964 1064 5004; x_wconf 86' lang='lat' dir='ltr'><strong>omnes</strong></span> <span class='ocrx_word' id='word_1_373' title='bbox 1093 4951 1293 5007; x_wconf 89' lang='lat' dir='ltr'><strong>nullum</strong></span> <span class='ocrx_word' id='word_1_374' title='bbox 1323 4964 1441 5005; x_wconf 85' lang='lat' dir='ltr'><strong>esse</strong></span> <span class='ocrx_word' id='word_1_375' title='bbox 1471 4959 1679 5019; x_wconf 89' lang='lat' dir='ltr'><strong>tempus</strong></span> <span class='ocrx_word' id='word_1_376' title='bbox 1707 4952 1772 5005; x_wconf 90' lang='lat' dir='ltr'><strong>ad</strong></span> <span class='ocrx_word' id='word_1_377' title='bbox 1800 4950 2097 5006; x_wconf 91' lang='lat' dir='ltr'><strong>divinorum</strong></span> <span class='ocrx_word' id='word_1_378' title='bbox 2126 4953 2231 5007; x_wconf 87' lang='lat' dir='ltr'><strong>elo-</strong></span> 
     </span>
    </p>
   </div>
   <div class='ocr_carea' id='block_1_51' title="bbox 653 5040 2230 5111">
    <p class='ocr_par' dir='ltr' id='par_1_51' title="bbox 653 5040 2230 5111">
     <span class='ocr_line' id='line_1_51' title="bbox 653 5040 2230 5111; baseline 0.002 -16"><span class='ocrx_word' id='word_1_379' title='bbox 653 5041 898 5111; x_wconf 88' lang='lat' dir='ltr'><strong>quiorum</strong></span> <span class='ocrx_word' id='word_1_380' title='bbox 925 5040 1207 5097; x_wconf 86' lang='lat' dir='ltr'><strong>lectionem</strong></span> <span class='ocrx_word' id='word_1_381' title='bbox 1239 5041 1671 5106; x_wconf 89' lang='lat' dir='ltr'><strong>incommodum,</strong></span> <span class='ocrx_word' id='word_1_382' title='bbox 1700 5040 1793 5095; x_wconf 87' lang='lat' dir='ltr'><strong>sed</strong></span> <span class='ocrx_word' id='word_1_383' title='bbox 1821 5042 1931 5096; x_wconf 82' lang='lat' dir='ltr'><strong>fieri</strong></span> <span class='ocrx_word' id='word_1_384' title='bbox 1965 5057 2139 5111; x_wconf 90' lang='lat' dir='ltr'><strong>posse,</strong></span> <span class='ocrx_word' id='word_1_385' title='bbox 2173 5051 2230 5099; x_wconf 91' lang='lat' dir='ltr'><strong>ut</strong></span> 
     </span>
    </p>
   </div>
   <div class='ocr_carea' id='block_1_52' title="bbox 654 5130 2231 5197">
    <p class='ocr_par' dir='ltr' id='par_1_52' title="bbox 654 5130 2231 5197">
     <span class='ocr_line' id='line_1_52' title="bbox 654 5130 2231 5197; baseline 0.003 -12"><span class='ocrx_word' id='word_1_386' title='bbox 654 5148 759 5191; x_wconf 87' lang='lat' dir='ltr'><strong>non</strong></span> <span class='ocrx_word' id='word_1_387' title='bbox 790 5131 962 5187; x_wconf 87' lang='lat' dir='ltr'><strong>solum</strong></span> <span class='ocrx_word' id='word_1_388' title='bbox 989 5131 1171 5196; x_wconf 87' lang='lat' dir='ltr'><strong>domi,</strong></span> <span class='ocrx_word' id='word_1_389' title='bbox 1205 5132 1551 5191; x_wconf 84' lang='lat' dir='ltr'><strong>verumetiam</strong></span> <span class='ocrx_word' id='word_1_390' title='bbox 1590 5132 1640 5184; x_wconf 92' lang='lat' dir='ltr'><strong>in</strong></span> <span class='ocrx_word' id='word_1_391' title='bbox 1687 5130 1803 5186; x_wconf 92' lang='lat' dir='ltr'><strong>foro</strong></span> <span class='ocrx_word' id='word_1_392' title='bbox 1832 5142 2136 5197; x_wconf 84' lang='lat' dir='ltr'><strong>versantes,</strong></span> <span class='ocrx_word' id='word_1_393' title='bbox 2177 5141 2231 5189; x_wconf 90' lang='lat' dir='ltr'><strong>et</strong></span> 
     </span>
    </p>
   </div>
   <div class='ocr_carea' id='block_1_53' title="bbox 654 5220 2230 5292">
    <p class='ocr_par' dir='ltr' id='par_1_53' title="bbox 654 5220 2230 5292">
     <span class='ocr_line' id='line_1_53' title="bbox 654 5220 2230 5292; baseline 0.001 -15"><span class='ocrx_word' id='word_1_394' title='bbox 654 5227 753 5279; x_wconf 85' lang='lat' dir='ltr'><strong>iter</strong></span> <span class='ocrx_word' id='word_1_395' title='bbox 782 5220 1056 5286; x_wconf 82' lang='lat' dir='ltr'><strong>facientes,</strong></span> <span class='ocrx_word' id='word_1_396' title='bbox 1084 5230 1137 5277; x_wconf 89' lang='lat' dir='ltr'><strong>et</strong></span> <span class='ocrx_word' id='word_1_397' title='bbox 1164 5223 1215 5275; x_wconf 91' lang='lat' dir='ltr'><strong>in</strong></span> <span class='ocrx_word' id='word_1_398' title='bbox 1242 5221 1533 5277; x_wconf 90' lang='lat' dir='ltr'><strong>multorum</strong></span> <span class='ocrx_word' id='word_1_399' title='bbox 1559 5230 1698 5276; x_wconf 69' lang='lat' dir='ltr'><strong>coetu</strong></span> <span class='ocrx_word' id='word_1_400' title='bbox 1720 5232 1957 5292; x_wconf 77' lang='lat' dir='ltr'><strong>agentes,</strong></span> <span class='ocrx_word' id='word_1_401' title='bbox 1986 5238 2047 5277; x_wconf 88' lang='lat' dir='ltr'><strong>ac</strong></span> <span class='ocrx_word' id='word_1_402' title='bbox 2072 5224 2230 5278; x_wconf 87' lang='lat' dir='ltr'><strong>variis</strong></span> 
     </span>
    </p>
   </div>
   <div class='ocr_carea' id='block_1_54' title="bbox 654 5310 2229 5381">
    <p class='ocr_par' dir='ltr' id='par_1_54' title="bbox 654 5310 2229 5381">
     <span class='ocr_line' id='line_1_54' title="bbox 654 5310 2229 5381; baseline 0.002 -18"><span class='ocrx_word' id='word_1_403' title='bbox 654 5313 881 5381; x_wconf 77' lang='lat' dir='ltr'><strong>negotiis</strong></span> <span class='ocrx_word' id='word_1_404' title='bbox 911 5311 1146 5378; x_wconf 78' lang='lat' dir='ltr'><strong>impliciti</strong></span> <span class='ocrx_word' id='word_1_405' title='bbox 1194 5310 1382 5364; x_wconf 89' lang='lat' dir='ltr'><strong>hormn</strong></span> <span class='ocrx_word' id='word_1_406' title='bbox 1413 5311 1588 5367; x_wconf 86' lang='lat' dir='ltr'><strong>studio</strong></span> <span class='ocrx_word' id='word_1_407' title='bbox 1633 5320 1938 5377; x_wconf 84' lang='lat' dir='ltr'><strong>teneamur,</strong></span> <span class='ocrx_word' id='word_1_408' title='bbox 1972 5322 2027 5364; x_wconf 91' lang='lat' dir='ltr'><strong>ut</strong></span> <span class='ocrx_word' id='word_1_409' title='bbox 2052 5328 2170 5381; x_wconf 74' lang='lat' dir='ltr'><strong>qua:</strong></span> <span class='ocrx_word' id='word_1_410' title='bbox 2199 5327 2229 5366; x_wconf 88' lang='lat' dir='ltr'><strong>a</strong></span> 
     </span>
    </p>
   </div>
   <div class='ocr_carea' id='block_1_55' title="bbox 656 5402 2229 5472">
    <p class='ocr_par' dir='ltr' id='par_1_55' title="bbox 656 5402 2229 5472">
     <span class='ocr_line' id='line_1_55' title="bbox 656 5402 2229 5472; baseline 0.002 -15"><span class='ocrx_word' id='word_1_411' title='bbox 656 5404 810 5457; x_wconf 85' lang='lat' dir='ltr'><strong>nobis</strong></span> <span class='ocrx_word' id='word_1_412' title='bbox 854 5403 1152 5471; x_wconf 61' lang='lat' dir='ltr'><strong>pra‘standa</strong></span> <span class='ocrx_word' id='word_1_413' title='bbox 1198 5412 1323 5456; x_wconf 88' lang='lat' dir='ltr'><strong>sunt</strong></span> <span class='ocrx_word' id='word_1_414' title='bbox 1359 5402 1730 5469; x_wconf 76' lang='lat' dir='ltr'><strong>conferentes,</strong></span> <span class='ocrx_word' id='word_1_415' title='bbox 1774 5403 1879 5457; x_wconf 85' lang='lat' dir='ltr'><strong>cito</strong></span> <span class='ocrx_word' id='word_1_416' title='bbox 1922 5405 2229 5472; x_wconf 83' lang='lat' dir='ltr'><strong>magistrum</strong></span> 
     </span>
    </p>
   </div>
   <div class='ocr_carea' id='block_1_56' title="bbox 652 5492 2230 5560">
    <p class='ocr_par' dir='ltr' id='par_1_56' title="bbox 652 5492 2230 5560">
     <span class='ocr_line' id='line_1_56' title="bbox 652 5492 2230 5560; baseline -0.001 -11"><span class='ocrx_word' id='word_1_417' title='bbox 652 5493 1027 5560; x_wconf 78' lang='lat' dir='ltr'><strong>adipiscamur.</strong></span> <span class='ocrx_word' id='word_1_418' title='bbox 1077 5492 1331 5545; x_wconf 80' lang='lat' dir='ltr'><strong>Dominus</strong></span> <span class='ocrx_word' id='word_1_419' title='bbox 1359 5494 1499 5545; x_wconf 89' lang='lat' dir='ltr'><strong>enim</strong></span> <span class='ocrx_word' id='word_1_420' title='bbox 1540 5492 1725 5545; x_wconf 87' lang='lat' dir='ltr'><strong>videns</strong></span> <span class='ocrx_word' id='word_1_421' title='bbox 1764 5502 2002 5545; x_wconf 86' lang='lat' dir='ltr'><strong>nostrum</strong></span> <span class='ocrx_word' id='word_1_422' title='bbox 2045 5493 2109 5549; x_wconf 90' lang='lat' dir='ltr'><strong>ad</strong></span> <span class='ocrx_word' id='word_1_423' title='bbox 2144 5508 2230 5548; x_wconf 88' lang='lat' dir='ltr'><strong>res</strong></span> 
     </span>
    </p>
   </div>
   <div class='ocr_carea' id='block_1_57' title="bbox 651 5582 2229 5654">
    <p class='ocr_par' dir='ltr' id='par_1_57' title="bbox 651 5582 2229 5654">
     <span class='ocr_line' id='line_1_57' title="bbox 651 5582 2229 5654; baseline 0.003 -19"><span class='ocrx_word' id='word_1_424' title='bbox 651 5584 955 5654; x_wconf 78' lang='lat' dir='ltr'><strong>spirituales</strong></span> <span class='ocrx_word' id='word_1_425' title='bbox 980 5583 1247 5649; x_wconf 66' lang='lat' dir='ltr'><strong>allectum,</strong></span> <span class='ocrx_word' id='word_1_426' title='bbox 1275 5598 1378 5636; x_wconf 92' lang='lat' dir='ltr'><strong>non</strong></span> <span class='ocrx_word' id='word_1_427' title='bbox 1406 5582 1650 5652; x_wconf 78' lang='lat' dir='ltr'><strong>negliget,</strong></span> <span class='ocrx_word' id='word_1_428' title='bbox 1682 5582 1776 5638; x_wconf 88' lang='lat' dir='ltr'><strong>scd</strong></span> <span class='ocrx_word' id='word_1_429' title='bbox 1799 5597 2080 5653; x_wconf 86' lang='lat' dir='ltr'><strong>supernam</strong></span> <span class='ocrx_word' id='word_1_430' title='bbox 2111 5584 2229 5640; x_wconf 82' lang='lat' dir='ltr'><strong>illu-</strong></span> 
     </span>
    </p>
   </div>
   <div class='ocr_carea' id='block_1_58' title="bbox 713 5738 2227 5805">
    <p class='ocr_par' dir='ltr' id='par_1_58' title="bbox 713 5738 2227 5805">
     <span class='ocr_line' id='line_1_58' title="bbox 713 5738 2227 5805; baseline 0.003 -17"><span class='ocrx_word' id='word_1_431' title='bbox 713 5738 792 5805; x_wconf 67' lang='lat' dir='ltr'><strong>la)</strong></span> <span class='ocrx_word' id='word_1_432' title='bbox 822 5739 1037 5805; x_wconf 68' lang='lat' dir='ltr'><strong>Nonnulli</strong></span> <span class='ocrx_word' id='word_1_433' title='bbox 1072 5747 1239 5805; x_wconf 80' lang='lat' dir='ltr'><strong>putant</strong></span> <span class='ocrx_word' id='word_1_434' title='bbox 1277 5739 1704 5805; x_wconf 59' lang='lat' dir='ltr'><strong>buncphilippum</strong></span> <span class='ocrx_word' id='word_1_435' title='bbox 1738 5738 2006 5801; x_wconf 84' lang='lat' dir='ltr'><strong>apostolum</strong></span> <span class='ocrx_word' id='word_1_436' title='bbox 2042 5740 2227 5804; x_wconf 80' lang='lat' dir='ltr'><strong>fuisse;</strong></span> 
     </span>
    </p>
   </div>
   <div class='ocr_carea' id='block_1_59' title="bbox 641 5800 1881 5862">
    <p class='ocr_par' dir='ltr' id='par_1_59' title="bbox 641 5800 1881 5862">
     <span class='ocr_line' id='line_1_59' title="bbox 641 5800 1881 5862; baseline 0.004 -16"><span class='ocrx_word' id='word_1_437' title='bbox 641 5800 723 5853; x_wconf 73' lang='lat' dir='ltr'><strong>alti</strong></span> <span class='ocrx_word' id='word_1_438' title='bbox 750 5812 953 5854; x_wconf 84' lang='lat' dir='ltr'><strong>numero</strong></span> <span class='ocrx_word' id='word_1_439' title='bbox 969 5800 1131 5862; x_wconf 76' lang='lat' dir='ltr'><strong>plut-es</strong></span> <span class='ocrx_word' id='word_1_440' title='bbox 1147 5803 1395 5853; x_wconf 83' lang='lat' dir='ltr'><strong>diaconum</strong></span> <span class='ocrx_word' id='word_1_441' title='bbox 1419 5801 1566 5853; x_wconf 81' lang='lat' dir='ltr'><strong>fuisse</strong></span> <span class='ocrx_word' id='word_1_442' title='bbox 1586 5800 1881 5857; x_wconf 79' lang='lat' dir='ltr'><strong>asseverant.</strong></span> 
     </span>
    </p>
   </div>
   <div class='ocr_carea' id='block_1_60' title="bbox 1355 385 3157 447">
    <p class='ocr_par' dir='ltr' id='par_1_60' title="bbox 1355 385 3157 447">
     <span class='ocr_line' id='line_1_60' title="bbox 1355 385 3157 447; baseline -0.002 0"><span class='ocrx_word' id='word_1_443' title='bbox 1355 389 1409 447; x_wconf 83' lang='lat' dir='ltr'><strong>S.</strong></span> <span class='ocrx_word' id='word_1_444' title='bbox 1449 386 1723 446; x_wconf 72' lang='lat' dir='ltr'><strong>JOANNIS</strong></span> <span class='ocrx_word' id='word_1_445' title='bbox 1759 386 2227 443; x_wconf 66' lang='lat' dir='ltr'><strong>CIIRYSOSTOHI</strong></span> <span class='ocrx_word' id='word_1_446' title='bbox 2267 385 2583 443; x_wconf 75' lang='lat' dir='ltr'><strong>ARCHIEP.</strong></span> <span class='ocrx_word' id='word_1_447' title='bbox 2622 387 3157 447; x_wconf 66' lang='lat' dir='ltr'><strong>CONST-ANTINOP.</strong></span> 
     </span>
    </p>
   </div>
   <div class='ocr_carea' id='block_1_61' title="bbox 2594 216 2617 255">
    <p class='ocr_par' dir='ltr' id='par_1_61' title="bbox 2594 216 2617 255">
     <span class='ocr_line' id='line_1_61' title="bbox 2594 216 2617 255; baseline 0 0"><span class='ocrx_word' id='word_1_448' title='bbox 2594 216 2617 255; x_wconf 62' lang='grc' dir='ltr'><strong>κ</strong></span> 
     </span>
    </p>
   </div>
   <div class='ocr_carea' id='block_1_62' title="bbox 3788 397 3905 453">
    <p class='ocr_par' dir='ltr' id='par_1_62' title="bbox 3788 397 3905 453">
     <span class='ocr_line' id='line_1_62' title="bbox 3788 397 3905 453; baseline 0.017 -2"><span class='ocrx_word' id='word_1_449' title='bbox 3788 397 3905 453; x_wconf 67' lang='grc' dir='ltr'><strong>εει</strong></span> 
     </span>
    </p>
   </div>
   <div class='ocr_carea' id='block_1_63' title="bbox 2315 507 3899 578">
    <p class='ocr_par' dir='ltr' id='par_1_63' title="bbox 2315 507 3899 578">
     <span class='ocr_line' id='line_1_63' title="bbox 2315 507 3899 578; baseline 0.005 -17"><span class='ocrx_word' id='word_1_450' title='bbox 2315 507 2627 561; x_wconf 86' lang='lat' dir='ltr'><strong>strationem</strong></span> <span class='ocrx_word' id='word_1_451' title='bbox 2649 509 2925 578; x_wconf 50' lang='lat' dir='ltr'><strong>praebebit,</strong></span> <span class='ocrx_word' id='word_1_452' title='bbox 2948 527 3010 566; x_wconf 85' lang='lat' dir='ltr'><strong>ac</strong></span> <span class='ocrx_word' id='word_1_453' title='bbox 3033 520 3271 568; x_wconf 88' lang='lat' dir='ltr'><strong>nostrum</strong></span> <span class='ocrx_word' id='word_1_454' title='bbox 3293 511 3612 569; x_wconf 85' lang='lat' dir='ltr'><strong>illuminabit</strong></span> <span class='ocrx_word' id='word_1_455' title='bbox 3632 513 3899 569; x_wconf 77' lang='lat' dir='ltr'><strong>animum.</strong></span> 
     </span>
    </p>
   </div>
   <div class='ocr_carea' id='block_1_64' title="bbox 2315 594 3902 673">
    <p class='ocr_par' dir='ltr' id='par_1_64' title="bbox 2315 594 3902 673">
     <span class='ocr_line' id='line_1_64' title="bbox 2315 594 3902 673; baseline 0.002 -24"><span class='ocrx_word' id='word_1_456' title='bbox 2315 594 2392 650; x_wconf 79' lang='lat' dir='ltr'><strong>Ne</strong></span> <span class='ocrx_word' id='word_1_457' title='bbox 2422 597 2578 666; x_wconf 83' lang='lat' dir='ltr'><strong>igitur</strong></span> <span class='ocrx_word' id='word_1_458' title='bbox 2595 639 2610 661; x_wconf 93' lang='lat'><strong>,</strong></span> <span class='ocrx_word' id='word_1_459' title='bbox 2636 598 2893 665; x_wconf 87' lang='lat' dir='ltr'><strong>obsecro,</strong></span> <span class='ocrx_word' id='word_1_460' title='bbox 2924 601 3317 673; x_wconf 88' lang='lat' dir='ltr'><strong>Scripturarum</strong></span> <span class='ocrx_word' id='word_1_461' title='bbox 3343 602 3626 658; x_wconf 87' lang='lat' dir='ltr'><strong>lectionem</strong></span> <span class='ocrx_word' id='word_1_462' title='bbox 3650 602 3902 671; x_wconf 78' lang='lat' dir='ltr'><strong>negliga-</strong></span> 
     </span>
    </p>
   </div>
   <div class='ocr_carea' id='block_1_65' title="bbox 2315 689 3903 761">
    <p class='ocr_par' dir='ltr' id='par_1_65' title="bbox 2315 689 3903 761">
     <span class='ocr_line' id='line_1_65' title="bbox 2315 689 3903 761; baseline 0.001 -22"><span class='ocrx_word' id='word_1_463' title='bbox 2315 700 2435 740; x_wconf 86' lang='lat' dir='ltr'><strong>mus</strong></span> <span class='ocrx_word' id='word_1_464' title='bbox 2461 704 2474 741; x_wconf 90' lang='lat'><strong>:</strong></span> <span class='ocrx_word' id='word_1_465' title='bbox 2508 702 2690 742; x_wconf 89' lang='lat' dir='ltr'><strong>verum</strong></span> <span class='ocrx_word' id='word_1_466' title='bbox 2717 689 2829 743; x_wconf 82' lang='lat' dir='ltr'><strong>sive</strong></span> <span class='ocrx_word' id='word_1_467' title='bbox 2866 706 3055 745; x_wconf 90' lang='lat' dir='ltr'><strong>eorum</strong></span> <span class='ocrx_word' id='word_1_468' title='bbox 3073 734 3087 755; x_wconf 88' lang='lat'><strong>,</strong></span> <span class='ocrx_word' id='word_1_469' title='bbox 3120 707 3239 761; x_wconf 63' lang='lat' dir='ltr'><strong>quae</strong></span> <span class='ocrx_word' id='word_1_470' title='bbox 3270 692 3353 746; x_wconf 84' lang='lat' dir='ltr'><strong>his</strong></span> <span class='ocrx_word' id='word_1_471' title='bbox 3380 692 3720 747; x_wconf 79' lang='lat' dir='ltr'><strong>continentur</strong></span> <span class='ocrx_word' id='word_1_472' title='bbox 3741 728 3762 756; x_wconf 88' lang='lat'><strong>,</strong></span> <span class='ocrx_word' id='word_1_473' title='bbox 3786 690 3903 742; x_wconf 85' lang='lat' dir='ltr'><strong>vim</strong></span> 
     </span>
    </p>
   </div>
   <div class='ocr_carea' id='block_1_66' title="bbox 2316 776 3905 851">
    <p class='ocr_par' dir='ltr' id='par_1_66' title="bbox 2316 776 3905 851">
     <span class='ocr_line' id='line_1_66' title="bbox 2316 776 3905 851; baseline 0.003 -23"><span class='ocrx_word' id='word_1_474' title='bbox 2316 776 2691 846; x_wconf 79' lang='lat' dir='ltr'><strong>intelligamus,</strong></span> <span class='ocrx_word' id='word_1_475' title='bbox 2730 780 2843 834; x_wconf 84' lang='lat' dir='ltr'><strong>sive</strong></span> <span class='ocrx_word' id='word_1_476' title='bbox 2884 781 3215 850; x_wconf 74' lang='lat' dir='ltr'><strong>ignoremus,</strong></span> <span class='ocrx_word' id='word_1_477' title='bbox 3258 782 3344 835; x_wconf 91' lang='lat' dir='ltr'><strong>illa</strong></span> <span class='ocrx_word' id='word_1_478' title='bbox 3382 780 3690 851; x_wconf 78' lang='lat' dir='ltr'><strong>frequenter</strong></span> <span class='ocrx_word' id='word_1_479' title='bbox 3726 779 3905 833; x_wconf 72' lang='lat' dir='ltr'><strong>adeu—</strong></span> 
     </span>
    </p>
   </div>
   <div class='ocr_carea' id='block_1_67' title="bbox 2316 868 3907 925">
    <p class='ocr_par' dir='ltr' id='par_1_67' title="bbox 2316 868 3907 925">
     <span class='ocr_line' id='line_1_67' title="bbox 2316 868 3907 925; baseline 0.001 -6"><span class='ocrx_word' id='word_1_480' title='bbox 2316 881 2453 919; x_wconf 88' lang='lat' dir='ltr'><strong>mus.</strong></span> <span class='ocrx_word' id='word_1_481' title='bbox 2483 868 2706 921; x_wconf 81' lang='lat' dir='ltr'><strong>Assidua</strong></span> <span class='ocrx_word' id='word_1_482' title='bbox 2735 868 2879 923; x_wconf 87' lang='lat' dir='ltr'><strong>enim</strong></span> <span class='ocrx_word' id='word_1_483' title='bbox 2904 871 3178 924; x_wconf 81' lang='lat' dir='ltr'><strong>meditatio</strong></span> <span class='ocrx_word' id='word_1_484' title='bbox 3219 873 3529 925; x_wconf 81' lang='lat' dir='ltr'><strong>memoriam</strong></span> <span class='ocrx_word' id='word_1_485' title='bbox 3555 869 3716 924; x_wconf 78' lang='lat' dir='ltr'><strong>efﬁcit</strong></span> <span class='ocrx_word' id='word_1_486' title='bbox 3746 868 3907 921; x_wconf 77' lang='lat' dir='ltr'><strong>iude-</strong></span> 
     </span>
    </p>
   </div>
   <div class='ocr_carea' id='block_1_68' title="bbox 2316 957 3909 1031">
    <p class='ocr_par' dir='ltr' id='par_1_68' title="bbox 2316 957 3909 1031">
     <span class='ocr_line' id='line_1_68' title="bbox 2316 957 3909 1031; baseline 0.003 -22"><span class='ocrx_word' id='word_1_487' title='bbox 2316 957 2529 1012; x_wconf 84' lang='lat' dir='ltr'><strong>lcbilem</strong></span> <span class='ocrx_word' id='word_1_488' title='bbox 2557 977 2571 1007; x_wconf 62' lang='grc' dir='ltr'><em>ν</em></span> <span class='ocrx_word' id='word_1_489' title='bbox 2601 968 2655 1013; x_wconf 89' lang='lat' dir='ltr'><strong>et</strong></span> <span class='ocrx_word' id='word_1_490' title='bbox 2684 960 2787 1012; x_wconf 79' lang='lat' dir='ltr'><strong>non</strong></span> <span class='ocrx_word' id='word_1_491' title='bbox 2819 976 2940 1014; x_wconf 87' lang='lat' dir='ltr'><strong>raro</strong></span> <span class='ocrx_word' id='word_1_492' title='bbox 2968 962 3177 1025; x_wconf 84' lang='lat' dir='ltr'><strong>evenit,</strong></span> <span class='ocrx_word' id='word_1_493' title='bbox 3203 967 3259 1015; x_wconf 90' lang='lat' dir='ltr'><strong>ut</strong></span> <span class='ocrx_word' id='word_1_494' title='bbox 3289 960 3430 1031; x_wconf 88' lang='lat' dir='ltr'><strong>quod</strong></span> <span class='ocrx_word' id='word_1_495' title='bbox 3458 961 3615 1015; x_wconf 86' lang='lat' dir='ltr'><strong>hodie</strong></span> <span class='ocrx_word' id='word_1_496' title='bbox 3657 960 3909 1013; x_wconf 66' lang='lat' dir='ltr'><strong>invenit.</strong></span> 
     </span>
    </p>
   </div>
   <div class='ocr_carea' id='block_1_69' title="bbox 2316 1050 3909 1120">
    <p class='ocr_par' dir='ltr' id='par_1_69' title="bbox 2316 1050 3909 1120">
     <span class='ocr_line' id='line_1_69' title="bbox 2316 1050 3909 1120; baseline -0.001 -18"><span class='ocrx_word' id='word_1_497' title='bbox 2316 1062 2423 1102; x_wconf 89' lang='lat' dir='ltr'><strong>non</strong></span> <span class='ocrx_word' id='word_1_498' title='bbox 2446 1050 2711 1117; x_wconf 86' lang='lat' dir='ltr'><strong>potuimus</strong></span> <span class='ocrx_word' id='word_1_499' title='bbox 2731 1050 2986 1120; x_wconf 74' lang='lat' dir='ltr'><strong>legentes,</strong></span> <span class='ocrx_word' id='word_1_500' title='bbox 3013 1051 3112 1107; x_wconf 88' lang='lat' dir='ltr'><strong>hoc</strong></span> <span class='ocrx_word' id='word_1_501' title='bbox 3134 1066 3348 1105; x_wconf 88' lang='lat' dir='ltr'><strong>rursum</strong></span> <span class='ocrx_word' id='word_1_502' title='bbox 3371 1060 3585 1120; x_wconf 80' lang='lat' dir='ltr'><strong>postem</strong></span> <span class='ocrx_word' id='word_1_503' title='bbox 3606 1050 3691 1105; x_wconf 84' lang='lat' dir='ltr'><strong>die</strong></span> <span class='ocrx_word' id='word_1_504' title='bbox 3715 1064 3909 1117; x_wconf 74' lang='lat' dir='ltr'><strong>aggre-</strong></span> 
     </span>
    </p>
   </div>
   <div class='ocr_carea' id='block_1_70' title="bbox 2314 1138 3911 1209">
    <p class='ocr_par' dir='ltr' id='par_1_70' title="bbox 2314 1138 3911 1209">
     <span class='ocr_line' id='line_1_70' title="bbox 2314 1138 3911 1209; baseline 0 -16"><span class='ocrx_word' id='word_1_505' title='bbox 2314 1138 2554 1205; x_wconf 88' lang='lat' dir='ltr'><strong>dicnles,</strong></span> <span class='ocrx_word' id='word_1_506' title='bbox 2602 1152 2823 1209; x_wconf 78' lang='lat' dir='ltr'><strong>repente</strong></span> <span class='ocrx_word' id='word_1_507' title='bbox 2861 1142 3229 1207; x_wconf 76' lang='lat' dir='ltr'><strong>inveniamus,</strong></span> <span class='ocrx_word' id='word_1_508' title='bbox 3262 1142 3370 1196; x_wconf 88' lang='lat' dir='ltr'><strong>Deo</strong></span> <span class='ocrx_word' id='word_1_509' title='bbox 3396 1142 3636 1196; x_wconf 83' lang='lat' dir='ltr'><strong>videlicet</strong></span> <span class='ocrx_word' id='word_1_510' title='bbox 3676 1156 3774 1209; x_wconf 90' lang='lat' dir='ltr'><strong>pro</strong></span> <span class='ocrx_word' id='word_1_511' title='bbox 3798 1152 3911 1193; x_wconf 78' lang='lat' dir='ltr'><strong>sua</strong></span> 
     </span>
    </p>
   </div>
   <div class='ocr_carea' id='block_1_71' title="bbox 2315 1230 3911 1288">
    <p class='ocr_par' dir='ltr' id='par_1_71' title="bbox 2315 1230 3911 1288">
     <span class='ocr_line' id='line_1_71' title="bbox 2315 1230 3911 1288; baseline 0 -3"><span class='ocrx_word' id='word_1_512' title='bbox 2315 1231 2598 1285; x_wconf 87' lang='lat' dir='ltr'><strong>clementia</strong></span> <span class='ocrx_word' id='word_1_513' title='bbox 2628 1233 2836 1288; x_wconf 89' lang='lat' dir='ltr'><strong>occulte</strong></span> <span class='ocrx_word' id='word_1_514' title='bbox 2860 1242 3094 1288; x_wconf 77' lang='lat' dir='ltr'><strong>mentem</strong></span> <span class='ocrx_word' id='word_1_515' title='bbox 3121 1245 3357 1287; x_wconf 86' lang='lat' dir='ltr'><strong>nostram</strong></span> <span class='ocrx_word' id='word_1_516' title='bbox 3383 1233 3693 1287; x_wconf 85' lang='lat' dir='ltr'><strong>illustrante.</strong></span> <span class='ocrx_word' id='word_1_517' title='bbox 3722 1230 3911 1285; x_wconf 72' lang='lat' dir='ltr'><strong>Carte—</strong></span> 
     </span>
    </p>
   </div>
   <div class='ocr_carea' id='block_1_72' title="bbox 2316 1320 3909 1393">
    <p class='ocr_par' dir='ltr' id='par_1_72' title="bbox 2316 1320 3909 1393">
     <span class='ocr_line' id='line_1_72' title="bbox 2316 1320 3909 1393; baseline 0 -21"><span class='ocrx_word' id='word_1_518' title='bbox 2316 1334 2435 1373; x_wconf 90' lang='lat' dir='ltr'><strong>rum</strong></span> <span class='ocrx_word' id='word_1_519' title='bbox 2460 1321 2558 1374; x_wconf 88' lang='lat' dir='ltr'><strong>ista</strong></span> <span class='ocrx_word' id='word_1_520' title='bbox 2586 1320 2651 1375; x_wconf 90' lang='lat' dir='ltr'><strong>ad</strong></span> <span class='ocrx_word' id='word_1_521' title='bbox 2682 1323 2951 1376; x_wconf 89' lang='lat' dir='ltr'><strong>assiduam</strong></span> <span class='ocrx_word' id='word_1_522' title='bbox 2974 1322 3274 1377; x_wconf 82' lang='lat' dir='ltr'><strong>divinarum</strong></span> <span class='ocrx_word' id='word_1_523' title='bbox 3300 1323 3689 1393; x_wconf 81' lang='lat' dir='ltr'><strong>Scripturarnm</strong></span> <span class='ocrx_word' id='word_1_524' title='bbox 3714 1322 3909 1375; x_wconf 81' lang='lat' dir='ltr'><strong>lectio-</strong></span> 
     </span>
    </p>
   </div>
   <div class='ocr_carea' id='block_1_73' title="bbox 2316 1410 3910 1479">
    <p class='ocr_par' dir='ltr' id='par_1_73' title="bbox 2316 1410 3910 1479">
     <span class='ocr_line' id='line_1_73' title="bbox 2316 1410 3910 1479; baseline 0.003 -18"><span class='ocrx_word' id='word_1_525' title='bbox 2316 1424 2438 1463; x_wconf 90' lang='lat' dir='ltr'><strong>nem</strong></span> <span class='ocrx_word' id='word_1_526' title='bbox 2466 1410 2857 1479; x_wconf 79' lang='lat' dir='ltr'><strong>suscipiendam</strong></span> <span class='ocrx_word' id='word_1_527' title='bbox 2882 1412 3114 1465; x_wconf 80' lang='lat' dir='ltr'><strong>diximus</strong></span> <span class='ocrx_word' id='word_1_528' title='bbox 3141 1431 3153 1465; x_wconf 94' lang='lat'>:</span> <span class='ocrx_word' id='word_1_529' title='bbox 3183 1422 3240 1466; x_wconf 91' lang='lat' dir='ltr'><strong>ut</strong></span> <span class='ocrx_word' id='word_1_530' title='bbox 3260 1423 3438 1467; x_wconf 88' lang='lat' dir='ltr'><strong>autem</strong></span> <span class='ocrx_word' id='word_1_531' title='bbox 3456 1412 3672 1467; x_wconf 88' lang='lat' dir='ltr'><strong>discatis</strong></span> <span class='ocrx_word' id='word_1_532' title='bbox 3697 1412 3752 1465; x_wconf 88' lang='lat' dir='ltr'><strong>in</strong></span> <span class='ocrx_word' id='word_1_533' title='bbox 3777 1410 3910 1465; x_wconf 81' lang='lat' dir='ltr'><strong>aliis</strong></span> 
     </span>
    </p>
   </div>
   <div class='ocr_carea' id='block_1_74' title="bbox 2316 1506 3910 1566">
    <p class='ocr_par' dir='ltr' id='par_1_74' title="bbox 2316 1506 3910 1566">
     <span class='ocr_line' id='line_1_74' title="bbox 2316 1506 3910 1566; baseline 0 -9"><span class='ocrx_word' id='word_1_534' title='bbox 2316 1506 2476 1558; x_wconf 85' lang='lat' dir='ltr'><strong>etiam</strong></span> <span class='ocrx_word' id='word_1_535' title='bbox 2505 1507 2751 1561; x_wconf 82' lang='lat' dir='ltr'><strong>omnibus</strong></span> <span class='ocrx_word' id='word_1_536' title='bbox 2780 1506 2878 1559; x_wconf 90' lang='lat' dir='ltr'><strong>hoc</strong></span> <span class='ocrx_word' id='word_1_537' title='bbox 2911 1507 3193 1561; x_wconf 89' lang='lat' dir='ltr'><strong>Dominum</strong></span> <span class='ocrx_word' id='word_1_538' title='bbox 3228 1506 3399 1561; x_wconf 84' lang='lat' dir='ltr'><strong>lacere</strong></span> <span class='ocrx_word' id='word_1_539' title='bbox 3437 1506 3810 1566; x_wconf 82' lang='lat' dir='ltr'><strong>eonsuevissc,</strong></span> <span class='ocrx_word' id='word_1_540' title='bbox 3843 1513 3910 1557; x_wconf 86' lang='lat' dir='ltr'><strong>ut</strong></span> 
     </span>
    </p>
   </div>
   <div class='ocr_carea' id='block_1_75' title="bbox 2317 1595 3910 1665">
    <p class='ocr_par' dir='ltr' id='par_1_75' title="bbox 2317 1595 3910 1665">
     <span class='ocr_line' id='line_1_75' title="bbox 2317 1595 3910 1665; baseline -0.002 -15"><span class='ocrx_word' id='word_1_541' title='bbox 2317 1612 2437 1650; x_wconf 92' lang='lat' dir='ltr'><strong>cum</strong></span> <span class='ocrx_word' id='word_1_542' title='bbox 2462 1614 2579 1665; x_wconf 70' lang='lat' dir='ltr'><strong>qum</strong></span> <span class='ocrx_word' id='word_1_543' title='bbox 2608 1614 2635 1649; x_wconf 89' lang='lat' dir='ltr'><strong>a</strong></span> <span class='ocrx_word' id='word_1_544' title='bbox 2670 1599 2821 1651; x_wconf 89' lang='lat' dir='ltr'><strong>nobis</strong></span> <span class='ocrx_word' id='word_1_545' title='bbox 2846 1607 2969 1650; x_wconf 88' lang='lat' dir='ltr'><strong>sunt</strong></span> <span class='ocrx_word' id='word_1_546' title='bbox 2995 1597 3402 1661; x_wconf 86' lang='lat' dir='ltr'><strong>contulerimus,</strong></span> <span class='ocrx_word' id='word_1_547' title='bbox 3432 1598 3544 1665; x_wconf 89' lang='lat' dir='ltr'><strong>ipse</strong></span> <span class='ocrx_word' id='word_1_548' title='bbox 3569 1611 3661 1650; x_wconf 87' lang='lat' dir='ltr'><strong>sua</strong></span> <span class='ocrx_word' id='word_1_549' title='bbox 3686 1595 3910 1648; x_wconf 77' lang='lat' dir='ltr'><strong>abunde</strong></span> 
     </span>
    </p>
   </div>
   <div class='ocr_carea' id='block_1_76' title="bbox 2317 1685 3907 1758">
    <p class='ocr_par' dir='ltr' id='par_1_76' title="bbox 2317 1685 3907 1758">
     <span class='ocr_line' id='line_1_76' title="bbox 2317 1685 3907 1758; baseline -0.002 -17"><span class='ocrx_word' id='word_1_550' title='bbox 2317 1686 2651 1757; x_wconf 87' lang='lat' dir='ltr'><strong>suppeditet,</strong></span> <span class='ocrx_word' id='word_1_551' title='bbox 2694 1699 2749 1743; x_wconf 90' lang='lat' dir='ltr'><strong>et</strong></span> <span class='ocrx_word' id='word_1_552' title='bbox 2777 1689 2916 1757; x_wconf 89' lang='lat' dir='ltr'><strong>quod</strong></span> <span class='ocrx_word' id='word_1_553' title='bbox 2962 1690 3012 1743; x_wconf 93' lang='lat' dir='ltr'><strong>in</strong></span> <span class='ocrx_word' id='word_1_554' title='bbox 3043 1689 3438 1758; x_wconf 87' lang='lat' dir='ltr'><strong>Scripturarum</strong></span> <span class='ocrx_word' id='word_1_555' title='bbox 3483 1689 3711 1742; x_wconf 86' lang='lat' dir='ltr'><strong>lectione</strong></span> <span class='ocrx_word' id='word_1_556' title='bbox 3752 1685 3907 1749; x_wconf 81' lang='lat' dir='ltr'><strong>fecit,</strong></span> 
     </span>
    </p>
   </div>
   <div class='ocr_carea' id='block_1_77' title="bbox 2318 1776 3907 1839">
    <p class='ocr_par' dir='ltr' id='par_1_77' title="bbox 2318 1776 3907 1839">
     <span class='ocr_line' id='line_1_77' title="bbox 2318 1776 3907 1839; baseline -0.003 -8"><span class='ocrx_word' id='word_1_557' title='bbox 2318 1778 2478 1831; x_wconf 86' lang='lat' dir='ltr'><strong>multa</strong></span> <span class='ocrx_word' id='word_1_558' title='bbox 2522 1793 2644 1832; x_wconf 91' lang='lat' dir='ltr'><strong>eum</strong></span> <span class='ocrx_word' id='word_1_559' title='bbox 2688 1779 2962 1833; x_wconf 83' lang='lat' dir='ltr'><strong>celeritate</strong></span> <span class='ocrx_word' id='word_1_560' title='bbox 3005 1779 3171 1832; x_wconf 80' lang='lat' dir='ltr'><strong>misso</strong></span> <span class='ocrx_word' id='word_1_561' title='bbox 3214 1778 3279 1831; x_wconf 88' lang='lat' dir='ltr'><strong>ad</strong></span> <span class='ocrx_word' id='word_1_562' title='bbox 3329 1777 3611 1831; x_wconf 88' lang='lat' dir='ltr'><strong>barbarum</strong></span> <span class='ocrx_word' id='word_1_563' title='bbox 3656 1776 3907 1839; x_wconf 75' lang='lat' dir='ltr'><strong>doctore,</strong></span> 
     </span>
    </p>
   </div>
   <div class='ocr_carea' id='block_1_78' title="bbox 2318 1866 3907 1936">
    <p class='ocr_par' dir='ltr' id='par_1_78' title="bbox 2318 1866 3907 1936">
     <span class='ocr_line' id='line_1_78' title="bbox 2318 1866 3907 1936; baseline -0.004 -15"><span class='ocrx_word' id='word_1_564' title='bbox 2318 1867 2417 1921; x_wconf 87' lang='lat' dir='ltr'><strong>hoc</strong></span> <span class='ocrx_word' id='word_1_565' title='bbox 2456 1878 2508 1920; x_wconf 92' lang='lat' dir='ltr'><strong>et</strong></span> <span class='ocrx_word' id='word_1_566' title='bbox 2550 1869 2601 1920; x_wconf 91' lang='lat' dir='ltr'><strong>in</strong></span> <span class='ocrx_word' id='word_1_567' title='bbox 2648 1868 2713 1920; x_wconf 90' lang='lat' dir='ltr'><strong>iis</strong></span> <span class='ocrx_word' id='word_1_568' title='bbox 2749 1870 2840 1936; x_wconf 92' lang='lat' dir='ltr'><strong>qui</strong></span> <span class='ocrx_word' id='word_1_569' title='bbox 2886 1868 3137 1921; x_wconf 87' lang='lat' dir='ltr'><strong>virtutem</strong></span> <span class='ocrx_word' id='word_1_570' title='bbox 3175 1882 3427 1921; x_wconf 86' lang='lat' dir='ltr'><strong>exercere</strong></span> <span class='ocrx_word' id='word_1_571' title='bbox 3457 1867 3641 1919; x_wconf 86' lang='lat' dir='ltr'><strong>volunt</strong></span> <span class='ocrx_word' id='word_1_572' title='bbox 3682 1866 3907 1928; x_wconf 79' lang='lat' dir='ltr'><strong>efﬁciat,</strong></span> 
     </span>
    </p>
   </div>
   <div class='ocr_carea' id='block_1_79' title="bbox 2319 1957 3912 2026">
    <p class='ocr_par' dir='ltr' id='par_1_79' title="bbox 2319 1957 3912 2026">
     <span class='ocr_line' id='line_1_79' title="bbox 2319 1957 3912 2026; baseline 0.001 -17"><span class='ocrx_word' id='word_1_573' title='bbox 2319 1958 2438 2011; x_wconf 87' lang='lat' dir='ltr'><strong>andi</strong></span> <span class='ocrx_word' id='word_1_574' title='bbox 2468 1974 2586 2026; x_wconf 72' lang='lat' dir='ltr'><strong>qua:</strong></span> <span class='ocrx_word' id='word_1_575' title='bbox 2614 1959 2884 2011; x_wconf 87' lang='lat' dir='ltr'><strong>dicuntur.</strong></span> <span class='ocrx_word' id='word_1_576' title='bbox 2918 1959 3113 2013; x_wconf 80' lang='lat' dir='ltr'><strong>Verum</strong></span> <span class='ocrx_word' id='word_1_577' title='bbox 3142 1967 3198 2012; x_wconf 91' lang='lat' dir='ltr'><strong>ut</strong></span> <span class='ocrx_word' id='word_1_578' title='bbox 3236 1957 3571 2012; x_wconf 89' lang='lat' dir='ltr'><strong>manifestior</strong></span> <span class='ocrx_word' id='word_1_579' title='bbox 3609 1957 3768 2011; x_wconf 88' lang='lat' dir='ltr'><strong>nobis</strong></span> <span class='ocrx_word' id='word_1_580' title='bbox 3806 1958 3912 2011; x_wconf 84' lang='lat' dir='ltr'><strong>iste</strong></span> 
     </span>
    </p>
   </div>
   <div class='ocr_carea' id='block_1_80' title="bbox 2320 2048 3911 2113">
    <p class='ocr_par' dir='ltr' id='par_1_80' title="bbox 2320 2048 3911 2113">
     <span class='ocr_line' id='line_1_80' title="bbox 2320 2048 3911 2113; baseline -0.003 -8"><span class='ocrx_word' id='word_1_581' title='bbox 2320 2066 2497 2105; x_wconf 87' lang='lat' dir='ltr'><strong>sermo</strong></span> <span class='ocrx_word' id='word_1_582' title='bbox 2519 2050 2791 2113; x_wconf 77' lang='lat' dir='ltr'><strong>reddatur,</strong></span> <span class='ocrx_word' id='word_1_583' title='bbox 2818 2060 3239 2105; x_wconf 86' lang='lat' dir='ltr'><strong>consentaneum</strong></span> <span class='ocrx_word' id='word_1_584' title='bbox 3267 2048 3427 2104; x_wconf 76' lang='lat' dir='ltr'><strong>fuerit</strong></span> <span class='ocrx_word' id='word_1_585' title='bbox 3453 2064 3664 2103; x_wconf 88' lang='lat' dir='ltr'><strong>rursum</strong></span> <span class='ocrx_word' id='word_1_586' title='bbox 3690 2063 3815 2112; x_wconf 72' lang='lat' dir='ltr'><strong>qua:</strong></span> <span class='ocrx_word' id='word_1_587' title='bbox 3838 2048 3911 2101; x_wconf 86' lang='lat' dir='ltr'><strong>ad</strong></span> 
     </span>
    </p>
   </div>
   <div class='ocr_carea' id='block_1_81' title="bbox 2321 2139 3914 2209">
    <p class='ocr_par' dir='ltr' id='par_1_81' title="bbox 2321 2139 3914 2209">
     <span class='ocr_line' id='line_1_81' title="bbox 2321 2139 3914 2209; baseline -0.001 -17"><span class='ocrx_word' id='word_1_588' title='bbox 2321 2141 2675 2209; x_wconf 83' lang='lat' dir='ltr'><strong>patriarcltam</strong></span> <span class='ocrx_word' id='word_1_589' title='bbox 2712 2142 2938 2194; x_wconf 85' lang='lat' dir='ltr'><strong>attinent</strong></span> <span class='ocrx_word' id='word_1_590' title='bbox 2984 2140 3035 2193; x_wconf 91' lang='lat' dir='ltr'><strong>in</strong></span> <span class='ocrx_word' id='word_1_591' title='bbox 3079 2139 3319 2194; x_wconf 89' lang='lat' dir='ltr'><strong>medium</strong></span> <span class='ocrx_word' id='word_1_592' title='bbox 3362 2139 3663 2199; x_wconf 87' lang='lat' dir='ltr'><strong>adducere,</strong></span> <span class='ocrx_word' id='word_1_593' title='bbox 3702 2147 3759 2191; x_wconf 89' lang='lat' dir='ltr'><strong>et</strong></span> <span class='ocrx_word' id='word_1_594' title='bbox 3788 2153 3914 2208; x_wconf 70' lang='lat' dir='ltr'><strong>qua:</strong></span> 
     </span>
    </p>
   </div>
   <div class='ocr_carea' id='block_1_82' title="bbox 2320 2227 3916 2298">
    <p class='ocr_par' dir='ltr' id='par_1_82' title="bbox 2320 2227 3916 2298">
     <span class='ocr_line' id='line_1_82' title="bbox 2320 2227 3916 2298; baseline 0 -16"><span class='ocrx_word' id='word_1_595' title='bbox 2320 2229 2433 2283; x_wconf 87' lang='lat' dir='ltr'><strong>heri</strong></span> <span class='ocrx_word' id='word_1_596' title='bbox 2463 2230 2606 2283; x_wconf 87' lang='lat' dir='ltr'><strong>dicta</strong></span> <span class='ocrx_word' id='word_1_597' title='bbox 2637 2230 3034 2298; x_wconf 86' lang='lat' dir='ltr'><strong>subsequuntur</strong></span> <span class='ocrx_word' id='word_1_598' title='bbox 3062 2243 3202 2283; x_wconf 89' lang='lat' dir='ltr'><strong>nunc</strong></span> <span class='ocrx_word' id='word_1_599' title='bbox 3242 2243 3537 2282; x_wconf 84' lang='lat' dir='ltr'><strong>assumere.</strong></span> <span class='ocrx_word' id='word_1_600' title='bbox 3569 2227 3916 2298; x_wconf 66' lang='lat' dir='ltr'><strong>f‘mgnovistis</strong></span> 
     </span>
    </p>
   </div>
   <div class='ocr_carea' id='block_1_83' title="bbox 2318 2320 3914 2390">
    <p class='ocr_par' dir='ltr' id='par_1_83' title="bbox 2318 2320 3914 2390">
     <span class='ocr_line' id='line_1_83' title="bbox 2318 2320 3914 2390; baseline -0.003 -14"><span class='ocrx_word' id='word_1_601' title='bbox 2318 2322 2462 2376; x_wconf 90' lang='lat' dir='ltr'><strong>enim</strong></span> <span class='ocrx_word' id='word_1_602' title='bbox 2488 2336 2551 2375; x_wconf 91' lang='lat' dir='ltr'><strong>ex</strong></span> <span class='ocrx_word' id='word_1_603' title='bbox 2578 2321 2690 2388; x_wconf 85' lang='lat' dir='ltr'><strong>jam</strong></span> <span class='ocrx_word' id='word_1_604' title='bbox 2716 2320 2873 2374; x_wconf 87' lang='lat' dir='ltr'><strong>dictis</strong></span> <span class='ocrx_word' id='word_1_605' title='bbox 2894 2362 2909 2383; x_wconf 92' lang='lat'><strong>,</strong></span> <span class='ocrx_word' id='word_1_606' title='bbox 2950 2320 3217 2390; x_wconf 91' lang='lat' dir='ltr'><strong>quomodo</strong></span> <span class='ocrx_word' id='word_1_607' title='bbox 3244 2321 3488 2375; x_wconf 65' lang='lat' dir='ltr'><strong>maximae</strong></span> <span class='ocrx_word' id='word_1_608' title='bbox 3519 2320 3661 2374; x_wconf 75' lang='lat' dir='ltr'><strong>illius</strong></span> <span class='ocrx_word' id='word_1_609' title='bbox 3689 2320 3914 2374; x_wconf 86' lang='lat' dir='ltr'><strong>humili-</strong></span> 
     </span>
    </p>
   </div>
   <div class='ocr_carea' id='block_1_84' title="bbox 2320 2409 3915 2481">
    <p class='ocr_par' dir='ltr' id='par_1_84' title="bbox 2320 2409 3915 2481">
     <span class='ocr_line' id='line_1_84' title="bbox 2320 2409 3915 2481; baseline -0.003 -15"><span class='ocrx_word' id='word_1_610' title='bbox 2320 2413 2443 2466; x_wconf 88' lang='lat' dir='ltr'><strong>tatis</strong></span> <span class='ocrx_word' id='word_1_611' title='bbox 2472 2425 2596 2480; x_wconf 79' lang='lat' dir='ltr'><strong>erga</strong></span> <span class='ocrx_word' id='word_1_612' title='bbox 2636 2412 2734 2465; x_wconf 86' lang='lat' dir='ltr'><strong>Lot</strong></span> <span class='ocrx_word' id='word_1_613' title='bbox 2763 2411 3015 2465; x_wconf 70' lang='lat' dir='ltr'><strong>exhibitte</strong></span> <span class='ocrx_word' id='word_1_614' title='bbox 3036 2450 3052 2476; x_wconf 92' lang='lat'><strong>,</strong></span> <span class='ocrx_word' id='word_1_615' title='bbox 3083 2426 3185 2481; x_wconf 88' lang='lat' dir='ltr'><strong>qua</strong></span> <span class='ocrx_word' id='word_1_616' title='bbox 3226 2410 3301 2464; x_wconf 89' lang='lat' dir='ltr'><strong>illi</strong></span> <span class='ocrx_word' id='word_1_617' title='bbox 3335 2409 3629 2479; x_wconf 84' lang='lat' dir='ltr'><strong>potioribus</strong></span> <span class='ocrx_word' id='word_1_618' title='bbox 3668 2410 3915 2479; x_wconf 84' lang='lat' dir='ltr'><strong>partibus</strong></span> 
     </span>
    </p>
   </div>
   <div class='ocr_carea' id='block_1_85' title="bbox 2319 2501 3915 2571">
    <p class='ocr_par' dir='ltr' id='par_1_85' title="bbox 2319 2501 3915 2571">
     <span class='ocr_line' id='line_1_85' title="bbox 2319 2501 3915 2571; baseline -0.001 -15"><span class='ocrx_word' id='word_1_619' title='bbox 2319 2502 2515 2567; x_wconf 88' lang='lat' dir='ltr'><strong>cessit,</strong></span> <span class='ocrx_word' id='word_1_620' title='bbox 2543 2516 2791 2571; x_wconf 77' lang='lat' dir='ltr'><strong>magnam</strong></span> <span class='ocrx_word' id='word_1_621' title='bbox 2816 2516 2845 2554; x_wconf 89' lang='lat' dir='ltr'><strong>a</strong></span> <span class='ocrx_word' id='word_1_622' title='bbox 2881 2502 2987 2555; x_wconf 87' lang='lat' dir='ltr'><strong>Deo</strong></span> <span class='ocrx_word' id='word_1_623' title='bbox 3014 2501 3315 2555; x_wconf 84' lang='lat' dir='ltr'><strong>mercedem</strong></span> <span class='ocrx_word' id='word_1_624' title='bbox 3342 2503 3413 2554; x_wconf 89' lang='lat' dir='ltr'><strong>sit</strong></span> <span class='ocrx_word' id='word_1_625' title='bbox 3440 2510 3829 2569; x_wconf 80' lang='lat' dir='ltr'><strong>consequutus,</strong></span> <span class='ocrx_word' id='word_1_626' title='bbox 3860 2510 3915 2554; x_wconf 86' lang='lat' dir='ltr'><strong>et</strong></span> 
     </span>
    </p>
   </div>
   <div class='ocr_carea' id='block_1_86' title="bbox 2321 2593 3914 2666">
    <p class='ocr_par' dir='ltr' id='par_1_86' title="bbox 2321 2593 3914 2666">
     <span class='ocr_line' id='line_1_86' title="bbox 2321 2593 3914 2666; baseline -0.004 -16"><span class='ocrx_word' id='word_1_627' title='bbox 2321 2596 2733 2666; x_wconf 87' lang='lat' dir='ltr'><strong>promissionem</strong></span> <span class='ocrx_word' id='word_1_628' title='bbox 2773 2596 3041 2663; x_wconf 84' lang='lat' dir='ltr'><strong>acceperit</strong></span> <span class='ocrx_word' id='word_1_629' title='bbox 3085 2595 3242 2665; x_wconf 83' lang='lat' dir='ltr'><strong>longe</strong></span> <span class='ocrx_word' id='word_1_630' title='bbox 3274 2595 3439 2661; x_wconf 82' lang='lat' dir='ltr'><strong>ipsius</strong></span> <span class='ocrx_word' id='word_1_631' title='bbox 3482 2593 3613 2647; x_wconf 84' lang='lat' dir='ltr'><strong>facta</strong></span> <span class='ocrx_word' id='word_1_632' title='bbox 3646 2608 3914 2662; x_wconf 87' lang='lat' dir='ltr'><strong>superan-</strong></span> 
     </span>
    </p>
   </div>
   <div class='ocr_carea' id='block_1_87' title="bbox 2322 2686 3917 2755">
    <p class='ocr_par' dir='ltr' id='par_1_87' title="bbox 2322 2686 3917 2755">
     <span class='ocr_line' id='line_1_87' title="bbox 2322 2686 3917 2755; baseline -0.002 -12"><span class='ocrx_word' id='word_1_633' title='bbox 2322 2698 2451 2743; x_wconf 93' lang='lat' dir='ltr'><strong>tem.</strong></span> <span class='ocrx_word' id='word_1_634' title='bbox 2476 2687 2762 2743; x_wconf 79' lang='lat' dir='ltr'><strong>Videamus</strong></span> <span class='ocrx_word' id='word_1_635' title='bbox 2787 2698 2965 2741; x_wconf 85' lang='lat' dir='ltr'><strong>antem</strong></span> <span class='ocrx_word' id='word_1_636' title='bbox 2999 2687 3251 2755; x_wconf 84' lang='lat' dir='ltr'><strong>deinceps</strong></span> <span class='ocrx_word' id='word_1_637' title='bbox 3279 2688 3439 2740; x_wconf 87' lang='lat' dir='ltr'><strong>etiam</strong></span> <span class='ocrx_word' id='word_1_638' title='bbox 3478 2702 3542 2740; x_wconf 87' lang='lat' dir='ltr'><strong>ex</strong></span> <span class='ocrx_word' id='word_1_639' title='bbox 3575 2686 3735 2741; x_wconf 80' lang='lat' dir='ltr'><strong>hodie</strong></span> <span class='ocrx_word' id='word_1_640' title='bbox 3764 2688 3917 2740; x_wconf 74' lang='lat' dir='ltr'><strong>leuis</strong></span> 
     </span>
    </p>
   </div>
   <div class='ocr_carea' id='block_1_88' title="bbox 2320 2776 3917 2851">
    <p class='ocr_par' dir='ltr' id='par_1_88' title="bbox 2320 2776 3917 2851">
     <span class='ocr_line' id='line_1_88' title="bbox 2320 2776 3917 2851; baseline -0.006 -15"><span class='ocrx_word' id='word_1_641' title='bbox 2320 2796 2535 2837; x_wconf 87' lang='lat' dir='ltr'><strong>rursum</strong></span> <span class='ocrx_word' id='word_1_642' title='bbox 2560 2780 2729 2851; x_wconf 84' lang='lat' dir='ltr'><strong>ipsius</strong></span> <span class='ocrx_word' id='word_1_643' title='bbox 2748 2779 2875 2849; x_wconf 83' lang='lat' dir='ltr'><strong>justi</strong></span> <span class='ocrx_word' id='word_1_644' title='bbox 2904 2781 3174 2844; x_wconf 91' lang='lat' dir='ltr'><strong>virtutem,</strong></span> <span class='ocrx_word' id='word_1_645' title='bbox 3198 2789 3257 2832; x_wconf 92' lang='lat' dir='ltr'><strong>ut</strong></span> <span class='ocrx_word' id='word_1_646' title='bbox 3279 2778 3346 2833; x_wconf 91' lang='lat' dir='ltr'><strong>ita</strong></span> <span class='ocrx_word' id='word_1_647' title='bbox 3370 2776 3725 2847; x_wconf 86' lang='lat' dir='ltr'><strong>procedentes</strong></span> <span class='ocrx_word' id='word_1_648' title='bbox 3747 2777 3917 2830; x_wconf 73' lang='lat' dir='ltr'><strong>disci-</strong></span> 
     </span>
    </p>
   </div>
   <div class='ocr_carea' id='block_1_89' title="bbox 2322 2866 3917 2940">
    <p class='ocr_par' dir='ltr' id='par_1_89' title="bbox 2322 2866 3917 2940">
     <span class='ocr_line' id='line_1_89' title="bbox 2322 2866 3917 2940; baseline -0.005 -12"><span class='ocrx_word' id='word_1_649' title='bbox 2322 2886 2443 2928; x_wconf 83' lang='lat' dir='ltr'><strong>mus</strong></span> <span class='ocrx_word' id='word_1_650' title='bbox 2483 2871 2805 2926; x_wconf 75' lang='lat' dir='ltr'><strong>ineﬂabilem</strong></span> <span class='ocrx_word' id='word_1_651' title='bbox 2854 2869 2946 2924; x_wconf 86' lang='lat' dir='ltr'><strong>Dei</strong></span> <span class='ocrx_word' id='word_1_652' title='bbox 2991 2885 3117 2940; x_wconf 82' lang='lat' dir='ltr'><strong>erga</strong></span> <span class='ocrx_word' id='word_1_653' title='bbox 3164 2869 3309 2923; x_wconf 92' lang='lat' dir='ltr'><strong>illum</strong></span> <span class='ocrx_word' id='word_1_654' title='bbox 3352 2867 3765 2938; x_wconf 83' lang='lat' dir='ltr'><strong>providentiam.</strong></span> <span class='ocrx_word' id='word_1_655' title='bbox 3811 2866 3917 2921; x_wconf 64' lang='lat' dir='ltr'><strong>Nus</strong></span> 
     </span>
    </p>
   </div>
   <div class='ocr_carea' id='block_1_90' title="bbox 2322 2957 3913 3031">
    <p class='ocr_par' dir='ltr' id='par_1_90' title="bbox 2322 2957 3913 3031">
     <span class='ocr_line' id='line_1_90' title="bbox 2322 2957 3913 3031; baseline -0.005 -16"><span class='ocrx_word' id='word_1_656' title='bbox 2322 2963 2463 3015; x_wconf 90' lang='lat' dir='ltr'><strong>enim</strong></span> <span class='ocrx_word' id='word_1_657' title='bbox 2512 2977 2700 3016; x_wconf 87' lang='lat' dir='ltr'><strong>omnes</strong></span> <span class='ocrx_word' id='word_1_658' title='bbox 2749 2976 2843 3030; x_wconf 89' lang='lat' dir='ltr'><strong>per</strong></span> <span class='ocrx_word' id='word_1_659' title='bbox 2885 2960 3203 3031; x_wconf 77' lang='lat' dir='ltr'><strong>patriarcha:</strong></span> <span class='ocrx_word' id='word_1_660' title='bbox 3251 2957 3642 3027; x_wconf 87' lang='lat' dir='ltr'><strong>philosophiam</strong></span> <span class='ocrx_word' id='word_1_661' title='bbox 3687 2957 3913 3022; x_wconf 78' lang='lat' dir='ltr'><strong>docens,</strong></span> 
     </span>
    </p>
   </div>
   <div class='ocr_carea' id='block_1_91' title="bbox 2322 3046 3917 3122">
    <p class='ocr_par' dir='ltr' id='par_1_91' title="bbox 2322 3046 3917 3122">
     <span class='ocr_line' id='line_1_91' title="bbox 2322 3046 3917 3122; baseline -0.004 -16"><span class='ocrx_word' id='word_1_662' title='bbox 2322 3053 2450 3106; x_wconf 88' lang='lat' dir='ltr'><strong>sinit</strong></span> <span class='ocrx_word' id='word_1_663' title='bbox 2496 3053 2667 3120; x_wconf 90' lang='lat' dir='ltr'><strong>ipsum</strong></span> <span class='ocrx_word' id='word_1_664' title='bbox 2698 3067 2789 3120; x_wconf 86' lang='lat' dir='ltr'><strong>per</strong></span> <span class='ocrx_word' id='word_1_665' title='bbox 2821 3050 3025 3122; x_wconf 84' lang='lat' dir='ltr'><strong>singula</strong></span> <span class='ocrx_word' id='word_1_666' title='bbox 3074 3061 3315 3119; x_wconf 83' lang='lat' dir='ltr'><strong>tetnpora</strong></span> <span class='ocrx_word' id='word_1_667' title='bbox 3352 3048 3500 3118; x_wconf 88' lang='lat' dir='ltr'><strong>prius</strong></span> <span class='ocrx_word' id='word_1_668' title='bbox 3539 3046 3917 3101; x_wconf 83' lang='lat' dir='ltr'><strong>demonstrare</strong></span> 
     </span>
    </p>
   </div>
   <div class='ocr_carea' id='block_1_92' title="bbox 2323 3140 3916 3213">
    <p class='ocr_par' dir='ltr' id='par_1_92' title="bbox 2323 3140 3916 3213">
     <span class='ocr_line' id='line_1_92' title="bbox 2323 3140 3916 3213; baseline -0.002 -17"><span class='ocrx_word' id='word_1_669' title='bbox 2323 3147 2485 3198; x_wconf 92' lang='lat' dir='ltr'><strong>animi</strong></span> <span class='ocrx_word' id='word_1_670' title='bbox 2517 3146 2790 3213; x_wconf 88' lang='lat' dir='ltr'><strong>pietatem,</strong></span> <span class='ocrx_word' id='word_1_671' title='bbox 2815 3154 2870 3198; x_wconf 91' lang='lat' dir='ltr'><strong>et</strong></span> <span class='ocrx_word' id='word_1_672' title='bbox 2894 3152 3019 3197; x_wconf 91' lang='lat' dir='ltr'><strong>tunc</strong></span> <span class='ocrx_word' id='word_1_673' title='bbox 3042 3157 3193 3198; x_wconf 88' lang='lat' dir='ltr'><strong>suam</strong></span> <span class='ocrx_word' id='word_1_674' title='bbox 3222 3140 3377 3195; x_wconf 80' lang='lat' dir='ltr'><strong>all‘ert</strong></span> <span class='ocrx_word' id='word_1_675' title='bbox 3402 3140 3916 3205; x_wconf 84' lang='lat' dir='ltr'><strong>remunerationem,</strong></span> 
     </span>
    </p>
   </div>
   <div class='ocr_carea' id='block_1_93' title="bbox 2326 3230 3918 3307">
    <p class='ocr_par' dir='ltr' id='par_1_93' title="bbox 2326 3230 3918 3307">
     <span class='ocr_line' id='line_1_93' title="bbox 2326 3230 3918 3307; baseline -0.004 -16"><span class='ocrx_word' id='word_1_676' title='bbox 2326 3247 2383 3291; x_wconf 88' lang='lat' dir='ltr'><strong>ut</strong></span> <span class='ocrx_word' id='word_1_677' title='bbox 2410 3248 2464 3293; x_wconf 90' lang='lat' dir='ltr'><strong>et</strong></span> <span class='ocrx_word' id='word_1_678' title='bbox 2506 3251 2607 3291; x_wconf 86' lang='lat' dir='ltr'><strong>nos</strong></span> <span class='ocrx_word' id='word_1_679' title='bbox 2648 3235 3004 3307; x_wconf 85' lang='lat' dir='ltr'><strong>patriarcham</strong></span> <span class='ocrx_word' id='word_1_680' title='bbox 3046 3234 3314 3291; x_wconf 88' lang='lat' dir='ltr'><strong>imitantes</strong></span> <span class='ocrx_word' id='word_1_681' title='bbox 3344 3232 3585 3287; x_wconf 90' lang='lat' dir='ltr'><strong>studiose</strong></span> <span class='ocrx_word' id='word_1_682' title='bbox 3611 3230 3918 3286; x_wconf 87' lang='lat' dir='ltr'><strong>adnitamur</strong></span> 
     </span>
    </p>
   </div>
   <div class='ocr_carea' id='block_1_94' title="bbox 2327 3323 3919 3399">
    <p class='ocr_par' dir='ltr' id='par_1_94' title="bbox 2327 3323 3919 3399">
     <span class='ocr_line' id='line_1_94' title="bbox 2327 3323 3919 3399; baseline -0.003 -18"><span class='ocrx_word' id='word_1_683' title='bbox 2327 3329 2473 3398; x_wconf 89' lang='lat' dir='ltr'><strong>prius</strong></span> <span class='ocrx_word' id='word_1_684' title='bbox 2512 3328 2723 3381; x_wconf 82' lang='lat' dir='ltr'><strong>virtutis</strong></span> <span class='ocrx_word' id='word_1_685' title='bbox 2761 3328 2972 3399; x_wconf 70' lang='lat' dir='ltr'><strong>labores</strong></span> <span class='ocrx_word' id='word_1_686' title='bbox 3014 3340 3330 3395; x_wconf 84' lang='lat' dir='ltr'><strong>capessere,</strong></span> <span class='ocrx_word' id='word_1_687' title='bbox 3371 3333 3532 3396; x_wconf 88' lang='lat' dir='ltr'><strong>atque</strong></span> <span class='ocrx_word' id='word_1_688' title='bbox 3576 3325 3649 3378; x_wconf 91' lang='lat' dir='ltr'><strong>ita</strong></span> <span class='ocrx_word' id='word_1_689' title='bbox 3692 3323 3761 3377; x_wconf 88' lang='lat' dir='ltr'><strong>ab</strong></span> <span class='ocrx_word' id='word_1_690' title='bbox 3805 3323 3919 3393; x_wconf 79' lang='lat' dir='ltr'><strong>ipso</strong></span> 
     </span>
    </p>
   </div>
   <div class='ocr_carea' id='block_1_95' title="bbox 2330 3420 3735 3486">
    <p class='ocr_par' dir='ltr' id='par_1_95' title="bbox 2330 3420 3735 3486">
     <span class='ocr_line' id='line_1_95' title="bbox 2330 3420 3735 3486; baseline -0.007 -10"><span class='ocrx_word' id='word_1_691' title='bbox 2330 3420 2775 3476; x_wconf 83' lang='lat' dir='ltr'><strong>remunerationis</strong></span> <span class='ocrx_word' id='word_1_692' title='bbox 2809 3420 2975 3473; x_wconf 90' lang='lat' dir='ltr'><strong>vicem</strong></span> <span class='ocrx_word' id='word_1_693' title='bbox 3009 3425 3343 3486; x_wconf 87' lang='lat' dir='ltr'><strong>exspectare.</strong></span> <span class='ocrx_word' id='word_1_694' title='bbox 3724 3478 3735 3485; x_wconf 35' lang='lat'><em>.</em></span> 
     </span>
    </p>
   </div>
   <div class='ocr_carea' id='block_1_96' title="bbox 2376 3506 3915 3583">
    <p class='ocr_par' dir='ltr' id='par_1_96' title="bbox 2376 3506 3915 3583">
     <span class='ocr_line' id='line_1_96' title="bbox 2376 3506 3915 3583; baseline -0.007 -14"><span class='ocrx_word' id='word_1_695' title='bbox 2376 3516 2431 3569; x_wconf 78' lang='lat'><strong>5.</strong></span> <span class='ocrx_word' id='word_1_696' title='bbox 2449 3512 2630 3569; x_wconf 79' lang='lat' dir='ltr'><strong>Clades</strong></span> <span class='ocrx_word' id='word_1_697' title='bbox 2644 3513 2775 3583; x_wconf 83' lang='lat' dir='ltr'><strong>regis</strong></span> <span class='ocrx_word' id='word_1_698' title='bbox 2794 3512 3151 3575; x_wconf 76' lang='lat' dir='ltr'><strong>Sodomorum,</strong></span> <span class='ocrx_word' id='word_1_699' title='bbox 3170 3526 3203 3561; x_wconf 78' lang='grc' dir='ltr'><strong><em>ο</em></strong></span> <span class='ocrx_word' id='word_1_700' title='bbox 3222 3507 3446 3578; x_wconf 79' lang='lat' dir='ltr'><strong>pluribus</strong></span> <span class='ocrx_word' id='word_1_701' title='bbox 3460 3508 3658 3577; x_wconf 75' lang='lat' dir='ltr'><strong>regibus</strong></span> <span class='ocrx_word' id='word_1_702' title='bbox 3675 3506 3915 3575; x_wconf 76' lang='lat' dir='ltr'><strong>imperiti,</strong></span> 
     </span>
    </p>
   </div>
   <div class='ocr_carea' id='block_1_97' title="bbox 2326 3600 3916 3675">
    <p class='ocr_par' dir='ltr' id='par_1_97' title="bbox 2326 3600 3916 3675">
     <span class='ocr_line' id='line_1_97' title="bbox 2326 3600 3916 3675; baseline -0.004 -16"><span class='ocrx_word' id='word_1_703' title='bbox 2326 3605 2591 3675; x_wconf 79' lang='lat' dir='ltr'><strong>captivitas</strong></span> <span class='ocrx_word' id='word_1_704' title='bbox 2614 3613 2661 3658; x_wconf 85' lang='lat' dir='ltr'><strong>et</strong></span> <span class='ocrx_word' id='word_1_705' title='bbox 2685 3604 2922 3672; x_wconf 82' lang='lat' dir='ltr'><strong>spoliutio</strong></span> <span class='ocrx_word' id='word_1_706' title='bbox 2947 3600 3081 3667; x_wconf 85' lang='lat' dir='ltr'><strong>Lat;</strong></span> <span class='ocrx_word' id='word_1_707' title='bbox 3110 3601 3376 3655; x_wconf 81' lang='lat' dir='ltr'><strong>concordia</strong></span> <span class='ocrx_word' id='word_1_708' title='bbox 3396 3600 3656 3668; x_wconf 75' lang='lat' dir='ltr'><strong>laudatur,</strong></span> <span class='ocrx_word' id='word_1_709' title='bbox 3682 3615 3784 3669; x_wconf 70' lang='lat' dir='ltr'><strong>qua</strong></span> <span class='ocrx_word' id='word_1_710' title='bbox 3812 3614 3916 3653; x_wconf 78' lang='lat' dir='ltr'><strong>ser-</strong></span> 
     </span>
    </p>
   </div>
   <div class='ocr_carea' id='block_1_98' title="bbox 2326 3691 3915 3766">
    <p class='ocr_par' dir='ltr' id='par_1_98' title="bbox 2326 3691 3915 3766">
     <span class='ocr_line' id='line_1_98' title="bbox 2326 3691 3915 3766; baseline -0.005 -12"><span class='ocrx_word' id='word_1_711' title='bbox 2326 3709 2437 3754; x_wconf 66' lang='lat' dir='ltr'><strong>vata</strong></span> <span class='ocrx_word' id='word_1_712' title='bbox 2466 3697 2596 3751; x_wconf 76' lang='lat' dir='ltr'><strong>nihil</strong></span> <span class='ocrx_word' id='word_1_713' title='bbox 2623 3696 2715 3751; x_wconf 77' lang='grc' dir='ltr'><strong>ιρι</strong></span> <span class='ocrx_word' id='word_1_714' title='bbox 2740 3696 2913 3766; x_wconf 68' lang='lat' dir='ltr'><strong>fuisse!</strong></span> <span class='ocrx_word' id='word_1_715' title='bbox 2934 3710 3209 3761; x_wconf 83' lang='lat' dir='ltr'><strong>passus.—</strong></span> <span class='ocrx_word' id='word_1_716' title='bbox 3228 3691 3331 3747; x_wconf 89' lang='lat' dir='ltr'><strong>Sed</strong></span> <span class='ocrx_word' id='word_1_717' title='bbox 3356 3704 3566 3761; x_wconf 88' lang='lat' dir='ltr'><strong>tempus</strong></span> <span class='ocrx_word' id='word_1_718' title='bbox 3590 3698 3696 3757; x_wconf 81' lang='lat' dir='ltr'><strong>est,</strong></span> <span class='ocrx_word' id='word_1_719' title='bbox 3722 3701 3777 3744; x_wconf 92' lang='lat' dir='ltr'><strong>ut</strong></span> <span class='ocrx_word' id='word_1_720' title='bbox 3801 3706 3915 3762; x_wconf 66' lang='lat' dir='ltr'><strong>qua</strong></span> 
     </span>
    </p>
   </div>
   <div class='ocr_carea' id='block_1_99' title="bbox 2328 3782 3911 3852">
    <p class='ocr_par' dir='ltr' id='par_1_99' title="bbox 2328 3782 3911 3852">
     <span class='ocr_line' id='line_1_99' title="bbox 2328 3782 3911 3852; baseline -0.006 -9"><span class='ocrx_word' id='word_1_721' title='bbox 2328 3788 2488 3843; x_wconf 86' lang='lat' dir='ltr'><strong>hodie</strong></span> <span class='ocrx_word' id='word_1_722' title='bbox 2519 3787 2652 3841; x_wconf 88' lang='lat' dir='ltr'><strong>lecta</strong></span> <span class='ocrx_word' id='word_1_723' title='bbox 2691 3795 2833 3847; x_wconf 88' lang='lat' dir='ltr'><strong>sunt,</strong></span> <span class='ocrx_word' id='word_1_724' title='bbox 2868 3784 3020 3837; x_wconf 86' lang='lat' dir='ltr'><strong>vobis</strong></span> <span class='ocrx_word' id='word_1_725' title='bbox 3069 3797 3360 3852; x_wconf 87' lang='lat' dir='ltr'><strong>proponam</strong></span> <span class='ocrx_word' id='word_1_726' title='bbox 3394 3797 3408 3833; x_wconf 88' lang='lat'><strong>:</strong></span> <span class='ocrx_word' id='word_1_727' title='bbox 3438 3796 3501 3836; x_wconf 88' lang='lat' dir='ltr'><strong>ea</strong></span> <span class='ocrx_word' id='word_1_728' title='bbox 3533 3782 3675 3835; x_wconf 84' lang='lat' dir='ltr'><strong>enim</strong></span> <span class='ocrx_word' id='word_1_729' title='bbox 3704 3782 3791 3835; x_wconf 82' lang='lat' dir='ltr'><strong>vix</strong></span> <span class='ocrx_word' id='word_1_730' title='bbox 3835 3782 3911 3833; x_wconf 92' lang='lat' dir='ltr'><strong>in-</strong></span> 
     </span>
    </p>
   </div>
   <div class='ocr_carea' id='block_1_100' title="bbox 2330 3873 3909 3951">
    <p class='ocr_par' dir='ltr' id='par_1_100' title="bbox 2330 3873 3909 3951">
     <span class='ocr_line' id='line_1_100' title="bbox 2330 3873 3909 3951; baseline -0.007 -15"><span class='ocrx_word' id='word_1_731' title='bbox 2330 3881 2707 3951; x_wconf 85' lang='lat' dir='ltr'><strong>terpretatione</strong></span> <span class='ocrx_word' id='word_1_732' title='bbox 2728 3893 2865 3947; x_wconf 92' lang='lat' dir='ltr'><strong>opus</strong></span> <span class='ocrx_word' id='word_1_733' title='bbox 2889 3876 3103 3939; x_wconf 87' lang='lat' dir='ltr'><strong>habent.</strong></span> <span class='ocrx_word' id='word_1_734' title='bbox 3133 3875 3265 3931; x_wconf 79' lang='lat' dir='ltr'><strong>Nam</strong></span> <span class='ocrx_word' id='word_1_735' title='bbox 3292 3874 3374 3929; x_wconf 89' lang='lat' dir='ltr'><strong>vel</strong></span> <span class='ocrx_word' id='word_1_736' title='bbox 3402 3875 3513 3944; x_wconf 89' lang='lat' dir='ltr'><strong>ipsa</strong></span> <span class='ocrx_word' id='word_1_737' title='bbox 3544 3873 3705 3929; x_wconf 86' lang='lat' dir='ltr'><strong>lectio</strong></span> <span class='ocrx_word' id='word_1_738' title='bbox 3733 3874 3909 3928; x_wconf 82' lang='lat' dir='ltr'><strong>excel-</strong></span> 
     </span>
    </p>
   </div>
   <div class='ocr_carea' id='block_1_101' title="bbox 2329 3966 3917 4040">
    <p class='ocr_par' dir='ltr' id='par_1_101' title="bbox 2329 3966 3917 4040">
     <span class='ocr_line' id='line_1_101' title="bbox 2329 3966 3917 4040; baseline -0.007 -13"><span class='ocrx_word' id='word_1_739' title='bbox 2329 3974 2522 4027; x_wconf 91' lang='lat' dir='ltr'><strong>lentem</strong></span> <span class='ocrx_word' id='word_1_740' title='bbox 2538 3972 2663 4040; x_wconf 90' lang='lat' dir='ltr'><strong>jnsti</strong></span> <span class='ocrx_word' id='word_1_741' title='bbox 2686 3970 2933 4025; x_wconf 88' lang='lat' dir='ltr'><strong>virtutem</strong></span> <span class='ocrx_word' id='word_1_742' title='bbox 2951 3969 3077 4024; x_wconf 88' lang='lat' dir='ltr'><strong>satis</strong></span> <span class='ocrx_word' id='word_1_743' title='bbox 3094 3968 3461 4024; x_wconf 84' lang='lat' dir='ltr'><strong>demonstrare</strong></span> <span class='ocrx_word' id='word_1_744' title='bbox 3475 3976 3671 4038; x_wconf 82' lang='lat' dir='ltr'><strong>potest.</strong></span> <span class='ocrx_word' id='word_1_745' title='bbox 3694 3968 3715 4021; x_wconf 82' lang='lat' dir='ltr'><strong>l</strong></span> <span class='ocrx_word' id='word_1_746' title='bbox 3735 4005 3743 4013; x_wconf 82' lang='lat'><strong>.</strong></span> <span class='ocrx_word' id='word_1_747' title='bbox 3762 3966 3917 4035; x_wconf 76' lang='lat' dir='ltr'><strong>(Cap.</strong></span> 
     </span>
    </p>
   </div>
   <div class='ocr_carea' id='block_1_102' title="bbox 2332 4057 3915 4132">
    <p class='ocr_par' dir='ltr' id='par_1_102' title="bbox 2332 4057 3915 4132">
     <span class='ocr_line' id='line_1_102' title="bbox 2332 4057 3915 4132; baseline -0.005 -14"><span class='ocrx_word' id='word_1_748' title='bbox 2332 4064 2422 4132; x_wconf 75' lang='lat' dir='ltr'><strong>H)</strong></span> <span class='ocrx_word' id='word_1_749' title='bbox 2439 4061 2653 4117; x_wconf 83' lang='lat' dir='ltr'><strong>Factum</strong></span> <span class='ocrx_word' id='word_1_750' title='bbox 2671 4070 2743 4116; x_wconf 84' lang='lat' dir='ltr'><strong>est</strong></span> <span class='ocrx_word' id='word_1_751' title='bbox 2757 4073 2945 4127; x_wconf 83' lang='lat' dir='ltr'><strong>autem,</strong></span> <span class='ocrx_word' id='word_1_752' title='bbox 2979 4060 3166 4129; x_wconf 90' lang='lat' dir='ltr'><strong>inquit,</strong></span> <span class='ocrx_word' id='word_1_753' title='bbox 3200 4059 3251 4112; x_wconf 88' lang='lat' dir='ltr'><strong>in</strong></span> <span class='ocrx_word' id='word_1_754' title='bbox 3276 4074 3431 4129; x_wconf 87' lang='lat' dir='ltr'><strong>regno</strong></span> <span class='ocrx_word' id='word_1_755' title='bbox 3454 4057 3769 4125; x_wconf 78' lang='lat' dir='ltr'><strong>Amarpltath</strong></span> <span class='ocrx_word' id='word_1_756' title='bbox 3791 4060 3915 4128; x_wconf 78' lang='lat' dir='ltr'><strong>regis</strong></span> 
     </span>
    </p>
   </div>
   <div class='ocr_carea' id='block_1_103' title="bbox 2332 4149 3917 4220">
    <p class='ocr_par' dir='ltr' id='par_1_103' title="bbox 2332 4149 3917 4220">
     <span class='ocr_line' id='line_1_103' title="bbox 2332 4149 3917 4220; baseline -0.004 -13"><span class='ocrx_word' id='word_1_757' title='bbox 2332 4154 2601 4215; x_wconf 85' lang='lat' dir='ltr'><strong>Sennanr,</strong></span> <span class='ocrx_word' id='word_1_758' title='bbox 2637 4152 2819 4205; x_wconf 77' lang='lat' dir='ltr'><strong>Arioch</strong></span> <span class='ocrx_word' id='word_1_759' title='bbox 2863 4168 2954 4205; x_wconf 72' lang='lat' dir='ltr'><strong>res:</strong></span> <span class='ocrx_word' id='word_1_760' title='bbox 3011 4149 3235 4217; x_wconf 84' lang='lat' dir='ltr'><strong>Elasar,</strong></span> <span class='ocrx_word' id='word_1_761' title='bbox 3279 4159 3327 4203; x_wconf 86' lang='lat' dir='ltr'><strong>et</strong></span> <span class='ocrx_word' id='word_1_762' title='bbox 3375 4149 3782 4220; x_wconf 66' lang='lat' dir='ltr'><strong>Cliodologomor</strong></span> <span class='ocrx_word' id='word_1_763' title='bbox 3834 4165 3917 4201; x_wconf 74' lang='lat' dir='ltr'><strong>res</strong></span> 
     </span>
    </p>
   </div>
   <div class='ocr_carea' id='block_1_104' title="bbox 2332 4238 3915 4311">
    <p class='ocr_par' dir='ltr' id='par_1_104' title="bbox 2332 4238 3915 4311">
     <span class='ocr_line' id='line_1_104' title="bbox 2332 4238 3915 4311; baseline -0.006 -14"><span class='ocrx_word' id='word_1_764' title='bbox 2332 4244 2505 4310; x_wconf 76' lang='lat' dir='ltr'><strong>Elum,</strong></span> <span class='ocrx_word' id='word_1_765' title='bbox 2539 4254 2583 4297; x_wconf 85' lang='lat' dir='ltr'><strong>et</strong></span> <span class='ocrx_word' id='word_1_766' title='bbox 2612 4242 2865 4296; x_wconf 79' lang='lat' dir='ltr'><strong>Thartltac</strong></span> <span class='ocrx_word' id='word_1_767' title='bbox 2890 4258 2979 4296; x_wconf 72' lang='lat' dir='ltr'><strong>re:-</strong></span> <span class='ocrx_word' id='word_1_768' title='bbox 3004 4240 3246 4311; x_wconf 83' lang='lat' dir='ltr'><strong>gentiunt,</strong></span> <span class='ocrx_word' id='word_1_769' title='bbox 3267 4238 3323 4292; x_wconf 72' lang='lat'><strong>2.</strong></span> <span class='ocrx_word' id='word_1_770' title='bbox 3352 4242 3574 4311; x_wconf 75' lang='lat' dir='ltr'><strong>fecerunt</strong></span> <span class='ocrx_word' id='word_1_771' title='bbox 3599 4239 3783 4291; x_wconf 78' lang='lat' dir='ltr'><strong>bellum</strong></span> <span class='ocrx_word' id='word_1_772' title='bbox 3807 4255 3915 4291; x_wconf 81' lang='lat' dir='ltr'><strong>cum</strong></span> 
     </span>
    </p>
   </div>
   <div class='ocr_carea' id='block_1_105' title="bbox 2332 4329 3913 4407">
    <p class='ocr_par' dir='ltr' id='par_1_105' title="bbox 2332 4329 3913 4407">
     <span class='ocr_line' id='line_1_105' title="bbox 2332 4329 3913 4407; baseline -0.006 -18"><span class='ocrx_word' id='word_1_773' title='bbox 2332 4335 2490 4389; x_wconf 80' lang='lat' dir='ltr'><strong>Bolae</strong></span> <span class='ocrx_word' id='word_1_774' title='bbox 2531 4353 2645 4407; x_wconf 81' lang='lat' dir='ltr'><strong>rege</strong></span> <span class='ocrx_word' id='word_1_775' title='bbox 2693 4334 3059 4399; x_wconf 87' lang='lat' dir='ltr'><strong>Sodomorum,</strong></span> <span class='ocrx_word' id='word_1_776' title='bbox 3109 4343 3153 4386; x_wconf 81' lang='lat' dir='ltr'><strong>et</strong></span> <span class='ocrx_word' id='word_1_777' title='bbox 3197 4348 3310 4385; x_wconf 80' lang='lat' dir='ltr'><strong>cum</strong></span> <span class='ocrx_word' id='word_1_778' title='bbox 3336 4329 3529 4384; x_wconf 82' lang='lat' dir='ltr'><strong>Barsac</strong></span> <span class='ocrx_word' id='word_1_779' title='bbox 3558 4347 3673 4401; x_wconf 85' lang='lat' dir='ltr'><strong>rege</strong></span> <span class='ocrx_word' id='word_1_780' title='bbox 3702 4330 3913 4384; x_wconf 68' lang='lat' dir='ltr'><strong>Gomor-</strong></span> 
     </span>
    </p>
   </div>
   <div class='ocr_carea' id='block_1_106' title="bbox 2332 4422 3916 4496">
    <p class='ocr_par' dir='ltr' id='par_1_106' title="bbox 2332 4422 3916 4496">
     <span class='ocr_line' id='line_1_106' title="bbox 2332 4422 3916 4496; baseline -0.007 -12"><span class='ocrx_word' id='word_1_781' title='bbox 2332 4431 2457 4494; x_wconf 78' lang='lat' dir='ltr'><strong>rltm,</strong></span> <span class='ocrx_word' id='word_1_782' title='bbox 2498 4439 2545 4483; x_wconf 90' lang='lat' dir='ltr'><strong>et</strong></span> <span class='ocrx_word' id='word_1_783' title='bbox 2588 4444 2703 4481; x_wconf 82' lang='lat' dir='ltr'><strong>cum</strong></span> <span class='ocrx_word' id='word_1_784' title='bbox 2750 4427 2985 4481; x_wconf 84' lang='lat' dir='ltr'><strong>Sennnar</strong></span> <span class='ocrx_word' id='word_1_785' title='bbox 3031 4442 3148 4496; x_wconf 86' lang='lat' dir='ltr'><strong>rege</strong></span> <span class='ocrx_word' id='word_1_786' title='bbox 3178 4424 3393 4487; x_wconf 79' lang='lat' dir='ltr'><strong>Adamn,</strong></span> <span class='ocrx_word' id='word_1_787' title='bbox 3446 4432 3492 4477; x_wconf 87' lang='lat' dir='ltr'><strong>et</strong></span> <span class='ocrx_word' id='word_1_788' title='bbox 3520 4439 3638 4475; x_wconf 79' lang='lat' dir='ltr'><strong>eum</strong></span> <span class='ocrx_word' id='word_1_789' title='bbox 3670 4422 3916 4492; x_wconf 75' lang='lat' dir='ltr'><strong>Sgnwbor</strong></span> 
     </span>
    </p>
   </div>
   <div class='ocr_carea' id='block_1_107' title="bbox 2332 4512 3917 4589">
    <p class='ocr_par' dir='ltr' id='par_1_107' title="bbox 2332 4512 3917 4589">
     <span class='ocr_line' id='line_1_107' title="bbox 2332 4512 3917 4589; baseline -0.005 -15"><span class='ocrx_word' id='word_1_790' title='bbox 2332 4536 2445 4589; x_wconf 88' lang='lat' dir='ltr'><strong>rege</strong></span> <span class='ocrx_word' id='word_1_791' title='bbox 2482 4518 2705 4579; x_wconf 82' lang='lat' dir='ltr'><strong>Seboitn,</strong></span> <span class='ocrx_word' id='word_1_792' title='bbox 2750 4526 2796 4571; x_wconf 83' lang='lat' dir='ltr'><strong>et</strong></span> <span class='ocrx_word' id='word_1_793' title='bbox 2843 4532 2957 4588; x_wconf 85' lang='lat' dir='ltr'><strong>rege</strong></span> <span class='ocrx_word' id='word_1_794' title='bbox 2983 4514 3173 4580; x_wconf 82' lang='lat' dir='ltr'><strong>Bolae;</strong></span> <span class='ocrx_word' id='word_1_795' title='bbox 3199 4516 3310 4585; x_wconf 86' lang='lat' dir='ltr'><strong>ipsa</strong></span> <span class='ocrx_word' id='word_1_796' title='bbox 3330 4524 3402 4569; x_wconf 85' lang='lat' dir='ltr'><strong>est</strong></span> <span class='ocrx_word' id='word_1_797' title='bbox 3424 4514 3605 4585; x_wconf 86' lang='lat' dir='ltr'><strong>Segor.</strong></span> <span class='ocrx_word' id='word_1_798' title='bbox 3647 4514 3681 4568; x_wconf 79' lang='lat'><strong>3</strong></span> <span class='ocrx_word' id='word_1_799' title='bbox 3738 4512 3917 4568; x_wconf 61' lang='lat' dir='ltr'><strong>Omnes</strong></span> 
     </span>
    </p>
   </div>
   <div class='ocr_carea' id='block_1_108' title="bbox 2333 4607 3917 4680">
    <p class='ocr_par' dir='ltr' id='par_1_108' title="bbox 2333 4607 3917 4680">
     <span class='ocr_line' id='line_1_108' title="bbox 2333 4607 3917 4680; baseline -0.004 -15"><span class='ocrx_word' id='word_1_800' title='bbox 2333 4612 2369 4665; x_wconf 84' lang='lat' dir='ltr'><strong>ii</strong></span> <span class='ocrx_word' id='word_1_801' title='bbox 2418 4612 2504 4680; x_wconf 80' lang='lat' dir='ltr'><strong>qui</strong></span> <span class='ocrx_word' id='word_1_802' title='bbox 2545 4610 2954 4678; x_wconf 75' lang='lat' dir='ltr'><strong>conspirauerunt</strong></span> <span class='ocrx_word' id='word_1_803' title='bbox 3007 4609 3061 4662; x_wconf 87' lang='lat' dir='ltr'><strong>in</strong></span> <span class='ocrx_word' id='word_1_804' title='bbox 3114 4607 3258 4661; x_wconf 82' lang='lat' dir='ltr'><strong>Valle</strong></span> <span class='ocrx_word' id='word_1_805' title='bbox 3310 4607 3467 4675; x_wconf 83' lang='lat' dir='ltr'><strong>salsa,</strong></span> <span class='ocrx_word' id='word_1_806' title='bbox 3510 4622 3626 4675; x_wconf 66' lang='lat' dir='ltr'><strong>qua</strong></span> <span class='ocrx_word' id='word_1_807' title='bbox 3675 4624 3812 4661; x_wconf 74' lang='lat' dir='ltr'><strong>nunc</strong></span> <span class='ocrx_word' id='word_1_808' title='bbox 3852 4615 3917 4659; x_wconf 82' lang='lat' dir='ltr'><strong>est</strong></span> 
     </span>
    </p>
   </div>
   <div class='ocr_carea' id='block_1_109' title="bbox 2333 4698 3915 4770">
    <p class='ocr_par' dir='ltr' id='par_1_109' title="bbox 2333 4698 3915 4770">
     <span class='ocr_line' id='line_1_109' title="bbox 2333 4698 3915 4770; baseline -0.003 -15"><span class='ocrx_word' id='word_1_809' title='bbox 2333 4718 2471 4755; x_wconf 86' lang='lat' dir='ltr'><strong>mare</strong></span> <span class='ocrx_word' id='word_1_810' title='bbox 2525 4702 2665 4754; x_wconf 85' lang='lat' dir='ltr'><strong>salis.</strong></span> <span class='ocrx_word' id='word_1_811' title='bbox 2715 4700 2847 4754; x_wconf 82' lang='lat' dir='ltr'><strong>Vide</strong></span> <span class='ocrx_word' id='word_1_812' title='bbox 2898 4700 3187 4770; x_wconf 62' lang='lat' dir='ltr'><strong>Scriptura:</strong></span> <span class='ocrx_word' id='word_1_813' title='bbox 3241 4698 3607 4770; x_wconf 78' lang='lat' dir='ltr'><strong>diligentiam,</strong></span> <span class='ocrx_word' id='word_1_814' title='bbox 3652 4698 3915 4769; x_wconf 88' lang='lat' dir='ltr'><strong>quomodo</strong></span> 
     </span>
    </p>
   </div>
   <div class='ocr_carea' id='block_1_110' title="bbox 2334 4792 3909 4863">
    <p class='ocr_par' dir='ltr' id='par_1_110' title="bbox 2334 4792 3909 4863">
     <span class='ocr_line' id='line_1_110' title="bbox 2334 4792 3909 4863; baseline 0 -15"><span class='ocrx_word' id='word_1_815' title='bbox 2334 4794 2547 4848; x_wconf 87' lang='lat' dir='ltr'><strong>nomina</strong></span> <span class='ocrx_word' id='word_1_816' title='bbox 2597 4793 2755 4846; x_wconf 85' lang='lat' dir='ltr'><strong>etiam</strong></span> <span class='ocrx_word' id='word_1_817' title='bbox 2803 4808 2986 4863; x_wconf 77' lang='lat' dir='ltr'><strong>rogum</strong></span> <span class='ocrx_word' id='word_1_818' title='bbox 3040 4800 3095 4846; x_wconf 91' lang='lat' dir='ltr'><strong>et</strong></span> <span class='ocrx_word' id='word_1_819' title='bbox 3130 4792 3399 4845; x_wconf 87' lang='lat' dir='ltr'><strong>nationum</strong></span> <span class='ocrx_word' id='word_1_820' title='bbox 3448 4807 3909 4849; x_wconf 83' lang='lat' dir='ltr'><strong>commemorave-</strong></span> 
     </span>
    </p>
   </div>
   <div class='ocr_carea' id='block_1_111' title="bbox 2338 4883 3917 4952">
    <p class='ocr_par' dir='ltr' id='par_1_111' title="bbox 2338 4883 3917 4952">
     <span class='ocr_line' id='line_1_111' title="bbox 2338 4883 3917 4952; baseline 0.001 -15"><span class='ocrx_word' id='word_1_821' title='bbox 2338 4884 2429 4949; x_wconf 87' lang='lat' dir='ltr'><strong>rit;</strong></span> <span class='ocrx_word' id='word_1_822' title='bbox 2466 4901 2569 4939; x_wconf 92' lang='lat' dir='ltr'><strong>non</strong></span> <span class='ocrx_word' id='word_1_823' title='bbox 2615 4885 2731 4945; x_wconf 83' lang='lat' dir='ltr'><strong>sine</strong></span> <span class='ocrx_word' id='word_1_824' title='bbox 2771 4900 2953 4952; x_wconf 88' lang='lat' dir='ltr'><strong>causa,</strong></span> <span class='ocrx_word' id='word_1_825' title='bbox 2999 4883 3093 4939; x_wconf 87' lang='lat' dir='ltr'><strong>sed</strong></span> <span class='ocrx_word' id='word_1_826' title='bbox 3135 4892 3193 4939; x_wconf 90' lang='lat' dir='ltr'><strong>ut</strong></span> <span class='ocrx_word' id='word_1_827' title='bbox 3228 4899 3294 4939; x_wconf 91' lang='lat' dir='ltr'><strong>ex</strong></span> <span class='ocrx_word' id='word_1_828' title='bbox 3340 4885 3531 4937; x_wconf 87' lang='lat' dir='ltr'><strong>borum</strong></span> <span class='ocrx_word' id='word_1_829' title='bbox 3571 4884 3917 4952; x_wconf 86' lang='lat' dir='ltr'><strong>appellatione</strong></span> 
     </span>
    </p>
   </div>
   <div class='ocr_carea' id='block_1_112' title="bbox 2333 4973 3919 5045">
    <p class='ocr_par' dir='ltr' id='par_1_112' title="bbox 2333 4973 3919 5045">
     <span class='ocr_line' id='line_1_112' title="bbox 2333 4973 3919 5045; baseline -0.003 -14"><span class='ocrx_word' id='word_1_830' title='bbox 2333 4976 2507 5032; x_wconf 88' lang='lat' dir='ltr'><strong>discas</strong></span> <span class='ocrx_word' id='word_1_831' title='bbox 2537 4977 2818 5031; x_wconf 86' lang='lat' dir='ltr'><strong>barbarum</strong></span> <span class='ocrx_word' id='word_1_832' title='bbox 2849 4975 3071 5029; x_wconf 90' lang='lat' dir='ltr'><strong>istorum</strong></span> <span class='ocrx_word' id='word_1_833' title='bbox 3100 4974 3367 5029; x_wconf 86' lang='lat' dir='ltr'><strong>animum.</strong></span> <span class='ocrx_word' id='word_1_834' title='bbox 3400 4973 3492 5029; x_wconf 85' lang='lat' dir='ltr'><strong>Isti</strong></span> <span class='ocrx_word' id='word_1_835' title='bbox 3532 4974 3697 5039; x_wconf 87' lang='lat' dir='ltr'><strong>enim,</strong></span> <span class='ocrx_word' id='word_1_836' title='bbox 3732 4975 3919 5045; x_wconf 87' lang='lat' dir='ltr'><strong>inquit,</strong></span> 
     </span>
    </p>
   </div>
   <div class='ocr_carea' id='block_1_113' title="bbox 2335 5067 3913 5139">
    <p class='ocr_par' dir='ltr' id='par_1_113' title="bbox 2335 5067 3913 5139">
     <span class='ocr_line' id='line_1_113' title="bbox 2335 5067 3913 5139; baseline -0.003 -14"><span class='ocrx_word' id='word_1_837' title='bbox 2335 5070 2532 5127; x_wconf 87' lang='lat' dir='ltr'><strong>bellum</strong></span> <span class='ocrx_word' id='word_1_838' title='bbox 2561 5079 2843 5139; x_wconf 81' lang='lat' dir='ltr'><strong>gesserunt</strong></span> <span class='ocrx_word' id='word_1_839' title='bbox 2885 5067 3139 5122; x_wconf 87' lang='lat' dir='ltr'><strong>adversus</strong></span> <span class='ocrx_word' id='word_1_840' title='bbox 3164 5067 3520 5123; x_wconf 90' lang='lat' dir='ltr'><strong>Sodomorum</strong></span> <span class='ocrx_word' id='word_1_841' title='bbox 3552 5082 3735 5138; x_wconf 84' lang='lat' dir='ltr'><strong>regem</strong></span> <span class='ocrx_word' id='word_1_842' title='bbox 3766 5079 3821 5122; x_wconf 91' lang='lat' dir='ltr'><strong>et</strong></span> <span class='ocrx_word' id='word_1_843' title='bbox 3846 5084 3913 5121; x_wconf 85' lang='lat' dir='ltr'><strong>re-</strong></span> 
     </span>
    </p>
   </div>
   <div class='ocr_carea' id='block_1_114' title="bbox 2337 5157 3918 5231">
    <p class='ocr_par' dir='ltr' id='par_1_114' title="bbox 2337 5157 3918 5231">
     <span class='ocr_line' id='line_1_114' title="bbox 2337 5157 3918 5231; baseline -0.003 -15"><span class='ocrx_word' id='word_1_844' title='bbox 2337 5163 2530 5231; x_wconf 86' lang='lat' dir='ltr'><strong>liquos.</strong></span> <span class='ocrx_word' id='word_1_845' title='bbox 2560 5161 2759 5216; x_wconf 88' lang='lat' dir='ltr'><strong>Deinde</strong></span> <span class='ocrx_word' id='word_1_846' title='bbox 2800 5159 2924 5214; x_wconf 88' lang='lat' dir='ltr'><strong>belli</strong></span> <span class='ocrx_word' id='word_1_847' title='bbox 2964 5174 3179 5213; x_wconf 71' lang='lat' dir='ltr'><strong>causam</strong></span> <span class='ocrx_word' id='word_1_848' title='bbox 3206 5159 3365 5213; x_wconf 78' lang='lat' dir='ltr'><strong>etiam</strong></span> <span class='ocrx_word' id='word_1_849' title='bbox 3394 5158 3571 5225; x_wconf 84' lang='lat' dir='ltr'><strong>docet,</strong></span> <span class='ocrx_word' id='word_1_850' title='bbox 3605 5157 3751 5213; x_wconf 88' lang='lat' dir='ltr'><strong>unde</strong></span> <span class='ocrx_word' id='word_1_851' title='bbox 3782 5159 3918 5227; x_wconf 87' lang='lat' dir='ltr'><strong>priu-</strong></span> 
     </span>
    </p>
   </div>
   <div class='ocr_carea' id='block_1_115' title="bbox 2335 5248 3919 5321">
    <p class='ocr_par' dir='ltr' id='par_1_115' title="bbox 2335 5248 3919 5321">
     <span class='ocr_line' id='line_1_115' title="bbox 2335 5248 3919 5321; baseline -0.003 -15"><span class='ocrx_word' id='word_1_852' title='bbox 2335 5253 2530 5321; x_wconf 91' lang='lat' dir='ltr'><strong>cipium</strong></span> <span class='ocrx_word' id='word_1_853' title='bbox 2559 5252 2821 5317; x_wconf 84' lang='lat' dir='ltr'><strong>habuerit,</strong></span> <span class='ocrx_word' id='word_1_854' title='bbox 2846 5250 3030 5305; x_wconf 88' lang='lat' dir='ltr'><strong>dicens</strong></span> <span class='ocrx_word' id='word_1_855' title='bbox 3058 5267 3071 5303; x_wconf 91' lang='lat'>:</span> <span class='ocrx_word' id='word_1_856' title='bbox 3094 5250 3148 5303; x_wconf 73' lang='grc' dir='ltr'><strong>ι.</strong></span> <span class='ocrx_word' id='word_1_857' title='bbox 3176 5248 3460 5303; x_wconf 80' lang='lat' dir='ltr'><strong>Duodecim</strong></span> <span class='ocrx_word' id='word_1_858' title='bbox 3483 5252 3633 5304; x_wconf 79' lang='lat' dir='ltr'><strong>annis</strong></span> <span class='ocrx_word' id='word_1_859' title='bbox 3654 5251 3919 5304; x_wconf 70' lang='lat' dir='ltr'><strong>servierant</strong></span> 
     </span>
    </p>
   </div>
   <div class='ocr_carea' id='block_1_116' title="bbox 2335 5340 3917 5413">
    <p class='ocr_par' dir='ltr' id='par_1_116' title="bbox 2335 5340 3917 5413">
     <span class='ocr_line' id='line_1_116' title="bbox 2335 5340 3917 5413; baseline -0.003 -15"><span class='ocrx_word' id='word_1_860' title='bbox 2335 5342 2757 5413; x_wconf 79' lang='lat' dir='ltr'><strong>Citodologomor,</strong></span> <span class='ocrx_word' id='word_1_861' title='bbox 2809 5343 2953 5395; x_wconf 86' lang='lat' dir='ltr'><strong>tertio</strong></span> <span class='ocrx_word' id='word_1_862' title='bbox 2998 5350 3170 5394; x_wconf 85' lang='lat' dir='ltr'><strong>autem</strong></span> <span class='ocrx_word' id='word_1_863' title='bbox 3216 5340 3410 5394; x_wconf 87' lang='lat' dir='ltr'><strong>decimo</strong></span> <span class='ocrx_word' id='word_1_864' title='bbox 3436 5357 3571 5394; x_wconf 83' lang='lat' dir='ltr'><strong>anno</strong></span> <span class='ocrx_word' id='word_1_865' title='bbox 3591 5342 3917 5402; x_wconf 71' lang='lat' dir='ltr'><strong>desciverunt,</strong></span> 
     </span>
    </p>
   </div>
   <div class='ocr_carea' id='block_1_117' title="bbox 2337 5431 3917 5504">
    <p class='ocr_par' dir='ltr' id='par_1_117' title="bbox 2337 5431 3917 5504">
     <span class='ocr_line' id='line_1_117' title="bbox 2337 5431 3917 5504; baseline -0.004 -14"><span class='ocrx_word' id='word_1_866' title='bbox 2337 5436 2390 5490; x_wconf 91' lang='lat'><strong>5.</strong></span> <span class='ocrx_word' id='word_1_867' title='bbox 2420 5434 2614 5501; x_wconf 82' lang='lat' dir='ltr'><strong>Quarto</strong></span> <span class='ocrx_word' id='word_1_868' title='bbox 2639 5445 2807 5487; x_wconf 86' lang='lat' dir='ltr'><strong>autem</strong></span> <span class='ocrx_word' id='word_1_869' title='bbox 2853 5444 2898 5486; x_wconf 88' lang='lat' dir='ltr'><strong>et</strong></span> <span class='ocrx_word' id='word_1_870' title='bbox 2946 5432 3138 5487; x_wconf 78' lang='lat' dir='ltr'><strong>decimo</strong></span> <span class='ocrx_word' id='word_1_871' title='bbox 3167 5449 3301 5487; x_wconf 78' lang='lat' dir='ltr'><strong>anno</strong></span> <span class='ocrx_word' id='word_1_872' title='bbox 3344 5434 3475 5486; x_wconf 85' lang='lat' dir='ltr'><strong>renit</strong></span> <span class='ocrx_word' id='word_1_873' title='bbox 3499 5431 3917 5504; x_wconf 77' lang='lat' dir='ltr'><strong>Chodolttgomor,</strong></span> 
     </span>
    </p>
   </div>
   <div class='ocr_carea' id='block_1_118' title="bbox 2337 5525 3919 5595">
    <p class='ocr_par' dir='ltr' id='par_1_118' title="bbox 2337 5525 3919 5595">
     <span class='ocr_line' id='line_1_118' title="bbox 2337 5525 3919 5595; baseline -0.002 -17"><span class='ocrx_word' id='word_1_874' title='bbox 2337 5537 2384 5578; x_wconf 85' lang='lat' dir='ltr'><strong>et</strong></span> <span class='ocrx_word' id='word_1_875' title='bbox 2416 5542 2554 5595; x_wconf 84' lang='lat' dir='ltr'><strong>reges</strong></span> <span class='ocrx_word' id='word_1_876' title='bbox 2596 5526 2680 5594; x_wconf 85' lang='lat' dir='ltr'><strong>qui</strong></span> <span class='ocrx_word' id='word_1_877' title='bbox 2724 5540 2837 5577; x_wconf 88' lang='lat' dir='ltr'><strong>cum</strong></span> <span class='ocrx_word' id='word_1_878' title='bbox 2881 5540 2938 5577; x_wconf 88' lang='lat' dir='ltr'><strong>eo</strong></span> <span class='ocrx_word' id='word_1_879' title='bbox 2982 5534 3141 5589; x_wconf 88' lang='lat' dir='ltr'><strong>erant,</strong></span> <span class='ocrx_word' id='word_1_880' title='bbox 3173 5535 3219 5578; x_wconf 87' lang='lat' dir='ltr'><strong>et</strong></span> <span class='ocrx_word' id='word_1_881' title='bbox 3247 5525 3567 5578; x_wconf 78' lang='lat' dir='ltr'><strong>trucidarunt</strong></span> <span class='ocrx_word' id='word_1_882' title='bbox 3610 5526 3839 5595; x_wconf 75' lang='lat' dir='ltr'><strong>gigantes</strong></span> <span class='ocrx_word' id='word_1_883' title='bbox 3876 5528 3919 5576; x_wconf 77' lang='lat' dir='ltr'><strong>in</strong></span> 
     </span>
    </p>
   </div>
   <div class='ocr_carea' id='block_1_119' title="bbox 2339 5612 3917 5685">
    <p class='ocr_par' dir='ltr' id='par_1_119' title="bbox 2339 5612 3917 5685">
     <span class='ocr_line' id='line_1_119' title="bbox 2339 5612 3917 5685; baseline 0.001 -18"><span class='ocrx_word' id='word_1_884' title='bbox 2339 5614 2573 5668; x_wconf 67' lang='grc' dir='ltr'><strong>Λείανοιὴ</strong></span> <span class='ocrx_word' id='word_1_885' title='bbox 2617 5624 2662 5667; x_wconf 86' lang='lat' dir='ltr'><strong>et</strong></span> <span class='ocrx_word' id='word_1_886' title='bbox 2690 5612 2949 5677; x_wconf 88' lang='lat' dir='ltr'><strong>Carnaim,</strong></span> <span class='ocrx_word' id='word_1_887' title='bbox 2981 5623 3028 5669; x_wconf 82' lang='lat' dir='ltr'><strong>et</strong></span> <span class='ocrx_word' id='word_1_888' title='bbox 3053 5624 3227 5684; x_wconf 86' lang='lat' dir='ltr'><strong>gentes</strong></span> <span class='ocrx_word' id='word_1_889' title='bbox 3258 5616 3411 5683; x_wconf 80' lang='lat' dir='ltr'><strong>fortes</strong></span> <span class='ocrx_word' id='word_1_890' title='bbox 3436 5633 3537 5669; x_wconf 85' lang='lat' dir='ltr'><strong>una</strong></span> <span class='ocrx_word' id='word_1_891' title='bbox 3566 5633 3681 5670; x_wconf 83' lang='lat' dir='ltr'><strong>cum</strong></span> <span class='ocrx_word' id='word_1_892' title='bbox 3708 5618 3853 5685; x_wconf 83' lang='lat' dir='ltr'><strong>ipsis,</strong></span> <span class='ocrx_word' id='word_1_893' title='bbox 3883 5624 3917 5669; x_wconf 72' lang='grc' dir='ltr'><em>α</em></span> 
     </span>
    </p>
   </div>
   <div class='ocr_carea' id='block_1_120' title="bbox 2342 5704 3917 5771">
    <p class='ocr_par' dir='ltr' id='par_1_120' title="bbox 2342 5704 3917 5771">
     <span class='ocr_line' id='line_1_120' title="bbox 2342 5704 3917 5771; baseline 0.003 -14"><span class='ocrx_word' id='word_1_894' title='bbox 2342 5706 2615 5767; x_wconf 75' lang='grc' dir='ltr'><strong>υηιηιωυε,</strong></span> <span class='ocrx_word' id='word_1_895' title='bbox 2659 5704 2743 5770; x_wconf 83' lang='lat' dir='ltr'><strong>qui</strong></span> <span class='ocrx_word' id='word_1_896' title='bbox 2771 5714 2912 5755; x_wconf 85' lang='lat' dir='ltr'><strong>erant</strong></span> <span class='ocrx_word' id='word_1_897' title='bbox 2958 5705 3009 5756; x_wconf 88' lang='lat' dir='ltr'><strong>in</strong></span> <span class='ocrx_word' id='word_1_898' title='bbox 3056 5704 3186 5758; x_wconf 78' lang='lat' dir='ltr'><strong>Save</strong></span> <span class='ocrx_word' id='word_1_899' title='bbox 3227 5706 3451 5771; x_wconf 79' lang='lat' dir='ltr'><strong>cit-itote,</strong></span> <span class='ocrx_word' id='word_1_900' title='bbox 3483 5706 3537 5759; x_wconf 84' lang='lat'><strong>6.</strong></span> <span class='ocrx_word' id='word_1_901' title='bbox 3567 5717 3614 5760; x_wconf 82' lang='lat' dir='ltr'><strong>et</strong></span> <span class='ocrx_word' id='word_1_902' title='bbox 3640 5706 3917 5771; x_wconf 71' lang='lat' dir='ltr'><strong>Chorrteos,</strong></span> 
     </span>
    </p>
   </div>
   <div class='ocr_carea' id='block_1_121' title="bbox 2338 5794 3913 5866">
    <p class='ocr_par' dir='ltr' id='par_1_121' title="bbox 2338 5794 3913 5866">
     <span class='ocr_line' id='line_1_121' title="bbox 2338 5794 3913 5866; baseline 0.006 -20"><span class='ocrx_word' id='word_1_903' title='bbox 2338 5794 2425 5863; x_wconf 71' lang='lat' dir='ltr'><strong>qtci</strong></span> <span class='ocrx_word' id='word_1_904' title='bbox 2449 5806 2587 5847; x_wconf 85' lang='lat' dir='ltr'><strong>erant</strong></span> <span class='ocrx_word' id='word_1_905' title='bbox 2614 5795 2664 5847; x_wconf 88' lang='lat' dir='ltr'><strong>in</strong></span> <span class='ocrx_word' id='word_1_906' title='bbox 2695 5794 2943 5850; x_wconf 83' lang='lat' dir='ltr'><strong>montibus</strong></span> <span class='ocrx_word' id='word_1_907' title='bbox 2973 5794 3109 5863; x_wconf 84' lang='lat' dir='ltr'><strong>Seir,</strong></span> <span class='ocrx_word' id='word_1_908' title='bbox 3141 5811 3298 5866; x_wconf 80' lang='lat' dir='ltr'><strong>usque</strong></span> <span class='ocrx_word' id='word_1_909' title='bbox 3318 5800 3386 5850; x_wconf 82' lang='lat' dir='ltr'><strong>ad</strong></span> <span class='ocrx_word' id='word_1_910' title='bbox 3408 5796 3767 5854; x_wconf 74' lang='lat' dir='ltr'><strong>Terebitmium</strong></span> <span class='ocrx_word' id='word_1_911' title='bbox 3790 5798 3913 5854; x_wconf 75' lang='lat' dir='ltr'><strong>PM-</strong></span> 
     </span>
    </p>
   </div>
  </div>
