4054 6324
326 419 432 477 3‘35

320 551 439 598 ron,
465 546 581 603 qua
607 538 681 585 est
710 531 767 587 in
792 541 977 584 eremo.
1005 526 1057 583 7.
1090 523 1156 579 Et
1194 522 1378 578 reversi
1405 528 1644 576 venerunt
1675 516 1746 573 ad
1771 513 1915 570 Fon-

323 635 421 680 tem
454 623 644 695 judicii
661 637 681 687 ,°
700 623 812 693 ipsa
838 629 912 676 est
954 618 1117 675 Gades
1132 632 1153 682 ,'
1179 626 1225 671 et
1252 614 1541 669 occiderunt
1570 629 1742 666 omnes
1773 609 1919 679 prin-

318 716 460 783 cipes
499 715 726 782 Amalec,
782 722 831 767 et
879 709 1202 764 Anton/usos
1231 718 1279 762 et
1305 708 1587 762 habitantes
1615 708 1666 759 in
1698 708 1921 760 Asason-

323 807 547 860 tltamar.
595 803 674 860 Ne
715 810 1097 873 pratereamus
1143 799 1336 863 obiter,
1386 797 1587 859 dilecti,
1637 813 1756 868 qute
1779 796 1921 851 dicta

324 909 483 961 sunt,
531 910 705 966 neque
767 902 1013 964 putemus
1078 891 1317 947 inutilem
1366 905 1487 945 esse
1535 889 1919 943 narrationem.

326 987 514 1042 Dedita
561 987 705 1040 enim
748 999 910 1054 opera
935 982 1114 1038 divina
1142 982 1413 1052 Scriptura
1438 980 1719 1050 diligenter
1742 980 1921 1033 omnia

321 1080 482 1134 nobis
504 1077 759 1143 narravit,
788 1086 844 1131 ut
867 1076 1135 1132 discamus
1164 1083 1415 1144 quantum
1449 1073 1604 1127 fuerit
1647 1071 1828 1133 robur.
1868 1081 1923 1125 et

321 1179 525 1238 quinta
569 1169 804 1241 potentia
855 1169 1225 1233 barbarorum,
1271 1175 1326 1222 et
1368 1174 1567 1237 quanto
1616 1165 1815 1233 impetu
1870 1167 1920 1217 in

319 1255 528 1320 bellum
550 1261 812 1322 venerint.
841 1269 897 1313 ut
922 1259 1082 1314 etiam
1109 1260 1371 1328 gigantes,
1411 1257 1513 1311 hoc
1540 1265 1644 1320 est,
1674 1269 1924 1324 proceros

321 1360 381 1407 et
427 1357 592 1407 tortes
637 1364 884 1422 corpore,
934 1349 1288 1412 debellarint,
1344 1360 1638 1416 omnesque
1691 1345 1924 1414 regionis

321 1448 516 1510 gentes
573 1440 626 1494 in
673 1439 848 1509 fugam
899 1439 1173 1495 verterint.
1219 1437 1352 1492 Nam
1380 1438 1516 1494 sicut
1570 1445 1800 1498 torrens,
1833 1437 1921 1505 qui

323 1531 481 1586 valde
506 1530 739 1586 excurrit
767 1539 818 1586 et
847 1531 1090 1596 inundat,
1118 1529 1298 1585 omnia
1327 1545 1511 1585 secum
1558 1528 1696 1597 rapit
1719 1536 1774 1582 et
1803 1544 1925 1598 per-

320 1623 448 1679 dit:
495 1625 565 1678 ita
609 1632 666 1679 et
712 1623 924 1678 barbari
972 1622 1045 1677 illi
1083 1624 1392 1677 invaserunt
1415 1635 1604 1677 omnes
1632 1629 1836 1690 gentes,
1870 1629 1925 1674 et

322 1727 516 1770 onmes
545 1729 767 1784 prorsus
792 1713 1158 1784 perdiderunt,
1185 1713 1255 1767 ita
1288 1722 1344 1765 ut
1370 1720 1425 1766 et
1455 1711 1721 1781 principes
1760 1712 1923 1764 Ama-

324 1806 623 1866 lccitarnm.
671 1815 728 1862 et
769 1807 904 1861 alios
952 1821 1140 1862 omnes
1189 1806 1241 1859 in
1290 1803 1773 1878 fugam‘vertcrint.
1817 1801 1924 1857 Sed

327 1897 468 1952 forte
498 1896 695 1952 dixerit
738 1897 1002 1968 quispiam
1037 1913 1051 1950 :
1095 1896 1162 1951 Et
1189 1911 1310 1965 quae
1354 1894 1484 1949 mihi
1515 1894 1735 1958 utilitas,
1786 1892 1925 1948 scire

323 1989 675 2044 barbarorum
701 1990 904 2046 robur?
954 1989 1068 2045 Non
1095 1999 1297 2044 temere
1349 2002 1524 2057 neque
1575 1986 1768 2040 frustra
1802 2001 1923 2039 nar-

322 2080 520 2134 rationi
570 2080 694 2135 talia
744 2080 1032 2136 immiscuit
1081 2079 1357 2148 Scriptura
1400 2078 1613 2142 divina,
1661 2091 1762 2132 nec
1808 2076 1927 2131 sine

323 2186 484 2227 causa
513 2169 612 2228 nos
630 2188 660 2227 a
692 2173 955 2243 principio
978 2181 1224 2227 auctores
1253 2171 1404 2226 vobis
1445 2184 1631 2226 sumus
1658 2180 1713 2225 ut
1738 2184 1924 2224 eorum

326 2263 696 2320 fortitudinem
754 2266 1015 2321 memoria
1059 2266 1328 2320 teneatis:
1360 2265 1454 2321 sed
1496 2274 1561 2320 ut-
1601 2266 1928 2335 procedente

326 2354 570 2410 doctrina
600 2355 820 2412 discatis
863 2365 916 2411 et
958 2356 1227 2426 ingentem
1259 2356 1355 2412 Dei
1403 2358 1716 2425 potentiam,
1746 2366 1800 2411 et
1831 2372 1926 2425 pa-

327 2445 579 2500 triarcha:
622 2447 893 2501 virtutem.
943 2446 1143 2502 Contra
1193 2447 1314 2501 illos
1343 2447 1503 2518 igitur
1547 2448 1634 2517 qni
1664 2456 1813 2502 tanto
1841 2461 1928 2502 ro-

327 2533 459 2588 bore
486 2534 690 2604 praediti
721 2545 894 2601 erant,
923 2546 975 2592 et
998 2543 1075 2591 tot
1101 2545 1292 2607 gentes
1337 2538 1388 2591 in
1419 2536 1593 2606 fugazn
1632 2546 1925 2605 verterant,

328 2625 385 2678 8.
421 2623 671 2695 Egressus
695 2635 790 2691 est,
820 2625 1010 2696 inquit,
1032 2627 1086 2680 in
1114 2627 1348 2698 praelium
1373 2642 1466 2680 rea:
1486 2625 1848 2690 Sodomorum,
1881 2636 1928 2680 et

327 2713 651 2782 Gomorrlue,
681 2725 730 2770 et
755 2732 846 2771 rea:
869 2717 1091 2784 Adamn,
1119 2728 1168 2772 et
1192 2734 1283 2772 rex
1307 2717 1536 2784 Seboim,
1559 2728 1606 2771 et
1629 2734 1718 2772 rea:
1741 2716 1929 2794 Batac,

326 2806 440 2876 ipse
463 2817 539 2862 est
558 2805 724 2878 Seqor
741 2824 762 2861 :
785 2817 834 2863 et
856 2809 1147 2864 direserunt
1173 2808 1332 2863 aciem
1355 2809 1410 2862 in
1438 2811 1670 2876 prwlium
1697 2811 1750 2863 in
1786 2807 1932 2864 Valle

327 2897 489 2960 salsa,
533 2897 588 2953 9.
623 2905 800 2952 contra
837 2897 1248 2970 Chodologamor
1289 2910 1336 2953 et
1369 2899 1644 2965 Tharthac,
1669 2911 1720 2955 et
1747 2902 1930 2955 Amar-

328 2987 510 3058 pltatlt,
557 2997 607 3043 et
643 2989 852 3044 Arioclt.
907 2989 1139 3056 Quatuor
1179 3008 1319 3062 reges
1347 3004 1524 3045 contra
1567 2995 1804 3064 quinque.
1839 2993 1926 3049 iO.

340 3076 502 3134 Vallis
545 3088 712 3134 autem
755 3081 913 3145 salsa,
962 3083 1100 3150 putei
1122 3081 1402 3135 bituminis.
1435 3081 1635 3136 Deinde
1661 3091 1719 3136 ut
1751 3081 1932 3137 disca-

329 3185 453 3225 mus
489 3171 760 3240 quomodo
801 3186 986 3228 eorum
1032 3172 1215 3236 robur,
1262 3182 1316 3227 et
1353 3173 1646 3243 potentiam
1672 3174 1930 3245 obstupe—

328 3267 567 3328 seentes,
594 3260 645 3313 in
670 3258 849 3330 fugam
874 3261 1011 3314 versi
1028 3268 1174 3326 sunt,
1203 3260 1371 3330 inquit
1392 3259 1478 3320 .Et
1497 3263 1628 3332 fugit
1652 3279 1742 3316 rea:
1762 3263 1935 3317 Sodo-

329 3363 551 3414 morum,
597 3359 644 3403 et
690 3349 1008 3418 Gomorrhw,
1057 3360 1104 3405 et
1142 3352 1431 3406 ceciderunt
1481 3353 1585 3406 illic
1630 3355 1716 3406 ubi
1765 3358 1932 3422 fontes

329 3450 476 3493 eram
503 3455 523 3494 :
549 3441 635 3514 qui
655 3451 824 3496 autem
861 3443 1061 3512 reliqui,
1095 3449 1334 3515 fugerunt
1372 3446 1424 3498 in
1456 3456 1716 3499 montana.
1740 3445 1930 3500 Vidisti

329 3538 534 3599 quanto
579 3531 772 3586 rob«.re
815 3532 1087 3587 bellabant
1129 3535 1216 3588 isti
1261 3534 1399 3588 viri?
1444 3536 1717 3605 quomodo
1749 3536 1931 3592 hostes

331 3632 462 3674 suos
487 3620 652 3674 etiam
677 3631 895 3692 aspectu
922 3638 1020 3677 suo
1049 3632 1376 3691 terruerunt,
1397 3634 1449 3679 et
1475 3627 1526 3678 in
1556 3625 1730 3694 fugam
1757 3637 1932 3683 verte-

333 3713 497 3767 runt?
528 3711 657 3767 Vide
682 3714 936 3784 deinceps
962 3716 1231 3786 quomodo
1257 3717 1362 3771 illis
1388 3717 1565 3786 fugam
1603 3720 1927 3786 ineuntibus,

338 3803 427 3858 isti
457 3804 652 3860 ablatis
676 3806 924 3860 omnibus
944 3822 1065 3876 qua:
1086 3807 1294 3862 illorum
1320 3819 1494 3870 erant,
1521 3810 1814 3865 redierunt.
1842 3812 1927 3865 11.

334 3895 646 3962 Acceperunt
683 3906 870 3961 autem,
918 3895 1105 3966 inquit,
1140 3907 1400 3960 montana,
1433 3908 1480 3953 et
1505 3916 1704 3954 omnem
1735 3903 1931 3970 equita-

335 3993 446 4036 tum
491 3983 834 4039 Sodomorum
878 3997 924 4040 et
973 3985 1291 4055 Gomorrhte,
1323 3997 1371 4043 et
1423 4007 1597 4045 omnes
1624 4004 1934 4049 commeatus

334 4089 529 4140 eorum,
560 4085 608 4129 et
632 4077 880 4131 abierunt.
907 4077 992 4131 12.
1022 4078 1336 4148 Acceperunt
1355 4097 1550 4150 quoque
1570 4093 1616 4136 et
1646 4082 1742 4136 Lat
1767 4085 1930 4152 ﬁlium

336 4165 511 4235 fratris
530 4166 699 4228 Abrae.
727 4178 775 4222 et
794 4169 1158 4238 supellectilem
1178 4174 1306 4243 ejus,
1325 4182 1375 4227 et
1386 4174 1634 4227 abierunt.
1661 4173 1934 4231 Habitabat

335 4257 468 4309 enim
498 4257 550 4310 in
579 4257 838 4313 Sodomis.
863 4259 1000 4315 Ecce
1022 4259 1073 4314 id
1100 4261 1242 4329 quod
1275 4262 1388 4316 heri
1418 4263 1681 4328 dicebam,
1714 4266 1766 4320 id
1793 4283 1935 4323 nunc

335 4347 550 4411 evenit;
594 4348 723 4402 nihil
762 4349 908 4404 enim
935 4349 1132 4418 profuit
1157 4351 1313 4415 Loto,
1342 4354 1486 4424 quod
1515 4357 1720 4425 potiora
1749 4358 1932 4428 elege-

338 4438 429 4503 rit,
469 4439 564 4494 sed
612 4455 672 4496 re
719 4441 831 4510 ipsa
877 4442 1062 4498 didicit
1088 4445 1295 4514 priores
1315 4455 1495 4517 partes
1522 4464 1626 4504 non
1655 4460 1929 4520 appetere.

337 4527 471 4584 Nam
511 4546 576 4585 ex
619 4531 720 4586 hoc
762 4549 869 4586 non
910 4534 1085 4589 solum
1131 4536 1265 4590 nihil
1315 4539 1558 4595 utilitatis
1599 4541 1648 4595 ei
1677 4543 1933 4608 accrevit,

339 4620 433 4674 sed
481 4635 608 4676 ecce
652 4622 896 4691 captivus
941 4625 1102 4679 etiam
1141 4626 1405 4682 abductus
1443 4639 1543 4693 est,
1576 4639 1632 4685 et
1664 4631 1851 4687 didicit
1877 4649 1936 4689 re

340 4710 475 4781 ipsa,
521 4714 690 4769 multo
741 4716 910 4770 satius
949 4717 998 4770 ei
1041 4718 1204 4774 fuisse
1248 4720 1320 4774 uti
1363 4723 1752 4778 consuetudine
1781 4725 1933 4794 justi,

339 4818 500 4872 quam
548 4814 879 4872 separatum,
929 4817 985 4861 et
1038 4809 1090 4862 in
1140 4810 1386 4867 libertate
1434 4814 1707 4869 viventem
1743 4815 1794 4868 in
1827 4825 1935 4872 tam

341 4894 536 4948 multas
565 4895 897 4951 calamitates
926 4898 1180 4954 incidere.
1211 4902 1350 4956 Ecce
1379 4904 1521 4957 enim
1551 4915 1606 4958 ut
1631 4906 1834 4961 divisus
1854 4918 1938 4963 est

341 5002 370 5039 a
399 4987 720 5056 patriarcha,
752 5005 874 5044 uim
903 5000 1107 5058 putaret
1134 5009 1191 5047 se
1220 4994 1271 5047 in
1300 4996 1485 5064 majori
1512 5013 1634 5054 esse
1667 5001 1933 5069 libertate,

343 5089 394 5133 et
424 5081 627 5147 potiora
659 5094 718 5136 se
739 5092 1105 5151 asseqnntnm,
1128 5095 1181 5137 et
1205 5085 1496 5148 abundare,
1522 5101 1742 5158 repente
1768 5093 1937 5150 factus

341 5180 425 5223 est
467 5185 677 5234 servus,
729 5187 920 5225 carens
969 5157 1150 5235 domo.
1183 5191 1372 5230 carens
1402 5191 1452 5230 et
1485 5157 1601 5233 foco
1631 5199 1643 5234 :
1680 5192 1735 5236 nt
1763 5184 1939 5240 discas

342 5271 600 5326 quantum
643 5261 842 5314 malum
890 5261 1174 5325 dissensio.
1220 5275 1274 5319 et
1299 5278 1554 5337 qttantum
1584 5272 1780 5326 bonum
1811 5290 1941 5330 con-

348 5350 524 5404 cordia
555 5366 570 5404 :
613 5361 666 5404 et
702 5353 844 5406 scias
886 5363 1304 5411 consentaneum
1347 5374 1468 5414 esse
1498 5378 1602 5415 non
1634 5365 1831 5432 majora
1862 5378 1939 5423 te-

347 5458 496 5498 mere
544 5457 855 5513 capessere,
906 5445 1001 5500 sed
1044 5448 1222 5518 potius
1280 5451 1576 5507 minoribus
1629 5465 1939 5514 contentum

346 5547 489 5588 esse.
537 5536 869 5602 Acceperunt,
917 5536 1108 5607 inquit,
1156 5537 1251 5592 Lat
1299 5551 1346 5593 et
1393 5545 1751 5610 supellectilem
1803 5549 1935 5617 ejus.

343 5632 558 5691 umnm
605 5626 794 5680 irclius
834 5637 950 5682 erat
988 5644 1108 5684 eum
1153 5645 1274 5686 cum
1325 5636 1621 5701 patriarcha
1654 5639 1854 5706 vivere,
1888 5649 1942 5696 et

349 5715 525 5774 Omnia
553 5718 713 5783 terre,
748 5727 804 5772 ut
835 5734 899 5771 nc
923 5722 1205 5776 concordia
1232 5725 1549 5787 solveretur.
1582 5744 1742 5797 quam
1784 5745 1937 5800 sepa-

349 5823 523 5865 ratum
575 5817 627 5865 et
656 5811 838 5867 electis
868 5812 1180 5881 potioribus,
1207 5814 1257 5868 in
1289 5824 1432 5869 tanta
1457 5833 1675 5889 repente
1709 5822 1934 5894 pericula

1295 400 1359 458 ΙΝ
1399 400 1551 457 CAP.
1594 397 1732 457 XIV.
1777 392 2028 452 GENES.
2075 389 2302 448 HOMIL.
2347 389 2566 447 XXXV.

3528 372 3636 446 τὰς

2029 509 2291 572 incidere,
2340 515 2396 562 et
2442 508 2495 561 in
2545 505 2899 562 barbarorum
2926 504 3116 560 venire
3155 505 3515 575 potestatem?
3545 510 3636 562 t3.

2030 599 2313 653 Adveniens
2365 608 2534 652 autem
2591 595 2822 667 quidam,
2875 595 3074 667 inquit,
3108 613 3172 651 ex
3207 597 3270 652 iis
3319 598 3408 662 qui
3455 601 3637 654 servati

2027 700 2196 754 erant,
2238 691 2484 743 nuntiavit
2524 690 2674 743 Abrte
2701 689 2979 743 transitori.
3018 687 3142 758 Ipse
3176 697 3346 744 autem
3379 689 3638 746 habitabat

2026 783 2176 850 ina-ta
2219 797 2456 851 quercum
2487 778 2721 836 Mambre
2749 779 2946 843 Omori,
2979 783 3157 848 fratris
3201 779 3414 849 Eschol,
3452 792 3496 837 et
3523 786 3638 854 fra-

2029 875 2120 928 tris
2164 873 2377 935 Aunan,
2419 874 2507 942 qui
2553 883 2701 927 erant
2750 873 3083 944 confoederati
3133 875 3302 930 Abra'.
3353 874 3638 942 Quomodo

2032 974 2238 1019 tantum
2285 965 2484 1020 bellum
2528 964 2815 1019 conﬂatum
2845 965 3106 1035 ignoravit
3138 966 3477 1034 patriarcha?
3507 967 3639 1023 For-

2031 1057 2190 1112 tassis
2221 1073 2409 1127 magna
2441 1057 2692 1112 distantia
2720 1056 2925 1122 aberat,
2959 1066 3015 1110 et
3053 1057 3176 1112 ideo
3213 1058 3493 1127 ignoravit.
3525 1059 3636 1113 Ad-
3733 1098 3737 1101 -

2030 1149 2232 1204 veniens
2256 1159 2425 1202 autem
2462 1148 2671 1218 quidam
2707 1148 3027 1202 annuntiaait
3054 1148 3204 1202 Abra:
3246 1149 3551 1204 transituri:
3580 1162 3635 1205 ut

2031 1241 2188 1295 nobis
2207 1251 2592 1296 commemoret
2617 1241 2667 1296 ei
2695 1241 3069 1295 annuntiatum
3097 1256 3238 1305 esse,
3267 1241 3355 1309 qui
3381 1257 3446 1296 ex
3472 1241 3602 1295 Chal
3619 1272 3636 1282 -

2029 1330 2144 1385 dzea
2177 1331 2429 1386 redierat.
2466 1331 2598 1386 Nam
2628 1332 2751 1401 quia
2776 1340 2925 1385 trans
2963 1333 3069 1403 (α)
3103 1330 3432 1401 Euphratem
3462 1332 3635 1387 domi-

2029 1423 2210 1476 cilium
2251 1421 2532 1485 habuerat,
2557 1419 2729 1476 dictus
2777 1430 2862 1477 est
2907 1421 3302 1486 transﬂuvialis,
3339 1422 3424 1477 vel
3455 1432 3634 1477 trans-

2032 1513 2154 1566 itor.
2200 1514 2264 1567 Et
2299 1521 2453 1567 antea
2485 1515 2646 1568 etiam
2670 1514 2737 1567 al)
2759 1513 2911 1568 initio
2942 1522 3192 1583 parentes
3222 1515 3269 1568 ei
3301 1514 3399 1569 hoc
3439 1531 3634 1569 nomen

2032 1602 2354 1666 indiderant,
2393 1602 2506 1672 jam
2551 1612 2710 1657 antea
2740 1602 3103 1672 signiﬁcantes
3131 1618 3256 1658 eum
3287 1604 3413 1658 inde
3443 1605 3638 1674 migra-

2033 1702 2230 1746 turum.
2281 1693 2513 1748 Vocatus
2565 1693 2708 1746 enim
2757 1701 2842 1748 est
2886 1692 3109 1759 Abram,
3159 1694 3284 1763 quia
3309 1694 3637 1764 migraturus

2031 1793 2147 1839 erat
2171 1793 2323 1839 trans
2353 1785 2704 1854 Euphratem,
2738 1795 2790 1840 et
2817 1785 2870 1840 in
2902 1785 3240 1841 Palmstinam
3271 1797 3547 1843 venturus.

2103 1879 2157 1932 4.
2189 1877 2416 1933 Attende
2443 1878 2713 1946 quomodo
2735 1887 2789 1934 et
2817 1887 3066 1948 parentes
3091 1879 3209 1947 ejus
3236 1880 3362 1936 licet
3391 1880 3636 1938 inlideles

2030 1978 2235 2033 essent,
2253 1969 2414 2023 ductu
2439 1969 2825 2039 potentissimae
2844 1969 3122 2040 sapientiae
3140 1971 3230 2025 Dei
3251 1987 3446 2027 nomen
3471 1988 3636 2042 puero

2033 2049 2438 2128 imposuerunt,
2475 2061 2613 2114 sicut
2637 2070 2693 2116 et
2723 2059 2957 2116 Lamecb
2991 2076 3092 2116 suo
3129 2061 3260 2119 Noe.
3292 2062 3388 2118 Est
3414 2063 3558 2118 enim
3584 2072 3638 2118 et

2034 2149 2137 2204 hoc
2171 2149 2366 2204 divina:
2406 2150 2783 2220 benignitatis,
2815 2160 2934 2220 post
2971 2150 3198 2206 multum
3238 2161 3450 2222 tempus
3475 2168 3638 2207 even-

2034 2247 2151 2294 tura
2181 2255 2279 2310 per
2305 2239 2555 2308 infideles,
2573 2241 2959 2310 pra'nnntiare.
2990 2240 3294 2296 Adveniens
3323 2241 3502 2312 itaque
3522 2243 3638 2312 qui-

2032 2330 2180 2399 dam,
2209 2331 2399 2401 inquit,
2427 2333 2688 2386 nuntiavit
2724 2331 2997 2388 transitori
3034 2348 3155 2404 quae
3194 2333 3520 2398 acciderant,
3549 2352 3638 2390 ca-

2036 2422 2331 2489 ptivitatem
2379 2422 2629 2478 videlicet
2677 2422 2769 2477 lilii
2817 2423 3033 2488 fratris,
3081 2432 3136 2480 et
3184 2441 3372 2495 regum
3423 2427 3637 2482 illorum

2036 2526 2284 2580 magnam
2325 2514 2618 2582 potentiam
2644 2556 2659 2580 ,
2690 2514 3156 2589 Sodomorumque
3197 2517 3595 2586 p0pnlationent
3620 2559 3637 2584 ,

2033 2612 2088 2657 et
2117 2602 2310 2657 ftedam
2341 2601 2537 2674 fugam.
2571 2601 2694 2673 Ipse
2723 2615 2894 2658 autem
2913 2646 2928 2665 .
2959 2606 3166 2675 inquit,
3205 2607 3467 2662 habitabat
3483 2610 3638 2679 juxta

2031 2707 2270 2761 quercum
2303 2691 2537 2748 Membro
2564 2691 2744 2748 Omori
2760 2735 2776 2760 ,
2803 2695 2980 2765 fratris
3009 2695 3220 2762 Eschol,
3247 2707 3296 2750 et
3319 2696 3526 2764 Aunan,
3552 2700 3638 2770 qui

2034 2794 2179 2838 erant
2204 2785 2535 2853 confaderati
2564 2787 2733 2842 Abra.
2765 2786 2882 2843 Jam
2913 2787 3049 2844 forte
3079 2788 3164 2844 hic
3189 2790 3383 2860 aliquis
3411 2792 3641 2846 interro-

2035 2875 2239 2942 gat-erit
2273 2874 2490 2942 :Quare
2527 2891 2716 2931 eorum
2753 2879 2843 2947 qni
2886 2879 2939 2934 in
2980 2879 3232 2935 Sodomis
3270 2891 3458 2947 erant,
3489 2883 3640 2938 scius

2030 2965 2206 3033 jnstns
2232 2964 2334 3019 Lot
2361 2967 2414 3019 in
2444 2968 2803 3035 captivitatem
2832 2969 3158 3025 abducitur?
3182 2971 3300 3027 Non
3335 2974 3452 3027 sine
3477 2989 3637 3028 causa

2037 3056 2138 3111 hoc
2157 3097 2172 3123 ,
2201 3072 2377 3126 neque
2406 3057 2602 3113 frustra
2634 3076 2649 3114 :
2681 3059 2776 3115 sed
2805 3068 2862 3114 ut
2888 3061 3059 3116 discat
3103 3062 3187 3117 his
3220 3066 3502 3122 eventibus
3541 3065 3640 3123 Im

2037 3147 2354 3217 patriarchae
2394 3149 2640 3205 virtutem
2665 3191 2680 3216 ,
2712 3161 2770 3206 et
2807 3159 2864 3206 ut
2903 3162 3122 3224 propter
3157 3153 3330 3224 ipsum
3362 3167 3642 3213 serventur

2035 3249 2091 3294 et
2115 3240 2240 3304 alii,
2269 3250 2429 3310 utque
2454 3242 2714 3297 doceatur
2755 3245 3042 3312 primatum
3077 3260 3184 3302 non
3223 3257 3512 3318 appetere,
3545 3251 3641 3307 sed

2037 3331 2330 3402 majoribus
2358 3332 2571 3387 cedere.
2607 3334 2902 3391 Audiamus
2929 3347 3110 3392 autem
3145 3339 3400 3412 deinceps
3427 3358 3491 3398 ea
3522 3359 3643 3414 qua:

2035 3429 2352 3491 sequuntur,
2386 3431 2444 3476 ut
2472 3423 2741 3480 discamus
2770 3435 2824 3481 et
2857 3428 2987 3495 justi
3019 3432 3298 3497 virtutem,
3329 3443 3384 3488 et
3413 3434 3640 3490 immen-

2037 3530 2155 3570 smn
2193 3516 2284 3571 Dei
2327 3516 2644 3573 subsidium.
2687 3518 2882 3574 Verum
2923 3522 3211 3592 diligenter
3234 3525 3391 3582 dictis
3425 3531 3640 3585 auscul-

2038 3614 2166 3670 tate,
2191 3614 2534 3678 mentemque
2559 3608 2876 3679 recolligite.
2899 3611 3121 3667 Multum
3143 3614 3286 3668 enim
3309 3615 3441 3671 lucri
3469 3617 3646 3674 facere

2040 3694 2126 3750 hic
2164 3696 2490 3764 poterimus,
2522 3705 2579 3753 et
2603 3713 2668 3753 ex
2700 3698 2767 3753 iis
2791 3715 2909 3769 quae
2948 3703 3052 3757 Lot
3077 3716 3371 3761 evenerunt
3397 3707 3593 3764 discert
3626 3729 3641 3766 :

2039 3800 2330 3854 numquam
2362 3802 2504 3856 aegre
2535 3787 2833 3855 ferendum,
2865 3791 2910 3845 si
2934 3793 3149 3862 quando
3169 3795 3298 3863 justi
3329 3797 3566 3854 incidant
3585 3798 3640 3850 in

2040 3878 2380 3941 tenuitiones,
2407 3879 2632 3948 improbi
2659 3896 2785 3936 vero
2809 3893 2860 3936 et
2889 3885 3009 3938 mali
3039 3886 3270 3941 evadant
3295 3905 3309 3942 :
3341 3905 3512 3959 neque
3534 3894 3646 3948 ullo

2039 3967 2200 4021 modo
2231 3968 2401 4036 prima
2435 3970 2722 4038 quaerenda
2753 3987 2874 4025 esse
2894 4015 2908 4037 ,
2940 3989 3115 4044 neque
3142 3975 3340 4047 aliquid
3376 3979 3644 4049 justorum

2040 4056 2384 4112 familiaritati
2422 4070 2476 4114 et
2504 4061 2773 4117 convictui
2819 4065 3243 4132 prtefcrendum;
3271 4070 3367 4124 sed
3397 4073 3497 4126 etsi
3533 4081 3648 4128 seri

2037 4149 2292 4205 viendum
2324 4150 2393 4205 sit
2427 4150 2714 4208 habitando
2738 4169 2861 4209 cum
2896 4156 3026 4211 viris
3054 4158 3250 4216 virtute
3291 4162 3562 4231 prmditis,
3594 4165 3646 4220 id

2044 4247 2153 4308 ipsa
2189 4240 2432 4295 libertate
2472 4242 2656 4297 utilius
2693 4259 2836 4300 esse.
2880 4245 2949 4300 Et
2993 4247 3213 4317 insuper
3251 4250 3522 4307 discamus
3557 4270 3651 4325 pa-

2042 4330 2289 4386 triarcha:
2336 4331 2600 4403 insignem
2646 4335 2984 4390 tolerantiam
3013 4379 3029 4400 ,
3080 4354 3404 4409 propensum
3447 4344 3500 4398 in
3550 4345 3650 4401 Lot

2040 4436 2280 4474 amorem
2306 4431 2357 4475 et
2380 4423 2829 4488 benevolentiam,
2857 4426 3183 4483 fortitudinis
3206 4432 3648 4502 magnitudinem,

2034 4525 2201 4579 cpum
2230 4521 2630 4581 contemptum,
2663 4514 2982 4571 inell'abilcm
3012 4516 3181 4572 divini
3215 4536 3338 4591 erga
3377 4523 3523 4577 illum
3556 4525 3654 4580 ad-

2037 4600 2223 4670 jntorii
2254 4603 2524 4656 virtutem.
2559 4604 2646 4658 H.
2686 4603 2754 4658 Ut
2784 4613 2952 4658 autem
2977 4608 3198 4672 audirit,
3232 4609 3435 4680 inquit,
3463 4613 3653 4671 Abram

2041 4693 2176 4761 quod
2203 4702 2382 4761 captus
2409 4703 2533 4747 esset
2564 4693 2659 4748 Lot
2689 4695 2866 4764 fratris
2903 4699 2981 4750 sui
3019 4699 3188 4766 ﬁlius,
3219 4706 3503 4758 numeravit
3533 4724 3654 4775 pro-

2044 4783 2182 4852 prios
2213 4783 2508 4836 vernaculos
2537 4800 2656 4837 suos
2684 4793 2930 4841 trecentos
2955 4787 3124 4842 decem
3151 4800 3199 4844 et
3223 4803 3336 4845 octo
3358 4834 3373 4857 ,
3402 4804 3451 4847 et
3485 4812 3659 4865 perse-

2044 4881 2232 4939 quutus
2259 4881 2331 4926 est
2357 4873 2474 4926 illos
2497 4890 2656 4943 usque
2684 4873 2820 4942 Dan,
2852 4877 2938 4932 15.
2967 4887 3016 4932 et
3041 4880 3190 4932 irruit
3222 4898 3375 4953 super
3401 4901 3485 4940 eos
3517 4902 3664 4943 noc'e

2045 4965 2153 5032 ipse
2179 4973 2222 5016 et
2251 4964 2394 5031 pueri
2417 4965 2548 5036 ejus,
2574 4975 2619 5018 et
2644 4969 2887 5034 percussit
2911 4985 3014 5035 eos,
3045 4980 3092 5023 et
3123 4985 3451 5043 persequutus
3482 4986 3554 5033 est
3578 4997 3663 5037 eos

2048 5069 2206 5123 usque
2225 5053 2438 5118 Chobal,
2462 5072 2574 5125 qum
2602 5067 2671 5110 est
2696 5057 2749 5110 in
2775 5059 2979 5113 sinistra
3006 5060 3265 5118 Damasci.
3297 5068 3384 5121 16.
3416 5066 3484 5121 Et
3510 5073 3656 5125 redit»

2044 5146 2122 5198 xit
2148 5162 2346 5200 onment
2376 5148 2650 5217 equitatum
2682 5149 3042 5204 Sodomorum.
3070 5152 3136 5206 Et
3165 5154 3263 5210 Lat
3291 5158 3456 5228 ﬁlium
3489 5165 3666 5232 fratri;

2047 5237 2126 5290 sui
2152 5237 2389 5304 reduxit,
2415 5250 2460 5290 et
2485 5241 2817 5294 substantiam
2846 5244 2987 5311 ejus,
3019 5254 3065 5297 et
3090 5247 3368 5318 papulum,
3395 5263 3443 5306 et
3479 5255 3659 5309 mulie-

2113 5394 2319 5481 (a)nvo3t
2339 5396 2576 5481 ttebraica
2604 5408 2698 5461 est,
2723 5401 2852 5458 mu
2879 5423 2890 5457 :
2917 5423 3062 5481 quam
3108 5412 3187 5463 alii
3219 5417 3550 5481 transitorem,
3581 5430 3661 5474 vel

2050 5465 2858 5551 {ﬁtrfﬂt‘iﬂff’ﬂki'l‘ﬂttsl“utut
2888 5465 3032 5551 :iw
3226 5465 3658 5551 ινωὶῖἐίἐὲίίῑῖεὲιῐὶ

2051 5527 2521 5610 Ἐεδςξξξιξειλιξίς
2543 5527 2794 5610 appellant
2814 5527 3256 5610 Αῲιίτίὶιεδῖῐιιῖιῖιξ’ἐξ¹

2049 5588 2326 5672 (legumini)
2346 5591 2552 5672 3331395.
2564 5588 2712 5672 patre
2747 5588 3152 5672 ρὴοιεσῖὲξῖιίὺὖ
3181 5588 3659 5672 ὄιῖίᾷὧῖἱὶἶάἶᾶἔέίῖἑί

2051 5650 2320 5732 ρ-Ἦξὶὶξηξιλε
2328 5653 2495 5732 Sicca.
2516 5650 2853 5732 lichrteorum“
2863 5650 3157 5732 appeliat'ion
3164 5650 3657 5732 e'tii'iliiﬁii

2050 5713 2739 5796 augur
2765 5713 2907 5796 :haliis'
2919 5713 2984 5796 ab

2053 5774 2286 5848 ﬂuviales
2310 5777 2511 5848 origine
2536 5788 2702 5834 erant.
2741 5783 2850 5835 aliis
2888 5788 2949 5836 ab
2997 5774 3655 5848 iiénéié'sisaniiili‘

2057 5849 2236 5883 nomen
2259 5837 2607 5888 derivanlihus.
