4054 6324
402 390 508 449 δυ

402 523 502 561 res.
538 501 831 560 Considera
861 500 979 564 hic,
1007 498 1350 555 dilectissime
1368 538 1385 564 ,
1414 494 1897 566 magnanimitatem
1926 501 1981 548 et

404 595 763 652 fortinulinem
787 592 949 663 justi,
975 590 1243 663 quomodo
1271 590 1407 644 bene
1446 586 1575 646 fisus
1608 584 1985 640 misericordia:

406 686 532 751 Dei,
564 700 668 738 non
695 682 969 754 perculsus
992 689 1075 737 est
1100 678 1282 733 animo
1300 721 1314 743 ,
1343 693 1462 733 eum
1490 675 1725 731 audisset
1751 676 1983 729 virorum

402 775 763 832 fortitudinem
785 814 800 837 ,
830 783 883 827 et
912 783 1138 842 stragem
1176 786 1336 841 quam
1374 769 1640 829 fecerant,
1672 766 1898 835 primum
1930 764 1984 818 in

401 881 589 921 omnis
612 877 799 935 gentes
834 862 1123 932 irruptione
1151 862 1286 916 facta
1313 903 1327 925 ,
1358 858 1738 927 debellatisque
1770 856 1985 910 Amale-

401 958 520 1012 citis
557 968 610 1010 et
646 956 853 1011 exteris
890 955 1135 1007 omnibus
1169 972 1181 1008 :
1210 951 1502 1019 deindeque
1540 964 1659 1003 cum
1697 947 1985 1004 Sodomitis

402 1062 591 1101 manus
616 1053 961 1100 conserentes
982 1084 998 1107 ,
1025 1052 1078 1096 et
1103 1045 1153 1097 in
1180 1042 1353 1112 fugam
1386 1042 1527 1108 ipsos
1557 1039 1843 1104 verterint,
1869 1053 1985 1091 om-

403 1152 631 1206 nemque
655 1152 837 1191 eorum
861 1135 1175 1204 diripuerint
1212 1131 1579 1185 substantiam.
1611 1129 1812 1184 Idcirco
1840 1129 1981 1183 enim

399 1231 643 1299 superius
663 1227 777 1282 hac
795 1226 971 1281 omnia
992 1224 1218 1279 narravit
1239 1223 1391 1278 nobis
1409 1221 1700 1288 Scriptura,
1719 1226 1773 1274 et
1787 1228 1979 1288 quanta

398 1336 494 1376 sua
524 1320 715 1374 virtute
742 1326 957 1372 strenue
982 1322 1262 1385 gesserunt
1284 1354 1299 1378 ,
1332 1322 1389 1366 ut
1416 1312 1556 1366 scias
1585 1327 1689 1365 non
1720 1308 1983 1377 corporali

398 1414 591 1466 robore
629 1426 721 1465 eos
758 1410 1017 1465 devicisse
1064 1407 1414 1477 patriarcham
1440 1448 1453 1468 ,
1486 1404 1578 1459 sed
1607 1419 1700 1457 sua
1732 1404 1782 1457 in
1818 1403 1980 1455 Deum

401 1503 525 1567 (ldo,
553 1510 607 1557 et
630 1516 862 1571 Superno
891 1499 1137 1569 pra-sidio
1158 1498 1392 1566 adjutum
1414 1497 1587 1549 omnia
1613 1497 1695 1548 illa
1720 1494 1979 1562 gessisse;

398 1611 505 1650 non
535 1608 681 1648 arma
713 1594 894 1657 movit,
926 1606 1025 1645 nec
1052 1593 1173 1656 tela,
1207 1604 1303 1643 nec
1334 1589 1560 1648 lanceas,
1593 1600 1692 1639 nec
1720 1596 1874 1639 arcus
1904 1584 1984 1636 in-

400 1684 592 1751 tendit,
624 1698 721 1737 nec
746 1692 892 1735 senta
920 1680 1131 1749 objecit,
1162 1679 1253 1732 Sed
1280 1678 1450 1731 solum
1478 1693 1597 1730 eum
1626 1675 1942 1729 vernaculis.

471 1774 575 1829 Cur
599 1784 839 1827 trecentos
868 1769 1158 1825 reruaculos
1197 1770 1462 1838 sumpserit
1493 1767 1766 1819 Abraham.
1795 1795 1865 1805 —
1897 1764 1982 1817 Di-

400 1868 536 1921 xerit
558 1866 747 1935 aliquis
776 1884 789 1919 :
820 1866 883 1918 Et
910 1878 1074 1932 quare
1100 1862 1395 1917 numeravit
1424 1870 1688 1915 trecentos
1714 1860 1898 1913 decem
1928 1868 1983 1913 et

398 1968 519 2013 oeto
544 1955 895 2011 vernaculos?
916 1953 985 2011 Ut
1012 1955 1145 2007 scias
1176 1968 1296 2007 eum
1338 1967 1442 2005 non
1475 1951 1751 2004 universos
1778 1964 1982 2003 assunt-

398 2050 589 2118 psisse,
618 2047 712 2102 sed
742 2045 1077 2110 vernaculos,
1105 2053 1161 2097 et
1185 2045 1271 2112 qui
1300 2058 1417 2096 cum
1450 2043 1545 2096 Lot
1576 2042 1780 2096 educati
1809 2051 1981 2103 erant,

396 2150 456 2195 ut
485 2140 738 2194 ultionem
766 2148 957 2208 sponte
979 2146 1035 2192 et
1057 2136 1315 2190 benevole
1345 2136 1607 2191 facerent.
1639 2143 1821 2201 utpote
1846 2134 1982 2187 servi

397 2246 496 2299 pro
532 2245 631 2284 suo
667 2229 886 2284 domino
913 2237 1197 2283 certantes.
1231 2227 1295 2279 Et
1320 2227 1439 2279 vi-le
1462 2267 1477 2289 ,
1510 2227 1764 2295 obsecro,
1796 2227 1981 2278 miram

403 2320 497 2374 Dei
530 2322 839 2389 potentiam,
867 2329 1061 2387 quanta
1089 2318 1365 2371 velocitate
1390 2317 1607 2383 Contigit
1635 2315 1870 2369 victoria.
1902 2314 1983 2368 Iro

395 2411 496 2463 ruit
525 2408 687 2471 enim,
722 2409 909 2477 inquit,
939 2425 1095 2477 super
1121 2409 1235 2461 illos
1261 2415 1421 2471 nocte,
1450 2407 1575 2475 ipse.
1606 2416 1657 2458 et
1690 2407 1817 2458 servi
1844 2408 1977 2476 ejus,

394 2509 441 2554 et
467 2501 707 2569 percussit
736 2516 849 2565 eos,
880 2508 927 2552 et
958 2508 1282 2569 persequutus
1308 2507 1379 2551 est
1404 2513 1508 2550 eos.
1544 2497 1670 2550 Erat
1694 2499 1835 2551 enim
1874 2514 1985 2551 ma—

397 2604 497 2644 nus
522 2604 769 2659 superna.
798 2607 915 2659 qua:
945 2589 1228 2657 adjuvabat
1253 2600 1305 2642 et
1333 2588 1734 2642 eommilitabat.
1770 2588 1836 2642 Et
1863 2588 1983 2643 ideo

397 2697 569 2751 neque
612 2682 811 2746 armis,
854 2696 1025 2751 neque
1067 2680 1328 2735 machinis
1371 2696 1503 2751 opus
1548 2680 1812 2734 habebant
1844 2698 1857 2733 :
1888 2679 1983 2733 sed

398 2784 601 2829 tantum
632 2784 687 2826 ut
719 2774 1015 2841 comparuit
1042 2787 1162 2827 cum
1205 2772 1433 2837 famulis,
1460 2772 1593 2825 alios
1621 2772 1831 2840 quidem
1866 2785 1982 2839 per-

396 2864 594 2929 cussit,
621 2864 755 2917 alios
783 2870 959 2917 autem
992 2864 1044 2916 in
1073 2861 1245 2931 fugam
1274 2863 1462 2925 vertit,
1486 2871 1541 2915 et
1569 2871 1852 2929 utrumque
1883 2862 1983 2913 im-

399 2955 605 3024 pavide,
627 2970 749 3008 cum
776 2954 951 3009 nullos
974 2963 1117 3009 esset
1141 2954 1229 3024 qui
1256 2954 1581 3016 obturbaret,
1612 2963 1665 3007 et
1686 2962 1791 3005 tam
1819 2967 1986 3021 equos

397 3044 537 3115 regis
558 3043 914 3099 Sodomorum
939 3044 1168 3106 reduxit,
1193 3058 1350 3111 quam
1372 3042 1471 3097 Lot
1491 3042 1667 3096 fratris
1688 3042 1767 3096 sui
1795 3042 1982 3110 lilium,

397 3143 452 3189 et
481 3149 695 3188 omnem
720 3136 832 3203 ejus
860 3133 1209 3188 substantiam
1238 3141 1291 3187 et
1330 3134 1600 3187 mulieres.
1636 3133 1791 3187 Vides
1820 3150 1984 3203 quare

397 3226 518 3281 aliis
548 3224 665 3295 fuga
696 3225 1046 3291 elabentibus,
1074 3224 1366 3293 permissus
1396 3225 1463 3278 sit
1493 3223 1590 3277 Lot
1622 3226 1671 3277 in
1702 3226 1985 3292 captivita-

403 3325 510 3371 tem
537 3316 759 3371 venire'!
783 3314 983 3384 Nempe
1010 3322 1067 3369 ut
1090 3323 1142 3369 et
1179 3313 1491 3382 patriarchae
1527 3314 1693 3367 virtus
1729 3316 1986 3369 claresce-

400 3419 514 3474 ret,
543 3416 598 3460 rt
624 3415 839 3476 propter
876 3407 1047 3475 ipsum
1081 3406 1171 3458 alii
1201 3404 1349 3459 multi
1381 3405 1607 3458 salutem
1638 3419 1985 3473 assequeren-

398 3508 502 3555 tur.
531 3499 706 3555 Rediit
729 3509 904 3553 autem
928 3512 1119 3567 magno
1148 3506 1199 3551 et
1230 3496 1487 3566 prmelaro
1515 3506 1715 3565 tropaeo
1741 3497 1980 3565 insignis,

397 3605 519 3646 eum
549 3589 649 3645 Lot
676 3604 841 3661 equos
860 3630 875 3653 ,
903 3599 959 3644 et
998 3588 1253 3643 mulieres
1273 3628 1288 3651 ,
1316 3596 1372 3643 et
1406 3596 1625 3642 emteras
1662 3586 1985 3641 substantias

400 3683 693 3749 reducens,
726 3691 779 3737 et
806 3682 949 3736 clara
973 3695 1037 3735 ac
1064 3682 1215 3749 plena
1247 3695 1375 3735 voce
1406 3679 1726 3749 praedicans,
1758 3682 1984 3749 tubaque

399 3773 637 3827 vocalius
661 3775 917 3837 clamans,
950 3786 1008 3826 se
1036 3786 1139 3825 non
1167 3769 1395 3826 humana
1424 3773 1640 3841 virtute,
1668 3786 1837 3841 neque
1866 3786 1986 3825 cor-

399 3865 568 3937 porali
596 3865 787 3920 robore
807 3872 861 3919 et
880 3863 998 3917 illos
1021 3862 1349 3933 proﬂigasse,
1372 3872 1424 3917 et
1451 3864 1705 3917 victorem
1726 3864 1979 3928 evasisse,

398 3955 492 4010 sed
520 3969 749 4025 superna
778 3969 936 4008 manu
965 3952 1192 4009 faciente
1219 3955 1416 4008 omnia.
1457 3952 1642 4007 Vidi~ti
1686 3969 1779 4023 per
1806 3956 1981 4008 omnia

400 4047 594 4114 iustum
614 4048 898 4103 clariorem
922 4045 1055 4110 fieri,
1081 4054 1135 4100 et
1160 4045 1397 4115 quotidie
1422 4046 1589 4113 magis
1609 4045 1864 4099 declarari
1891 4046 1979 4101 Dei

398 4156 522 4210 erga
567 4154 690 4195 eum
739 4138 1161 4208 providentiam?
1198 4136 1332 4192 Vide
1372 4146 1488 4205 post
1530 4136 1675 4202 luce,
1719 4139 1983 4205 quomodo

401 4232 577 4288 studet
600 4242 656 4285 ut
678 4230 968 4285 Sodomitis
994 4228 1157 4284 divini
1183 4230 1359 4283 cultus
1378 4228 1566 4282 doctor
1593 4228 1701 4282 fiat.
1731 4229 1815 4282 Ait
1841 4229 1983 4283 enim

401 4323 670 4392 Scriptura
703 4340 717 4375 :
742 4321 828 4375 I7.
863 4319 1107 4392 Egressus
1142 4329 1214 4373 est
1243 4336 1332 4373 rea:
1359 4320 1696 4373 Sodomorum
1720 4320 1771 4372 in
1800 4337 1977 4374 occur-

400 4429 509 4466 sum
535 4412 583 4466 ei
601 4455 613 4474 ,
643 4420 906 4483 postquam
944 4427 1168 4466 reversus
1206 4421 1273 4463 est
1302 4428 1329 4461 tt
1360 4422 1523 4481 strage
1553 4410 1977 4482 Chodologomor,

400 4512 443 4556 et
478 4520 649 4575 regum
684 4504 769 4573 qui
797 4520 913 4557 cum
947 4503 1059 4556 illo.
1103 4500 1331 4555 Attende
1367 4502 1547 4569 quanti
1592 4503 1661 4555 sit
1703 4501 1898 4565 virtus,
1927 4514 1981 4557 et

398 4595 562 4650 divini
606 4596 781 4650 auxilii
819 4594 1207 4650 commilitium.
1239 4594 1350 4647 Rex
1390 4586 1668 4662 peregrino
1696 4604 1748 4646 et
1782 4596 1894 4648 seni
1926 4596 1978 4649 in

398 4700 680 4741 occursum
718 4685 986 4755 egreditur
1009 4725 1023 4750 ,
1055 4693 1109 4737 et
1146 4698 1357 4738 omnem
1403 4682 1660 4737 honorem
1705 4684 1976 4752 impendit.

399 4775 514 4830 .lam
543 4778 685 4833 enim
714 4776 989 4836 didicerat,
1017 4773 1145 4827 nihil
1178 4773 1430 4843 prodesse
1458 4789 1676 4842 regnum
1701 4775 1747 4827 ei
1774 4775 1863 4843 qui
1888 4789 1979 4827 su—

404 4883 571 4937 perno
592 4866 791 4921 auxilio
814 4876 896 4921 est
922 4866 1224 4930 destitutus,
1250 4874 1304 4920 et
1332 4864 1461 4918 nihil
1488 4865 1752 4933 potentius
1778 4880 1896 4919 esse
1916 4880 1983 4920 co

402 4958 490 5028 qui
522 4973 679 5011 manu
709 4958 800 5012 Dei
830 4957 1131 5028 adiuvatur.
1162 4956 1248 5011 18.
1280 4954 1345 5009 Et
1385 4954 1744 5019 Melcliisedec,
1775 4956 1979 5025 inquit,

402 5064 491 5103 rex
543 5047 717 5103 Solem
748 5048 956 5115 protulit
984 5064 1139 5118 panes
1167 5057 1213 5101 et
1242 5049 1430 5102 uinum.
1466 5046 1591 5101 Erat
1616 5057 1780 5103 autem
1808 5064 1979 5103 sacer-

400 5140 493 5194 dos
522 5138 618 5193 Dei
645 5139 897 5193 altissimi.

472 5230 525 5285 5.
554 5229 691 5297 Quid
729 5230 829 5285 sibi
864 5229 975 5285 vult
1013 5228 1127 5285 haec
1154 5229 1486 5295 observatio,
1520 5228 1628 5285 Rea:
1677 5230 1881 5296 Solem,
1927 5241 1983 5287 et

402 5320 652 5375 Sacerdos
679 5319 777 5374 Dei
798 5321 1075 5377 altissimi?
1095 5322 1206 5377 Rex
1232 5322 1445 5391 quidem
1472 5332 1583 5375 erat
1607 5324 1801 5378 Salem.
1831 5324 1981 5378 Illum

400 5416 545 5471 enim
571 5416 723 5471 nobis
757 5425 811 5469 et
848 5414 1035 5471 beatus
1068 5416 1261 5473 Paulus
1303 5415 1543 5471 scribens
1574 5416 1638 5468 ad
1681 5433 1773 5471 eos
1799 5418 1885 5486 qui
1915 5433 1982 5473 cx

404 5505 642 5561 liebrazis
668 5507 1037 5574 crediderant,
1066 5522 1185 5562 cum
1213 5508 1263 5561 in
1293 5509 1524 5563 medium
1556 5508 1856 5565 adduxisset
1881 5550 1895 5574 ,
1928 5520 1981 5566 et

402 5612 595 5652 nomen
622 5598 741 5669 ejus
769 5607 1020 5654 tractaret
1047 5606 1204 5668 atque
1228 5601 1513 5664 civitatem,
1542 5601 1694 5654 simul
1721 5602 1983 5671 significa-

402 5688 601 5741 tionem
626 5690 855 5744 nominis
875 5689 991 5759 ejus
1014 5689 1411 5760 interpretatur,
1442 5702 1491 5745 et
1518 5706 1642 5744 usus
1664 5694 1977 5763 etymologia

400 5776 631 5847 quadam
666 5778 741 5835 ait
769 5796 783 5835 :
817 5776 1178 5847 Mclchiscdec,
1207 5782 1296 5835 res
1329 5783 1542 5849 justitia'
1568 5780 1588 5857 (
1617 5781 1768 5837 llebr.
1799 5784 1850 5837 1.
1882 5784 1973 5856 2).

1108 383 1166 440 S.
1207 379 1482 440 JOANNIS
1517 377 1992 437 CIIRYSOSTOMI
2033 376 2350 434 ARCUIEP.
2389 376 2920 434 CONSTANTINOP.

3569 382 3669 437 δὶα

2092 489 2224 545 Nam
2263 489 2555 545 secundum
2595 489 2907 545 Hebraicam
2950 489 3183 559 linguam
3228 488 3416 545 Metelli
3459 507 3675 561 regnum

2089 579 2349 651 signiﬁcat
2378 598 2391 633 :
2419 589 2474 635 et
2502 579 2670 635 Sedec
2690 622 2704 645 ,
2731 579 3011 649 justitiam.
3046 579 3110 633 Et
3134 594 3256 633 eum
3280 579 3347 634 ad
3376 596 3569 635 nomen
3597 583 3673 636 ei-

2090 672 2265 726 vitatis
2287 672 2447 733 venit.
2475 671 2586 726 Rea:
2607 673 2767 741 pacis,
2786 672 2957 741 inquit
2980 691 2992 724 :
3016 672 3191 727 Solem
3213 673 3515 727 enimidem
3538 673 3677 742 quod

2090 780 2191 835 pax
2215 773 2314 819 est.
2341 763 2603 819 Sacerdos
2628 773 2805 818 autem
2836 774 2971 829 erat,
3002 764 3138 818 forte
3166 780 3195 817 a
3224 767 3512 833 semetipso
3536 764 3678 818 ordi-

2092 866 2249 910 natus
2278 875 2291 910 :
2321 858 2397 910 sic
2419 856 2559 909 cnim
2588 865 2711 909 tunc
2736 867 2887 910 erant
2910 857 3214 911 sacerdotes
3237 874 3249 908 :
3275 858 3355 912 vel
3378 860 3497 926 quia
3523 866 3679 912 :etate

2091 950 2390 1017 provectior
2413 957 2548 1011 erat,
2571 963 2599 1001 a
2623 949 2731 1001 suis
2758 947 2903 1001 hunc
2922 949 3177 1003 honorem
3203 950 3436 1017 aecepit;
3464 950 3544 1003 vel
3567 948 3679 1017 ipse

2088 1040 2395 1093 sacriﬁcare
2430 1039 2647 1103 studuit,
2677 1039 2814 1092 sicut
2841 1047 2895 1091 et
2921 1038 3052 1104 Noe,
3084 1039 3235 1105 Abel,
3265 1040 3483 1104 Abram,
3506 1056 3676 1111 quan-

2087 1129 2156 1183 do
2182 1130 2439 1183 sacriliria
2471 1130 2796 1185 obtulerunt.
2827 1130 3074 1200 Alioquin
3102 1140 3155 1185 et
3182 1140 3336 1201 typus
3365 1131 3561 1186 Christi
3597 1132 3670 1187 fu-

2091 1231 2238 1274 turus
2278 1234 2411 1274 erat.
2448 1222 2598 1277 Unde
2627 1233 2680 1276 et
2719 1223 2910 1277 Paulus
2953 1223 3029 1278 sic
3068 1238 3189 1277 eum
3228 1224 3420 1292 accipit
3448 1222 3672 1280 dicens:

2092 1312 2217 1367 Sine
2244 1324 2387 1383 putre
2405 1355 2417 1377 ,
2445 1315 2554 1367 sine
2578 1324 2737 1366 matre
2755 1355 2770 1379 ,
2798 1315 2907 1367 sine
2941 1314 3234 1385 genealogia
3252 1355 3267 1378 ,
3296 1331 3456 1385 neque
3482 1315 3683 1369 initiatus

2088 1407 2305 1467 dierum,
2340 1422 2494 1476 neque
2517 1408 2628 1459 vitm
2651 1408 2803 1474 ﬁnem
2828 1407 3034 1469 habens.
3064 1408 3373 1461 assimilatas
3395 1418 3563 1463 autem
3590 1406 3679 1462 Fi-

2088 1499 2157 1551 lio
2186 1497 2301 1561 Dei,
2330 1509 2493 1550 omne!
2524 1500 2757 1551 sacerdos
2788 1500 2839 1551 in
2883 1510 3176 1567 perpetuum
3205 1500 3385 1570 (Hebr.
3420 1504 3472 1556 7.
3507 1503 3586 1571 5).
3618 1502 3683 1556 Et

2087 1588 2374 1657 quomodo,
2405 1588 2567 1651 dices,
2603 1572 2851 1656 possibile
2877 1600 2957 1643 est
2984 1590 3255 1643 hominem
3283 1592 3483 1660 ah-qne
3508 1601 3681 1661 putre,

2086 1688 2135 1732 ct
2171 1690 2336 1732 matre
2357 1720 2369 1737 ,
2398 1688 2449 1731 et
2481 1681 2596 1731 sine
2625 1679 2931 1748 genealogia
2973 1694 3091 1733 esse
3116 1722 3129 1742 ,
3154 1688 3209 1733 et
3236 1696 3338 1734 non
3372 1681 3570 1735 habere
3597 1682 3681 1735 vel

2090 1772 2315 1825 initium.
2347 1772 2424 1823 vvl
2456 1771 2613 1824 finem
2641 1772 2804 1824 vita)?
2834 1772 3036 1825 Audisti
3064 1789 3185 1827 eum
3220 1774 3437 1843 figuram
3469 1774 3635 1829 fuisse
3662 1792 3675 1824 :

2089 1875 2153 1913 ne
2179 1875 2305 1928 ergo
2334 1861 2597 1914 admirare
2621 1902 2634 1922 ,
2666 1876 2837 1931 neque
2867 1865 3044 1916 omnia
3087 1865 3297 1933 require
3325 1866 3374 1918 in
3404 1876 3547 1935 typo.
3581 1866 3685 1920 Nec

2088 1967 2191 2019 que
2222 1952 2362 2005 enim
2396 1962 2548 2021 typus
2575 1962 2715 2005 essct
2736 1994 2750 2015 ,
2781 1954 2823 2006 si
2852 1954 3028 2006 omnia
3058 1970 3176 2023 qum
3210 1955 3258 2006 in
3291 1958 3511 2009 veritate
3548 1971 3680 2009 con.

2090 2043 2296 2111 tingunt
2322 2083 2334 2104 ,
2374 2043 2615 2098 haberet.
2655 2044 2792 2109 Quid
2839 2046 2997 2113 igitur
3033 2055 3116 2099 est
3152 2046 3292 2116 quod
3336 2048 3403 2099 ibi
3446 2047 3685 2103 dicitur?

2086 2133 2233 2187 Sient
2273 2135 2360 2188 ille
2382 2174 2399 2199 ,
2431 2134 2596 2203 inquit
2622 2176 2636 2199 ,
2668 2150 2733 2189 eo
2763 2135 2903 2205 quod
2936 2136 3079 2189 nulla
3110 2137 3181 2191 sit
3209 2139 3464 2191 memoria
3493 2154 3683 2193 eorum

2089 2227 2177 2295 qui
2207 2236 2546 2295 genuerunt,
2579 2226 2771 2280 dicitur
2808 2228 2923 2281 sine
2966 2237 3113 2295 patre
3146 2238 3201 2283 et
3238 2230 3353 2282 sine
3394 2240 3562 2285 matre
3584 2273 3596 2291 .
3628 2240 3689 2285 et

2086 2316 2206 2385 quia
2237 2331 2341 2369 non
2377 2326 2685 2370 recensetnr
2714 2316 2827 2385 ejus
2854 2320 3159 2387 genealogia
3180 2361 3194 2383 ,
3227 2319 3420 2374 dicitur
3446 2322 3563 2376 sine
3587 2336 3685 2391 ge—

2089 2406 2325 2474 ncalogia
2357 2423 2369 2457 :
2400 2406 2471 2458 ita
2498 2415 2550 2458 et
2576 2404 2853 2469 Christus,
2885 2408 3005 2476 quia
3037 2424 3143 2462 non
3172 2408 3326 2462 habet
3358 2411 3435 2462 vel
3469 2411 3519 2463 in
3546 2412 3683 2464 cado

2090 2507 2335 2558 matrem,
2368 2497 2446 2548 vel
2476 2497 2525 2548 in
2558 2505 2695 2550 terra
2726 2507 2949 2564 patrem,
2980 2498 3179 2568 absque
3212 2501 3519 2569 genealogia
3546 2500 3686 2554 dici-

2089 2596 2175 2641 tur
2198 2598 2250 2643 et
2274 2599 2373 2642 est.
2401 2588 2531 2642 Vide
2556 2590 2823 2659 quomodo
2850 2606 2941 2657 per
2970 2595 3225 2645 honorem
3250 2592 3301 2645 in
3331 2592 3687 2659 patriarcham

2087 2679 2336 2732 collatum
2364 2721 2378 2743 ,
2421 2681 2733 2750 mysterium
2778 2680 2992 2749 aliquod
3026 2680 3178 2734 nobis
3207 2681 3522 2735 insinuatur.
3556 2682 3687 2735 Pro.

2095 2773 2214 2825 tulit
2241 2774 2382 2827 enim
2416 2788 2605 2842 panem
2634 2784 2687 2828 et
2722 2774 2923 2827 vinum.
2960 2773 3158 2828 Videns
3186 2785 3364 2845 typum
3387 2819 3401 2841 ,
3432 2777 3606 2847 cogita
3632 2788 3689 2832 et

2088 2863 2367 2917 veritatem
2389 2904 2405 2928 ,
2442 2875 2491 2918 et
2535 2863 2800 2918 admirare
2826 2864 3025 2918 divina:
3058 2863 3348 2933 Scriptura:
3378 2866 3483 2919 vim
3512 2909 3525 2927 ,
3554 2882 3688 2936 quo-

2090 2952 2250 3005 modo
2289 2954 2655 3021 superioribus
2694 2954 2902 3008 saeculis
2926 2964 2980 3008 et
3005 2954 3073 3009 ab
3099 2955 3250 3009 initio
3289 2954 3460 3009 futura
3504 2958 3687 3024 praesi-

2088 3041 2374 3111 gnifieavit.
2406 3041 2493 3096 l9.
2521 3042 2584 3094 Et
2611 3043 2882 3107 benedixit,
2913 3044 3100 3112 inquit,
3126 3044 3420 3109 Abramum,
3444 3050 3490 3099 et
3516 3046 3641 3099 dixit
3665 3064 3685 3100 :

2091 3132 2386 3187 Benedictus
2427 3134 2614 3187 Abram
2656 3133 2762 3188 Deo
2799 3136 3047 3189 altissimo
3069 3175 3087 3201 ,
3114 3137 3200 3204 qui
3223 3138 3407 3191 creavit
3430 3139 3609 3191 calum
3635 3148 3685 3192 et

2092 3234 2293 3275 terram.
2322 3222 2412 3277 20.
2448 3223 2511 3276 Et
2540 3224 2827 3277 benedictus
2853 3225 2989 3278 Deus
3017 3226 3293 3282 altissimus
3315 3270 3330 3292 ,
3358 3229 3447 3297 qui
3476 3229 3686 3282 tradidit

2089 3314 2316 3365 inimicos
2340 3323 2451 3365 tuos
2490 3315 2539 3366 in
2570 3332 2751 3368 manus
2778 3326 2914 3368 tuas.
2950 3315 3064 3369 Non
3094 3316 3267 3370 solum
3310 3316 3479 3386 ipsum
3522 3319 3688 3374 beue-
3776 3374 3785 3379 ,

2087 3401 2265 3468 dixit,
2297 3403 2390 3458 sed
2418 3414 2470 3458 et
2504 3405 2667 3460 Deum
2699 3406 3029 3475 glorificavit.
3062 3406 3129 3462 Ut
3153 3408 3287 3461 dixit
3314 3409 3455 3462 enim
3476 3450 3492 3475 ,
3526 3408 3686 3462 Bene-

2088 3494 2252 3545 dictus
2291 3494 2475 3547 Abram
2514 3494 2623 3548 Deo
2659 3496 2904 3549 altissimo
2927 3539 2941 3563 ,
2974 3498 3060 3566 qui
3090 3500 3273 3552 creavit
3302 3501 3479 3552 cadum
3508 3510 3551 3553 et
3579 3510 3683 3553 ter—

2087 3600 2217 3647 ram,
2240 3601 2270 3638 a
2293 3587 2549 3639 creaturis
2572 3587 2815 3641 virtutem
2841 3588 2929 3642 Dei
2958 3588 3109 3642 nobis
3133 3588 3437 3644 declaravit.
3465 3590 3520 3644 Si
3540 3592 3683 3643 enim

2090 3675 2232 3728 Deus
2258 3685 2340 3730 est
2365 3676 2451 3729 ille
2478 3678 2565 3745 qui
2598 3678 2845 3745 produxit
2874 3679 3059 3732 cadum
3088 3688 3142 3732 et
3170 3688 3386 3745 terram,
3419 3695 3524 3734 non
3556 3692 3679 3735 sunt

2085 3768 2193 3836 jam
2226 3769 2295 3821 dii
2324 3767 2412 3837 qui
2440 3768 2505 3821 ab
2535 3770 2836 3823 hominibus
2864 3771 3113 3825 coluntur
3137 3787 3151 3823 :
3185 3770 3272 3823 Dii
3297 3773 3458 3834 enim,
3492 3774 3679 3842 inquit,

2087 3859 2172 3927 qui
2195 3860 2375 3912 cretum
2395 3870 2441 3912 et
2463 3869 2644 3912 terram
2666 3878 2765 3913 non
2792 3863 3034 3931 fecerunt,
3062 3874 3264 3932 pereant
3288 3862 3418 3931 (Jer.
3452 3864 3538 3917 10.
3571 3866 3675 3930 ll).

2091 3946 2389 4001 Benedictus
2407 3989 2423 4014 ,
2454 3948 2657 4018 inquit,
2687 3949 2820 4004 Deus
2839 3992 2854 4015 ,
2884 3953 2970 4019 qui
2997 3953 3204 4004 tradidit
3231 3954 3460 4007 inimicos
3492 3964 3601 4007 tuos
3630 3956 3678 4007 in

2090 4050 2271 4091 nianus
2306 4048 2439 4092 tuas.
2472 4039 2602 4093 Vide
2625 4080 2640 4105 ,
2669 4054 2765 4092 oro
2789 4080 2803 4105 ,
2829 4042 3094 4111 quomodo
3138 4059 3241 4096 non
3283 4044 3455 4095 solum
3479 4047 3676 4113 justum

2090 4129 2358 4197 pra‘dicat,
2391 4129 2487 4184 sed
2515 4139 2569 4184 et
2598 4130 2688 4185 Dei
2717 4132 3012 4186 subsidiqu
3040 4135 3299 4203 agnoscit.
3330 4134 3510 4203 Neque
3538 4136 3677 4189 enim

2088 4220 2288 4289 absque
2330 4223 2471 4277 illius
2500 4223 2665 4293 gratia
2715 4225 2973 4294 potuisset
3010 4234 3152 4279 tanta
3185 4228 3418 4295 potentia
3449 4230 3681 4283 munitos

2089 4311 2325 4366 vincere.
2360 4312 2460 4380 Qui
2499 4313 2743 4378 tradidit,
2778 4314 2945 4382 inquit
2965 4355 2978 4376 ,
3008 4315 3243 4367 inimicos
3270 4327 3379 4370 tuos
3412 4333 3430 4369 :
3460 4320 3573 4385 ipse
3602 4329 3678 4371 t‘>l

2088 4402 2173 4470 qui
2205 4411 2370 4456 totum
2401 4415 2649 4471 cperatus
2674 4412 2756 4457 est
2782 4444 2796 4468 ,
2825 4404 2937 4472 ipse
2966 4413 3048 4458 est
3071 4405 3161 4473 qui
3194 4404 3357 4458 fortes
3388 4406 3509 4458 fecit
3536 4406 3677 4459 infir-

2088 4510 2223 4559 mos,
2257 4494 2369 4563 ipse
2395 4505 2475 4547 est
2504 4496 2591 4563 qui
2620 4510 2712 4563 per
2740 4496 2975 4549 inermes
3002 4506 3237 4550 armatos
3262 4496 3454 4565 du-jecit
3482 4514 3496 4550 :
3526 4499 3592 4552 ab
3617 4517 3679 4553 eo

2085 4596 2166 4640 est
2210 4587 2499 4654 auxilium,
2535 4587 2680 4657 quod
2726 4598 2925 4643 tantam
2972 4588 3043 4642 ibi
3092 4587 3340 4643 virtutem
3390 4593 3673 4645 concessit.

2089 4678 2188 4742 Qui
2212 4679 2440 4743 tradidit,
2468 4678 2655 4746 inquit,
2683 4680 2913 4733 inimicos
2936 4689 3045 4731 tuos
3072 4680 3123 4730 in
3151 4695 3329 4733 manus
3356 4690 3487 4735 luas.
3519 4680 3676 4736 Vides

2085 4771 2353 4841 quomodo
2382 4771 2615 4825 ostendit
2660 4772 2824 4841 ipsius
2857 4772 3195 4826 concordiam
3222 4812 3237 4838 ,
3270 4782 3324 4826 et
3355 4788 3675 4843 propensum

2086 4880 2322 4920 amorem
2354 4866 2406 4920 in
2446 4864 2545 4919 Lot
2578 4884 2591 4919 :
2621 4865 2959 4935 declaratque
2996 4881 3118 4921 eum
3154 4879 3250 4936 pro
3292 4865 3522 4921 inimicis
3551 4868 3676 4922 istos

2086 4954 2335 5012 habuisse
2360 4998 2375 5023 ,
2416 4965 2634 5028 propter
2671 4971 2731 5011 ea
2769 4972 2888 5026 quze
2918 4958 2969 5009 in
3000 4954 3177 5010 fratris
3203 4957 3366 5011 lilium
3397 4955 3677 5011 fecerant!

2088 5052 2152 5107 Et
2178 5055 2315 5107 dedit
2338 5055 2404 5119 ei,
2435 5054 2621 5123 inquit,
2652 5052 2872 5107 decimas
2896 5053 2960 5107 de
2982 5051 3232 5105 omnibus.
3261 5051 3371 5105 Hoc
3397 5061 3452 5106 et
3481 5051 3676 5105 Paulus

2085 5144 2213 5199 dicit
2233 5162 2247 5200 :
2266 5142 2592 5199 Considerate
2612 5156 2777 5197 autem
2792 5153 3007 5213 quantus
3026 5142 3133 5208 illc,
3150 5142 3230 5195 cui
3250 5142 3469 5196 decimas
3490 5144 3675 5196 Abram

2088 5236 2373 5308 patriarcha
2398 5236 2533 5288 dedit
2559 5236 2620 5289 de
2646 5236 2879 5305 primitiis
2907 5235 2924 5305 (
2946 5234 3099 5288 Hebr.
3129 5235 3180 5287 7.
3210 5235 3242 5288 4
3260 5234 3311 5301 );
3339 5234 3587 5289 videlicet
3612 5250 3674 5289 ex

2086 5329 2270 5398 Spoliis
2297 5343 2415 5397 qua:
2442 5326 2657 5380 adduxit
2695 5335 3068 5381 remuneratus
3094 5335 3178 5381 est
3204 5324 3640 5381 Meldiisedecem
3659 5368 3672 5389 ,

2086 5433 2140 5477 et
2164 5422 2398 5476 decimas
2423 5420 2471 5474 ei
2502 5421 2795 5490 segregavit
2826 5419 2891 5473 de
2917 5418 3167 5473 omnibus
3194 5432 3311 5487 qute
3336 5416 3506 5471 attulit
3541 5435 3554 5469 :
3582 5431 3676 5486 per

2086 5513 2187 5567 hoc
2230 5513 2416 5567 doctor
2460 5512 2626 5565 lactus
2674 5510 2956 5575 omnibus,
3000 5521 3056 5563 ut
3095 5519 3303 5579 gratum
3339 5509 3674 5563 declamantes

2085 5604 2318 5657 animum
2344 5646 2358 5666 ,
2389 5602 2647 5671 primitias
2687 5616 2870 5655 eorum
2899 5617 3016 5671 qum
3043 5602 3141 5656 sibi
3172 5616 3201 5654 a
3233 5601 3345 5656 Deo
3371 5599 3674 5655 concedun-

2086 5707 2192 5760 tur,
2221 5694 2466 5749 oﬂ'erant.
2499 5693 2627 5747 Post
2672 5691 2785 5745 haec
2829 5692 3180 5747 Sodomorum
3223 5709 3316 5748 res
3356 5690 3670 5762 patriarchte

2086 5782 2574 5853 magnanimitatem
2605 5782 2986 5853 obstupescens
3012 5783 3140 5839 dicit
3178 5784 3227 5838 ei
3258 5802 3269 5836 :
3300 5781 3389 5837 2|.
3435 5779 3517 5837 Da
3553 5780 3670 5833 mihi
