4054 6324
449 347 568 405 329'

441 471 592 534 ἀγειν
620 462 727 516 τῶν
758 463 906 534 παρὰ
932 463 1026 517 τοῦ
1060 464 1193 517 Θεοῦ
1224 466 1353 534 ἡμῖν
1382 463 1846 534 παρατχεθέντων.
1888 459 2016 516 Εἶτα

439 549 733 614 ἐκπλαγεὶς
759 548 852 602 τοῦ
882 550 1219 619 πατριάρχου
1253 548 1402 620 [558]
1433 549 1532 616 τὴν
1566 549 1967 619 μεγαλοψυχίαν
1991 552 2019 602 ό

439 630 690 699 βασιλεὺς
744 629 994 700 Σοδόμων
1041 624 1171 701 φησι
1220 632 1354 701 πρὸς
1385 633 1566 684 αὑτόν·
1607 634 1720 693 Δός
1750 650 1849 701 μοι
1879 633 2018 699 τοὺς

436 712 680 780 ἄνδρας,
708 715 821 781 τὴν
853 713 920 767 δὲ
951 716 1136 768 ἵππον
1164 713 1308 768 λάόε
1336 713 1592 778 σεαυτῷ.
1620 715 1774 784 Καλὴ
1800 715 1892 768 τοῦ
1923 714 2020 785 βα-

438 796 628 858 σιλέως
652 799 682 866 ή
713 797 1115 866 εὐγνωμοσύνη·
1141 797 1254 850 ἀλλ’
1278 798 1379 866 ὅρα
1397 796 1490 848 τοῦ
1513 797 1720 850 δικαίου
1744 799 1840 867 τὴν
1870 799 2017 866 φιλο-

438 879 649 944 σοφίαν.
676 876 820 945 Εἷπε
832 880 898 933 δὲ
920 882 983 933 Ἀ
993 881 1140 948 ϐραμ
1161 881 1311 948 πρὸς
1328 879 1704 942 τὸνβασιλέα
1720 880 2012 949 Σοδόμων·

449 960 695 1014 ἐκτενῶ
728 964 841 1028 τὴν
874 961 1039 1029 χεῖρά
1068 978 1186 1030 μου
1230 961 1378 1028 πρὸς
1409 962 1516 1014 τὸν
1556 963 1704 1016 Θεὸν
1741 963 1847 1016 τόν
1881 963 2016 1030 ὕψι-

436 1059 607 1106 στον,
635 1045 702 1110 δς
724 1045 971 1110 ἐποίησε
993 1043 1098 1096 τὸν
1119 1045 1378 1112 οὐρανὸν
1405 1047 1501 1096 καὶ
1533 1045 1646 1112 τὴν
1667 1044 1799 1114 γῆν,
1821 1047 1873 1098 εί
1895 1046 2015 1099 ἀπὸ

436 1133 731 1200 σπαρτίου
756 1133 866 1196 ἕως
886 1131 1301 1200 σφαιρωτῆρος
1327 1132 1705 1201 ὑποδήματος
1743 1133 2014 1202 λήψομαι

435 1214 554 1266 ἀπὸ
595 1213 836 1267 πάντων
879 1213 998 1267 τῶν
1035 1214 1182 1280 σῶν,
1226 1217 1326 1267 ἵνα
1355 1215 1441 1283 μὴ
1480 1218 1676 1282 ειπῃς,
1723 1215 1812 1268 ὅτι
1869 1215 2014 1285 Ἐγὼ

434 1297 804 1349 πεπ.1οὐτικα
837 1296 942 1349 τὸν
977 1298 1214 1366 Ἀϐραμ.
1251 1297 1423 1366 Πολλὴ
1463 1298 1555 1350 τοῦ
1601 1300 1937 1368 πατριάρχου
1979 1300 2011 1368 ή

434 1378 562 1447 περὶ
604 1377 673 1430 τά
705 1380 960 1448 χρήματα
1000 1378 1285 1448 ὑπεροψία.
1327 1381 1433 1432 Καὶ
1481 1380 1624 1441 τίνος
1672 1380 1854 1432 ἕνεκεν
1894 1381 2011 1448 μεθ’

433 1460 595 1527 ὅρκου
622 1460 720 1529 τὴν
749 1461 1117 1531 ἀπαγόρευσιν
1141 1464 1391 1522 ποιεῖται,
1420 1461 1512 1512 καί
1536 1477 1721 1531 φησιν,
1764 1461 2013 1515 Ἑκτενῶ

435 1541 547 1608 τὴν
590 1542 759 1609 χεῖρά
796 1561 916 1610 μου
957 1544 1106 1609 πρὸς
1151 1543 1256 1595 τὸν
1307 1542 1455 1596 Θεὸν
1488 1544 1595 1596 τὸν
1632 1544 1916 1610 ὕψιστον,
1944 1545 2011 1611 ὃς

433 1624 634 1677 ἔκτισε
669 1625 774 1678 τὸν
795 1623 1055 1690 οὐρανὸν
1087 1625 1185 1678 καί
1225 1624 1340 1691 τὴν
1360 1623 1515 1693 γῆν;

505 1704 578 1769 ς’.
600 1707 904 1776 Ἀμφότερα
942 1705 1185 1776 βούλεται
1204 1707 1489 1760 παιδεῦσαι
1511 1706 1601 1761 τὸν
1615 1707 1724 1760 τῶν
1760 1708 2010 1778 Σοδόμων

435 1787 677 1855 βασιλέα,
715 1790 808 1843 καὶ
845 1790 926 1842 ὅτι
961 1790 1223 1860 κρείττων
1257 1789 1372 1843 ἐστὶ
1406 1790 1514 1843 τῶν
1559 1794 1692 1861 παρ’
1725 1791 1890 1844 αὑτοῦ
1921 1791 2009 1844 δε-

431 1872 689 1941 δομένων,
714 1875 807 1926 καὶ
831 1873 1028 1943 πολλὴν
1051 1873 1412 1926 ἐπιδείκνυται
1433 1875 1530 1944 τὴν
1557 1874 1894 1942 φιλοσοφίαν,
1917 1875 2010 1928 καὶ

433 1955 741 2018 θεοσεϐείας
765 1957 914 2027 αὑτῷ
935 1957 1250 2020 διδάσκαλος
1283 1957 1536 2025 γενέσθαι
1578 1959 1864 2023 σπουδάζει
1921 1976 2011 2029 μο-

431 2037 640 2107 νονουχὶ
667 2037 929 2091 διδάσκων
952 2039 1132 2102 αὑτὸν,
1163 2040 1244 2091 ὃτι
1275 2040 1480 2091 ἐκεῖνόν
1506 2056 1586 2092 σοι
1615 2040 1841 2110 παρέχω
1867 2041 2008 2108 μάρ-

431 2136 588 2190 τυρα,
617 2121 697 2171 ὅτι
725 2119 874 2172 οὐδὲν
900 2119 1006 2171 τῶν
1039 2119 1190 2189 παρὰ
1219 2119 1311 2172 σοῦ
1347 2120 1605 2190 λήψομαι,
1637 2122 1727 2173 τὸν
1754 2121 2007 2174 ἀπάντων

428 2201 775 2272 δημιουργὸν,
808 2203 891 2254 ῐνα
931 2201 1127 2254 είδέναι
1158 2201 1300 2272 ἔχοις
1341 2205 1430 2256 τὸν
1465 2205 1557 2256 ἐπὶ
1590 2206 1805 2258 πάντων
1851 2204 2005 2267 Θεὸν,

429 2285 522 2336 καὶ
555 2284 628 2354 μή
651 2284 874 2354 νομίσῃς
897 2280 1036 2337 εἶναι
1071 2284 1225 2348 θεοὺς
1253 2284 1320 2338 τά
1349 2285 1454 2338 ὑπὸ
1479 2286 1676 2356 χειρῶν
1706 2285 2007 2356 ἀνθρώπων

428 2369 956 2437 κατασκευαζόμενα.
987 2363 1154 2430 Οὗτος
1177 2368 1285 2438 γάρ
1309 2368 1582 2439 όοὺρανοῦ
1612 2371 1705 2422 καὶ
1731 2371 1830 2438 γῆς
1856 2385 2008 2438 ποιη-

428 2452 546 2519 τὴς,
580 2450 740 2511 αὑτὸς
777 2451 868 2502 καὶ
905 2450 994 2502 τὸν
1023 2449 1258 2518 πόλεμον
1290 2452 1478 2504 τοῦτον
1511 2451 1880 2523 ἐτροπώσατο,
1913 2451 2006 2504 καὶ

426 2534 525 2602 τῆς
570 2532 726 2602 νίκης
766 2533 933 2593 αἴτιος
977 2532 1233 2602 κατέστη.
1282 2534 1372 2604 Μὴ
1405 2535 1584 2587 τοίνυν
1629 2533 2001 2604 προσδοκήσῃς

427 2617 526 2685 ἐμὲ
550 2614 831 2681 ἀνέξεσθαί
862 2632 913 2668 τι
940 2615 1120 2667 λαϐεῖν
1142 2615 1250 2666 τῶν
1274 2617 1422 2684 παρὰ
1444 2616 1536 2669 σοῦ
1561 2615 1870 2686 διδομένων.
1903 2617 2006 2668 Οὑ-

425 2698 482 2750 δὲ
528 2696 636 2768 γάρ
681 2696 773 2750 ἐπὶ
819 2696 995 2766 μισθῷ
1039 2697 1136 2765 τὴν
1178 2695 1418 2749 ἐκδικίαν
1461 2699 1823 2769 ἐποιησάμην,
1871 2699 2004 2751 am

427 2782 689 2851 πρότερον
729 2780 830 2850 μὲν
858 2780 944 2832 διὰ
971 2779 1068 2848 τὴν
1095 2781 1222 2850 περὶ
1254 2781 1345 2833 τὸν
1380 2781 1692 2848 ἀδελφιδοῦν
1719 2785 2003 2854 φιλοστορ-

425 2864 569 2929 γίαν,
610 2862 799 2915 ἔπειτα
823 2861 878 2915 δὲ
903 2863 997 2915 καὶ
1027 2863 1093 2914 δι’
1123 2864 1293 2933 αὑτὴν
1322 2863 1416 2914 τοῦ
1451 2863 1658 2917 δικαίου
1692 2866 1790 2936 τὴν
1821 2867 2000 2934 φύσιν,

423 2946 564 2999 ὥστε
587 2946 713 3010 τοὺς
733 2946 931 3008 ἀδίκως
955 2947 1307 3016 ἀπηγμένους
1335 2946 1637 3020 ἐξαρπάσαι
1661 2948 1770 3002 τῶν
1795 2949 2002 3019 βαρδα-

427 3028 594 3098 ρικῶν
618 3028 834 3098 χειρῶν.
872 3031 936 3081 El
965 3029 1083 3082 ἀπὸ
1114 3030 1432 3097 σπαρτίου,
1466 3031 1651 3100 φησιν,
1685 3030 1796 3096 ἕως
1827 3045 2004 3099 σφαι-

424 3109 686 3177 ρωτῆρος
733 3110 1002 3178 λήψομαι
1052 3110 1170 3164 ἀπὸ
1212 3111 1453 3166 πάντων
1502 3111 1621 3166 τῶν
1660 3111 1807 3166 σῶν·
1855 3111 2002 3165 τοῦτ’

426 3193 593 3255 ἐστιν,
621 3193 741 3245 οὑδὲ
767 3191 826 3244 τὸ
857 3192 1036 3262 τυχδν,
1064 3193 1184 3246 οὑδέ
1211 3195 1269 3248 τὸ
1297 3196 1530 3262 εὐτελὲς,
1551 3195 1671 3249 οὐδὲ
1693 3196 1760 3250 τὸ
1781 3196 2005 3249 εὐκατα-

425 3275 691 3345 φρόνητον
729 3275 1099 3345 νομιζόμενον.
1131 3277 1238 3329 Καὶ
1259 3279 1363 3349 γὰρ
1400 3281 1756 3351 σφαιρωτῆρα
1780 3280 2004 3334 εἰώθασι

384 3373 387 3375 ’
423 3361 601 3426 λέγειν
644 3360 705 3412 τὸ
737 3358 905 3429 ἀκρον
949 3358 1040 3412 τοῦ
1088 3360 1432 3431 ὑποδήματος
1473 3363 1534 3435 1.0
1562 3365 1641 3426 είς
1675 3364 1768 3429 όξὺ
1815 3364 1999 3434 λῆγον·

421 3443 680 3506 τοιούτοις
700 3443 809 3513 γάρ
832 3441 948 3504 ἔθος
969 3441 1151 3511 έχουσι
1177 3444 1470 3513 κεχρῆσθαι
1492 3447 1539 3496 οί
1562 3444 1844 3518 βάρϐαροι.
1872 3443 2002 3501 Εἶτα

425 3528 520 3579 καὶ
550 3527 650 3594 τὴν
674 3526 854 3578 αἰτίαν
881 3525 976 3594 τῆς
1007 3527 1387 3596 παραιτήσεως
1419 3545 1602 3598 φησιν,
1638 3531 1771 3584 Ἵνα
1807 3531 1893 3598 μὴ
1923 3533 2002 3584 ει-

423 3627 568 3678 πῃς,
612 3608 761 3677 Ἐγὼ
789 3610 1159 3662 πεπλούτικα
1201 3609 1307 3662 τὸν
1338 3613 1580 3680 ’Λϐραμ.
1621 3614 1768 3684 Ἔχω
1794 3615 1883 3667 τὸν
1910 3634 1999 3685 χο-

426 3693 593 3763 ρηγὸν
621 3691 727 3744 τῶν
747 3692 955 3762 μυρίων
982 3692 1221 3759 ἀγαθῶν,
1251 3693 1448 3763 πολλῆς
1467 3695 1727 3748 ἀπολαύω
1747 3697 1844 3765 τῆς
1861 3697 2004 3749 ἀνω-

423 3778 513 3830 θεν
545 3775 736 3846 ῥοπῆς,
763 3775 824 3827 οὑ
843 3774 1032 3844 δέομαι
1054 3777 1147 3827 τοῦ
1174 3776 1326 3846 παρά
1348 3777 1438 3830 σοῦ
1464 3778 1713 3844 πλούτου,
1735 3781 1796 3833 οὑ
1818 3782 2004 3851 χρῄζω

423 3859 770 3930 ἀνθρωπίνης
800 3856 1084 3928 εὐπορίας,
1129 3857 1406 3927 ἀρκοῦμαι
1433 3862 1500 3928 τῇ
1539 3862 1691 3932 παρά
1743 3863 1833 3914 τοῦ
1869 3865 2004 3917 Θεοῦ

425 3944 502 4003 εἰς
529 3941 627 4010 ἐμὲ
653 3939 954 4009 φιλοτιμία,
979 3934 1096 3992 οίδα
1123 3938 1284 3992 αὑτοῦ
1310 3941 1369 3993 τὸ
1396 3935 1748 4010 δαψιλὲς”τῶν
1766 3945 2002 4015 δωρεῶν.

427 4025 547 4076 Τῶν
582 4022 790 4093 μικρῶν
822 4023 914 4074 καὶ
943 4021 1175 4074 εὐτελῶν
1197 4026 1608 4095 παραχωρήσας
1634 4025 1710 4095 τῷ
1739 4015 1881 4087 Λὼτ,
1918 4045 2006 4097 με.

426 4108 605 4175 γάλων
638 4107 730 4158 καὶ
769 4105 1095 4174 ἀπορρήτων
1125 4104 1364 4176 ἠξιώθην
1393 4109 1755 4178 ὑποσχέσεων·
1794 4111 1884 4163 καὶ
1911 4112 2005 4167 νῦν

430 4191 648 4258 μείζονα
673 4187 897 4240 πλοῦτον
915 4185 1090 4256 ἐαυτῷ
1114 4191 1649 4260 πραγματευόμενος,
1675 4193 1767 4244 καὶ
1789 4193 2005 4248 πλείονα

428 4275 554 4341 παρ’
605 4271 767 4324 αὑτοῦ
821 4270 1033 4323 εὖνοιαν
1096 4273 1492 4341 ἐπισπώμενος,
1555 4275 1645 4327 τὸν
1708 4277 1856 4345 παρὰ
1908 4278 2002 4331 σοῦ

429 4357 654 4409 πλοῦτον
678 4356 739 4406 οὑ
766 4353 1076 4424 προσίεμαι.
1104 4355 1201 4407 Διά
1222 4354 1376 4406 τοῦτο
1398 4356 1476 4414 δὲ,
1501 4357 1575 4419 ὡς
1600 4353 1771 4427 οἶμαι,
1801 4362 1892 4413 καὶ
1915 4361 2003 4413 τὸν

427 4441 584 4510 ὅρκον
645 4437 972 4509 προσέθηκε,
1022 4437 1114 4488 καὶ
1163 4433 1331 4498 εἶπεν,
1397 4439 1647 4492 Ἐκτενῶ
1691 4441 1804 4507 τὴν
1840 4445 2004 4512 χεῖρά

426 4539 540 4589 μου
581 4521 730 4589 πρὸς
771 4520 876 4572 τὸν
919 4517 1068 4572 Θεὸν
1109 4519 1215 4572 τὸν
1256 4521 1537 4599 ὕψιστον,
1576 4523 1660 4576 ῖνα
1703 4525 1777 4595 μὴ
1811 4529 2005 4599 νομίσῃ

430 4605 612 4666 ἁπλῶς
643 4603 804 4658 αὑτὸν
839 4602 1288 4672 σχηματίζεσθαι,
1335 4598 1424 4656 οἷα
1465 4605 1782 4674 συμϐαίνειν
1838 4598 2005 4672 είκός·

431 4687 660 4740 ἀλλ’ἵνα
707 4686 851 4756 μάθῃ
883 4686 964 4737 ὅτι
998 4684 1152 4737 τοῦτο
1185 4685 1332 4755 αὺτῴ
1371 4687 1635 4752 δέδοκται,
1679 4692 1738 4742 τὸ
1777 4693 1910 4762 μηδέ
1951 4694 2009 4746 τὺ

431 4772 589 4840 τυχὸν
624 4769 830 4822 ἐκεῖθεν
857 4766 1231 4836 νοσφίσασθαι.
1267 4770 1373 4822 Καὶ
1415 4771 1651 4841 ἐπλήρου
1699 4775 1759 4827 τὸ
1791 4777 2008 4845 παράγ-

433 4853 608 4921 γελμα
639 4854 812 4904 ἐκεῖνο
842 4851 900 4902 τὸ
923 4849 1069 4922 παρά
1092 4849 1186 4903 τοῦ
1226 4851 1461 4919 Χριστοῦ
1493 4856 1604 4916 τοῖς
1645 4857 1911 4926 μαθηταῖς
1941 4861 2010 4910 εί-

434 4936 688 5006 ρημένον·
749 4934 977 5000 Δωρεάν
1007 4933 1268 4995 ἐλάϐετε,
1302 4934 1528 5002 δωρεὰν
1569 4937 1724 4992 δότε.
1768 4942 1859 5009 Μὴ
1902 4942 2008 5012 γὰρ

434 5017 542 5086 ἐγώ
570 5035 622 5070 τι
649 5017 851 5078 πλεῖον,
877 5016 1060 5086 φησὶν,
1089 5017 1380 5085 εἰσήνεγκα
1407 5020 1484 5081 είς
1518 5019 1614 5090 τὴν
1643 5022 1736 5074 τοῦ
1773 5024 2008 5093 πολέμου

435 5099 768 5171 ὑπόθεσιν.ἢ
810 5099 968 5169 μόνον
1005 5100 1103 5170 τὴν
1141 5099 1364 5168 γνώμην
1397 5102 1490 5153 καὶ
1530 5103 1631 5172 τὴν
1669 5104 2007 5176 προθυμίαν;

434 5184 546 5254 Τὴν
599 5183 652 5237 δέ
713 5183 869 5254 νίκην
930 5183 1023 5235 καὶ
1058 5183 1120 5234 τὸ
1157 5181 1437 5252 τρόπαιον,
1472 5184 1565 5237 καὶ¹
1609 5186 1675 5238 τὰ
1705 5187 1835 5240 ἀλλα
1859 5186 2008 5261 [359]

436 5269 612 5320 πάντα
650 5269 811 5330 αὑτὸς
845 5267 1139 5338 εἰργάσατο
1159 5271 1223 5337 τῇ
1257 5268 1473 5339 ἀοράτῳ
1496 5269 1740 5341 δυνάμει.
1767 5269 1898 5326 Εἶτα
1924 5275 2009 5328 ῖνα

438 5353 512 5422 μὴ
537 5351 732 5422 νομίσῃ
759 5351 785 5402 ὁ
810 5349 1080 5419 βασιλεὺς,
1106 5350 1187 5401 ὅτι
1205 5349 1270 5401 δι’
1293 5351 1591 5420 ὑπεροψίαν
1618 5352 1710 5406 καὶ
1739 5356 2013 5427 καταφρό-

436 5453 586 5504 νησιν
626 5435 688 5486 οὑ
724 5434 1002 5504 προσίεται
1033 5432 1102 5484 τὰ
1140 5433 1269 5502 παρ’
1297 5434 1460 5486 αὑτοῦ
1495 5437 1766 5505 διδόμενα,
1798 5439 2011 5506 δεικνὺς

436 5516 601 5572 αὐτοῦ
634 5518 727 5569 καὶ
756 5519 811 5570 ἐν
843 5517 1017 5587 τούτῳ
1056 5518 1115 5569 τὸ
1156 5518 1382 5587 ἥμερον,
1420 5519 1644 5590 καὶτῆς
1685 5521 1910 5593 γνώμης
1953 5527 2012 5578 τὸ

438 5603 748 5672 φιλόσοφον,
780 5602 961 5672 φησίν·
991 5603 1052 5655 οὑ
1082 5601 1342 5674 λήψομαι,
1379 5605 1550 5673 Πλὴν
1576 5599 1663 5659 ὧν
1698 5609 1922 5676 ἔφαγον
1957 5614 2011 5666 οί

435 5686 768 5749 νεανίσκοι,
791 5683 1013 5752 καὶτῆς
1037 5686 1276 5754 μερίδος
1310 5687 1428 5742 τῶν
1457 5688 1695 5757 ἀνδρῶν
1719 5690 1835 5743 τῶν
1862 5708 2012 5762 συμ-

439 5767 846 5846 πορευθέντων
864 5769 990 5837 μετ’
1011 5769 1175 5836 ἐμοῦ,
1205 5770 1461 5839 Ἐσχὼλ,
1488 5772 1715 5837 Αῠνᾶν,
1736 5771 2005 5846 Μαμϐρῆ·

440 5845 604 5931 οὗτοι
628 5849 926 5917 λήψονται
948 5851 1179 5918 μερίδα.
1211 5849 1447 5916 Τούτοις.
1490 5856 1641 5923 φησι.
1677 5845 2013 5931 συγχωρήσω

442 5930 625 5985 λαϐεῖν
653 5949 773 5985 τινα
810 5933 1024 6002 μερίδα,
1065 5934 1253 6003 ἐπειδὴ
1299 5935 1496 6008 πολλῆς
1530 5938 1707 6006 φιλίας
1739 5930 2011 6015 τεκμήρια

1137 351 1193 407 S.
1232 348 1516 406 JOANNIS
1553 348 2046 405 CIIRYSOSTOMI
2084 349 2403 406 ARCIIIEP.
2439 349 2991 408 CONSTANTINOP.

3596 346 3707 401 330

2125 463 2484 528 ἐπεδείξαντο.
2557 462 2731 519 Οὗτοι
2787 465 2930 534 γάρ.
3004 465 3171 531 φησὶ.
3236 457 3579 526 συνωμόται
3630 459 3712 520 τῷ

2127 547 2360 616 Ἀόρνῳ,
2394 547 2539 600 τοῦτ’
2577 548 2746 613 ἔστιν,
2777 551 2856 610 εἰς
2881 546 3058 616 φιλίαν
3086 561 3150 596 συ
3163 542 3440 613 ιημμένοι·
3468 541 3561 591 καὶ
3581 538 3708 591 τοῦο

2119 647 2180 682 το
2209 630 2445 682 δείκνυσι
2486 631 2547 683 τὸ
2578 631 2796 684 ἑλέσθαι
2835 631 3034 689 αὑτοὺς
3066 625 3393 695 κοινωνῆσαι
3421 622 3570 691 αὑτῷ
3603 621 3714 673 τῶν

2120 713 2401 766 κινδύνων.
2451 715 2548 765 Διά
2589 713 2748 766 τοῦτο
2785 713 2880 765 καὶ
2911 711 3076 774 αὑτὸς
3123 708 3482 779 ἀμειδόμενος
3509 704 3713 766 αὑτοὺς

2119 796 2526 866 παρασκευάζει
2553 797 2744 868 μερίδα
2767 796 2890 848 τινά
2913 795 3116 860 λαϐεῖν,
3143 794 3238 847 καὶ
3262 796 3320 848 ἐν
3349 791 3523 861 τούτῳ
3547 788 3711 843 πάλιν

2115 878 2208 930 τὸν
2238 879 2592 932 ἀποστολικδν
2615 881 2777 949 νόμον
2803 879 3026 949 πληρῶν
3046 878 3136 931 τὸν
3167 877 3413 946 λέγοντα,
3451 876 3648 938 Ἄξιος
3677 875 3711 925 ό

2116 960 2362 1029 ἐργάτης
2417 961 2522 1028 τῆς
2570 962 2795 1032 τροφῆς
2849 962 3036 1017 αὑτοῦ
3081 963 3270 1016 ἐστιν.
3319 960 3456 1012 Οὑδέ
3509 959 3618 1030 γάρ
3656 973 3708 1012 τι

2117 1044 2278 1096 πλέον
2308 1047 2405 1113 τῆς
2434 1047 2623 1115 χρείας
2667 1047 2864 1110 αὑτοὺς
2890 1046 3077 1100 λαϐεῖν
3109 1044 3324 1114 ἀφίησι·
3374 1041 3550 1108 Πλὴν
3575 1041 3705 1111 γὰρ,

2117 1127 2301 1196 φησὶν,
2334 1123 2422 1180 ῶν
2457 1130 2685 1197 ἔφαγον
2729 1134 2783 1184 al
2822 1132 3153 1191 νεακίσκοι,
3193 1128 3289 1180 καί
3319 1124 3428 1192 τῆς
3462 1124 3708 1193 μερίδος

2115 1210 2235 1264 τῶν
2264 1212 2807 1279 συμπορευθέντων
2835 1215 2961 1280 μετ’
2982 1211 3150 1281 ἐμοῦ,
3188 1210 3444 1279 Ἐσχὼλ,
3475 1206 3705 1270 Δύνᾶνν

2115 1292 2384 1361 Μαμϐρῆ·
2412 1291 2572 1348 οὗτοι
2604 1294 2888 1362 mmor-ta
2931 1295 3156 1362 μερίδα.
3189 1293 3355 1347 Ἴδετε
3376 1292 3476 1362 τῆς
3501 1290 3706 1362 ἀρετῆς

2113 1375 2207 1428 τοῦ
2244 1376 2579 1445 πατριάρχου
2614 1376 2710 1445 τὴν
2746 1375 3053 1444 ἀκρίϐειαν,
3087 1376 3203 1439 πῶς
3228 1377 3323 1430 καὶ
3360 1377 3460 1444 τὴν
3488 1375 3722 1443 φιλοσοο.

2115 1460 2245 1526 φίαν
2273 1456 2584 1522 ἐπεδείξατο
2615 1459 2712 1528 τὴν
2733 1459 2860 1528 περὶ
2889 1460 2987 1529 τὴν
3018 1458 3319 1528 ὑπεροψίαν
3347 1459 3457 1510 τῶν
3487 1457 3707 1527 χρημά-

2113 1559 2240 1605 των,
2265 1541 2358 1594 καὶ
2379 1541 2476 1609 τὴν
2496 1542 3020 1614 ταπεινοφροσύνην,
3054 1544 3146 1595 καὶ
3174 1543 3350 1595 πάντα
3373 1545 3534 1605 ποιεῖ,
3560 1540 3703 1593 ὥστε

2115 1624 2188 1694 μὴ
2223 1624 2372 1687 δόξαι
2407 1624 2695 1694 ἀλαζονείᾳ
2719 1627 2824 1676 τινὶ
2859 1627 2952 1678 καὶ
2977 1629 3380 1696 καταφρονήσει
3406 1625 3567 1677 τοῦτο
3597 1642 3666 1677 πε
3688 1655 3699 1662 -

2114 1707 2417 1777 ποιηκέναι,
2452 1708 2546 1760 καὶ
2569 1708 2656 1760 διὰ
2679 1707 2836 1760 τοῦτο
2861 1710 3004 1778 μέγα
3037 1711 3253 1779 φρονεῖν
3277 1708 3369 1759 ἐπὶ
3392 1711 3459 1778 τῇ
3481 1708 3605 1780 νίκῃ
3631 1710 3698 1777 τῇ

2111 1790 2459 1863 γεγενημένῃ
2482 1807 2496 1854 ς
3565 1833 3568 1837 ·

2185 1870 2248 1935 ζ’.
2277 1871 2478 1925 Τοῦτον
2512 1872 2575 1942 δὴ
2599 1873 2694 1926 καὶ
2712 1875 2874 1943 ἡμεῖς
2907 1871 3224 1944 μιμώμεθα,
3245 1870 3571 1943 παρακαλῶ,
3601 1871 3697 1923 καὶ

2114 1953 2505 2024 σπουδάζωμεν
2528 1953 2804 2026 ἀλήπτους
2833 1957 3061 2020 ἐαυτοὺς
3091 1957 3406 2025 φυλάττειν,
3432 1957 3526 2010 καὶ
3562 1955 3700 2025 μήτε

2113 2037 2383 2106 προφάσει
2428 2037 2530 2106 τῆς
2574 2039 2776 2107 ἀρετῆς
2812 2040 3072 2103 ἀπονοίας
3114 2041 3329 2102 ἑαυτοῖς
3363 2039 3702 2110 περιτιθέναι

2109 2118 2285 2185 δόξαν,
2323 2119 2456 2188 μηδέ
2509 2121 2782 2190 προφάσει
2821 2121 3326 2192 ταπεινοφροσύνης
3361 2122 3463 2191 τῆς
3502 2121 3703 2192 ἀρετῆς

2110 2201 2460 2271 καταμελεῖν·
2491 2201 2629 2254 ἀλλὰ
2658 2203 2934 2273 πανταχοῦ
2968 2205 3030 2256 τὸ
3052 2205 3250 2276 μέτρον
3275 2203 3581 2269 διασώζειν,
3605 2202 3703 2255 καὶ⁵

2106 2287 2219 2344 τοῖς
2243 2283 2628 2354 κατορθώμασι
2648 2287 2759 2348 τοῖς
2779 2286 2868 2353 ὑφ’
2888 2285 3040 2358 ὑμῶν
3072 2296 3091 2317 ⁸
3114 2287 3424 2355 γινομένοις
3449 2285 3702 2354 καθάπερ

2109 2367 2356 2435 θεμέλιόν
2395 2384 2517 2418 τινα
2559 2368 2653 2420 καὶ
2687 2367 3024 2439 ὑποδάθραν,
3065 2369 3162 2440 τὴν
3194 2367 3702 2439 ταπεινοφροσύνην

2111 2445 2445 2508 ὑποτιθέναι,
2479 2445 2565 2497 ἵνα
2601 2447 2737 2514 μετά
2768 2446 3068 2514 ἀσφαλείας
3090 2448 3222 2517 ἡμῖν
3251 2446 3602 2515 οίκοδομῆται
3628 2443 3702 2497 τά

2106 2527 2205 2596 τῆς
2237 2529 2458 2597 ἀρετῆς.
2490 2529 2661 2582 Τοῦτο
2699 2529 2809 2600 γὰρ
2830 2530 3021 2600 ἀρετὴ,
3057 2533 3185 2584 ὅταν
3217 2529 3316 2602 ἐχῃ
3343 2529 3550 2597 ταύτην
3576 2543 3702 2578 συν-

2106 2611 2464 2680 εζευγμένην.
2510 2613 2570 2662 '0
2598 2612 2706 2682 γὰρ
2742 2612 2931 2665 τοῦτον
2973 2614 3112 2685 μετά
3138 2613 3442 2681 ἀσφαλείας
3490 2612 3581 2664 τὸν
3612 2611 3702 2662 θε-

2109 2694 2293 2763 μέλιον
2317 2694 2638 2747 καταϐαλὼν
2669 2696 2955 2764 δυνήσεται
2989 2697 3123 2767 πρὸς
3143 2697 3269 2750 ὅσον
3293 2695 3540 2765 βούλεται
3565 2694 3701 2763 ὕψος

2106 2778 2316 2846 ἐγεῖραι
2351 2775 2448 2844 τὴν
2464 2777 2773 2847 οίκοδομήν.
2806 2778 2952 2849 Αὕτη
2984 2781 3214 2849 μεγίστη
3241 2779 3534 2846 ἀσφάλεια,
3557 2778 3700 2848 αὕτη

2105 2862 2280 2925 τεῖχος
2320 2859 2580 2927 ἀρραγές.
2627 2859 2765 2928 αῦτη
2808 2860 3016 2931 πύργος
3061 2862 3508 2930 ἀκαταμάχητος,
3557 2859 3700 2928 αὕτη

2106 2940 2286 2991 πᾶσαν
2306 2940 2595 3008 συσφίγγει
2625 2941 2721 3011 τὴν
2750 2941 3063 3012 οἰκοδομὴν,
3085 2943 3183 2995 οὑκ
3204 2945 3426 3011 ἀφιεῖσα
3449 2944 3572 2995 οὔτε
3595 2942 3702 2996 ὑπὸ

2105 3021 2322 3089 ἀνέμων
2353 3023 2735 3094 σφοδρότητος,
2769 3025 2894 3077 οὕτε
2927 3025 3034 3077 ὑπὸ
3059 3025 3158 3095 τῆς
3197 3024 3306 3078 τῶν
3334 3025 3560 3097 δμδρων
3598 3041 3698 3095 φο·

2108 3107 2229 3176 ρᾶς,
2265 3105 2387 3158 οὔτε
2424 3107 2528 3159 ὑπὸ
2551 3107 2651 3177 τῆς
2682 3109 2790 3160 τῶν
2825 3109 3149 3178 πνευμάτων
3177 3107 3299 3178 βίας
3329 3110 3499 3180 αὑτὴν
3531 3126 3701 3162 κατα-

2108 3191 2313 3251 πεσεῖν,
2353 3190 2468 3241 ἀλλ⁹
2499 3192 2777 3261 ἀνωτέραν
2815 3191 3105 3261 καθίστησι
3158 3191 3340 3261 πάσης
3382 3192 3698 3262 ἐπιὼυλῆς,

2108 3272 2202 3324 καὶ
2244 3271 2495 3342 καθάπερ
2533 3273 2592 3336 ἐξ
2629 3274 2934 3344 ἀδάμαντός
2975 3291 3117 3337 τινος
3154 3275 3696 3344 κατεσκευασμένην,

2106 3354 2279 3416 οὕτως
2314 3354 2484 3424 αὐτὴν
2508 3355 2806 3425 ἀχείρωτον
2833 3357 3146 3425 ἐργάζεται,
3176 3357 3268 3410 καὶ
3297 3357 3539 3426 μεγάλας
3565 3358 3702 3426 ἡμῖν

2105 3436 2340 3505 ἀμοιϐὰς
2371 3437 2521 3505 παρὰ
2556 3437 2654 3506 τῆς
2677 3437 2771 3490 τοῦ
2804 3438 3184 3509 φιλανθρώπου
3212 3441 3347 3492 Θεοῦ
3368 3440 3578 3510 δωρεᾶς
3601 3442 3702 3508 ἐφ-

2107 3519 2339 3572 έλκεται·
2363 3519 2428 3571 δι’
2451 3516 2515 3590 ἦς,
2551 3522 2896 3592 πατριάρχης
2922 3521 3192 3576 τοσούτων
3219 3523 3328 3576 τῶν
3355 3524 3699 3590 ἐπαγγελιῶν

2104 3602 2198 3655 τοῦ
2228 3601 2362 3654 Θεοῦ
2391 3603 2450 3654 τὸ
2477 3602 2705 3671 μέγεθος
2739 3604 2975 3669 ἐδέξατο.
3008 3606 3237 3658 Είσεσθε
3262 3605 3390 3676 γάρ,
3426 3607 3522 3659 τοῦ
3561 3606 3698 3660 Θεοῦ

2106 3685 2532 3755 ἐπιτρέποντος.
2586 3687 2676 3738 καὶ
2733 3688 2795 3739 ἐκ
2844 3688 2942 3756 τῆς
2999 3687 3320 3751 ἀκολουθίας
3395 3689 3499 3740 τῶν
3570 3687 3700 3756 ἑξῆς

2110 3768 2414 3837 μελλόντων
2469 3767 2823 3837 ῥηθήσεσθαι,
2869 3771 2986 3832 πῶς
3034 3773 3127 3824 καὶ
3164 3770 3258 3822 νῦν
3296 3771 3565 3842 ὑπεριδὼν
3588 3771 3698 3824 τῶν

2108 3851 2260 3920 παρά
2286 3849 2377 3903 τοῦ
2414 3851 2676 3920 βασιλέως
2717 3853 2965 3922 Σοδόμων
3006 3855 3156 3922 αὑτῷ
3188 3855 3479 3923 διδομένων
3511 3856 3561 3919 δ,
3603 3872 3698 3924 με·

2108 3936 2288 4002 γάλων
2333 3935 2424 3988 καὶ
2471 3937 2692 4003 ἀφάτων
2738 3935 2942 4004 ἠξιώοη
2988 3939 3098 3990 τῶν
3152 3938 3247 3991 τοῦ
3285 3938 3421 3990 Θεοῦ
3455 3938 3693 4007 δωρεῶν.

2109 4021 2207 4070 Διά
2262 4017 2462 4087 ταύτης
2514 4019 2614 4070 οὑκ
2649 4018 2812 4080 αὑτὸς
2863 4019 3042 4087 μόνος,
3075 4019 3210 4072 ἀλλὰ
3244 4021 3337 4072 καὶ
3374 4020 3481 4072 τῶν
3521 4021 3697 4074 ἄλλων

2108 4100 2330 4154 δικαίων
2383 4102 2611 4161 ἕκαστος
2665 4101 3012 4169 εὐδοκίμησε.
3066 4101 3174 4155 Καὶ
3225 4101 3404 4162 τοῦτο,
3457 4104 3572 4156 ὅσοι
3611 4121 3698 4172 φι-

2109 4185 2321 4237 λόπονοι
2373 4187 2500 4254 περὶ
2540 4184 2636 4254 τὴν
2668 4183 2972 4250 ἀνάγνωσιν
3007 4185 3116 4236 τῶν
3151 4183 3310 4237 θείων
3357 4185 3506 4256 [360]
3555 4187 3696 4257 Γρα-

2111 4268 2226 4334 φῶν
2277 4269 2418 4327 ἐστε,
2466 4264 2760 4335 δυνήσεσθε
2811 4266 3150 4335 καταμαθεῖν
3212 4267 3490 4337 πανταχοῦ
3549 4270 3696 4338 γινό⁹

2113 4366 2290 4417 μενον.
2341 4352 2395 4400 ὐ
2417 4351 2523 4418 γὰρ
2554 4348 2936 4420 φιλάνθρωπος
2963 4351 2995 4418 ή
3003 4349 3120 4417 μῶν
3143 4350 3440 4420 Δεσπότης,
3463 4352 3593 4405 ὅταν
3614 4352 3695 4424 ῑδῃ

2110 4433 2491 4501 ὑπερορῶντας
2520 4433 2666 4501 ἡμᾶς
2688 4432 2796 4485 τῶν
2813 4432 3115 4502 παρόντων,
3143 4433 3280 4502 μετά
3303 4432 3584 4501 δαψιλείας
3603 4436 3696 4489 καὶ

2109 4513 2280 4564 ταῦτα
2313 4513 2562 4583 παρέχει,
2583 4515 2676 4565 καὶ
2708 4514 2815 4565 τῶν
2849 4514 3151 4584 μελλόντων
3183 4517 3311 4586 ἡμῖν
3345 4515 3568 4584 ἀγαθῶν
3599 4518 3695 4589 τὴν

2111 4595 2410 4648 ἀπόλαυσιν
2436 4595 2776 4663 ταμιεύεται.
2827 4597 2936 4650 Καὶ
2957 4597 3115 4651 τοῦτο
3140 4599 3234 4652 καὶ
3250 4601 3343 4652 ἐπὶ
3370 4604 3691 4672 χρημάτων,

2112 4679 2205 4729 καὶ
2234 4679 2325 4730 ἐπί
2363 4679 2461 4746 τῆς
2481 4676 2636 4746 δόξης
2658 4677 2752 4730 τοῦ
2795 4680 3062 4748 παρόντος
3089 4680 3225 4750 βίου,
3254 4684 3349 4736 καὶ
3365 4685 3457 4736 ἐπὶ
3478 4687 3693 4740 πάντων

2109 4760 2216 4811 τῶν
2248 4761 2528 4828 ἐπικήρων
2552 4760 2892 4832 πραγμάτων
2920 4763 3067 4815 ἐστὶν
3102 4765 3230 4817 ἰδεῖν
3252 4768 3559 4835 γινόμενον.
3581 4771 3692 4823 Κα-

2111 4841 2464 4910 ταφρονῶμεν
2510 4845 2688 4894 τοίνυν
2723 4843 2816 4896 τοῦ
2873 4847 3137 4914 παρόντος
3193 4848 3447 4913 πλούτου,
3490 4852 3577 4905 ἵνα
3606 4853 3690 4905 τὶν

2111 4925 2283 4994 ἀληθῆ
2341 4925 2562 4978 πλοῦτον
2619 4926 2800 4996 εὑρεῖν
2848 4927 3186 4997 δυνηθῶμεν·
3220 4932 3566 5002 ὑπερίδωμεν
3593 4935 3690 5004 τῆς

2112 5007 2272 5077 κενῆς
2299 5007 2499 5074 ταύτης
2521 5007 2698 5076 δόξης,
2731 5010 2815 5061 ἵνα
2840 5010 2939 5078 τῆς
2968 5011 3201 5080 ἀληθοῦς
3241 5014 3455 5083 ἐκείνης
3480 5018 3575 5068 καὶ
3607 5017 3690 5086 βε-

2113 5089 2270 5152 δαίας
2314 5089 2734 5160 ἀπολαύσωμεν·
2777 5092 3242 5163 καταγελάσωμεν
3291 5095 3390 5166 τῆς
3414 5099 3693 5168 παρούσης

2113 5172 2432 5242 εὐημερίας,
2457 5173 2543 5225 ἵνα
2581 5175 2688 5225 τῶν
2715 5174 3042 5245 ἀπορρήτων
3072 5176 3296 5229 ἐκείνων
3327 5179 3545 5246 ἀγαθῶν
3575 5183 3693 5234 ἐπι-

2110 5255 2382 5325 τύχωμεν·
2422 5255 2585 5325 μηδὲν
2615 5255 2877 5326 ἡγώμεθα
2905 5255 2973 5308 τὰ
3027 5258 3292 5329 παρόντα,
3329 5262 3415 5314 ἵνα
3443 5263 3577 5333 πρὸς
3605 5265 3693 5316 τὸν

2112 5337 2217 5390 τῶν
2250 5339 2548 5408 μελλόντων
2599 5339 2757 5392 πόθον
2797 5339 3145 5410 διεγερθῆναι
3187 5340 3520 5414 δυνηθῶμεν.
3559 5347 3693 5399 Οὐδὲ

2112 5421 2220 5492 γὰρ
2244 5416 2356 5474 οἷόν
2376 5439 2437 5473 τε
2471 5422 2561 5474 τὸν
2594 5425 2706 5484 τοῖς
2756 5422 2990 5491 παροῦσι
3019 5425 3442 5496 προσηλωμένον
3473 5430 3694 5483 ἐκείνων

2111 5505 2218 5558 τῶν
2276 5506 2606 5576 ἀπορρήτων
2660 5504 2879 5572 ἀγαθῶν
2929 5505 3019 5559 τὸν
3074 5507 3238 5561 πόθον
3297 5511 3694 5584 καταδέξασθαί

2115 5605 2261 5652 ποτε,
2283 5588 2534 5658 καθάπερ
2557 5587 2734 5658 λήμης
2755 5588 2900 5652 τινὸς
2924 5591 3036 5652 τοῖς
3055 5589 3355 5662 ὀφθαλμοῖς
3381 5594 3478 5648 τοῦ
3510 5594 3696 5666 σώμα-

2174 5710 2347 5780 {Reg
2365 5717 2426 5778 Ie!
2449 5710 2868 5780 SaV'il._{r{’_5H@v.
2893 5711 3111 5780 Οιιρμιοι·
3130 5727 3247 5780 quas.
3270 5716 3348 5778 ὑφ’
3369 5719 3524 5780 ἡμῶν,
3547 5727 3692 5780 atque

2174 5728 2200 5740 -
2228 5728 2347 5780 mag.
2365 5728 2426 5778 ,ει
2451 5728 2599 5760 nam.
2620 5728 2695 5816 υὲ
2719 5729 2868 5773 υμων.
2893 5728 3111 5770 quatuor
3130 5728 3247 5762 mss.
3270 5728 3348 5778 ὑφ’
3369 5728 3524 5778 ἡμῶν,
3547 5728 3689 5780 atque

2113 5772 2333 5844 μειεεη
2359 5783 2541 5844 ιριειςρ.
2610 5772 2740 5844 ch
2770 5773 2880 5822 Sav.
2908 5781 2959 5844 ει
2978 5773 3110 5844 Mor.‘
3132 5775 3231 5844 Sex
3265 5789 3380 5825 mss.
3413 5779 3689 5844 δεδομένων.

2113 5833 2237 5881 Infra
2263 5834 2410 5903 Sayil.
2442 5840 2494 5903 ει
2524 5843 2717 5903 seple_m
2759 5849 2872 5883 mss.
2907 5836 3015 5903 ὅσοι
3046 5837 3309 5903 φιλότεχνοι
3339 5841 3445 5903 περὶ
3473 5833 3559 5897 τῆν
3583 5840 3695 5889 ἀνιέ-

2111 5911 2300 5963 γνωσιν.
2329 5894 2498 5963 [ρειῖο
2520 5894 2630 5956 qua:
2659 5898 2707 5944 in
2731 5903 2970 5946 contextu
2994 5894 3414 5962 legitur,'hcmpe'
3433 5894 3686 5963 φιλόπονοι,

2111 5954 2263 6019 magis
2285 5955 2484 6005 arridet.
