4054 6324
337 383 444 438 329

340 501 491 560 riros,
524 497 795 568 equitatum
823 503 985 549 autent
1017 491 1133 544 tolle
1161 489 1266 541 tibi.
1311 486 1538 539 Ilonesta
1569 479 1705 547 regis
1732 476 1918 546 gratia,

341 587 434 641 sed
481 588 600 640 vide
636 587 764 655 justi
809 581 1216 653 philosolthiam.
1248 576 1336 630 32.
1375 573 1515 626 Dixit
1554 579 1717 622 autem
1747 569 1928 619 Abram

341 677 447 748 regi
486 675 872 730 Sodomorum:
904 670 1187 726 Extendunt
1227 681 1429 719 manum
1472 677 1632 715 meam
1660 658 1727 710 ad
1768 656 1929 708 Deum

340 746 661 826 altissimum,
688 764 777 833 qui
801 763 917 832 fecit
944 762 1123 815 cretum
1150 769 1198 814 et
1225 768 1430 819 terram,
1458 753 1548 807 23.
1580 751 1621 804 si
1645 766 1677 802 α
1703 746 1930 819 funiculo

342 873 500 926 usque
522 857 591 908 ad
620 856 976 924 spiam-olerent
1001 848 1322 904 calceamenti
1342 844 1590 912 accipiam
1615 843 1676 894 de
1700 839 1930 893 omnibus

343 949 448 1000 tuis
471 961 488 999 :
513 956 568 999 ut
595 962 655 999 ne
674 946 832 1010 dicas,
858 942 968 1013 Ego
991 941 1145 994 ditari
1172 939 1378 990 Abram.
1405 934 1588 1002 Magna
1615 928 1928 999 patriarchze

345 1035 397 1088 in
431 1035 832 1090 (ontemnendis
855 1031 1052 1088 divitiis
1087 1029 1274 1082 virtus.
1319 1027 1384 1080 Et
1420 1025 1570 1092 cujus
1599 1021 1766 1092 gratia
1805 1033 1928 1074 eum

342 1120 651 1187 iuramento
679 1133 884 1180 recusat
926 1131 980 1175 et
1014 1121 1144 1174 dicit
1176 1137 1188 1172 ε
1216 1116 1504 1170 Extendunt
1531 1127 1736 1164 manum
1767 1124 1930 1162 meam

347 1217 416 1270 ad
450 1215 607 1270 Deum
629 1214 970 1276 altissimum,
997 1211 1081 1279 qui
1109 1209 1295 1262 creavit
1320 1206 1498 1260 uelum
1522 1212 1567 1256 et
1594 1200 1826 1255 terram?

419 1308 471 1361 6.
504 1307 616 1360 Duo
662 1305 818 1359 simul
859 1303 1052 1356 docete
1092 1300 1199 1353 vnlt
1241 1297 1593 1352 Sodomorum
1639 1305 1839 1360 regem,
1871 1303 1931 1343 se

351 1397 568 1451 minime
606 1396 722 1464 capi
749 1394 903 1448 donis
931 1407 1048 1462 qua:
1075 1390 1141 1444 ab
1171 1390 1283 1457 ipso
1307 1385 1665 1440 offerebantur
1688 1421 1704 1448 ,
1729 1390 1781 1434 et
1813 1393 1929 1432 ma-

351 1503 508 1557 gnam
541 1487 891 1557 philosophia:
928 1484 1153 1538 formam
1197 1480 1430 1534 iudicare
1455 1475 1614 1538 velle,
1638 1488 1700 1526 ac
1723 1470 1931 1540 pietatis

352 1582 622 1634 doctorem
642 1582 690 1635 ei
720 1580 830 1632 ﬁeri
860 1577 1093 1639 studere,
1112 1587 1174 1630 ac
1201 1573 1244 1625 si
1275 1571 1516 1624 instituat
1536 1567 1685 1621 illum
1713 1565 1794 1618 his
1809 1578 1930 1618 ver-

353 1671 435 1725 bis
462 1690 476 1724 :
511 1671 656 1723 Illum
703 1667 794 1722 tibi
836 1661 1023 1722 testem
1063 1663 1310 1729 adhibeo,
1339 1675 1425 1714 me
1454 1657 1584 1713 nihil
1611 1664 1819 1710 tuarum
1848 1668 1932 1707 re-

352 1778 469 1817 rum
492 1774 849 1831 accepturum,
873 1759 1044 1823 illum,
1066 1771 1300 1825 inquam,
1316 1753 1549 1807 omnium
1565 1747 1930 1810 Contditorem,

353 1862 412 1907 ut
463 1866 622 1906 nosse
658 1851 832 1922 possis
874 1849 1040 1903 Deum
1087 1847 1348 1904 omnium.
1377 1851 1430 1897 et
1474 1857 1540 1895 ne
1580 1838 1770 1894 credas
1815 1853 1935 1892 esse

351 1944 482 1998 deos
512 1958 570 1997 ea
599 1957 715 2010 quze
744 1941 810 1994 ab
842 1940 1112 1993 lanuuinum
1157 1935 1401 1989 manibus
1447 1931 1793 1986 fabricantur.
1843 1928 1934 1984 Ille

353 2034 496 2088 enim
527 2032 640 2087 c:eli
662 2043 712 2085 et
741 2038 897 2086 terrm
927 2029 1200 2090 Conditor,
1230 2025 1317 2078 ille
1336 2033 1390 2077 et
1416 2020 1567 2076 nobis
1590 2021 1640 2073 in
1667 2021 1766 2073 hoc
1796 2019 1934 2073 bello

354 2124 589 2178 victoria:
618 2132 670 2176 et
711 2119 960 2189 triumphi
1004 2129 1207 2172 auctor.
1253 2115 1329 2169 Ne
1357 2113 1516 2183 igitur
1541 2117 1820 2180 exspectes
1850 2124 1937 2164 me

352 2213 621 2283 quidpiam
643 2227 705 2266 ex
728 2212 880 2264 donis
905 2210 1005 2263 tuis
1029 2217 1389 2274 accepturum.
1417 2203 1597 2272 Neque
1626 2204 1766 2255 enim
1795 2215 1936 2254 ner-

353 2303 502 2359 cedis
537 2304 701 2373 gratia
731 2301 1015 2355 vindictam
1061 2297 1181 2361 feci,
1223 2296 1315 2352 sed
1362 2294 1588 2364 primum
1630 2292 1701 2347 ob
1741 2292 1938 2345 amoris

353 2395 622 2460 affectum,
653 2409 810 2464 quem
841 2408 965 2461 erga
1003 2391 1176 2444 fratris
1211 2389 1311 2443 mei
1340 2387 1506 2441 lilium
1528 2401 1657 2455 gero
1698 2401 1713 2438 :
1748 2383 1939 2438 deinde

353 2493 408 2539 et
446 2493 662 2552 propter
691 2483 856 2552 ipsius
891 2481 1108 2550 justitia:
1145 2478 1398 2543 officium,
1425 2484 1483 2530 ut
1520 2491 1552 2530 e
1591 2476 1937 2529 barbarorum

357 2574 602 2628 manibus
627 2575 886 2642 eriperem
911 2571 1104 2640 injuste
1131 2569 1408 2622 abductos.
1437 2567 1495 2620 Si
1527 2583 1558 2619 a
1582 2565 1827 2634 funiculo,
1856 2565 1937 2617 in-

355 2664 489 2736 quit,
514 2681 672 2734 usque
697 2664 767 2716 ad
791 2664 1144 2733 sphin-olerent
1165 2659 1319 2712 calcei
1345 2658 1588 2726 accipiam
1615 2656 1677 2709 de
1701 2657 1796 2708 tuis
1827 2671 1937 2706 om—

356 2754 503 2808 nibus
528 2753 661 2807 :hoc
685 2763 785 2815 est,
813 2752 941 2805 nihil
976 2761 1080 2804 tam
1107 2749 1228 2812 vile,
1259 2763 1356 2804 nec
1388 2758 1491 2800 tam
1522 2746 1666 2799 nihili
1701 2744 1936 2798 habitum

355 2852 442 2899 est
461 2844 599 2912 quod
621 2851 935 2909 accepturus
952 2841 1074 2893 sim.
1100 2838 1227 2891 Nam
1250 2836 1628 2906 spitaarotercm
1661 2834 1734 2907 (a)
1767 2834 1940 2887 solent

355 2946 549 2987 vocare
590 2932 792 3000 apicem
838 2931 1033 2995 calcei,
1078 2929 1166 2999 qui
1213 2929 1263 2982 in
1300 2943 1520 2981 acumen
1567 2925 1760 2979 desinit
1789 2944 1801 2978 :
1833 2939 1940 2994 quo

353 3024 654 3077 calceorum
694 3037 892 3092 genere
938 3020 1146 3074 barbari
1187 3029 1510 3074 consuerunt
1555 3019 1648 3070 uti.
1712 3017 1843 3070 Exin
1888 3028 1942 3071 et

357 3127 781 3181 causam,quare
822 3112 1062 3179 accipere
1117 3109 1391 3172 detrectet,
1424 3107 1593 3160 dicit:
1631 3106 1699 3161 Ut
1748 3123 1810 3160 ne
1858 3107 1940 3159 di-

355 3219 444 3258 cas
471 3218 490 3256 :
513 3202 620 3273 Ego
646 3203 937 3272 locupletari
966 3201 1169 3253 Abram.
1215 3200 1395 3253 Habeo
1435 3199 1620 3259 Deum,
1653 3199 1740 3268 qui
1787 3199 1942 3252 innu-

357 3312 505 3352 mera
526 3297 654 3350 mihi
681 3294 980 3363 suppeditet
1009 3294 1144 3347 bona
1171 3335 1186 3357 ,
1216 3306 1446 3360 superno
1475 3292 1672 3344 innitor
1697 3291 1894 3344 auxilio
1924 3309 1939 3346 :

359 3401 469 3440 non
508 3400 640 3455 opus
678 3386 805 3439 mihi
836 3384 1033 3438 divitiis
1061 3383 1184 3446 tuis,
1213 3397 1317 3434 non
1347 3380 1557 3449 indigeo
1584 3380 1828 3434 humanis
1858 3380 1939 3433 fa-

357 3476 663 3541 cultatibus,
685 3483 963 3529 contentus
980 3488 1097 3528 sum
1123 3473 1209 3527 Dei
1235 3472 1286 3524 in
1309 3486 1395 3527 me
1415 3466 1761 3525 benelicentia
1788 3487 1804 3524 :
1831 3471 1944 3525 seio

359 3565 504 3620 Illius
531 3565 844 3634 largitatem.
874 3563 1061 3617 Paucis
1086 3571 1139 3615 et
1162 3561 1350 3616 vilibus
1379 3561 1516 3614 cessi
1541 3575 1661 3613 meo
1681 3559 1801 3624 Lot,
1831 3575 1944 3613 ma-

359 3669 494 3726 gnas
528 3664 583 3708 et
619 3654 911 3709 inell‘abiles
938 3653 1320 3722 promissiones
1357 3660 1673 3719 assequutus
1710 3665 1858 3714 sum,
1888 3659 1944 3704 et

361 3762 504 3804 nunc
531 3748 789 3816 majorum
816 3746 1115 3800 divitiarum
1146 3744 1433 3813 negotiatio
1461 3742 1589 3796 mihi
1617 3751 1720 3808 est,
1749 3749 1805 3796 et
1834 3756 1946 3795 ma-

353 3841 531 3910 jorem
560 3838 673 3907 ejus
697 3837 917 3907 gratiam
941 3835 1067 3890 mihi
1088 3834 1334 3900 concilio,
1357 3849 1522 3903 quare
1542 3846 1673 3902 opes
1695 3842 1810 3886 tuas
1839 3847 1943 3886 non

361 3930 586 4000 accipio.
618 3929 739 3983 ldeo
763 3938 961 3993 autem,
987 3929 1198 3997 opinor,
1224 3926 1650 3995 etjuramentum
1682 3924 1941 3991 adhibuit,

362 4031 420 4078 et
443 4021 576 4075 dixit
598 4039 609 4074 :
628 4020 912 4074 Extendunt
940 4037 1142 4072 manum
1165 4035 1324 4071 meam
1346 4019 1412 4070 ad
1435 4017 1595 4070 Deum
1624 4018 1942 4082 altissimum,

364 4124 423 4168 ut
463 4129 530 4169 ne
573 4122 718 4180 putet
746 4128 865 4166 eum
894 4113 960 4165 ita
992 4111 1263 4176 simulare,
1291 4118 1348 4163 ut
1386 4108 1658 4178 probabile
1684 4118 1768 4163 cst
1802 4123 1946 4178 saepe

363 4205 675 4273 contingere
708 4221 720 4257 :
748 4204 839 4257 sed
862 4215 916 4257 ut
945 4204 1074 4257 sciat
1102 4202 1202 4256 hoc
1233 4203 1300 4256 ita
1327 4201 1483 4271 plane
1510 4201 1781 4255 decretum
1808 4202 1946 4270 apud

365 4296 564 4348 Abram
586 4335 598 4355 .
629 4305 688 4348 ut
726 4307 794 4348 ne
824 4291 906 4349 vel
947 4294 1220 4348 minimum
1247 4293 1371 4363 quid
1400 4293 1522 4347 inde
1550 4291 1648 4346 sibi
1678 4293 1943 4360 seligeret.

365 4387 542 4452 Atque
586 4385 654 4437 ita
703 4383 952 4453 implebat
992 4384 1294 4437 mandatum
1335 4383 1462 4436 illud
1508 4382 1648 4451 quod
1675 4397 1702 4435 a
1735 4384 1948 4436 Christo

363 4476 634 4543 discipulis
683 4487 763 4530 est
815 4477 992 4530 datum
1031 4495 1043 4530 :
1077 4476 1244 4529 Gratis
1286 4477 1580 4544 accepistis,
1631 4478 1788 4545 gratis
1833 4477 1950 4530 date

366 4566 579 4637 (Matth.
620 4567 704 4620 10.
738 4567 814 4633 8).
839 4566 972 4619 Num
1004 4582 1122 4636 ego,
1156 4567 1345 4635 inquit,
1378 4566 1518 4619 aliud
1549 4566 1674 4634 quid
1713 4567 1778 4620 ad
1825 4566 1947 4621 belli

367 4671 481 4709 rem
525 4656 697 4719 attuli,
740 4666 1086 4724 prmterquam
1121 4656 1446 4710 voluntatem
1491 4665 1547 4709 et
1581 4656 1948 4710 alacritatem?

371 4747 656 4800 Victoriam
683 4758 858 4818 autem
879 4788 894 4812 ,
927 4757 980 4802 et
1008 4747 1355 4813 tritunpbum,
1380 4762 1440 4799 ac
1474 4755 1666 4799 caetera
1699 4757 1950 4821 operatus

365 4850 450 4895 est
479 4840 568 4894 ille
598 4841 841 4893 invisibili
869 4841 1078 4893 virtute.
1133 4839 1332 4893 Deinde
1374 4847 1429 4891 ut
1478 4852 1544 4893 ne
1585 4846 1794 4906 putaret
1833 4854 1947 4904 rex,

368 4931 541 4998 ipsum
571 4944 636 4983 ex
665 4931 910 4997 superbia
935 4941 987 4982 ct
1013 4938 1319 4998 contemptu
1358 4943 1479 4997 qua:
1507 4928 1573 4980 ab
1599 4942 1663 4981 eo
1689 4927 1950 4982 dabantur

369 5020 757 5090 nonacciperc,
780 5020 1059 5072 declarans
1088 5033 1235 5072 suam
1263 5029 1315 5072 et
1342 5018 1392 5070 in
1421 5017 1467 5070 ιιι
1491 5031 1521 5071 e
1544 5017 1946 5083 humanitatem,

366 5118 420 5162 et
449 5108 864 5177 philosophieam
891 5118 1146 5170 mentem,
1176 5107 1345 5174 inquit
1373 5124 1386 5159 :
1415 5107 1501 5160 24.
1528 5107 1642 5159 Non
1666 5107 1947 5174 accipiam,

365 5197 604 5268 exceptis
625 5199 687 5250 iis
725 5214 837 5267 qua:
879 5198 1194 5250 comederunt
1220 5197 1451 5265 juvenes,
1482 5206 1528 5249 et
1558 5197 1787 5262 portione
1814 5197 1950 5248 viro-

371 5303 482 5342 rum
511 5287 600 5356 qui
629 5304 817 5339 mecum
848 5296 1105 5346 venerunt,
1139 5285 1346 5351 Eschol,
1375 5285 1580 5348 Aunan,
1607 5283 1870 5347 Mambre;
1915 5287 1952 5338 ii

369 5377 618 5447 accipient
660 5377 955 5445 portionem.
1003 5376 1130 5437 llos,
1168 5374 1352 5443 inquit,
1385 5375 1682 5442 permittam
1710 5373 1953 5443 accipere

433 5505 510 5568 (ιι)
542 5512 591 5554 In
613 5512 794 5563 (mea),
819 5522 1061 5568 σμιμῆμ.
1103 5512 1244 5554 Porro
1276 5517 1478 5568 ηιφυτιςρ
1498 5503 1624 5565 globi
1645 5505 1852 5566 formam
1871 5518 1955 5567 po-

370 5570 469 5616 tius
492 5569 813 5628 exprtmeret,
832 5578 974 5627 quam
995 5577 1215 5614 acumen.
1233 5574 1410 5614 Verum
1433 5573 1557 5627 apud
1582 5572 1694 5613 Lxx
1712 5573 1957 5626 Interpre-

339 5627 466 5684 'tes,
491 5626 717 5690 MF.
744 5626 942 5687 legitur,
980 5639 1123 5687 quant
1148 5639 1316 5675 vocem
1361 5626 1756 5688 interpretantur,
1797 5629 1954 5678 corri-

369 5712 516 5759 qmm.
544 5706 638 5746 \‘ox
662 5698 892 5746 ttebraica
910 5703 1002 5756 est,
1020 5692 1182 5766 Tl'liU,
1204 5699 1428 5761 corrigia.
1441 5707 1620 5747 Omnes
1634 5697 1752 5746 Editi
1771 5705 1824 5746 et
1844 5702 1953 5746 uss.

368 5781 702 5843 ωλι-μουσική,
731 5798 968 5842 cauponi-pa,
998 5781 1178 5830 habent

1359 366 1424 422 lN
1452 364 1604 421 CAP.
1646 359 1785 416 XIV.
1821 353 2070 412 GENES.
2115 349 2347 407 IIOMIL.
2388 348 2604 404 XXXV.

3521 339 3629 398 330

2042 467 2340 538 portionem
2369 465 2619 533 aliquam,
2649 461 2902 531 quoniam
2931 457 3160 528 ingentis
3184 455 3434 512 amicitia:
3457 457 3631 522 speci-

2039 573 2158 612 men
2201 558 2555 610 declararunt.
2609 551 2679 606 Hi
2713 551 2855 606 enim
2886 558 3050 614 erant,
3081 548 3272 618 inquit,
3303 546 3633 616 confaderati

2036 648 2187 701 Abra:
2208 662 2229 701 :
2256 647 2356 700 hoc
2381 655 2485 711 est,
2515 641 2745 698 amicitia
2772 638 3042 709 conjuncti
3075 655 3087 690 :
3119 636 3260 708 quod
3293 635 3417 690 hinc
3441 645 3630 690 osten-

2036 737 2181 796 ditur
2209 737 2330 807 quia
2376 736 2428 790 in
2467 744 2673 804 partem
2714 731 3070 802 periculorum
3096 725 3220 785 eum
3248 741 3314 782 eo
3343 734 3628 780 venerunt.

2037 827 2188 883 Unde
2215 840 2558 882 remunerare
2588 824 2774 880 volens
2795 836 2910 887 eos,
2939 818 3064 875 facit
3087 830 3145 874 ut
3170 826 3374 888 partem
3397 816 3629 886 aliquant

2036 917 2332 985 accipiant,
2365 914 2710 982 apostolicam
2739 912 2911 981 legem
2940 910 3101 966 etiam
3143 910 3197 964 in
3228 909 3333 963 hoc
3361 907 3589 977 impleas
3611 947 3626 970 ,

2035 1023 2155 1079 qua:
2178 1007 2307 1061 dicit
2336 1023 2349 1060 :
2381 1006 2576 1076 Dignus
2601 1014 2674 1058 est
2699 1002 2961 1075 operarius
2985 1000 3227 1054 alimento
3261 1014 3355 1053 suo
3396 996 3417 1070 (
3441 997 3627 1051 Matth.

2037 1097 2124 1152 t0.
2156 1097 2254 1159 10;
2283 1095 2422 1159 Luc.
2441 1095 2526 1151 10.
2555 1096 2630 1164 7).
2660 1093 2797 1148 Nihil
2825 1093 2967 1148 enim
2996 1104 3091 1146 eos
3117 1091 3254 1145 ultra
3287 1103 3440 1143 usum
3471 1104 3629 1142 suunt

2037 1188 2278 1258 accipere
2300 1187 2590 1257 permittit;
2620 1175 2756 1240 dicit
2781 1183 2923 1238 enim
2956 1199 2971 1236 :
3003 1181 3242 1249 Exceptis
3266 1180 3327 1234 iis
3351 1196 3466 1250 qute
3493 1171 3633 1231 rom-

2037 1279 2245 1333 ederunt
2258 1283 2487 1351 juvenes,
2515 1287 2560 1334 et
2592 1277 2819 1348 portione
2843 1291 3016 1329 eorum
3041 1273 3125 1344 qui
3153 1289 3346 1326 mecum
3365 1281 3630 1336 uenerunt,

2039 1368 2247 1436 Escltol,
2281 1371 2485 1436 Annon,
2519 1368 2783 1430 lfambre;
2812 1367 2849 1420 ii
2870 1366 3115 1434 accipient
3144 1364 3445 1434 portionem.
3479 1361 3629 1415 Vidi-

2037 1462 2134 1514 stis
2174 1461 2491 1530 exquisitam
2545 1458 2863 1529 patt-iarchae
2906 1456 3179 1521 virtutem,
3213 1454 3482 1525 quomodo
3509 1469 3629 1508 eam

2037 1553 2430 1622 philosophiam
2471 1552 2754 1616 exhibeat,
2803 1566 2921 1620 quae
2962 1565 3123 1619 opum
3168 1556 3531 1615 contemptum
3578 1555 3634 1600 et

2040 1642 2354 1695 modestiam
2389 1643 2624 1714 respicit,
2656 1640 2891 1710 nihilque
2920 1654 3024 1694 non
3050 1647 3207 1709 agat,
3238 1646 3295 1691 nt
3321 1653 3387 1692 ne
3419 1652 3513 1706 per
3539 1651 3631 1689 ar-

2041 1734 2339 1800 rogantium
2364 1742 2419 1787 et
2447 1742 2813 1802 contemptum
2845 1730 2897 1785 id
2919 1729 3094 1785 facere
3118 1729 3378 1795 videatur,
3405 1743 3578 1798 neque
3601 1741 3634 1782 e

2039 1824 2257 1876 victoria
2288 1824 2593 1894 superbiat?

2112 1916 2162 1968 7.
2197 1913 2413 1970 Moralis
2441 1916 2744 1970 exhortatio.
2764 1944 2835 1955 —
2862 1913 3049 1970 Talem
3077 1914 3252 1968 virum
3285 1913 3554 1968 imitemur
3581 1921 3638 1968 et

2042 2022 2158 2069 nos,
2189 2007 2432 2069 obsecro,
2453 2016 2506 2060 et
2527 2021 2743 2076 cperam
2769 2005 2979 2070 demus,
3007 2014 3064 2059 ut
3089 2006 3312 2059 invictos
3337 2020 3432 2059 nos
3452 2014 3634 2058 custo-

2042 2095 2269 2161 diumus,
2309 2105 2364 2150 et
2405 2111 2579 2166 neque
2621 2096 2833 2149 virtutis
2871 2095 3094 2149 obtentu
3132 2094 3395 2162 superbia:
3437 2095 3631 2147 faniam

2041 2187 2409 2256 acquiramns,
2435 2202 2606 2258 neque
2635 2187 2911 2242 modestiae
2939 2186 3159 2240 obtentu
3183 2186 3433 2240 virtutem
3461 2185 3633 2255 negli-

2041 2291 2228 2346 ganius
2263 2296 2276 2332 :
2312 2279 2408 2334 sed
2439 2278 2632 2348 ubique
2661 2277 2876 2332 modum
2903 2290 3212 2342 servemus,
3243 2284 3298 2329 et
3325 2274 3479 2330 bonis
3500 2290 3634 2344 ope-

2044 2367 2194 2423 ribus
2223 2370 2420 2423 nostris
2439 2368 2827 2433 humilitatem,
2854 2367 3004 2438 quasi
3035 2366 3437 2422 fundamentum
3467 2377 3522 2422 et
3551 2367 3638 2421 ba-

2043 2458 2144 2513 sim
2171 2458 2548 2528 sebjiciamus,
2587 2469 2647 2513 ut
2675 2473 2862 2514 secure
2885 2473 3003 2528 qua:
3031 2457 3099 2512 ad
3121 2459 3370 2512 virtutem
3392 2466 3639 2527 spectant

2043 2559 2354 2604 construere
2375 2551 2664 2604 valeamus.
2707 2549 2833 2605 Hiec
2867 2549 3012 2605 enim
3033 2563 3160 2605 vere
3181 2549 3345 2602 virtus
3377 2555 3478 2611 e.-t,
3515 2563 3636 2616 qua:

2042 2642 2380 2708 conjunctam
2410 2641 2571 2695 habet
2590 2639 2965 2694 humilitatem.
2987 2639 3088 2705 Qui
3111 2638 3212 2692 boc
3233 2622 3638 2692 fundamentum

2046 2739 2159 2784 tuto
2181 2730 2390 2799 jeccrit,
2423 2731 2614 2800 poterit
2655 2731 2708 2786 in
2750 2739 3002 2801 quantam
3031 2729 3261 2784 voluerit
3297 2729 3642 2785 altitudinem“

2043 2831 2362 2877 structuram
2392 2825 2640 2878 excitare.
2692 2823 2816 2878 llaec
2856 2823 3086 2876 maxima
3123 2830 3206 2877 est
3248 2823 3492 2890 munitio,
3523 2822 3639 2878 haec

2047 2927 2229 2966 murus
2265 2913 2632 2977 inconcussus,
2681 2913 2796 2968 haec
2837 2912 3260 2982 inexpugnabilis
3305 2912 3485 2976 turris,
3521 2911 3639 2968 hate

2045 3016 2205 3057 onme
2233 3005 2468 3058 continet
2489 3003 2794 3071 aedilicium,
2825 3019 2930 3057 non
2953 3003 3135 3057 sinens
3162 3004 3334 3073 ipsum
3355 3004 3438 3058 vel
3461 3019 3489 3056 a
3510 3019 3639 3057 ven-

2048 3105 2218 3148 torum
2237 3095 2503 3160 violentia,
2527 3095 2606 3149 vel
2633 3095 2700 3149 ab
2725 3094 2976 3151 imbrium
3001 3093 3225 3163 impetu,
3247 3096 3328 3147 vel
3356 3108 3388 3148 ι
3419 3093 3638 3148 ﬂatuum

2045 3190 2095 3242 vi
2125 3187 2278 3256 dejici
2314 3206 2326 3241 :
2356 3187 2449 3241 sed
2494 3187 2743 3240 omnibus
2783 3186 2989 3241 insidiis
3036 3187 3367 3240 inaccessum
3398 3184 3556 3249 facit,
3586 3195 3641 3240 et

2047 3279 2320 3345 invictum,
2353 3278 2503 3347 quasi
2529 3293 2592 3333 ex
2620 3277 2899 3332 adamante
2927 3284 3294 3330 constructum
3324 3284 3488 3341 esset,
3521 3291 3640 3329 ma—

2046 3384 2282 3440 gnasque
2320 3368 2473 3423 nubis
2502 3368 2694 3424 divinae
2736 3366 2992 3438 largitatis
3027 3367 3304 3423 mercedes
3332 3365 3506 3424 atl‘ert.
3539 3367 3641 3422 Per

2048 3459 2184 3515 hanc
2210 3470 2264 3514 et
2292 3460 2590 3530 patriarcha
2624 3467 2890 3515 tantarum
2919 3459 3010 3514 Dei
3038 3459 3453 3530 promissionum
3482 3472 3642 3512 acce-

2049 3551 2124 3621 pit
2158 3549 2598 3621 magnitudinem.
2642 3551 2803 3605 Scitis
2841 3551 3006 3616 enim,
3037 3550 3377 3620 permittente
3414 3550 3545 3613 Deo,
3572 3563 3636 3604 ex

2048 3642 2114 3696 iis
2141 3655 2260 3710 quae
2301 3642 2351 3695 in
2394 3641 2740 3710 sequentibus
2783 3640 3062 3705 dicentur,
3095 3639 3364 3709 quomodo
3394 3653 3552 3705 nunc,
3584 3649 3645 3695 ut

2047 3732 2367 3801 contempsit
2404 3746 2466 3786 ea
2504 3746 2623 3800 quae
2664 3732 2891 3785 daturus
2933 3739 3049 3784 erat
3096 3728 3451 3784 Sodomorum
3499 3745 3595 3784 rex
3624 3771 3641 3796 ,

2049 3838 2238 3894 magna
2277 3833 2331 3879 et
2368 3822 2651 3878 inen‘abilia
2692 3821 2786 3876 Dei
2824 3821 2963 3876 dona
3003 3830 3364 3892 consequutus
3399 3829 3501 3877 est.
3542 3822 3648 3880 Per

2051 3915 2189 3969 hanc
2215 3930 2320 3969 non
2351 3915 2441 3970 ille
2469 3915 2642 3969 solum
2670 3955 2684 3979 ,
2721 3912 2816 3968 sed
2857 3923 2909 3967 et
2945 3913 3072 3982 justi
3107 3928 3294 3968 omnes
3319 3914 3563 3969 celebres
3588 3925 3644 3972 et

2047 4004 2178 4059 clari
2203 4003 2436 4058 fuerunt.
2471 4003 2547 4069 ld,
2577 4012 2835 4073 quotquot
2861 4004 2991 4057 estis
3011 4001 3308 4057 divinarum
3341 4003 3642 4074 Scriptura-

2051 4112 2169 4151 rum
2213 4095 2459 4151 lectionis
2499 4096 2744 4161 studiosi,
2776 4096 3051 4150 addiscere
3083 4095 3340 4164 poteritis.
3373 4095 3643 4166 Beuignus

2050 4188 2194 4243 enim
2223 4188 2477 4242 Dominus
2497 4186 2710 4256 quando
2735 4199 2833 4240 nos
2859 4185 3003 4240 videt
3030 4185 3307 4255 despicere
3337 4188 3642 4254 praiscntia,

2052 4281 2210 4335 etiam
2261 4281 2372 4352 ipsa
2417 4281 2616 4351 largius
2660 4279 3000 4349 suppeditat,
3038 4278 3299 4347 uobisque
3342 4278 3642 4335 futurorum

2055 4373 2312 4426 bonorum
2347 4370 2573 4425 fructum
2605 4369 2866 4424 recondit.
2899 4368 3091 4422 Videre
3121 4369 3222 4422 hoc
3246 4379 3396 4438 potes
3424 4370 3476 4424 in
3504 4371 3644 4426 divi-

2054 4462 2173 4524 tiis,
2211 4462 2263 4513 in
2299 4461 2466 4530 gloria
2498 4460 2652 4530 hujus
2681 4459 2823 4523 vitae,
2856 4467 2909 4513 et
2940 4459 2992 4514 in
3019 4459 3269 4516 omnibus
3296 4459 3416 4516 aliis
3440 4470 3642 4534 tempo-

2056 4554 2254 4607 ralibus
2281 4552 2459 4606 rebus.

2128 4643 2207 4694 Ad
2225 4651 2561 4707 contemptum
2591 4642 2834 4694 bonorum
2861 4640 3016 4710 hujus
3038 4639 3152 4694 vitm
3171 4641 3422 4696 hortatur.
3439 4672 3511 4683 —
3540 4644 3648 4700 De-

2056 4731 2345 4801 spiciamus
2387 4732 2544 4801 igitur
2583 4741 2872 4799 praesentes
2899 4731 3134 4798 divitias,
3164 4742 3221 4786 ut
3253 4747 3404 4788 veras
3434 4735 3649 4793 divitias

2058 4823 2297 4876 invenire
2319 4821 2624 4885 valeamus;
2653 4820 3010 4890 despiciamus
3027 4835 3217 4874 vanam
3242 4821 3378 4876 hanc
3400 4823 3645 4894 gloriam,

2057 4924 2111 4967 ut
2137 4929 2260 4965 vera
2289 4913 2372 4964 illa
2405 4923 2459 4966 et
2479 4911 2644 4966 solida
2673 4912 2945 4975 fruamur;
2970 4911 3307 4966 derideamus
3329 4925 3646 4982 praesentem

2058 5004 2502 5073 prosperitatcm,
2554 5013 2610 5056 ut
2659 5018 2852 5056 arcana
2913 5004 2999 5057 illa
3046 5002 3182 5057 bona
3220 5019 3647 5074 consequamur;

2059 5093 2209 5147 nihilt
2243 5093 2496 5146 iaciamus
2525 5093 2837 5160 prmsentia,
2865 5101 2922 5146 ut
2949 5093 3015 5147 ad
3048 5092 3220 5148 futura
3246 5095 3464 5165 praemia
3499 5097 3646 5150 exci-

2059 5185 2156 5238 tari
2185 5185 2477 5238 valeamus.
2506 5183 2688 5253 Neque
2709 5185 2850 5238 enim
2885 5184 3136 5251 possibile
3166 5195 3248 5240 est
3267 5229 3281 5252 ,
3311 5197 3368 5239 ut
3396 5188 3485 5257 qui
3515 5203 3647 5257 pne-

2059 5277 2298 5331 scntibus
2333 5287 2412 5329 est
2451 5277 2723 5341 addictus,
2769 5276 3110 5336 ineﬂabilium
3152 5278 3412 5332 bonorum
3441 5281 3659 5335 deside-

2061 5370 2197 5423 rium
2223 5368 2488 5436 concipiat
2523 5383 2771 5437 umquam
2800 5369 2900 5438 (a),
2927 5370 3065 5422 sicut
3087 5369 3400 5439 lippitudine
3419 5371 3644 5441 quadam

2063 5457 2248 5512 oculos
2289 5457 2592 5526 obtegente,
2624 5458 2693 5511 ita
2737 5459 3080 5527 prmsentium
3110 5459 3400 5530 cupiditate
3437 5461 3656 5516 intelle-

2125 5593 2200 5655 (a)
2236 5599 2365 5640 Mens
2385 5591 2706 5655 chrysostomi
2731 5596 3104 5655 est,_non_posse
3127 5603 3247 5655 eum
3263 5591 3348 5655 qui
3361 5589 3514 5655 rebus
3529 5603 3657 5653 prir-

2061 5651 2284 5703 sentibus
2305 5655 2368 5716 sit
2398 5651 2634 5716 addictus,
2659 5651 2930 5716 caelestium
2952 5652 3188 5716 bonorum
3209 5651 3352 5701 simul
3377 5651 3659 5716 eodemque

2063 5723 2285 5775 tempore
2310 5713 2558 5763 desiderio
2583 5715 2740 5762 teneri
2768 5728 2780 5762 :
2805 5714 3116 5778 [uissedeuim
3156 5716 3243 5766 Dei
3280 5726 3376 5778 ope
3399 5713 3658 5767 fultum'ab

2068 5789 2129 5827 eo
2152 5774 2280 5824 statu
2300 5787 2584 5837 emergere,
2607 5777 2889 5826 sexcenties
2906 5774 3021 5825 alibi
3039 5775 3171 5826 dicit.
