4054 6324
469 328 563 382 sai
1154 317 1213 373 s.
1253 314 1525 372 JOANNIS
1560 314 2032 374 cunvsosrout
2071 283 2390 372 metuar.
2432 315 2967 375 CONSTANTINOP.

454 446 596 493 ctum
625 438 939 491 obscurante
962 472 977 497 ,
1021 445 1119 486 nec
1159 430 1494 499 permittente
1521 427 1700 482 videre
1736 428 1859 498 quid
1889 427 2032 482 facto

452 545 589 595 opus
618 529 705 583 sit.
737 526 916 593 Neque
944 539 1151 578 rursum
1181 523 1292 576 lieri
1322 530 1526 589 potest,
1551 531 1607 573 ut
1633 522 1720 588 qui
1743 521 2031 575 solidorum

455 631 508 673 et
550 618 897 674 immobilium
949 617 1210 668 bonorum
1251 625 1432 666 amore
1475 619 1706 678 tenetur,
1738 610 1873 665 [lusa
1913 611 2032 672 ista,

452 721 505 766 et
529 727 648 782 qua:
666 718 946 778 antequam
994 714 1283 774 appareant
1323 703 1537 758 avolant
1572 713 1625 758 et
1667 713 2032 765 marcescunt,

453 801 812 870 concupiscat.
865 797 996 852 Nam
1051 796 1139 869 qui
1197 794 1411 854 saueius
1460 802 1543 848 est
1593 807 1775 848 amore
1815 792 2030 854 divino,

453 903 508 949 ct
533 891 622 961 qui
654 890 948 944 futurorum
982 885 1246 941 desiderio
1275 892 1512 947 tenetur,
1552 883 1671 936 aliis
1699 883 1866 936 oculis
1892 882 2036 936 videt

457 981 796 1051 prasentium
836 988 1066 1042 statum,
1102 977 1306 1044 scitque
1333 983 1497 1028 totam
1529 986 1688 1026 vitam
1718 981 2032 1042 praesentem

454 1081 670 1148 ligurem
698 1092 820 1132 esse
851 1085 1012 1144 atque
1042 1071 1298 1127 fallaciam
1323 1111 1338 1137 ,
1366 1078 1422 1123 et
1447 1084 1477 1122 a
1504 1069 1725 1122 somniis
1757 1065 1887 1121 nihil
1927 1063 2011 1119 dif
2016 1095 2032 1104 -

453 1166 610 1222 terre.
635 1166 833 1222 Idcirco
849 1165 1035 1219 beatus
1062 1162 1258 1217 Paulus
1287 1160 1386 1214 hoc
1411 1159 1608 1230 scripto
1627 1156 1837 1211 tradidit
1857 1175 1868 1209 :
1885 1155 2034 1209 Prte-

456 1259 569 1312 terit
615 1259 782 1328 ﬁgura
831 1256 1005 1327 utendi
1054 1254 1206 1320 huius
1245 1253 1324 1322 (I.
1355 1250 1472 1306 Cor.
1503 1250 1554 1303 7.
1583 1249 1675 1319 51)
1705 1265 1718 1300 :
1747 1247 2036 1303 ostendens

452 1347 680 1403 humana
701 1348 877 1402 omnia
905 1348 957 1400 in
985 1345 1148 1416 ligura
1178 1353 1377 1396 tantum
1398 1355 1550 1404 esse,
1579 1354 1642 1393 ac
1681 1339 1819 1393 sicut
1848 1340 2031 1392 umbra

452 1449 507 1493 et
536 1440 799 1493 somnium
823 1438 1085 1500 transire,
1125 1435 1253 1490 nihil
1292 1432 1541 1496 solidum,
1573 1431 1701 1484 nihil
1726 1445 1908 1485 verum
1936 1431 2033 1483 ha-

456 1530 652 1585 bentia.
693 1531 884 1584 Annon
922 1529 1078 1598 igitur
1106 1524 1267 1580 animi
1298 1522 1519 1593 puerilis
1545 1521 1645 1575 hoc
1670 1531 1780 1587 est,
1818 1520 2035 1575 umbras

454 1623 743 1690 suspicere,
768 1623 832 1674 de
861 1619 1084 1673 somniis
1103 1616 1399 1687 superbire,
1423 1623 1477 1669 et
1501 1615 1567 1668 iis
1596 1629 1715 1682 qua:
1738 1613 1892 1682 paulo
1915 1620 2034 1680 post

454 1709 795 1780 prmtcribunt
834 1706 1146 1762 adita-rere?
1190 1703 1425 1758 Premit
1452 1702 1616 1765 enim,
1650 1702 1838 1772 inquit,
1868 1702 2034 1771 ﬁgure

453 1801 602 1872 hujus
628 1798 817 1852 mutuli.
844 1797 1022 1868 Itaque
1048 1811 1167 1850 cum
1193 1793 1445 1855 audieris,
1465 1791 1717 1851 Prata-it.
1735 1791 1859 1862 quid
1887 1801 2033 1860 post-

452 1893 550 1944 hac
573 1891 799 1960 amplius
817 1888 1044 1960 quzris?
1072 1886 1284 1958 quando
1302 1884 1455 1941 audis
1475 1883 1693 1955 ligurum
1713 1882 1883 1938 solum
1916 1897 2036 1938 esse

456 1981 688 2034 humana
714 1979 892 2033 omnia
918 1979 1243 2047 reritatequc
1267 1975 1539 2040 destituta,
1571 1989 1736 2044 quare
1777 1983 1829 2027 te
1861 1973 2035 2042 decipi

451 2078 642 2138 sponte
672 2067 903 2135 pateris?
940 2081 1036 2120 cur
1073 2065 1311 2139 cogitans
1351 2078 1507 2132 quam
1549 2064 1653 2116 sint
1685 2061 1954 2115 mutabilia
1979 2072 2030 2115 et

451 2157 614 2222 ﬂuxa,
645 2173 750 2211 non
775 2172 836 2210 ea
861 2155 1122 2227 praeteris,
1154 2163 1212 2208 ut
1239 2154 1305 2208 ad
1331 2154 1415 2207 illa
1437 2168 1555 2224 qua:
1580 2166 1793 2220 semper
1816 2151 2030 2217 durant,

450 2266 516 2305 ac
553 2266 766 2320 semper
801 2248 1007 2303 stabilia
1031 2288 1048 2315 ,
1089 2246 1390 2316 nulliusqne
1412 2244 1795 2301 Vicissitutlinis
1819 2244 2033 2315 capacia

450 2348 594 2402 sunt,
623 2337 943 2394 desiderium
971 2335 1296 2391 transferas?

520 2432 575 2488 8.
622 2431 753 2487 Nam
796 2439 855 2489 ut
896 2429 1036 2483 scias
1075 2426 1407 2497 prudentiam
1435 2424 1667 2480 doctoris
1695 2424 1874 2491 orbis,
1907 2423 2026 2479 vide

451 2523 596 2578 illum
618 2522 722 2577 alio
743 2523 859 2577 loco
878 2518 1056 2575 omnia
1079 2517 1336 2589 praeclara
1356 2515 1513 2587 hujus
1540 2518 1660 2571 vitae
1685 2515 1882 2570 nullius
1907 2529 2028 2571 esse

452 2615 706 2669 momenti
731 2612 1097 2667 demonstrare
1117 2609 1407 2675 volentem,
1429 2608 1569 2679 quali
1587 2617 1762 2662 utatur
1777 2607 2025 2676 loquendi

452 2704 612 2759 tundo
639 2721 652 2756 :
678 2702 805 2769 ρυω
821 2703 952 2756 enim
972 2701 1202 2755 ridentur
1220 2708 1566 2753 momentariae
1584 2706 1702 2752 sunt
1730 2696 1806 2770 (2.
1831 2695 1950 2752 Cor.
1975 2697 2028 2751 4.

447 2794 566 2864 18),
608 2794 816 2849 etiamsi
855 2792 1157 2847 divitiarum
1203 2788 1580 2843 abundantiam
1623 2787 1788 2851 dicas,
1827 2787 2033 2841 etiamsi

449 2885 671 2956 gloriam
698 2926 713 2948 ,
753 2883 961 2938 etiamsi
1002 2881 1331 2947 claritatem,
1381 2880 1590 2934 etiamsi
1641 2878 2029 2949 principatum,

449 2976 654 3031 etiamsi
680 2974 988 3045 potentiam,
1011 2973 1216 3027 etiamsi
1240 2985 1482 3038 regnum,
1504 2971 1708 3024 etiamsi
1735 2969 2031 3023 diademate

450 3067 751 3121 redimitum
811 3065 956 3118 illum
983 3104 998 3129 ,
1046 3061 1253 3116 etiamsi
1296 3059 1486 3114 solium
1532 3074 1836 3127 supremum
1874 3077 1886 3112 :
1919 3059 2032 3114 lucc

451 3156 630 3210 omnia
659 3170 777 3224 qua:
805 3154 1049 3208 videntur
1071 3151 1214 3205 brevi
1247 3159 1486 3219 tempore
1507 3149 1792 3210 manentia.
1821 3164 1927 3203 non
1950 3149 2031 3202 ad-

449 3247 663 3300 modum
689 3246 995 3300 diuturnum
1034 3243 1112 3298 sui
1150 3240 1376 3295 fructum
1417 3238 1570 3293 nobis
1606 3240 1858 3308 prtebent.
1903 3240 2031 3307 Qua:

449 3340 606 3408 igitur
647 3352 743 3391 nos
782 3338 1047 3406 inquirere
1085 3334 1186 3399 vis,
1215 3331 1263 3387 si
1300 3331 1475 3389 omnia
1507 3341 1842 3400 temporanea
1865 3331 2033 3386 sunt?

448 3429 562 3489 Illa,
591 3427 779 3496 inquit,
811 3441 929 3496 quas
959 3439 1064 3479 non
1091 3422 1355 3487 videntur,
1375 3421 1605 3477 nonhzec
1631 3437 1748 3492 qua:
1767 3421 2027 3486 videntur,

447 3518 538 3571 sed
571 3518 652 3570 illa
685 3518 795 3585 ipsa
832 3532 950 3585 qua:
981 3515 1124 3568 hisee
1154 3514 1324 3568 oculis
1361 3513 1728 3582 corporalibus
1768 3528 1872 3570 non
1909 3528 2029 3582 spe-

447 3618 673 3663 etantur.
705 3608 769 3661 Et
787 3608 905 3674 quis
928 3606 1027 3660 hnc
1045 3605 1368 3669 consuleret,
1401 3612 1457 3656 ut
1484 3617 1604 3672 quae
1624 3601 1870 3658 videntur
1897 3617 2029 3671 pra:-

449 3710 737 3765 tereantur,
766 3708 820 3755 et
844 3713 962 3769 quae
991 3713 1096 3751 nott
1124 3695 1173 3752 tl
1195 3696 1390 3759 lentur,
1416 3692 1778 3764 inquirantur?
1807 3691 1920 3761 Ipsa
1947 3707 2029 3746 rc-

448 3808 587 3859 rnm,
611 3791 798 3862 inquit,
821 3801 1008 3846 natura
1027 3790 1214 3841 doceat
1232 3801 1347 3840 vos.
1379 3784 1508 3839 Nam
1537 3784 1650 3838 luec
1669 3782 1881 3852 quidem
1908 3782 2031 3839 licet

448 3886 745 3948 videantur,
770 3883 945 3936 statim
970 3891 1142 3936 tamen
1172 3877 1572 3947 prmterlluunt:
1599 3877 1687 3934 illa
1711 3887 1886 3931 autem
1910 3875 2032 3932 licet

450 3991 591 4030 nunc
618 3991 679 4028 ca
709 3974 886 4027 videre
913 3987 1018 4025 non
1049 3971 1313 4041 possimus
1332 4009 1348 4035 ,
1375 3977 1498 4022 sunt
1527 3977 1702 4022 tamen
1734 3977 1987 4038 perpetua
2009 4009 2024 4033 ,

448 4082 659 4135 semper
684 4065 895 4128 tluraut,
932 4062 1214 4116 terminum
1245 4060 1508 4122 nesciunt,
1542 4061 1700 4112 linem
1743 4073 1847 4112 non
1891 4058 2031 4113 acci-

449 4162 627 4229 piunt,
660 4155 1074 4211 vicissitudinem
1114 4154 1390 4222 ignorant,
1420 4151 1626 4205 stabilia
1657 4158 1710 4205 et
1740 4149 2026 4206 immobilia

445 4260 588 4304 sunt.
637 4246 898 4302 Fortassis
939 4245 1148 4298 tandem
1189 4243 1445 4297 molestus
1473 4255 1592 4294 esse
1618 4240 1820 4304 videar,
1849 4240 2029 4308 qunti.

444 4343 532 4395 die
563 4341 752 4393 frustra
779 4337 1062 4392 consolens
1087 4352 1101 4387 :
1130 4333 1224 4390 sed
1245 4332 1369 4402 quid
1401 4332 1623 4386 faciam?
1648 4330 1889 4400 Magnum
1919 4348 2030 4385 ma-

449 4432 572 4485 litia:
599 4432 850 4484 damnum
881 4436 993 4488 est,
1022 4439 1210 4492 magna
1238 4424 1577 4492 pecuniarum
1609 4423 1844 4499 tyrannis
1865 4463 1879 4484 ,
1911 4438 2026 4474 ma-

448 4538 549 4592 gna
592 4523 839 4575 virtutum
892 4521 1102 4572 raritas.
1159 4515 1283 4570 ldeo
1328 4515 1483 4584 cupio
1523 4515 1604 4567 vel
1650 4513 2028 4569 admonitionis

451 4614 757 4669 assiduitate
786 4611 1028 4665 morbum
1055 4609 1268 4664 vincere
1290 4648 1306 4671 ,
1340 4616 1396 4661 et
1435 4605 1782 4660 incolumitati
1811 4605 2028 4676 integra:

451 4707 552 4758 huc
580 4704 958 4759 convenientes
985 4701 1285 4755 restituere.
1316 4699 1444 4752 Eam
1471 4699 1614 4752 enim
1642 4697 1711 4751 ob
1738 4712 1851 4751 rem
1882 4697 2027 4752 Scri-

447 4805 630 4867 pturas
658 4792 938 4846 enarrandi
976 4800 1175 4844 tantum
1207 4788 1362 4843 nobis
1385 4797 1470 4842 est
1495 4787 1728 4844 studium
1771 4795 1826 4842 et
1859 4786 2029 4856 justo-

450 4903 565 4941 rum
602 4887 823 4938 virtutes
853 4885 903 4936 in
935 4883 1163 4937 medium
1192 4879 1462 4934 alferimus
1491 4896 1505 4933 :
1543 4894 1641 4934 nec
1672 4878 1811 4949 piget
1840 4878 2027 4932 eadem

449 4979 642 5047 sa-pius
672 4985 933 5045 repetere,
963 4985 1016 5028 ut
1056 4988 1148 5042 per
1173 4973 1348 5025 omnia
1375 4987 1468 5026 Vos
1496 4971 1746 5025 inducere
1771 4970 1835 5024 ad
1864 4985 2032 5025 temu-

448 5071 697 5126 latinncm
726 5067 990 5136 justurum
1020 5065 1305 5118 valeamus.

522 5163 850 5228 lileeouosyno
878 5156 1197 5226 pradicatur.
1231 5183 1300 5193 —
1328 5152 1421 5208 Vel
1452 5167 1574 5207 sero
1604 5152 1815 5207 tandem
1844 5152 2029 5207 salutis

449 5263 645 5308 nostra:
685 5267 864 5304 curam
910 5248 1184 5311 faciamus,
1216 5256 1266 5300 et
1301 5246 1436 5300 bene
1463 5253 1672 5299 utamur
1700 5246 1762 5299 ad
1791 5245 2030 5300 inducias

448 5346 601 5398 nobis
628 5344 752 5397 dato
784 5341 942 5409 hujus
967 5343 1086 5392 vitae
1113 5337 1360 5401 decursu,
1382 5345 1436 5390 et
1464 5336 1588 5390 dum
1619 5335 1789 5390 adhuc
1820 5347 2029 5403 tempus

449 5448 550 5501 cst,
581 5435 647 5490 ad
680 5433 1043 5504 pmnitentiam
1067 5440 1121 5485 et
1147 5429 1386 5499 lapsuum
1408 5427 1790 5482 correctionem
1813 5427 2029 5482 festiue-

449 5545 570 5584 mus
593 5568 609 5594 ,
641 5526 1088 5597 peeuuiarumque
1118 5520 1496 5579 abundantiam
1528 5519 1577 5572 in
1605 5519 1898 5572 animarum
1927 5534 2025 5573 no-

445 5632 677 5677 strarum
714 5622 935 5675 salutem
961 5614 1323 5688 expendamus
1340 5652 1356 5678 ,
1384 5609 1757 5682 superﬂuaque
1786 5610 2026 5682 indigen-

448 5717 590 5770 tibus
617 5715 960 5766 iusumamus.
1007 5709 1179 5777 Quare
1219 5705 1383 5772 enim,
1407 5704 1492 5759 dic
1526 5702 1677 5768 mihi,
1711 5703 1967 5773 permittis
1993 5719 2021 5756 a

2145 428 2386 497 rubigine
2409 442 2595 482 aurum
2616 439 2670 483 et
2689 443 2966 498 argentum
2989 433 3255 497 consumi,
3300 448 3418 502 qua
3457 436 3738 504 oportebat

2145 519 2196 570 in
2228 532 2515 587 pauperum
2541 530 2756 572 ventres
2780 519 3088 585 ell'underc,
3119 531 3178 575 ut
3206 523 3256 574 iu
3289 532 3402 578 tuto
3427 536 3723 593 promptua-

2145 607 2226 658 rio
2253 606 2494 676 deposita
2518 647 2533 672 ,
2567 616 2808 676 tempore
2832 624 2936 678 quo
2965 611 3192 664 maxime
3215 626 3347 680 opus
3366 628 3551 667 eorum
3578 615 3732 683 adju-

2146 695 2282 749 torio
2308 695 2546 761 habebis,
2579 695 2703 750 hinc
2730 699 3154 753 consolationem
3186 701 3462 765 invenias;
3491 714 3546 756 et
3582 702 3672 771 qui
3706 717 3740 756 a

2145 793 2197 839 te
2224 786 2308 840 hic
2333 787 2468 856 pasti
2497 796 2623 840 sunt
2643 826 2657 850 ,
2691 786 2783 841 illo
2808 787 2896 842 die
2931 790 3141 844 ﬁducia:
3167 791 3310 845 fores
3337 791 3431 846 tibi
3455 793 3704 862 aperiant
3728 834 3743 855 ,

2143 884 2198 928 et
2222 876 2480 945 accipiant
2504 878 2629 931 tein
2649 887 2848 932 eterna
2871 894 2966 932 sua
2990 878 3331 935 tabernacula
3355 881 3502 952 (Luc.
3523 884 3609 938 lli.
3636 883 3696 953 9)
3721 879 3747 934 l

2146 966 2331 1022 Vestes
2348 984 2558 1038 quoque
2574 985 2678 1022 non
2701 971 2937 1023 sinamus
2961 985 2990 1024 a
3014 971 3282 1025 vermibus
3304 974 3439 1037 rodi,
3457 984 3512 1028 et
3530 976 3734 1044 altqu

2143 1074 2238 1111 usu
2266 1061 2315 1112 in
2339 1061 2534 1114 arculis
2565 1060 2893 1130 pu'trescerc,
2920 1077 3040 1116 cum
3070 1072 3147 1117 tot
3171 1064 3278 1118 sint
3305 1066 3395 1134 qui
3423 1066 3728 1136 indigeant,

2142 1162 2195 1204 et
2249 1152 2593 1207 obambulent
2646 1155 2769 1206 nudi
2814 1155 2954 1209 :sed
3003 1156 3167 1225 pluris
3217 1155 3472 1211 faciamus
3525 1157 3726 1213 nudum

2141 1243 2434 1306 Christum,
2465 1259 2623 1313 quam
2657 1245 2847 1311 tineas,
2875 1256 2928 1301 et
2955 1247 3236 1301 induamus
3258 1264 3379 1303 eum
3401 1250 3489 1318 qui
3513 1260 3734 1320 propter

2142 1342 2379 1387 nostram
2409 1335 2631 1389 salutem
2663 1336 2834 1390 nudus
2854 1338 3179 1404 obambulat,
3207 1350 3265 1392 ut
3289 1354 3408 1394 cuni
3445 1341 3616 1408 ipsum
3650 1342 3735 1395 in-

2140 1424 2436 1490 duerimus,
2460 1426 2736 1480 audiamus
2761 1427 2811 1480 in
2837 1428 2922 1481 die
2950 1428 3041 1483 illo
3067 1445 3080 1481 :
3113 1428 3299 1484 Nudus
3318 1448 3454 1483 nam
3479 1441 3529 1484 et
3551 1449 3631 1484 me
3655 1434 3736 1484 iu-

2140 1517 2319 1569 duistis
2349 1516 2558 1586 (Matth.
2587 1517 2675 1571 23.
2705 1517 2818 1587 56).
2860 1518 2994 1573 Num
3021 1536 3246 1575 onerosa
3273 1533 3392 1576 sunt
3424 1523 3737 1592 prmeepta?

2142 1623 2266 1661 num
2297 1609 2559 1664 molesta?
2591 1609 2664 1662 Ea
2687 1625 2805 1679 qua:
2829 1621 3081 1679 pereunt,
3107 1612 3302 1681 inquit,
3329 1628 3448 1684 qua:
3477 1628 3507 1666 a
3535 1615 3734 1668 veruti-

2141 1696 2237 1748 bus
2262 1697 2604 1764 arroduntur,
2627 1715 2746 1768 qua:
2774 1701 2974 1769 ab~que
3004 1717 3098 1754 usu
3119 1711 3174 1756 et
3195 1701 3386 1756 frustra
3407 1717 3730 1756 consonuit-

2143 1797 2246 1848 tur,
2283 1788 2395 1842 ha:c
2425 1789 2626 1843 tttiliter
2653 1791 2963 1860 dispensare
2987 1802 3201 1861 satage,
3231 1801 3289 1846 ut
3323 1808 3380 1846 e.
3419 1792 3732 1848 detrimenti

2140 1876 2393 1930 damnum
2423 1877 2673 1948 effugias,
2719 1889 2772 1933 et
2809 1896 2873 1934 cx
2917 1882 3044 1951 ipsis
3083 1881 3286 1936 lucrum
3319 1884 3605 1937 maximum
3637 1882 3731 1939 tibi

2145 1981 2319 2033 pares.
2355 1967 2586 2034 lngent‘s
2606 1969 2746 2022 enim
2773 1980 2824 2023 et
2854 1987 3057 2041 magna:
3089 1972 3488 2028 inhumanitatis
3509 1985 3588 2028 est
3613 1983 3733 2041 post

2143 2063 2217 2106 tot
2247 2056 2505 2109 bonorum
2535 2066 2586 2110 et
2613 2057 2917 2112 lacullatqu
2947 2076 3122 2123 Ilalllll,
3145 2061 3342 2115 arculis
3367 2072 3421 2115 et
3447 2064 3615 2116 muris
3646 2063 3731 2117 in-

2140 2144 2362 2199 cludere
2390 2147 2654 2215 supertlua
2675 2189 2691 2212 ,
2720 2158 2774 2202 et
2797 2164 2902 2203 non
2930 2149 3035 2202 illis
3061 2149 3343 2205 sublevare
3368 2154 3732 2220 proximorum

2139 2233 2404 2303 inopiam,
2445 2237 2539 2291 sed
2584 2238 2777 2292 sinere-
2804 2255 2832 2289 a
2871 2240 3113 2308 rubigine
3152 2249 3206 2294 et
3245 2241 3383 2296 tinea
3414 2245 3592 2312 potius
3614 2259 3734 2299 cor-
3826 2254 3830 2255 '

2140 2325 2311 2394 rumpi
2350 2340 2413 2378 ac
2457 2325 2764 2394 praedonum
2790 2328 3033 2382 manibus
3052 2329 3292 2398 exposita
3321 2331 3644 2400 relinquere,
3677 2340 3732 2387 et

2139 2425 2355 2482 propter
2397 2414 2485 2467 illa
2533 2416 2805 2485 suppliciis
2845 2417 3021 2486 ponus
3062 2417 3241 2486 plecti,
3271 2434 3430 2488 quam
3463 2421 3550 2474 ubi
3583 2432 3730 2476 recte

2138 2506 2553 2576 dispensaveris,
2586 2524 2684 2579 pro
2721 2511 2801 2565 eis
2843 2512 3120 2580 piamiutn
3166 2515 3411 2583 at'cipcre
3466 2515 3727 2577 Obsecm,

2139 2613 2206 2651 ne
2234 2615 2401 2669 usque
2424 2600 2559 2655 adeo
2587 2602 2812 2656 salutem
2843 2613 3080 2657 nostram
3111 2605 3439 2675 negligamus
3461 2647 3479 2672 ,
3509 2605 3604 2659 sed
3630 2621 3730 2661 ex-

2141 2691 2320 2757 pensis
2346 2689 2397 2743 in
2422 2707 2684 2760 pauperes
2705 2692 3007 2761 superﬂuis.
3033 2710 3276 2764 magnam
3302 2696 3454 2748 nobis
3480 2696 3731 2751 ﬁduciam

2138 2790 2294 2834 antea
2313 2796 2649 2851 reponamus,
2670 2791 2728 2836 ut
2747 2784 3102 2840 ineﬂabilibus
3119 2787 3268 2842 bonis
3286 2787 3386 2842 frui
3407 2803 3729 2855 mereamur,

2137 2871 2305 2940 gratia
2351 2881 2406 2926 et
2453 2873 2819 2928 misericordia
2863 2875 3072 2930 Domini
3119 2879 3284 2932 nostri
3325 2878 3450 2934 Jesu
3491 2877 3723 2945 Christi,

2136 2975 2256 3014 cum
2287 2977 2392 3031 quo
2422 2962 2563 3016 l‘atri
2605 2972 2660 3017 et
2698 2975 2885 3019 sancto
2920 2965 3138 3037 Spiritui
3167 2969 3333 3038 gloria
3355 3010 3370 3036 ,
3409 2971 3730 3040 imperium,

2140 3051 2346 3119 honor,
2388 3067 2530 3108 nunc
2572 3062 2628 3110 et
2668 3069 2917 3124 semper,
2960 3068 3014 3111 et
3054 3059 3106 3112 in
3151 3061 3345 3114 sa-cula
3385 3060 3731 3117 steculornm.

2139 3141 2327 3195 Amen.

2649 3277 2923 3334 llUlllLlA
2967 3279 3206 3337 XXXVI.

2136 3384 2263 3440 Post
2283 3387 2389 3441 hate
2417 3399 2581 3442 autem
2599 3391 2742 3443 verba
2763 3396 2928 3462 factus
2952 3403 3022 3446 est
3047 3410 3208 3447 sermo
3227 3393 3433 3451 Domini
3450 3399 3520 3452 ad
3540 3400 3732 3455 Abram

2208 3496 2295 3548 per
2324 3481 2561 3533 visionem
2592 3484 2771 3548 noctis,
2798 3484 3009 3539 dicens:
3046 3483 3131 3539 Ne
3172 3487 3346 3540 linteas
3387 3488 3597 3556 Abram,
3637 3507 3734 3561 ego

2206 3579 2455 3638 protector
2485 3583 2597 3624 tuus
2616 3588 2729 3625 sum
2754 3589 2774 3626 :
2803 3590 2991 3629 merces
3018 3586 3103 3628 tua
3118 3575 3276 3630 multa
3297 3579 3388 3631 erit
3406 3580 3554 3632 valde
3571 3579 3706 3652 (Cat
3723 3630 3735 3640 .

2210 3661 2290 3715 l5.
2327 3663 2406 3729 ι).

2210 3773 2260 3826 1.
2293 3773 2570 3829 Thesauro
2593 3777 2821 3846 cuipiam
2850 3778 3040 3833 similis
3065 3790 3146 3835 est
3163 3780 3424 3851 iustorum
3446 3785 3637 3848 virtus,
3672 3785 3730 3841 in

2135 3882 2242 3936 quo
2272 3868 2512 3936 plurima:
2540 3879 2594 3924 et
2623 3871 2918 3925 inell'abiles
2945 3872 3144 3928 divitia:
3173 3875 3558 3933 reconduntur.
3594 3876 3730 3934 Nam

2135 3960 2268 4012 sicut
2296 3961 2382 4030 qui
2406 3976 2468 4015 ex
2498 3962 2588 4014 illo
2614 3965 2694 4015 vel
2723 3978 2937 4032 parvam
2977 3967 3262 4032 quamdam
3295 3979 3500 4037 partem
3535 3985 3732 4040 capere

2136 4059 2329 4118 potest,
2353 4051 2545 4106 multas
2597 4054 2697 4106 sibi
2751 4055 2874 4109 inde
2919 4066 3068 4124 parat
3104 4072 3234 4126 opes
3267 4076 3279 4112 :
3309 4059 3379 4113 ita
3410 4062 3627 4117 evenire
3673 4064 3730 4118 in

2137 4140 2417 4196 virtutibus
2439 4144 2754 4211 patriarcha:
2774 4145 3174 4214 deprehendere
3198 4151 3317 4217 quis
3343 4161 3534 4220 potest.
3586 4153 3730 4211 Ecce

2139 4231 2250 4285 fere
2279 4234 2513 4302 quotidie
2541 4249 2603 4288 ex
2635 4233 2853 4289 historia
2881 4237 2997 4306 ejus
3028 4239 3176 4293 vobis
3196 4239 3490 4295 doctrinam
3529 4259 3728 4316 propo-

2136 4333 2343 4387 nentes,
2382 4338 2565 4392 magna
2593 4324 2834 4394 largitate
2853 4328 3151 4382 convivium
3171 4331 3490 4398 prtebemus,
3518 4347 3574 4388 et
3597 4337 3732 4392 huc-

2134 4429 2302 4482 usque
2333 4417 2564 4469 nomium
2594 4431 2812 4484 parvam
2859 4419 3118 4474 bonorum
3149 4422 3288 4475 illius
3317 4438 3541 4492 opermn
3598 4443 3726 4496 par-

2137 4514 2242 4558 tem
2266 4519 2517 4560 enarrare
2549 4509 2819 4576 potuimus
2847 4528 2859 4561 :
2888 4511 3047 4564 tantis
3072 4512 3276 4568 scilicet
3302 4514 3536 4568 abundat
3556 4518 3729 4571 virtu-

2137 4597 2293 4651 tibus.
2343 4597 2409 4650 Et
2435 4597 2571 4652 sicut
2607 4613 2640 4652 a
2668 4599 2814 4656 fonte
2845 4601 3004 4670 largis
3033 4603 3227 4659 ﬂuente
3272 4607 3419 4669 rivis.
3468 4609 3631 4662 etiam
3680 4610 3726 4665 si

2136 4700 2320 4742 omnes
2348 4687 2614 4754 hauriant,
2649 4706 2751 4743 non
2783 4694 2952 4746 soluat
2978 4710 3082 4748 non
3109 4696 3490 4751 itnminuuntur
3525 4698 3724 4757 ﬂuenta

2137 4793 2169 4832 e
2197 4778 2339 4832 l'onte
2370 4783 2659 4847 manantia,
2689 4783 2780 4837 sed
2821 4795 3020 4853 quanto
3072 4787 3250 4854 plures
3296 4797 3419 4841 sunt
3460 4791 3551 4858 qui
3601 4791 3725 4848 inde

2136 4867 2398 4936 hauriant,
2430 4880 2578 4925 tanto
2603 4875 2772 4940 major
2801 4889 3054 4941 aquarum
3079 4875 3156 4928 vis
3185 4879 3441 4932 scaturit:
3465 4879 3538 4932 ita
3559 4883 3722 4938 etiam

2137 4963 2188 5015 in
2210 4963 2520 5019 admirando
2547 4965 2843 5033 patriarcha
2872 4966 2984 5018 lieri
3011 4966 3268 5022 videmus.
3293 4970 3432 5034 Quot
3480 4973 3626 5026 enim
3655 4989 3723 5029 ex

2137 5053 2276 5108 illius
2312 5070 2428 5108 mvo
2465 5055 2530 5108 ad
2561 5055 2661 5109 hoc
2705 5069 2869 5125 usque
2908 5065 3114 5124 tempus
3157 5074 3224 5113 ex
3277 5059 3421 5114 fonte
3461 5061 3720 5118 bonorum

2135 5145 2275 5200 illius
2297 5162 2517 5216 operum
2538 5147 2806 5213 hauriunt,
2836 5157 2888 5201 et
2920 5164 3024 5202 non
3047 5150 3220 5202 soltttn
3249 5151 3444 5205 ﬂuenta
3473 5167 3580 5206 non
3598 5170 3694 5209 eva

2133 5247 2378 5302 Cttttr-illl,
2409 5237 2501 5289 scd
2530 5237 2697 5291 nmlto
2721 5236 3075 5292 abundantior
3099 5245 3359 5294 bonorum
3387 5255 3608 5312 operum
3626 5260 3719 5299 cu.

2135 5329 2216 5396 pia
2247 5327 2466 5385 tnauat?
2491 5327 2636 5381 Sicut
2657 5329 2797 5380 enim
2820 5331 3357 5399 catenamquamilam
3383 5347 3621 5397 auream,
3647 5335 3721 5388 sic

2133 5419 2248 5485 ejus
2276 5419 2546 5471 historiam
2571 5419 2621 5469 in
2656 5417 2924 5486 Scriptura
2949 5421 3122 5474 divina
3143 5422 3458 5477 recensitam
3486 5424 3719 5479 lnvenio-

2134 5526 2286 5574 mus;
2315 5526 2375 5564 ac
2404 5510 2622 5578 singulis
2653 5512 2975 5579 temporibus
3003 5511 3174 5581 primo
3202 5512 3349 5568 illum
3374 5515 3720 5571 observamus

2133 5618 2273 5657 vera:
2299 5601 2650 5672 philosophia:
2677 5603 2968 5672 specimina
3013 5605 3378 5675 exhibentem,
3431 5611 3716 5681 statimque

2133 5704 2446 5767 sequentem
2475 5693 2567 5749 Dei
2596 5699 3100 5750 remunerationem.
3133 5697 3199 5751 Et
3228 5707 3285 5752 ut
3304 5699 3524 5756 discatis
3564 5702 3636 5757 ita
3658 5717 3716 5762 se
