4054 6324
363 345 468 401 333

361 457 644 529 συντομίας
680 456 747 509 τά
772 459 887 510 κατ’
916 452 1071 509 αὑτὸν
1094 453 1471 525 διηγήσασθαι,
1507 454 1592 505 ῖνα
1615 454 1787 525 εἰδῆτε
1816 454 1909 507 καὶ
1932 452 2024 506 τοῦ

358 544 565 596 δικαίου
594 544 692 615 τὴν
750 543 1184 613 ὑπερϐάλλουσαν
1239 542 1440 605 πίστιν,
1498 540 1563 615 ᾖν
1604 540 1735 610 περὶ
1766 540 1862 602 τάς
1896 541 2027 594 ὑπο-

358 631 571 699 σχέσεις
617 630 709 685 τοῦ
765 630 900 684 Θεοῦ
944 630 1331 694 ἐπιδείκνυται,
1383 628 1478 681 καὶ
1500 626 1596 680 τοῦ
1650 628 2029 696 φιλανθρώπου

356 717 493 770 Θεοῦ
522 719 661 787 μετά
691 718 967 787 δαψιλείας
991 716 1088 778 τὰς
1120 715 1354 785 ἀμοιϐάς
1388 714 1537 785 αὑτῷ
1574 716 1949 784 παρεχομένου
1978 726 2024 766 ιι.

371 803 575 867 Ἱκανὸς
599 806 708 875 γὰρ
738 806 767 855 6
811 804 1016 865 δίκαιος
1064 797 1217 866 οὗτος
1250 803 1493 863 ἅπαντας
1532 804 1677 871 ήμᾶς
1722 799 2026 863 παιδεῦσαι,

357 890 494 957 πρὸς
533 892 659 953 τοὺς
692 892 789 959 τῆς
818 890 1022 961 ἀρετῆς
1048 888 1264 958 ἀγῶνας
1292 889 1429 959 μετά
1456 888 1763 960 προθυμίας
1802 886 2029 955 ἀποδύε-

360 975 482 1028 σθαι
507 975 842 1047 θαρροῦντας
885 978 1006 1038 ταῖς
1029 975 1233 1029 ἀνωθεν
1265 968 1542 1045 ἀμοιϐαῖς,
1576 976 1668 1028 καὶ
1700 976 1902 1038 εἰδότας
1934 973 2026 1026 τοῦ

357 1062 627 1131 ἡμετέρου
658 1061 933 1115 Δεσπότου
964 1061 1061 1131 τήν
1116 1062 1444 1131 φιλοτιμίαν,
1480 1062 1656 1115 πάντα
1682 1062 1749 1115 τά
1795 1062 2026 1131 δυσχερῆ

358 1148 683 1218 νομιζόμενα
703 1148 845 1202 κατὰ
870 1149 961 1201 τὸν
1006 1147 1248 1217 παρόντα
1281 1148 1395 1218 βίον
1429 1149 1545 1219 μετ’
1576 1149 1836 1211 εὐκολίας
1862 1164 2027 1200 καταο

354 1235 625 1303 δέχεσθαι,
660 1238 725 1305 τῇ
746 1234 917 1287 ἐλπίδι
949 1234 1057 1287 τῶν
1084 1234 1405 1287 ἀντιδόσεων
1432 1236 1814 1305 τρεφομένους.
1853 1234 2028 1300 Προσ-

355 1323 504 1392 έχετε
534 1323 620 1393 δὴ,
650 1322 970 1393 παρακαλῶ,
991 1325 1138 1386 ὅπως
1162 1325 1225 1375 ἐκ
1251 1324 1565 1395 προοιμίων,
1595 1320 1776 1392 ἐπειδὴ
1806 1321 1875 1373 τά
1899 1320 2027 1390 παρ’

356 1410 779 1471 ἐαυτοῦηοῖκοθεν
798 1412 1116 1482 εἰσήνεγκεν
1148 1414 1210 1464 ἐκ
1236 1412 1333 1481 τῆς
1350 1410 1671 1480 ἐγκειμένης
1692 1412 1755 1479 τῇ
1783 1409 2028 1479 ἡμετέρᾳ

356 1497 802 1565 φύσειγνὼσεως,
829 1498 1014 1550 οὐδένα
1043 1496 1239 1562 ἔξωθεν
1260 1496 1505 1565 ἐσχηκὼς
1534 1496 1870 1559 διδάσκαλον,
1894 1494 2028 1546 ἀλλά

356 1581 451 1630 καί
477 1580 581 1631 ὑπὸ
607 1580 855 1642 ἀπίστοις
875 1579 1086 1646 γονεῦσι
1111 1580 1458 1650 τρεφόμενος,
1488 1578 1585 1644 τῆς
1619 1577 1769 1640 θείας
1791 1577 2029 1630 ἀπέλαυε

358 1680 453 1717 σεν
474 1665 811 1733 ἐπιφανείας.
834 1663 985 1734 [565]
1020 1663 1233 1734 Ἐπειδὴ
1269 1664 1375 1734 γάρ
1403 1664 1568 1733 μηδὲν
1597 1662 1736 1716 κατά
1759 1662 1855 1733 τὴν
1887 1660 2029 1731 πρώ-

353 1767 453 1819 την
473 1750 688 1821 ἡλικίαν
720 1754 785 1820 τῇ
811 1751 986 1824 πλάνῃ
1016 1750 1108 1803 τοῦ
1145 1749 1349 1821 πατρὸς
1378 1750 1864 1820 κατηκολούθησεν,
1892 1748 2027 1801 ἀλλά

355 1838 453 1905 τὴν
487 1837 623 1905 πρὸς
646 1836 707 1888 τὸ
727 1836 880 1889 Θεῖον
904 1836 1203 1907 Θεραπείαν
1230 1836 1597 1899 ἐπεδείκνυτο.
1633 1837 1728 1890 καὶ
1764 1839 1862 1905 τῆς
1895 1836 2028 1889 ἀνω-

356 1920 447 1974 θεν
485 1922 793 1991 ἐπισκοπῆς
826 1924 1033 1991 ταχέως
1076 1924 1336 1992 ἐπέτυχεν
1372 1924 1452 1975 ἐτι
1493 1924 1584 1975 ἐπὶ
1614 1926 1709 1994 τῆς
1760 1923 2028 1985 Χαλδαίας

354 2008 450 2059 ὢν·
474 2009 632 2061 τοῦτο
678 2009 787 2079 γάρ
821 2012 953 2081 ἡμῖν
1001 2010 1332 2080 σαφέστερον
1389 2010 1661 2063 ἐκτίθεται
1704 2013 1732 2063 6
1762 2011 2027 2081 μακάριος

358 2096 627 2163 Στέφανος
645 2095 788 2148 οὕτω
808 2096 999 2163 λέγων·
1038 2097 1101 2147 '0
1125 2096 1267 2161 Θεὸς
1296 2097 1405 2163 τῆς
1419 2096 1602 2162 δόξης
1630 2096 1794 2164 ὤφθη
1810 2096 1890 2161 τῷ
1918 2111 2025 2149 πα-

355 2184 444 2248 τρί
471 2181 633 2249 ἡμῶν
665 2181 909 2249 Ἀϐραὰμ
952 2181 1078 2233 ὄντι
1107 2181 1175 2233 ἐν
1204 2179 1279 2248 τῇ
1322 2182 1765 2249 Μεσοποταμίᾳ,
1800 2181 1940 2249 πρὶν
1985 2182 2023 2249 ἣ

355 2267 713 2334 κατοικῆσαι
746 2267 933 2321 αὑτὸν
962 2268 1031 2321 ὲν
1050 2267 1287 2336 Χαρῤιίν
1336 2264 1487 2332 Εἶδες
1505 2268 1621 2331 πῶς
1648 2270 1681 2338 ή
1715 2268 1834 2337 ὄψις
1864 2269 2025 2322 αὑτὸν

354 2354 564 2408 ἐκεῖθεν
604 2354 900 2425 ἀνέστησεν
926 2354 990 2417 h;
1045 2354 1204 2417 Εἰκὸς
1238 2353 1344 2424 γάρ
1378 2354 1459 2407 ὃτι
1507 2354 1645 2424 μετά
1672 2355 1768 2424 τῆς
1789 2355 1918 2425 περί
1968 2356 2028 2408 τὸ

354 2439 506 2491 Θεῖον
534 2437 853 2508 θεραπείας,
887 2440 978 2491 καὶ
1008 2439 1106 2509 τὴν
1150 2440 1277 2507 περὶ
1310 2441 1436 2501 τοὺς
1475 2441 1869 2509 γεγεννηκότας
1894 2441 2027 2494 αἰδῶ

356 2524 824 2593 ἐπιδεικνύμενος,
855 2527 951 2577 καὶ
973 2527 1021 2577 εἰ
1035 2544 1051 2587 5
1079 2525 1213 2579 πολὺ
1240 2525 1459 2595 φίλτρον
1478 2526 1916 2595 ἐπισπασάμενος
1936 2527 2026 2579 τὸν

240 2635 249 2648 ο
355 2612 589 2683 πατέρα,
614 2612 776 2675 αὑτὸς
799 2611 945 2680 αὑτῷ
968 2612 1139 2674 αἴτιος
1164 2612 1355 2679 γέγονε
1381 2612 1478 2675 τῆς
1496 2611 1699 2665 ἐκεῖθεν
1722 2611 1917 2676 ἐξόδου·
1934 2613 2027 2665 καὶ

355 2698 443 2751 διά
468 2698 560 2751 τὸν
587 2698 750 2751 πόθον
764 2698 857 2751 τοῦ
879 2698 1069 2761 παιδὸς
1088 2698 1345 2769 ⁴ἰινέσχετο
1364 2699 1683 2752 καταλιπεῖν
1706 2698 1803 2767 τὴν
1824 2699 2027 2752 οἰκείαν

356 2781 609 2851 πατρίδα,
637 2782 733 2834 καὶ
752 2782 849 2851 τὴν
886 2781 1171 2851 ἀλλοτρίαν
1196 2782 1436 2851 οἰκῆσαι.
1475 2781 1614 2833 Ἀλλ’
1646 2782 1748 2852 δρα
1772 2798 1859 2851 μοι
1892 2782 2029 2851 μετὰ

355 2864 660 2933 ἀκριϐείας,
690 2864 807 2928 πῶς
829 2866 924 2917 καὶ
947 2864 1083 2933 αὑτὴ
1103 2867 1135 2933 ὴ
1172 2864 1323 2933 παρά
1365 2863 1459 2917 τοῦ
1480 2862 1614 2916 Θεοῦ
1646 2864 1912 2933 γενομένη
1939 2863 2029 2917 διά

354 2951 453 3019 τὴν
484 2949 859 3021 προλαϐοῦσαν
888 2950 1086 3020 ἀρετὴν
1121 2952 1199 3013 εἰς
1230 2950 1393 3003 αὑτὸν
1424 2948 1709 3017 ἐπίσκεψις
1743 2949 1903 3002 πάλιν
1928 2951 2027 3002 αὑ·-

357 3037 448 3089 τοῦ
471 3035 569 3107 τὴν
608 3035 803 3107 ἀρετὴν
828 3037 1295 3105 περιφανεστέραν
1337 3036 1647 3105 ἐργάζεται.
1687 3034 1877 3088 Εἵλετο
1919 3036 2029 3106 γὰρ

365 3124 454 3191 τὴν
477 3122 662 3193 χώραν
692 3123 791 3192 τήν
826 3121 1096 3192 πατρικὴν
1130 3120 1447 3174 καταλιπεῖν
1480 3121 1575 3173 καὶ
1612 3120 1712 3189 τὴν
1747 3120 2029 3191 ἀλλοτρίαν

356 3208 597 3277 οἰκῆσαι,
647 3208 733 3261 ῖνα
774 3209 833 3259 τὸ
880 3208 1029 3276 παρά
1071 3207 1169 3260 τοῦ
1218 3207 1353 3259 Θεοῦ
1390 3206 1728 3277 προσταχθὲν
1755 3208 1833 3269 είς
1871 3208 2030 3278 ἔργον

358 3297 559 3366 ἀγάγῃ·
580 3295 673 3348 καὶ
691 3295 901 3363 ἐτοιμος
928 3289 1016 3365 ἦν,
1034 3294 1109 3355 ὡς
1134 3294 1256 3363 ἐμοὶ
1277 3293 1439 3356 δοκεῖ,
1475 3294 1568 3347 καὶ
1586 3294 1712 3349 ἀνευ
1732 3296 1840 3348 τῶν
1862 3312 2029 3365 1:903-

356 3384 603 3450 ηκόντων
636 3381 731 3435 καί.
781 3380 901 3433 καθ’
952 3381 1142 3433 ἐαυτὸν
1190 3380 1290 3450 τὴν
1332 3380 1641 3452 ἀποδημίαν
1697 3382 2026 3435 στείλασθαι·

358 3469 492 3534 ἀλλ’,
518 3469 654 3539 ὅπερ
680 3467 777 3535 ἐφθ
789 3486 847 3539 ην
876 3466 1062 3530 εἰπὼν,
1084 3469 1117 3536 ἡ
1141 3466 1234 3519 τοῦ
1263 3466 1455 3539 ἀνδρὸς
1480 3468 1667 3539 ἀρετὴ,
1693 3469 1835 3540 καλή
1863 3469 2030 3540 πολλὴ

358 3555 629 3626 θεραπεία
661 3557 695 3625 ή
742 3555 869 3623 περί
898 3556 1022 3616 τοὺς
1067 3552 1323 3617 τεκόντας
1360 3554 1734 3626 συνοδοιπόρον
1784 3555 2030 3623 γενέσθαι

360 3643 454 3695 καὶ
476 3643 567 3694 τὸν
604 3641 812 3707 πατέρα
844 3638 1273 3713 παρεσκεύασεν.

431 3726 565 3782 Εἶτα
581 3727 764 3797 ἐπειδή
802 3727 898 3797 τήν
922 3727 1146 3797 Χαρρὰν
1167 3725 1486 3792 κατέλαϐον,
1524 3727 1640 3779 ἐκεῖ
1660 3726 1756 3798 τὴν
1785 3728 1986 3798 σκηνὴν
2006 3743 2027 3767 ε

362 3817 651 3887 ἐπήξαντο.
685 3814 793 3867 Καὶ
825 3814 1245 3883 τελευτήσαντος
1287 3812 1382 3865 τοῦ
1410 3811 1599 3884 Θάρρει
1630 3813 1805 3883 (τοῦτο
1829 3815 1937 3885 γὰρ
1965 3812 2032 3885 ἦν

360 3904 532 3970 δνομα
569 3899 648 3968 τῷ
682 3898 888 3967 πατρὶ),
927 3897 1091 3948 πάλιν
1143 3898 1536 3967 προστάττεται
1553 3898 1731 3967 επαρά
1773 3898 1866 3951 τοῦ
1897 3900 2029 3953 Θεοῦ

360 3988 597 4051 ἐξελθεῖν
635 3983 861 4036 ἐκεῖθεν.
896 3982 1145 4045 Ἔξελθε
1172 3985 1298 4052 γὰρ,
1333 3983 1519 4051 φησὶν,
1557 3983 1629 4052 ἐκ
1654 3983 1764 4052 τῆς
1787 3984 1899 4054 γῆς
1916 4003 2031 4039 σου

363 4075 459 4126 καί
482 4073 550 4125 ἐκ
570 4071 682 4140 τῆς
700 4070 1060 4139 συγγενείας
1085 4085 1221 4133 σου,
1247 4070 1346 4122 καί
1372 4068 1549 4137 δεῦρο
1563 4073 1649 4135 είς
1667 4071 1780 4138 τὴν
1801 4071 1935 4141 γῆν,
1956 4072 2035 4139 ἣν

362 4163 439 4214 ἄν
461 4175 560 4213 σοι
581 4157 775 4220 δείξω.
820 4154 1037 4225 Ἐπειδὴ
1068 4155 1191 4227 γάρ·
1214 4155 1353 4225 μετὰ
1378 4156 1561 4226 πάσης
1611 4156 1713 4227 τῆς
1738 4158 1914 4219 οἰκίας
1956 4161 2035 4221 εἰς

361 4250 459 4315 τὴν
482 4239 705 4315 Χαρράν
738 4243 1091 4314 μετέστησαν,
1120 4243 1208 4295 διὰ
1240 4242 1398 4295 τοῦτο
1424 4240 1656 4295 ἐνταῦθα
1687 4245 2034 4311 προστάττων

360 4332 507 4402 αύτῷ
527 4330 759 4396 ἐξελθεῖν
786 4330 1143 4400 προσέθηκεν,
1178 4329 1273 4382 Ἐκ
1301 4328 1410 4396 τῆς
1432 4328 1543 4397 γῆς
1559 4345 1675 4382 σου
1704 4331 1799 4382 καί
1827 4329 1896 4383 ἐκ
1927 4329 2034 4397 τῆς

357 4417 714 4488 συγγενείας
736 4430 873 4477 σου,
899 4416 1072 4486 δηλῶν
1097 4414 1360 4484 αὑτῷ,ὂτι
1386 4415 1547 4468 αὑτὸν
1575 4415 1732 4485 μόνον
1756 4416 1875 4469 καθ’
1910 4419 2035 4469 ἐαυ-

363 4508 451 4559 τὸν
485 4504 732 4575 βούλεται
771 4504 869 4573 τὴν
892 4502 1199 4571 ἀποδημίαν
1240 4502 1589 4571 ποιήσασθαι,
1632 4505 1725 4556 καὶ
1768 4505 1903 4573 μήτε
1942 4505 2035 4557 τὸν

364 4591 609 4659 ἀδελφὸν,
663 4591 755 4642 τὸν
806 4587 1007 4659 Ναχὼρ
1054 4588 1219 4655 λέγω,
1258 4590 1393 4659 μήτε
1419 4589 1603 4659 ἕτερόν
1631 4607 1749 4643 τινα
1778 4590 2034 4659 ἐπισύρε-

366 4672 508 4725 σθαι.
553 4673 648 4725 Ἐκ
667 4672 766 4737 τῆς
795 4670 898 4738 γῆς
924 4686 1013 4721 σου
1048 4671 1103 4721 δὲ
1136 4669 1337 4736 ἔλεγεν,
1370 4672 1559 4741 ἐπειδὴ
1593 4672 1781 4743 χρόνον
1810 4673 1908 4725 οὑκ
1927 4673 2034 4724 ὀλί-

366 4770 458 4820 γον
493 4756 609 4806 ἐκεῖ
626 4754 963 4822 οἰκήσαντες,
998 4754 1071 4815 ὼς
1089 4755 1145 4804 ἐν
1182 4753 1287 4821 ἰδίᾳ
1314 4753 1499 4805 λοιπὸν
1522 4755 1738 4824 πατρίδι
1765 4755 1861 4825 τὴν
1886 4756 2037 4826 οῐκη-

368 4854 451 4889 σιν
475 4837 750 4890 ἐποιοῦντο
788 4838 845 4887 ὲν
877 4837 1032 4906 αὑτῇ.
1070 4836 1262 4890 Καίτοι
1294 4837 1389 4911 τοῦ
1444 4838 1670 4900 πένθους
1702 4838 1807 4891 τῶν
1840 4839 2036 4892 ἐαυτοῦ

378 4920 567 4982 ,ονέων
597 4920 932 4987 ἀκμάζοντος
964 4921 1077 4983 ἔτι,
1133 4920 1225 4972 καὶ
1260 4921 1460 4991 πολλῆς
1506 4920 1671 4992 οῢσης
1696 4923 1816 4975 τότε
1844 4922 2034 4993 δυσχε-

372 5000 521 5070 ρείας
551 5018 608 5052 τε
666 5002 758 5052 καὶ
789 5001 999 5062 ἀνοδίας
1054 5002 1193 5053 κατά
1244 5004 1340 5065 τάς
1379 5003 1707 5072 ἀποδημίας,
1744 5003 1860 5057 ἀλλ’
1890 5006 2039 5075 ὅμως

371 5087 507 5156 μετά
542 5088 721 5156 πάσης
753 5088 1061 5157 προθυμίας
1085 5088 1145 5140 τὸ
1165 5089 1441 5159 ἐπίταγμα
1466 5091 1523 5143 τὸ
1544 5091 1693 5161 παρά
1726 5091 1818 5145 τοῦ
1835 5094 2040 5146 Δεσπό-

368 5191 460 5227 του
491 5175 642 5243 ἤνυε,
692 5176 787 5227 καὶ
814 5174 986 5227 ταῦτα
1020 5176 1116 5227 οὑκ
1144 5176 1317 5240 εἰδὼς,
1348 5178 1479 5229 ὅπου
1512 5180 1765 5249 στήσεται
1793 5180 1941 5251 αὑτῷ
1973 5181 2043 5235 τά

369 5261 467 5329 τῆς
498 5262 721 5329 πλάνης.
744 5260 925 5325 Δεῦρο
945 5262 1074 5330 γὰρ,
1106 5264 1288 5330 φησὶν,
1314 5264 1413 5316 οὑκ
1448 5265 1524 5326 εἰς
1554 5264 1709 5335 τήνδε
1729 5266 1825 5336 τὴν
1851 5266 1976 5335 γῆν,
2008 5266 2041 5336 ἢ

369 5349 677 5417 τήνδε,’άλλ’
703 5350 782 5409 εἰς
809 5350 915 5403 Ἦν
937 5349 1013 5401 ἅν
1040 5367 1139 5403 σοι
1164 5350 1356 5415 δείξω.
1388 5354 1496 5406 Kal
1517 5354 1663 5423 ὅμως
1694 5354 1862 5418 οὕτως
1890 5356 2043 5419 ὄντος

372 5436 619 5506 ἀορίστου
670 5436 1187 5505 τοῦλέτιιτάγματος,
1247 5440 1397 5492 οὐδὲν
1446 5442 1938 5513 περιεργαζόμενος
1984 5443 2044 5495 τὸ

375 5528 708 5597 προσταχθὲν
735 5530 811 5591 εἰς
840 5527 997 5598 ἔργον
1030 5529 1224 5598 ἤγαγε·
1256 5530 1346 5581 καὶ
1370 5531 1459 5581 τὸν
1490 5532 1797 5598 ἀδελφιδοῦν
1826 5533 1882 5584 δὲ
1908 5534 2044 5603 ἐπή-

436 5650 461 5677 ⁸
486 5649 635 5711 Savil.
659 5649 852 5711 conjicil
875 5651 1210 5711 παρεχόμενος.
1281 5650 1304 5686 ι’
1345 5650 1645 5711 Ἀνέστησεν,
1680 5654 1744 5701 ad
1778 5654 1915 5703 sedes
1938 5668 2041 5703 mo-

372 5710 547 5757 vendus
571 5709 797 5768 compulit
821 5722 836 5754 :
859 5709 962 5755 haec
985 5709 1074 5757 vo:
1102 5714 1332 5771 lrcquens
1356 5719 1434 5757 est
1474 5713 1561 5759 itlu
1585 5709 1689 5763 usu.
1760 5719 1779 5744 τ
1810 5718 1957 5762 Savil.
1990 5726 2042 5764 et

374 5780 590 5833 Q‘uuqqc
614 5783 726 5833 mss.
755 5772 838 5824 τήν
865 5771 1051 5825 οἷκησιν
1073 5772 1313 5828 ἐπήξαντο.
1345 5772 1515 5823 Morel.
1554 5778 1637 5831 τήν
1664 5777 1840 5832 σκηνὴν
1871 5777 2000 5833 ἐπήξ,
2028 5797 2036 5823 ε

376 5838 521 5887 atque
545 5830 612 5874 ita
637 5829 749 5889 lvgi'
779 5836 1038 5888 καθήσω.

1138 341 1193 395 S.
1236 337 1519 396 ΙΟΑΝΝΙ.)
1556 332 2049 391 CHRYSOSTUMI
2088 334 2408 390 AHCHIEI’.
2451 330 3001 391 CONSTANTINOP.

3780 256 3825 293 Ο

3699 335 3815 389 356

2138 470 2281 521 γετο,
2307 453 2401 506 καὶ
2430 452 2517 505 διά
2546 450 2737 504 τούτου
2766 448 2864 519 τὴν
2887 447 3093 499 οἰκείαν
3115 446 3315 516 ἀρετὴν
3339 446 3572 510 δεικνύς.
3593 449 3817 522 Ἐπεει,η

2137 540 2245 610 γάρ
2273 541 2393 593 νέον
2412 540 2574 592 αὑτὸν
2592 534 3026 609 προσλαϐόμενος
3055 534 3193 586 κατά
3216 534 3410 603 μικρὸν
3439 535 3677 605 μιμητὴν
3711 554 3787 589 κα
3804 567 3816 575 -

2138 627 2431 692 Ιεεσκεύειξε
2455 627 2551 696 τῆς
2567 626 2772 686 οἰκείας
2804 623 3026 694 ἀρετῆς,
3057 623 3155 675 οὑκ
3184 622 3446 691 ἠνέσχετο
3496 642 3507 652 ·
3532 622 3682 676 τοῦτον
3710 642 3817 677 καε-

2138 714 2401 777 ταλιπεῖν,
2432 712 2565 766 ἀλλά
2592 712 2845 765 κοινωνὸν
2865 711 3028 763 αὑτὸν
3050 710 3323 779 ἐλάμϐανε
3352 711 3451 781 τῆς
3477 712 3814 781 ἀποδημίας.

2137 799 2201 854 Εἰ
2231 802 2341 872 γάρ
2362 803 2389 855 6
2417 800 2619 871 πατὴρ.
2652 796 2832 869 φηςιν,
2867 797 3093 859 ἄπιστος
3110 798 3203 861 ὢν,
3225 798 3313 850 διά
3339 799 3400 850 τὸ
3423 800 3553 869 περί
3578 801 3676 867 ἐμέ
3694 800 3819 868 (pii-

2136 904 2261 960 τρον
2280 889 2378 958 τὴν
2407 888 2583 941 οἰκίαν
2606 886 2702 957 τὴν
2736 885 3013 955 πατρῴαν,
3063 885 3190 937 ἐνθα
3212 886 3402 955 ἐτέχθη
3412 903 3509 954 μεν
3535 886 3815 958 7311;651:-

2137 975 2330 1045 θημεν,
2355 974 2671 1027 καταλιπεῖν
2704 971 3025 1037 κατεδέξατο
3052 973 3145 1024 καὶ
3167 973 3527 1042 ἀκολουθῆσαί
3557 990 3664 1041 μοι,
3713 975 3816 1027 καὶ

2137 1062 2227 1114 ἐπὶ
2256 1061 2354 1131 τῆς
2382 1060 2664 1131 ἀλλοτρίας
2700 1059 2791 1131 ['56
2804 1058 2850 1130 ι]
2882 1060 2970 1111 τὸν
3026 1057 3142 1127 βίον
3198 1059 3482 1112 κατέλυσε·
3537 1061 3714 1129 πολλῷ
3745 1061 3815 1131 δὴ

2140 1147 2337 1218 μᾶλλον
2363 1146 2472 1215 ἐγὼ
2497 1148 2634 1216 πρὸς
2653 1147 2743 1199 τὸν
2769 1146 2863 1199 τοῦ
2888 1143 3115 1214 ἀδελφοῦ
3148 1145 3329 1209 παῖδα,
3361 1146 3453 1197 τὸν
3486 1148 3607 1199 νέον
3628 1148 3715 1199 τὸι
3744 1150 3815 1200 ἐκ

2138 1236 2435 1308 προοιμίων
2452 1235 2735 1290 δεικνύντα
2771 1236 2848 1299 ὡς
2871 1236 3012 1288 κατὰ
3037 1235 3229 1306 μικρὸν
3248 1233 3500 1287 ἐπιδώσει
3528 1236 3664 1306 πρὸς
3680 1239 3815 1306 ἀρεο

2136 1325 2255 1393 τὴν,
2276 1324 2374 1376 οὑκ
2398 1323 2462 1376 ἂν
2492 1322 2823 1393 ἀνασχοίμην
2851 1322 3087 1376 ἐνταῦθα
3114 1324 3353 1389 ἀφεῖναι.

2211 1409 2276 1480 β’.
2309 1410 2459 1462 Ἐπεὶ
2479 1405 2571 1462 οὖν
2593 1409 2680 1461 διά
2701 1410 2914 1462 πάντων
2938 1408 3152 1471 δεικνὺς
3172 1408 3338 1461 αὑτοῦ
3357 1410 3419 1462 τὸ
3432 1410 3697 1479 φιλόθεον,
3714 1415 3816 1465 καὶ

2135 1498 2337 1567 ταύτην
2362 1498 2653 1566 ἐποιήσατο
2676 1496 2773 1567 τὴν
2804 1495 3134 1565 ἀποδημίαν,
3190 1496 3350 1565 ἡνίκα
3403 1498 3677 1551 κατέλαϐε
3704 1501 3812 1569 τὴν

2137 1585 2513 1653 Παλαιστίνην,
2532 1585 2624 1635 καὶ
2644 1582 2751 1635 τῶν
2779 1584 2918 1653 δρων
2936 1581 3106 1653 ἐπέϐη
3129 1581 3237 1635 τῶν
3253 1583 3595 1647 Χαναναίων,
3623 1584 3815 1654 ὀφθεὶς

2136 1669 2283 1740 αὑτῷ
2308 1672 2337 1722 6
2359 1670 2491 1733 Θεὸς
2516 1670 2605 1722 καὶ
2636 1669 2906 1739 νευρῶσαι
2928 1667 3091 1721 αὑτοῦ
3128 1667 3449 1738 βουλόμενος
3476 1670 3577 1741 τὴν
3604 1670 3816 1740 προθυ-

2138 1755 2268 1825 μίαν
2293 1755 2385 1807 xu".
2410 1758 2565 1825 χεῖρα
2592 1753 2797 1825 ὀρέξαι,
2822 1756 2955 1823 φησί
2978 1754 3112 1824 πρὸς
3150 1754 3331 1806 αὑτόν·
3380 1753 3465 1820 Τῷ
3511 1756 3818 1825 σπέρματί

2135 1859 2252 1896 σου
2287 1841 2457 1894 δώσω
2490 1841 2601 1908 τὴν
2622 1840 2739 1911 γῆν
2758 1842 3006 1909 ταύτην.
3036 1841 3211 1909 Ὅπερ
3246 1840 3509 1911 ἐπεθύμει
3558 1844 3653 1895 καί.
3684 1843 3817 1896 ἐπό-

2136 1929 2240 1991 θει,
2268 1929 2473 1981 παίδων
2502 1928 2646 1995 λέγω
2670 1929 2769 1997 τὴν
2801 1926 3068 1997 διαδοχὴν,
3103 1926 3261 1980 τοῦτο
3285 1927 3433 1998 αὑτῷ
3454 1927 3660 1993 εὐθέως
3690 1930 3817 1983 61::-

2138 2019 2395 2087 σχνεῖται,
2438 2015 2672 2086 ἀμοιϐήν
2726 2014 2876 2084 αὑτῷ
2925 2015 3034 2067 τῶν
3087 2014 3354 2067 τοσούτων
3394 2015 3572 2069 πόνων
3610 2015 3813 2080 διδούς.

2148 2102 2364 2173 Ἐπειδὴ
2390 2104 2498 2173 γὰρ
2517 2104 2625 2155 ἀπὸ
2652 2103 2749 2172 τῆς
2779 2102 2993 2171 φύσεως
3021 2102 3382 2173 ἀπεστέρητο,
3427 2103 3519 2156 καὶ
3556 2106 3591 2174 ή
3624 2103 3818 2174 ήλικία

2133 2188 2318 2242 λοιπὸν
2333 2189 2695 2259 ἀπαγορεύειν
2736 2188 2935 2249 ἑπειθε,
2979 2191 3044 2260 τῇ
3070 2190 3362 2259 ὑποσχέσει
3391 2189 3698 2260 διανίστησι
3718 2191 3818 2244 τὸν

2134 2276 2394 2348 ἀθλητὴν,
2433 2278 2527 2329 καὶ
2569 2276 2976 2349 προθυμότερον
3022 2276 3426 2348 ἀπεργάζεται,
3474 2278 3570 2329 καὶ
3599 2275 3817 2340 νεάζειν

2135 2364 2295 2418 αὑτὸν
2322 2364 2715 2429 κατασκευάζει
2740 2364 2877 2433 πρὸς
2898 2364 3025 2424 τοὺς
3049 2362 3175 2432 ἑξῆς
3194 2361 3434 2430 ἀγῶνας.
3463 2363 3605 2433 Ὀρα
3630 2364 3817 2415 τοίνυν

2138 2452 2275 2521 μετά
2301 2450 2396 2521 τήν
2425 2450 2723 2519 ὑπόσχεσιν
2760 2448 2985 2517 ταύτην,
3021 2448 3227 2518 ἑτέραν
3248 2447 3409 2501 πάλιν
3461 2446 3559 2519 τὴν
3583 2448 3817 2519 ἄθλησιν

2134 2538 2225 2589 τὸν
2258 2537 2465 2589 δίκαιον
2493 2536 2679 2589 τοῦτον
2707 2534 3011 2605 δεχόμενον.
3042 2533 3217 2604 Λιμοῦ
3251 2534 3361 2604 γὰρ
3387 2533 3814 2598 καταλαϐόντος.

2136 2624 2227 2675 καὶ
2256 2622 2453 2700 πολλῆς
2491 2620 2654 2691 οὑσης
2675 2622 2772 2690 τῆς
2802 2620 3162 2691 στενοχωρίας
3174 2622 3234 2674 ἐν
3260 2622 3329 2690 τῇ
3356 2620 3661 2690 Χαναναία,
3718 2623 3815 2674 ἐπὶ

2135 2707 2234 2777 τὴν
2266 2710 2539 2775 Αἴγυπτον
2586 2707 2831 2759 ἔσπευδε·
2868 2708 2963 2758 καὶ
3000 2705 3158 2775 λιμοῦ
3216 2705 3576 2776 παραμυθίαν
3631 2706 3817 2775 εὑρεῖν

2139 2792 2477 2863 βουλόμενος,
2499 2792 2707 2863 μείζοσι
2736 2791 3054 2861 περιέϐαλεν
3084 2790 3279 2844 ἐαυτὸν
3292 2791 3578 2855 κινδύνοις.
3614 2792 3678 2845 Ἡ
3700 2790 3815 2863 γὰρ

2136 2880 2408 2951 εὐμορφία
2424 2880 2522 2949 τῆς
2538 2880 2794 2948 γυναικὸς
2806 2879 2900 2933 καὶ
2923 2880 2982 2930 τὸ
3004 2877 3197 2945 κάλλος
3212 2878 3312 2947 τῆς
3330 2878 3508 2948 Σάρας
3531 2879 3817 2949 μονονουχὶ

2135 2966 2227 3018 τὸν
2249 2966 2473 3019 θάνατον
2484 2963 2629 3033 αύτῷ
2646 2964 2751 3033 πρὸ
2766 2964 2873 3015 τῶν
2894 2962 3189 3033 ὀφθαλμῶν
3202 2962 3430 3015 ἐδείκνυ.
3450 2962 3542 3015 Διὸ
3567 2963 3662 3016 καὶ
3674 2962 3822 3033 πλη-

2138 3052 2251 3103 σίον
2271 3054 2557 3120 γενόμενος
2575 3052 2671 3121 τῆς
2686 3052 2765 3111 εἰς
2780 3048 3052 3117 Αἴγυπτον
3072 3047 3298 3112 εἰσόδου,
3316 3048 3451 3118 φησί
3465 3047 3601 3119 πρὸς
3619 3048 3815 3120 αὑτήν,

2138 3138 2422 3193 Γινώσκω
2445 3139 2535 3192 δτι
2552 3139 2944 3205 εὐπρόσωπος
2963 3131 3034 3189 ετ·
3060 3132 3178 3188 οἶδά
3200 3151 3294 3188 σου
3314 3134 3408 3188 τοῦ
3442 3135 3673 3199 κάλλους
3715 3136 3818 3207 τὴν

2139 3224 2308 3296 ὥραν,
2349 3226 2441 3278 καί⁵
2468 3225 2675 3278 δέδοικα
2703 3223 2812 3276 τῶν
2846 3220 3157 3290 Αἰγυπτίων
3201 3220 3299 3291 τὴν
3328 3221 3645 3277 ἀκολασίαν.
3686 3224 3818 3276 Ἐάν

2138 3310 2231 3366 οὖν
2268 3312 2416 3364 ἰδωσί
2436 3328 2517 3373 σε,
2549 3312 2641 3363 καὶ
2663 3309 2863 3379 γνῶσιν
2886 3309 2967 3363 ὅτι
2990 3308 3247 3380 καθάπερ
3277 3312 3520 3378 γυναῖκα
3565 3311 3817 3381 περιάγω

2142 3416 2222 3460 σε,
2262 3399 2319 3451 σὲ
2344 3398 2441 3469 μὲν
2464 3400 2592 3459 ἴσως
2640 3396 3086 3467 περιποιήσονται
3105 3396 3275 3462 ,ὥστε
3300 3398 3381 3459 εἰς
3395 3395 3555 3467 ῑργον
3586 3398 3819 3465 ἀγαγεῖν

2137 3488 2234 3557 τῆς
2260 3487 2457 3556 μανίας
2480 3485 2656 3537 αὑτῶν
2689 3484 2779 3537 τὸν
2801 3481 3033 3556 οἶστρον,
3059 3484 3161 3555 ἐμὲ
3190 3484 3246 3538 δέ
3271 3484 3682 3549 ἀποκτενοῦσιν,
3730 3486 3819 3539 [va

2142 3572 2278 3642 μετά
2321 3566 2505 3633 ἀδείας
2555 3571 2741 3633 αὑτοῖς
2768 3570 2862 3640 ἐξῇ
2906 3570 3007 3641 τήν
3054 3570 3404 3643 παρανομίαν
3454 3571 3817 3641 ἐργάσασθαι,

2138 3660 2239 3712 οὑκ
2268 3658 2417 3719 δντος
2437 3656 2530 3710 τοῦ
2554 3657 2652 3727 τὴν
2678 3657 2923 3727 μοιχείαν
2967 3657 3273 3728 κατάδηλον
3295 3659 3469 3711 ποιεῖν
3493 3657 3816 3729 δυναμένου.

2134 3744 2282 3798 Εἰπὲ
2310 3741 2423 3799 οὖν
2450 3744 2538 3797 ὅτι
2569 3744 2831 3813 ἀδελφός
2849 3757 2965 3798 σου
2990 3745 3127 3813 ειμι.
3148 3745 3291 3816 Ὅρα
3319 3745 3694 3816 ἀδαμαντίνην
3714 3746 3819 3816 ψυ-

2140 3833 2262 3904 χὴν,
2293 3833 2393 3904 δρα
2411 3831 2635 3901 γνώμην
2664 3831 2881 3901 σιδήρου
2899 3830 3286 3902 στερροτέραν·
3302 3831 3423 3885 οὑδὲ
3447 3830 3560 3903 γάρ
3576 3834 3821 3903 παρεσά-

2142 3919 2330 3970 λευσεν
2349 3915 2512 3969 αὑτοῦ
2566 3915 2655 3968 τὸν
2684 3916 2945 3985 λογισμὸν
2978 3918 3013 3986 ή
3067 3917 3495 3989 προσδοκωμένη
3538 3919 3817 3989 συμφορὰ,

2140 4004 2262 4056 οὑδὲ
2294 4003 2593 4073 ἐνενόησεν,
2648 4002 2767 4055 οὑδὲ
2818 3998 2939 4055 εἷπε
2986 4002 3122 4073 πρὸς
3167 4004 3381 4057 ἑαυτόν·
3416 4003 3506 4057 διὰ
3536 4006 3698 4058 τοῦτο
3722 4005 3818 4075 τήν

2142 4090 2348 4142 οἰκείαν
2376 4088 2689 4142 καταλιπὼν
2733 4089 2994 4159 πατρίδα,
3012 4090 3108 4142 καί
3124 4090 3391 4159 τοσαύτην
3414 4090 3819 4160 ἐπιδειξάμενος

2145 4174 2387 4244 ὑπακοὴν
2414 4171 2576 4245 ἦλθον
2598 4178 2677 4238 εἰς
2700 4174 2794 4245 τὴν
2826 4175 3134 4245 ἀλλοτρίαν,
3154 4175 3241 4229 ἴνα
3266 4175 3478 4239 τούτοις
3505 4176 3821 4246 περιϐληθῶ

2142 4267 2252 4325 τοῖς
2270 4264 2486 4325 κακοῖς;
2514 4262 2587 4314 Οὑ
2612 4261 2717 4331 πρὸ
2742 4261 2940 4330 μικροῦ
2968 4262 3235 4333 ὑπέσχετό
3269 4280 3378 4333 μοι,
3413 4264 3495 4316 δτι
3535 4262 3619 4328 Τῷ
3637 4265 3819 4330 σπέρ-

2137 4350 2281 4419 ματί
2317 4364 2433 4402 σου
2463 4347 2636 4401 δώσω
2682 4348 2796 4415 τὴν
2826 4347 2940 4417 γῆν
2964 4350 3226 4416 ταύτην;
3272 4349 3401 4402 Ἰδοὺ
3432 4350 3528 4403 καὶ
3572 4351 3818 4421 μοιχείας

2142 4438 2237 4488 καὶ
2264 4436 2493 4489 θανάτου
2529 4435 2691 4504 φόϐος
2720 4435 2998 4488 κατασείει
3018 4434 3176 4505 ήμῶν
3202 4435 3302 4507 τήν
3331 4435 3533 4507 ψυχήν.
3570 4436 3712 4489 Ἀλλ’
3740 4439 3820 4489 ού-

2141 4524 2229 4577 δὲν
2254 4523 2456 4575 τούτων
2476 4523 2597 4575 οὑδὲ
2621 4523 2678 4574 ἐν
2711 4520 2918 4593 διανοίᾳ
2941 4521 3127 4575 λαϐεῖν
3157 4521 3498 4589 κατεδέξατο·
3548 4523 3665 4576 ἀλλ’
3704 4525 3817 4585 ἐνὸς

2144 4610 2351 4679 γίνεται
2384 4610 2567 4679 μόνου,
2586 4607 2704 4667 πῶς
2732 4608 2929 4677 δυνηθῇ
2952 4623 3009 4660 το
3036 4610 3270 4680 πονηρὸν
3297 4609 3457 4663 τοῦτο
3484 4611 3671 4682 δρᾶμα
3688 4614 3815 4665 ὐπο-

2146 4696 2490 4767 κρινάμενος.
2523 4694 2630 4745 τῶν
2655 4692 2747 4745 δύο
2786 4694 2986 4747 τούτων
3024 4695 3281 4749 κινδύνων
3325 4696 3692 4766 ἐπικειμένων
3734 4699 3817 4750 τὸν

2146 4784 2241 4836 ἕνα
2262 4782 2391 4851 γοῦν
2412 4782 2693 4849 ἐκφυγεῖν.

2218 4871 2326 4923 Καὶ
2345 4868 2533 4939 ἐπειδὴ
2562 4869 2655 4920 καὶ
2678 4866 2836 4928 αὑτὸς
2865 4865 2932 4918 τά
2965 4867 3093 4935 παρ’
3120 4866 3316 4919 ἐαυτοῦ
3357 4868 3649 4937 εἰσήνεγκε
3687 4864 3821 4939 μειά

2149 4956 2395 5028 ἀνδρείας
2420 4954 2514 5025 τὴν
2542 4972 2604 5005 συ
2613 4953 2851 5022 μϐουλὴν
2878 4952 3265 5020 ποιησάμενος,
3289 4954 3383 5004 καὶ
3401 4956 3435 5021 ἡ
3465 4954 3603 5024 γυνὴ
3625 4955 3820 5025 πολλὴν

2147 5043 2244 5115 τὴν
2268 5045 2394 5114 περὶ
2422 5043 2512 5094 τὸν
2546 5041 2713 5111 ἄνδρα
2762 5037 3142 5108 φιλοστοργίαν
3186 5039 3280 5090 καὶ
3326 5040 3575 5111 ὑπακοὴν
3624 5042 3822 5093 ἐπιδει-

2150 5132 2387 5201 κνυμένη
2410 5129 2738 5199 συνέπραξε,
2758 5127 2851 5179 καὶ
2879 5128 2991 5189 τοῖς
3022 5124 3237 5189 δόξασιν
3269 5126 3675 5196 ὑπηρετήσατο·
3732 5128 3823 5180 καὶ

2151 5218 2337 5289 ἐπειδὴ
2360 5217 2428 5271 τά
2451 5218 2579 5285 παρ’
2610 5215 2817 5267 ἐαυτῶν
2847 5215 3177 5285 ἀπήρτισαν,
3192 5215 3287 5267 καὶ
3315 5214 3439 5267 ὅσον
3460 5216 3602 5267 κατά
3623 5217 3825 5287 ἀνθρω-

2153 5306 2311 5375 πίνην
2341 5303 2658 5358 ἀκολουθίαν
2680 5302 3016 5369 ἀπέγνωστο,
3056 5301 3151 5353 καὶ
3206 5303 3285 5363 εἰς
3334 5301 3494 5371 ἔργον
3534 5303 3824 5372 ἐκϐεϐήκει

2155 5394 2337 5462 σχεδὸν
2374 5393 2441 5444 τά
2473 5392 2571 5452 τῆς
2605 5390 2969 5458 παρανομίας.
2989 5387 3110 5454 τότε
3142 5386 3308 5457 πολλὴ
3340 5387 3468 5457 περί
3488 5388 3653 5440 αὑτὸν
3676 5392 3709 5458 ή
3733 5390 3822 5441 τοῦ

2154 5481 2286 5531 Θεοῦ
2302 5480 2574 5529 δείκνυται
2598 5475 2838 5545 πρόνοια.
2864 5476 2938 5527 Οὑ
2964 5473 3122 5543 μόνον
3143 5472 3249 5543 γὰρ
3270 5473 3367 5543 τὴν
3396 5476 3631 5539 γυναῖκα
3651 5476 3681 5526 6
3697 5474 3821 5537 Θεὸς

2162 5568 2249 5635 τῆς
2284 5563 2495 5634 ’ὑῧρεως
2530 5563 2801 5633 ἐξήρπασε
3020 5560 3107 5613 διά
3139 5560 3239 5630 τῆς
3260 5561 3713 5631 ἀγανακτήσεως,
3758 5562 3822 5631 ἦν

2156 5655 2299 5709 κατὰ
2317 5655 2408 5706 τοῦ
2428 5652 2574 5724 βασι)
2588 5654 2689 5714 έως
2710 5653 2802 5704 καὶ
2824 5652 3024 5713 παντὸς
3043 5650 3137 5703 τοῦ
3158 5651 3306 5703 οῖκυυ
3321 5650 3487 5703 αὑτοῦ
3508 5653 3816 5723 ἐποιήσατο,

2160 5743 2293 5795 ἀλλὰ
2314 5743 2406 5793 καὶ
2444 5742 2533 5793 τὸν
2577 5741 2921 5810 πατριάρχην
2965 5737 3103 5805 μετά
3127 5736 3320 5806 πολλῆς,
3348 5736 3444 5806 τῆς
3469 5740 3822 5807 περιφανείας

2155 5831 2260 5885 ἀπὸ
2280 5831 2372 5892 τίς
2400 5829 2672 5889 Αἰγύπτου
2723 5829 2812 5880 ἐπὶ
2840 5826 2939 5888 τὴν
2967 5826 3324 5891 Παλαιστίνην
3367 5826 3682 5880 ἐπανελθεῖν
3726 5843 3818 5880 πε-
