4054 6324
223 529 337 568 rem
374 513 590 578 habere,
616 525 791 580 operm
821 509 1050 580 pretium
1090 506 1247 562 fuerit
1274 507 1428 577 paulo
1458 506 1616 560 altius
1642 505 1819 560 brevi—

228 615 306 655 ter
340 602 490 655 vobis
519 617 605 656 res
641 601 758 670 ejus
785 614 1090 661 recensere,
1124 605 1181 650 ut
1205 598 1387 652 sciatis
1417 597 1672 651 eximiam
1699 595 1826 663 justi

225 693 409 757 tidem,
443 708 601 762 quam
635 692 774 744 circa
809 689 1191 758 promissiones
1226 688 1433 747 divinas
1471 687 1724 751 ostendit,
1774 694 1827 741 et

229 784 447 853 benigni
534 783 623 835 I‘iei
672 780 1048 835 retributiones
1100 779 1320 849 largiter
1370 778 1469 848 ipsi
1522 791 1827 831 concessas.

225 874 435 928 Sufﬁcit
483 876 625 927 enim
672 888 809 928 unus
855 873 942 926 ille
986 873 1184 942 justus,
1232 881 1288 925 ut
1325 886 1513 925 omnes
1544 886 1640 924 nos
1701 885 1828 925 eru-

229 966 363 1026 diat.
397 979 505 1032 quo
554 964 801 1017 alacriter
850 962 1225 1032 aggrediamur
1256 961 1464 1014 virtutis
1509 958 1825 1025 certamina,

226 1056 560 1111 conﬁdentes
611 1054 860 1124 supernis
900 1052 1441 1113 remuneratiouibus,
1499 1061 1554 1105 et
1602 1050 1831 1105 scientes

230 1145 596 1199 misericordis
638 1144 843 1217 Domini
877 1145 1042 1197 nostri
1070 1143 1466 1207 liberalitatem,
1507 1142 1685 1196 omnia
1712 1154 1833 1209 qua:

227 1234 362 1291 dura
394 1246 449 1291 et
492 1236 656 1290 ardua
687 1237 738 1289 in
771 1235 869 1289 hac
900 1236 1005 1289 vita
1053 1234 1322 1301 videntur,
1378 1249 1473 1303 spe
1521 1247 1833 1287 remunera-

232 1331 438 1385 tionum
466 1331 693 1384 libenter
717 1330 1088 1400 suscipiamus.
1123 1329 1395 1385 Attendite
1424 1331 1624 1399 itaque,
1676 1329 1832 1383 obse-

226 1434 347 1485 cro,
380 1421 648 1490 quomodo
674 1423 742 1475 ab
770 1422 939 1485 initio,
973 1431 1251 1492 postquam
1275 1422 1456 1477 indole
1483 1438 1576 1476 sua
1604 1431 1657 1477 et
1678 1421 1832 1475 insita

231 1522 441 1565 natura:
472 1526 670 1567 nostne
698 1516 917 1569 scientia
950 1516 1084 1569 bene
1113 1529 1243 1569 usus
1270 1523 1372 1580 est,
1405 1515 1609 1570 nullum
1652 1523 1831 1569 exter-

231 1618 360 1655 num
392 1605 610 1657 sortitus
642 1604 938 1671 doetorem,
966 1607 1059 1660 sed
1084 1615 1139 1661 et
1168 1608 1236 1659 ah
1261 1606 1566 1661 inlidelilms
1596 1582 1850 1676 patienti;

233 1696 338 1749 bus
385 1696 657 1755 educatus.
691 1697 867 1750 divina
900 1699 1234 1766 apparitione
1285 1699 1485 1767 potitus
1538 1706 1641 1752 est.
1700 1697 1832 1752 Nam

232 1786 358 1854 quia
384 1787 549 1854 prima
577 1796 733 1841 a'late
753 1802 857 1841 non
880 1798 1134 1858 sequutus
1159 1800 1240 1842 est
1267 1804 1504 1844 errorem
1529 1799 1830 1857 paternum,

234 1876 333 1928 sed
363 1876 610 1943 pietatem
662 1892 783 1945 erga
839 1893 1035 1933 numen
1087 1878 1346 1943 exhibuit,
1382 1878 1501 1932 ideo
1545 1893 1832 1946 supernam

235 1965 594 2020 visitationem
626 1969 802 2021 statim
831 1967 1079 2033 obtinuit,
1125 1984 1245 2023 eum
1288 1969 1549 2023 adhuexin
1585 1968 1833 2023 Chaldtea

232 2065 417 2112 esset:
448 2066 504 2111 et
534 2057 634 2110 hoc
659 2059 811 2112 nobis
834 2058 1018 2113 beatus
1044 2058 1346 2129 Stephanus
1372 2061 1606 2127 exponit
1657 2059 1831 2113 mani-

235 2147 424 2202 festius
466 2148 545 2204 sic
571 2148 795 2207 dicens:
829 2149 968 2204 Deus
1006 2150 1184 2221 gloria:
1212 2152 1346 2205 risus
1372 2162 1446 2205 est
1484 2152 1616 2221 patri
1663 2161 1835 2204 nostra

239 2239 517 2303 Abraham,
542 2258 654 2294 cum
680 2242 848 2295 adhuc
888 2253 1011 2296 esset
1042 2244 1091 2296 in
1119 2243 1505 2312 .llcsoyotamia,
1539 2245 1834 2313 priusquam

238 2333 487 2387 habitaret
505 2334 554 2386 in
585 2334 816 2388 Charran
848 2336 980 2401 (Act.
1012 2337 1060 2388 7.
1087 2332 1166 2402 Ξ).
1206 2335 1391 2390 Vidisti
1424 2336 1692 2404 quomodo
1711 2352 1833 2390 eum

237 2422 363 2475 inde
390 2423 522 2477 visio
565 2426 859 2479 amaverit?
910 2426 1208 2480 Verisimile
1260 2428 1400 2481 enim
1436 2433 1519 2481 est
1543 2441 1664 2480 eum
1712 2442 1832 2481 cum

238 2514 421 2567 sedula
443 2516 493 2568 in
522 2516 688 2570 Deum
719 2518 932 2585 pietate.
968 2520 1275 2587 parentibus
1312 2535 1523 2589 quoque
1584 2535 1837 2575 reveren-

240 2604 367 2657 tiam
396 2606 699 2661 exhibuisse
727 2625 742 2662 :
773 2617 918 2662 tanto
940 2625 1023 2677 ιιιιξ
1054 2623 1239 2664 amore
1266 2621 1475 2678 patrem
1521 2598 1835 2671 sihi’conci-

242 2693 474 2759 liavisse,
499 2705 555 2749 ut
582 2697 705 2751 inde
732 2698 798 2751 ad
831 2698 1233 2767 relinquendam
1257 2714 1439 2754 amore
1485 2699 1575 2753 filii
1609 2699 1832 2769 patriam

240 2797 416 2849 suam,
444 2796 497 2839 et
526 2787 590 2839 ad
624 2786 966 2841 habitandmn
993 2790 1218 2842 alienam
1262 2798 1438 2851 motus
1463 2792 1549 2845 sit.
1600 2794 1669 2845 At
1716 2792 1836 2845 dili-

242 2886 430 2942 genter
465 2876 605 2939 vide.
628 2877 872 2945 obsecro,
896 2880 1161 2948 quomodo
1188 2890 1240 2933 et
1268 2880 1380 2934 ha-c
1405 2897 1523 2951 qum
1543 2897 1571 2933 a
1602 2881 1709 2936 Deo
1738 2881 1837 2936 fuit

244 2962 318 3015 ob
344 2964 573 3031 priorem
598 2966 846 3021 virtutem
876 2973 991 3034 ejus
1037 2969 1286 3035 vi-itatio,
1322 2972 1510 3024 itermu
1553 2972 1834 3026 clariorem

241 3052 361 3122 ejus
385 3054 629 3109 virtutem
658 3057 964 3113 reddiderit.
1000 3059 1173 3128 Elegit
1192 3061 1332 3114 enim
1360 3071 1634 3129 paternam
1664 3062 1838 3131 regio-

244 3158 367 3197 nem
405 3146 715 3215 relinquere
762 3150 1059 3203 ctalienam
1089 3149 1405 3217 inhabitare,
1432 3162 1487 3205 ut
1510 3162 1834 3222 prmceptum

252 3234 344 3288 Dei
366 3239 667 3303 perliceret,
671 3248 747 3321 ,ει
788 3252 1000 3307 paratus
1029 3251 1142 3295 erat
1162 3243 1321 3296 etiam
1342 3243 1543 3312 absque
1573 3247 1832 3314 cognatis,

244 3334 306 3381 ut
346 3328 471 3382 mihi
522 3330 748 3396 videtur,
783 3335 1261 3402 peregrinationem
1290 3337 1563 3406 suscipere
1588 3337 1736 3400 :sed,
1781 3346 1840 3393 ut

242 3417 375 3483 dixi,
408 3421 504 3474 \iri
537 3422 703 3475 virtus
730 3431 784 3477 et
806 3425 1026 3495 indgnis
1049 3442 1173 3495 erga
1220 3438 1467 3496 parentes
1517 3429 1707 3498 pietas,
1753 3430 1836 3484 ef-

244 3509 372 3563 fecit
403 3522 457 3564 ut
491 3522 644 3581 pater
666 3527 846 3569 comes
877 3516 1027 3571 ﬁeret
1054 3520 1281 3576 itineris.

318 3600 510 3654 lterum
558 3604 892 3661 obedientiam
959 3609 1233 3666 Abrahami
1276 3622 1534 3682 experitur
1578 3614 1733 3671 Deus.
1768 3646 1839 3656 —-

142 3748 155 3755 κ
242 3693 447 3749 Deinde
474 3711 594 3750 eum
623 3701 992 3771 perveni-sent
1021 3704 1072 3756 in
1104 3704 1365 3768 Charran,
1390 3707 1493 3761 illic
1520 3708 1836 3763 tabernacu-

242 3782 353 3844 lum
384 3783 631 3841 ﬁxerunt.
664 3788 729 3842 Et
759 3800 1036 3859 postquam
1067 3803 1237 3849 morte
1266 3796 1480 3851 functus
1512 3808 1594 3851 est
1629 3797 1832 3852 Tharra

240 3876 371 3946 (hoc
393 3880 535 3932 enim
565 3882 699 3948 patri
729 3885 843 3950 ejus
872 3900 1065 3943 nomen
1091 3891 1251 3951 erat),
1288 3889 1478 3942 iterum
1509 3900 1838 3961 prteccptum

238 3977 325 4021 est
353 3968 401 4022 ei
431 3984 460 4021 a
489 3972 597 4025 Deo
635 3982 691 4025 ut
718 3975 891 4029 exiret
939 3977 1080 4031 inde.
1118 3977 1372 4048 Egredere
1407 3982 1549 4035 enim
1578 4023 1591 4045 ,
1622 3982 1791 4051 inquit
1820 4022 1837 4049 ,

239 4058 454 4113 de’tcrra
471 4070 557 4114 tua
577 4072 623 4115 et
652 4063 715 4117 de
733 4067 1028 4136 cognatione
1051 4080 1156 4133 tua,
1189 4079 1235 4122 et
1263 4072 1374 4123 veni
1398 4072 1450 4123 in
1477 4082 1664 4125 terram
1688 4090 1841 4141 quant

238 4153 704 4205 monstraveretibi
731 4154 898 4223 (Gen.
928 4157 1012 4210 12.
1041 4160 1063 4212 1
1092 4157 1133 4229 ).
1166 4159 1307 4213 Nam
1328 4162 1449 4230 quia
1473 4177 1595 4216 eum
1627 4164 1841 4218 univer-

240 4257 299 4296 sa
335 4243 525 4298 familia
551 4258 605 4299 et
635 4247 795 4301 domo
824 4250 874 4302 in
896 4246 1131 4305 Charran
1152 4253 1527 4322 migraverant,
1559 4269 1839 4325 propterea

240 4332 391 4387 illinc
418 4334 685 4404 imperans
726 4338 773 4391 ei
808 4348 863 4391 ut
898 4340 1243 4408 egrederetur
1274 4386 1288 4409 ,
1321 4344 1523 4400 addidit
1555 4387 1569 4411 ,
1600 4346 1676 4399 De
1705 4357 1840 4401 terra

244 4433 337 4475 tua
366 4434 412 4477 et
444 4425 507 4479 de
533 4431 833 4497 cognatione
864 4440 952 4483 tua
985 4472 1001 4497 ,
1044 4433 1323 4488 declarans
1346 4450 1404 4489 se
1428 4437 1565 4491 velle
1588 4477 1603 4501 ,
1660 4437 1833 4506 ipsmn

241 4514 420 4567 Solum
468 4521 952 4597 peregrinationem
1002 4524 1275 4592 suscipere
1303 4566 1318 4587 .
1365 4542 1537 4596 neque
1577 4528 1793 4582 fratrem
1821 4569 1835 4590 ,

239 4603 458 4659 Naehor
482 4607 603 4660 dico
621 4651 634 4671 ,
662 4626 835 4679 neque
861 4613 1024 4667 alium
1048 4631 1365 4685 quemquam
1390 4634 1573 4672 secum
1603 4621 1835 4676 trahere.

241 4692 322 4747 De
352 4704 486 4750 terra
508 4707 595 4749 tua
616 4699 828 4755 diccbat
851 4743 865 4766 ,
896 4706 1015 4773 quia
1047 4722 1149 4759 non
1176 4722 1338 4775 parvo
1370 4717 1611 4777 tempore
1638 4711 1705 4763 ibi
1741 4712 1833 4765 ha-

237 4785 475 4841 bitarant
504 4829 518 4852 ,
544 4800 598 4845 et
637 4795 786 4861 quasi
830 4795 881 4849 in
923 4800 1131 4866 propria
1198 4803 1365 4868 patria
1410 4803 1516 4857 illic
1573 4804 1841 4859 habebant

236 4877 589 4935 domicilium.
620 4882 766 4937 Licet
794 4885 845 4938 in
875 4886 1115 4954 lugendis
1154 4892 1458 4956 parentibus
1490 4895 1665 4950 adhuc
1692 4883 1836 4950 esset

236 4982 532 5035 occupatus
556 5014 570 5035 ,
597 4984 882 5043 essentque
909 4977 1247 5033 dilicuitatcs
1276 4982 1483 5037 itineris
1514 4987 1692 5039 multa!
1715 5030 1726 5049 ,
1754 4997 1835 5041 ta-

239 5073 364 5111 men
403 5073 725 5128 pr:cccptnm
770 5066 975 5119 Domini
1021 5086 1207 5140 magna
1250 5074 1470 5139 perfecit
1514 5077 1832 5145 alacritate,

239 5149 401 5218 idque
448 5151 699 5220 ignorans
754 5155 964 5211 ubinam
1012 5160 1216 5214 futurus
1268 5165 1481 5218 errandi
1528 5168 1665 5221 linis.
1713 5168 1837 5223 Veni

237 5242 382 5292 enitn
421 5283 435 5304 ,
470 5244 636 5311 inquit
662 5284 675 5305 ,
709 5262 812 5299 non
841 5246 892 5299 in
927 5247 1061 5302 hanc
1101 5252 1182 5305 vel
1227 5253 1366 5307 illam
1398 5265 1592 5309 terram
1620 5300 1635 5323 ,
1661 5259 1754 5313 sed
1784 5262 1835 5314 in

236 5346 350 5383 eam
374 5350 526 5401 quant
548 5348 890 5391 monstravere
917 5340 1022 5394 tibi.
1059 5342 1415 5398 Nihilominus
1439 5388 1453 5409 ,
1489 5346 1612 5401 licet
1642 5350 1801 5405 indeii

237 5421 409 5476 nilum
439 5433 583 5478 esset
602 5427 907 5482 mandatum
932 5432 1127 5487 omissa
1150 5436 1443 5491 curiosiore
1476 5444 1834 5505 percontatio-

235 5529 304 5568 ne
326 5513 647 5582 impcratum
677 5515 941 5585 faciebat;
979 5521 1155 5577 fratris
1181 5536 1358 5580 autem
1393 5528 1500 5581 ﬁlio
1532 5542 1828 5600 assmnpto,

233 5620 385 5659 suam
414 5606 540 5660 hinc
565 5606 950 5665 demonstravit
973 5614 1241 5669 virtutem.
1263 5618 1395 5683 Quia
1417 5621 1558 5673 enim
1578 5620 1828 5690 juvenem

233 5693 380 5750 illum
419 5710 741 5769 acceperat,
787 5704 1146 5777 paulatimque
1198 5724 1309 5763 sua:
1344 5710 1552 5766 virtutis
1602 5713 1831 5769 imitato-

235 5805 344 5844 rem
375 5791 662 5859 ell'ecerat,
692 5808 809 5849 euu~
843 5797 1145 5868 relinquere
1174 5803 1359 5870 noluit,
1393 5806 1484 5858 sed
1518 5808 1827 5877 peregrina-

1258 392 1322 446 IN
1352 390 1512 447 CAP.
1553 390 1665 447 XV.
1698 386 1938 446 GENES.
1982 387 2210 444 nona.
2251 385 2488 443 XXXVI.

3431 382 3534 438 33%

1938 505 2098 558 tionis
2127 502 2330 559 socium
2359 504 2584 573 accepit.
2618 501 2781 570 Quasi
2823 500 3066 555 diceret:
3107 500 3165 555 Si
3203 508 3355 569 pater
3386 540 3401 565 ,
3447 499 3538 569 qui

1940 594 2167 650 inﬁdelis
2198 584 2295 650 fuit
2315 637 2327 656 ,
2359 594 2429 648 ob
2454 609 2608 648 suum
2640 593 2692 647 in
2724 607 2810 647 me
2831 606 3069 646 amorem
3102 590 3318 644 domum
3356 600 3535 659 pater-

1939 702 2094 753 nam,
2120 688 2173 742 in
2203 702 2308 757 qua
2330 687 2437 740 nati
2467 700 2654 740 sumtis
2676 694 2726 739 et
2750 683 3083 738 adolevimus
3109 722 3123 745 ,
3152 681 3455 749 relinquere
3485 690 3538 733 et

1937 779 2286 835 mecomitari
2308 778 2721 847 voluit,vitaque
2750 776 2801 829 in
2832 773 3004 829 aliena
3031 782 3169 828 terra
3199 771 3412 827 functus
3434 778 3537 825 est:

1940 874 2106 927 multo
2155 872 2327 942 magis
2368 885 2468 941 ego
2504 870 2686 925 fratris
2720 868 2887 922 lilium
2917 909 2932 931 ,
2958 867 3209 937 juvenem
3244 863 3421 918 indole
3444 878 3539 917 sua

1939 965 2280 1035 pollicentem
2309 978 2369 1019 se
2396 962 2649 1033 paulatim
2681 962 2735 1015 in
2770 960 2963 1015 virtute
2992 957 3352 1028 profecturum
3382 997 3396 1021 ,
3433 970 3538 1008 nou

1943 1054 2278 1125 permiserim
2307 1053 2395 1109 hic
2421 1053 2672 1123 relinqui.

2008 1150 2067 1204 2.
2093 1147 2225 1216 Quia
2253 1132 2409 1216 igitur
2436 1146 2607 1200 modis
2631 1144 2881 1199 omnibus
2908 1158 3058 1199 suam
3085 1141 3377 1197 ostendens
3409 1138 3542 1193 reli-

1939 1244 2175 1313 gionem,
2206 1242 2365 1295 etiam
2399 1241 2553 1294 istam
2586 1238 3069 1309 peregrinationem
3095 1236 3368 1303 suscepit,
3398 1241 3543 1302 post-

1938 1350 2099 1406 quam
2130 1333 2183 1387 in
2207 1333 2545 1386 Palaestinam
2575 1330 2717 1386 venit
2742 1340 2795 1385 et
2833 1330 3258 1383 Chauanmorum
3290 1326 3425 1379 lines
3456 1324 3539 1377 in-

1942 1426 2098 1481 travit
2132 1467 2147 1491 ,
2196 1425 2443 1494 apparuit
2484 1425 2533 1478 ei
2578 1422 2717 1477 Deus
2747 1463 2763 1489 ,
2808 1421 2995 1476 volens
3043 1418 3161 1488 ejus
3204 1417 3537 1472 alacritatem

1941 1517 2262 1572 conﬁrmare
2286 1523 2342 1568 et
2366 1514 2463 1585 ipsi
2493 1528 2710 1566 manum
2739 1513 3048 1581 porrigere,
3073 1509 3205 1563 dicit
3228 1508 3274 1562 ei
3304 1525 3317 1559 :
3343 1506 3540 1561 δι’ιηὶηὲ

1941 1619 2028 1663 tuo
2051 1608 2181 1663 dabo
2211 1618 2398 1661 terram
2421 1607 2552 1659 lianc
2574 1602 2728 1674 (Gen.
2756 1603 2843 1657 li.
2873 1604 2951 1670 7).
2983 1602 3037 1655 Id
3066 1600 3207 1671 quod
3241 1601 3329 1654 ille
3356 1598 3542 1652 admo-

1941 1702 2071 1758 dum
2116 1701 2371 1771 Optabat,
2411 1715 2477 1754 ac
2513 1696 2890 1761 desiderabat,
2934 1696 3165 1748 ﬁliorum
3197 1707 3392 1762 nempe
3418 1705 3543 1745 suc-

1941 1795 2241 1850 cessionem
2264 1833 2281 1858 ,
2316 1791 2455 1846 istud
2485 1790 2644 1844 etiam
2677 1789 2777 1858 ipsi
2821 1789 3004 1841 statim
3035 1786 3300 1856 promittit
3330 1825 3345 1850 ,
3378 1785 3539 1837 retri-

1945 1886 2114 1942 buens
2145 1885 2306 1939 tantis
2350 1883 2623 1937 laboribus
2652 1878 2976 1935 mercedem.
3008 1878 3271 1945 Quoniam
3304 1875 3448 1931 enim
3476 1890 3542 1929 ex

1942 1988 2126 2032 natura
2160 1976 2325 2045 prolis
2354 1989 2547 2043 expers
2572 1982 2689 2027 erat
2715 2015 2730 2037 ,
2756 1979 2811 2025 et
2837 1978 2968 2047 mtas
2996 1985 3210 2039 quoque
3234 1967 3541 2037 provectior

1942 2084 2009 2122 ne
2056 2067 2155 2121 sibi
2199 2066 2327 2136 quid
2375 2065 2611 2134 polliceri
2669 2074 2848 2132 posset
2901 2062 3154 2124 vetabat,
3186 2057 3543 2129 promissione

1946 2160 2084 2214 Deus
2112 2152 2305 2213 e‘xcitat
2336 2167 2391 2211 et
2420 2157 2576 2225 erigit
2614 2154 2873 2208 athletam
2901 2194 2913 2217 ,
2942 2162 3106 2222 atque
3130 2151 3361 2205 alacrem
3386 2152 3543 2219 juve-

1942 2252 2213 2320 nilemquc
2232 2258 2383 2319 parat
2401 2247 2661 2302 adversus
2674 2247 2951 2316 sequentia
2968 2244 3283 2298 certamina.
3308 2241 3542 2297 Proinde

1943 2342 2063 2396 vide
2107 2340 2537 2412 quomodo'post
2582 2338 2717 2391 hanc
2745 2335 3156 2407 pretnissianin
3198 2333 3373 2402 justus
3401 2331 3544 2386 aliud

1941 2426 2587 2503 certamen'aggreditur.
2655 2429 3020 2485 lnvalescente
3080 2428 3222 2480 enim
3276 2424 3417 2479 fame
3448 2432 3547 2490 ,ct

1942 2528 2244 2582 Chananma
2274 2523 2558 2579 sterilitate
2586 2532 2640 2576 et
2669 2520 2930 2590 angustiis
2956 2534 3210 2588 υνιιιὉε-λιι
3233 2557 3250 2583 ,
3293 2517 3345 2571 in
3372 2515 3543 2587 lii-gy-

1946 2628 2090 2687 ptum
2127 2616 2442 2679 contendit;
2487 2614 2594 2668 illic
2629 2612 2783 2667 famis
2820 2610 3207 2682 mitigationem
3250 2623 3497 2680 qua‘rens
3526 2649 3545 2673 ,

1944 2708 2237 2777 majoribus
2266 2720 2387 2761 sese
2415 2706 2665 2775 periculis
2707 2704 2947 2757 involvit.
2981 2702 3178 2758 Uxoris
3196 2703 3340 2757 enim
3371 2717 3543 2755 venu-

1943 2813 2053 2853 stas
2086 2808 2141 2852 et
2165 2798 2507 2866 pulchritudo
2530 2796 2677 2852 Sane
2709 2806 2934 2849 mortem
2958 2796 3005 2849 ei
3029 2794 3181 2865 quasi
3208 2804 3335 2847 ante
3356 2793 3545 2848 oeulos

1946 2888 2114 2962 ponit.
2164 2889 2289 2943 Ideo
2316 2904 2437 2943 cum
2463 2888 2571 2957 jam
2612 2890 2663 2940 in
2699 2887 2946 2945 conﬁniis
2977 2896 3121 2940 esset
3161 2884 3378 2958 Egypti
3413 2927 3427 2950 ,
3457 2886 3545 2940 in—

1943 2995 2226 3054 gressurus
2272 2983 2322 3034 in
2354 2996 2471 3033 eam
2509 2979 2641 3033 dixit
2670 2977 2821 3033 uxori
2856 2996 2870 3032 :
2907 2977 3027 3032 Scio
3053 2978 3189 3046 quod
3216 2982 3439 3047 formosa
3478 2979 3547 3030 si:

1943 3074 2097 3143 (Gen.
2129 3073 2216 3127 12.
2251 3072 2337 3124 ll.
2361 3070 2493 3139 sqq.)
2516 3087 2529 3133 ;
2555 3069 2667 3122 scio
2699 3079 2801 3121 tua:
2833 3067 3248 3136 pulchritudinis
3270 3082 3544 3134 spectem,

1944 3177 1999 3220 et
2022 3168 2183 3219 timeo
2211 3162 2582 3233 [Egyptiortnn
2620 3157 3110 3228 intemperantiiam.
3140 3157 3194 3212 Si
3224 3172 3349 3226 ergo
3382 3167 3433 3212 te
3465 3160 3544 3210 vi-

1944 3257 2140 3320 derint,
2159 3264 2218 3310 et
2238 3254 2585 3323 cognoverint
2614 3252 2753 3319 quod
2783 3252 2855 3304 uti
2881 3266 3101 3303 uxorem
3135 3261 3186 3305 te
3218 3264 3425 3303 mecum
3451 3249 3549 3303 du—

1945 3363 2062 3403 cam
2097 3364 2110 3399 :
2145 3356 2195 3400 te
2239 3344 2452 3414 quidem
2498 3344 2549 3395 in
2595 3343 2699 3393 vita
2753 3342 3081 3404 servabunt,
3113 3348 3170 3394 ut
3217 3340 3299 3393 sui
3352 3339 3549 3393 fateris

1950 3439 2208 3506 impetum
2238 3451 2408 3504 opere
2424 3434 2768 3503 compleant;
2797 3448 2881 3486 me
2912 3441 3092 3515 autem
3126 3432 3371 3487 occident
3398 3474 3412 3497 ,
3443 3449 3551 3501 quo

1947 3530 2106 3585 liceat
2134 3527 2214 3583 eis
2238 3529 2354 3582 sine
2382 3526 2535 3581 obice
2559 3518 2711 3580 suam
2736 3525 3009 3579 libidinem
3030 3524 3268 3594 explere.
3303 3535 3362 3579 ut
3392 3540 3552 3579 nemo

1947 3623 2017 3675 sit
2044 3620 2135 3689 qtti
2161 3618 2483 3672 adulterium
2530 3631 2715 3671 eorum
2758 3616 2967 3686 prodat.
3024 3614 3118 3669 Dic
3147 3615 3302 3683 igitur
3330 3632 3406 3667 me
3433 3618 3549 3686 fra-

1948 3722 2073 3764 trem
2112 3720 2252 3763 tuum
2300 3720 2422 3762 esse.
2472 3707 2608 3762 Vide
2657 3707 3055 3760 adamanliuam
3106 3709 3384 3770 animam,
3429 3708 3550 3761 vide

1948 3809 2182 3855 mentem
2214 3798 2360 3853 ferro
2388 3798 2735 3853 solidiorem:
2767 3812 2871 3851 non
2912 3796 3144 3852 turbavit
3171 3797 3287 3866 ejus
3314 3808 3550 3853 mentem

1947 3890 2225 3946 calamitas
2255 3902 2461 3959 ,’quam
2510 3888 3032 3957 eaSpcctabatpnon
3067 3889 3334 3958 Cogitabat
3378 3904 3552 3958 neque

1947 3982 2161 4037 dicebat
2181 3982 2319 4035 intra
2347 3981 2696 4049 semetipsum
2727 4002 2736 4031 ;
2771 3978 2966 4033 ldeone
2996 3980 3204 4047 propria
3248 3978 3429 4033 relicta
3461 3996 3552 4048 pa-

1951 4073 2048 4126 tria
2075 4079 2272 4125 tantam
2298 4085 2405 4140 prae
2439 4086 2523 4124 me
2555 4069 2645 4122 tuli
2674 4067 3039 4123 obedientiam
3076 4110 3089 4131 ,
3126 4070 3285 4138 inque
3312 4072 3546 4125 alienam

1949 4166 2067 4219 veni
2092 4175 2285 4219 terram
2322 4206 2336 4230 ,
2368 4174 2423 4216 ut
2452 4162 2600 4217 hisce
2622 4162 2778 4217 malis
2812 4160 3117 4230 implicarer
3144 4162 3166 4215 ?
3194 4161 3383 4216 Nonne
3416 4178 3549 4231 pau-

1951 4258 2001 4311 lo
2028 4265 2181 4311 antea
2211 4255 2457 4326 promisit
2484 4254 2610 4308 mihi
2636 4271 2650 4308 :
2682 4253 2880 4308 Semini
2910 4263 2995 4306 tuo
3025 4253 3155 4305 dabo
3173 4256 3360 4305 terram
3382 4254 3551 4308 hanc!

1951 4352 2028 4405 En
2060 4360 2112 4403 et
2143 4348 2387 4404 adulterii
2410 4358 2463 4402 et
2491 4349 2680 4402 mortis
2706 4347 2864 4400 timor
2893 4355 3130 4401 mentem
3162 4358 3400 4400 nostram
3420 4362 3551 4401 con-

1948 4444 2099 4497 cutit.
2127 4441 2228 4496 Sed
2263 4441 2390 4495 nihil
2421 4441 2613 4495 horum
2643 4440 2727 4494 vel
2752 4441 2801 4492 in
2826 4450 3057 4495 mentem
3088 4438 3334 4508 accipere
3362 4439 3549 4509 digna-

1950 4542 2033 4587 tus
2076 4545 2156 4585 est
2194 4550 2205 4583 :
2242 4547 2400 4583 unum
2446 4532 2493 4583 ei
2536 4530 2817 4583 dumtaxat
2867 4544 3011 4582 curae
3070 4539 3181 4583 erat
3221 4571 3236 4593 ,
3278 4528 3549 4596 quomodo

1950 4623 2202 4675 miseram
2234 4620 2372 4675 hanc
2407 4620 2639 4672 fabulam
2678 4619 2751 4673 ita
2778 4627 2959 4689 ageret
2989 4659 3003 4683 ,
3037 4618 3247 4671 duobus
3275 4617 3397 4671 hinc
3428 4618 3550 4673 inde

1951 4715 2201 4783 periculis
2242 4713 2553 4782 urgentibus
2580 4752 2595 4777 ,
2629 4724 2683 4764 ut
2731 4712 2809 4765 vel
2863 4726 3027 4764 unum
3078 4709 3267 4764 saltem
3308 4709 3547 4780 ell'ugere

1948 4814 2149 4875 pttSscl.

2024 4896 2275 4949 Mirabilis
2303 4895 2398 4949 Dei
2427 4894 2740 4963 providentia
2762 4895 2900 4947 circa
2934 4896 3299 4948 Abraltanmm.
3332 4895 3409 4950 Ob
3438 4913 3541 4949 mo-

1945 4988 2157 5040 destiam
2170 4988 2419 5053 beneﬁciis
2435 4987 2641 5056 aﬂ'icitnr
2667 4986 3250 5056 Abrahantus.—lgitur
3265 4998 3544 5058 postquam
3562 5038 3568 5043 .

1948 5079 2060 5146 ipse
2107 5095 2224 5145 qua:
2250 5093 2345 5131 sua
2375 5088 2528 5132 erant
2555 5079 2731 5131 attulit
2770 5119 2786 5144 ,
2834 5079 3058 5132 consilio
3098 5080 3348 5134 videlicet
3387 5093 3546 5136 utens

1944 5180 1993 5222 et
2025 5170 2185 5223 animi
2220 5170 2530 5225 fn'titudinc
2557 5189 2567 5222 :
2599 5171 2791 5225 mulier
2820 5185 3031 5241 quoque
3062 5173 3387 5241 singularem
3418 5190 3543 5242 erga

1946 5262 2115 5314 virum
2149 5261 2485 5321 aﬂ'cetioaem
2522 5270 2576 5316 et
2621 5261 2981 5315 obedientiam
3012 5262 3294 5317 declarans
3336 5280 3540 5335 coopec

1945 5362 2053 5406 rata
2087 5362 2167 5407 est
2192 5394 2205 5413 ,
2246 5362 2301 5407 et
2331 5355 2392 5408 iis
2417 5369 2536 5423 qua:
2570 5353 2784 5407 decreta
2830 5353 3038 5408 fuerant
3068 5357 3420 5412 ministravit:
3455 5360 3539 5413 ubi

1943 5444 2100 5513 igitur
2126 5444 2267 5513 quod
2294 5461 2446 5498 suum
2478 5454 2593 5498 erat
2622 5445 2961 5513 perfecerunt
2996 5489 3010 5509 ,
3042 5463 3272 5517 eumque
3313 5451 3423 5517 jam
3457 5467 3542 5504 se-

1940 5534 2171 5589 Cundum
2238 5534 2525 5587 humanum
2585 5552 2788 5591 morem
2854 5538 3231 5606 tlcsperaretur
3280 5583 3293 5604 ,
3333 5550 3387 5594 et
3426 5540 3540 5597 fere

1938 5641 2103 5695 Opere
2145 5630 2407 5696 completa
2471 5627 2657 5681 fuisset
2704 5627 3078 5698 JEgyptiorum
3126 5631 3358 5692 malitia,
3411 5639 3538 5686 tunc

1939 5735 2128 5788 magna
2161 5719 2251 5772 Dei
2280 5718 2330 5772 in
2357 5734 2479 5773 eum
2529 5720 2862 5789 providentia
2912 5721 3183 5775 declarata
3214 5730 3316 5774 est.
3350 5720 3537 5776 Mulie-

1941 5826 2052 5863 rem
2078 5810 2222 5866 enitn
2254 5810 2393 5864 Deus
2436 5828 2541 5864 non
2586 5812 2759 5864 solum
2789 5827 2815 5864 a
2845 5812 3170 5866 contumelia
3196 5812 3413 5882 eripuit,
3443 5811 3529 5866 in-
