4054 6324
503 365 608 423 536

501 476 803 544 dignatione
829 495 920 532 si...
954 481 1006 534 in
1039 497 1216 552 regem
1241 495 1293 538 et
1324 484 1376 538 in
1404 487 1618 542 domum
1643 489 1756 560 ejus
1787 491 2020 547 immissa
2054 533 2069 554 ρ

501 573 591 625 scd
614 583 666 625 et
692 576 1062 641 patriareham-
1084 593 1204 633 cum
1245 595 1432 649 magna
1464 584 1626 650 gloria
1654 586 1704 639 itt
1739 585 2071 640 Palst-stittam

497 678 558 714 es
583 663 814 734 Algypto
843 667 1014 720 redire
1040 671 1261 722 curavit.
1289 670 1578 726 Considera
1625 675 1893 742 quomodo
1925 677 2070 726 heni-

497 771 633 821 gttus
659 757 911 812 ltntninus
935 760 982 810 itt
1017 760 1206 814 tttediis
1232 763 1484 816 auxilium
1517 763 1741 818 afferens
1767 765 2074 817 tctttationi-

501 847 596 898 Ims
619 888 633 905 .
661 848 911 902 athletam
940 865 1090 903 suum
1120 852 1183 904 ad
1217 852 1432 908 ferenda
1464 857 1741 923 sequentia
1781 857 2071 910 certamina

500 932 770 989 fortiorem
800 939 1001 991 reddit:
1035 955 1131 995 nec
1155 958 1402 1012 umquam
1434 959 1553 997 cum
1576 960 1672 998 suo
1709 945 1948 1000 di-Stituit
1977 947 2071 999 ad-

495 1025 734 1090 jttmento
755 1067 770 1090 ,
799 1030 893 1082 sed
926 1032 976 1083 in
1007 1033 1255 1087 omnibus
1282 1051 1390 1088 rem
1419 1037 1486 1090 ita
1513 1044 1810 1104 temperat,
1841 1047 1892 1091 ut
1921 1038 2075 1107 plane

496 1116 673 1169 vidi-at
701 1117 812 1186 ille,
844 1136 901 1174 se
929 1137 1084 1189 parva
1119 1125 1432 1193 proferendo
1453 1167 1467 1189 ,
1496 1129 1700 1196 magnis
1720 1138 1772 1183 et
1803 1130 1994 1183 mirum
2023 1132 2073 1183 in
2097 1143 2104 1148 '

497 1207 710 1260 modunt
740 1213 963 1279 magnis,
995 1213 1386 1284 humanamque
1418 1225 1659 1270 naturam
1695 1222 2075 1274 transcenden-

497 1297 636 1350 tibus
660 1303 1006 1354 remunerari.
1046 1303 1232 1358 Vidisti
1259 1307 1386 1374 justi
1415 1308 1764 1376 patientiam?
1794 1309 1920 1363 Vide
1949 1311 2072 1363 item

496 1398 614 1453 post
641 1388 867 1442 reditum
898 1406 961 1445 ex
993 1392 1226 1464 Egypto
1255 1396 1565 1452 humilitatis
1586 1400 1999 1468 magnitudinem
2020 1409 2076 1454 et

497 1478 757 1546 insignem
811 1485 1292 1539 mansuetudinem.
1348 1487 1478 1541 Nam
1540 1503 1658 1542 cum
1719 1489 1964 1543 rcdiisset
2009 1494 2076 1546 ab

499 1564 730 1634 Egypto
761 1609 776 1629 .
824 1573 1149 1642 multamque
1191 1577 1484 1644 possideret
1526 1579 1874 1632 Substatttinm
1922 1591 1937 1646 (
1978 1597 2075 1636 nec

497 1655 611 1724 ipse
638 1659 784 1711 solus
811 1701 823 1722 ,
869 1661 962 1714 sed
993 1662 1163 1717 fratris
1195 1666 1332 1719 lilius
1357 1671 1677 1736 sequebatur
1698 1673 1736 1738 ),
1768 1670 1886 1724 Non
1909 1674 2074 1740 capie-

493 1745 596 1807 bat,
622 1747 807 1815 inquit,
835 1767 919 1803 eos
945 1761 1076 1804 terra
1103 1765 1153 1806 ut
1185 1755 1465 1809 habitarent
1487 1758 1638 1811 simul
1664 1759 1816 1827 (Gen.
1852 1763 1935 1815 l5.
1964 1763 2022 1832 6)
2056 1803 2071 1828 ,

491 1836 613 1902 quia
651 1838 844 1891 multas
890 1841 1162 1896 facultates
1204 1843 1468 1899 habebant
1500 1865 1512 1899 :
1547 1849 1685 1902 unde
1728 1863 1775 1903 et
1811 1851 1918 1904 tisa
1957 1863 2072 1906 nita

494 1937 577 1981 est
606 1928 742 1982 inter
765 1941 1005 1998 pastores
1033 1934 1133 1988 Lot
1173 1946 1228 1989 et
1258 1938 1474 1991 Abram.
1506 1939 1654 1993 Tunc
1677 1942 1852 2009 justus
1882 1944 2072 1998 anian

493 2033 604 2071 sua:
637 2023 1096 2077 mansuetudinem
1136 2036 1190 2079 et
1237 2029 1544 2094 [)I‘IBClill'alll
1578 2033 1881 2097 patientiam
1917 2049 2072 2087 mon-

492 2116 687 2172 strans,
718 2119 905 2164 vocato
930 2111 1030 2165 Lot
1051 2113 1184 2167 dixit
1222 2134 1234 2168 :
1288 2115 1370 2169 Ne
1395 2120 1456 2170 sit
1483 2121 1594 2170 rixa
1619 2122 1750 2172 inter
1776 2137 1856 2175 me
1890 2134 1939 2174 et
1978 2133 2026 2176 te
2057 2165 2071 2186 ,

491 2207 536 2249 et
565 2199 692 2251 inter
719 2212 944 2268 pastores
973 2220 1110 2256 meos
1152 2215 1200 2257 et
1245 2216 1474 2272 pastores
1508 2220 1619 2262 tuos
1650 2250 1666 2275 ,
1696 2213 1816 2279 quia
1845 2213 2074 2266 homines

490 2291 675 2354 fratres
709 2305 882 2342 sunms
912 2308 1004 2344 nos
1039 2293 1057 2362 (
1085 2293 1218 2345 lbid.
1251 2311 1296 2346 υ.
1322 2297 1353 2348 8
1389 2301 1440 2359 l;
1470 2301 1623 2366 quasi
1651 2299 1853 2354 diceret
1884 2319 1898 2354 ε
1930 2301 2070 2355 Nihil

493 2393 622 2447 pace
675 2384 1008 2449 przrstautius
1039 2401 1054 2448 ;
1088 2385 1218 2439 nihil
1269 2389 1609 2443 contentione
1658 2393 1968 2448 datunosius
2018 2406 2073 2451 et

489 2469 722 2536 gravius.
774 2469 839 2526 Ut
881 2473 1038 2542 igitur
1082 2490 1112 2529 e
1143 2477 1320 2531 medio
1345 2479 1595 2534 tollamus
1624 2498 1838 2536 omnem
1866 2485 2071 2540 riXandi

492 2564 789 2628 materiam,
810 2565 946 2634 elige
973 2583 1128 2634 quam
1161 2569 1392 2623 volucris
1422 2572 1714 2640 regionem,
1733 2586 1784 2627 et
1813 2576 2070 2644 reliquam

490 2651 617 2704 mihi
648 2653 917 2722 relinque,
971 2667 1026 2710 ut
1053 2672 1082 2709 a
1113 2659 1280 2711 litimn
1308 2669 1362 2713 et
1387 2663 1786 2715 contentionum
1829 2667 2068 2719 molestia

491 2740 658 2796 simus
685 2742 866 2799 alieni.
903 2744 1084 2802 Vidisti
1112 2748 1208 2803 viri
1246 2751 1532 2805 virtutem?
1558 2753 1727 2807 CeSsit
1750 2753 1951 2824 jnn‘mi
1975 2771 2072 2827 po—

488 2829 684 2885 tiorum
715 2832 976 2889 electione
999 2875 1014 2901 ,
1045 2836 1158 2906 ipse
1202 2847 1485 2893 contentus
1529 2841 1713 2896 viliore
1763 2853 1926 2899 terra.
1965 2845 2076 2900 Sed

486 2921 606 2977 vide
638 2921 724 2978 hic
748 2925 907 2979 etiam
933 2936 1186 2997 quantam
1215 2931 1516 2986 mercedem
1545 2944 1730 2987 nactus
1760 2937 1829 2990 sit
1870 2952 1967 3006 pro
2005 2938 2068 2993 iis

485 3012 599 3066 suis
623 3012 832 3068 olllciis.
866 3015 1059 3071 Statim
1087 3021 1230 3073 enim
1254 3023 1590 3088 separatione
1615 3039 1643 3076 a
1675 3024 1773 3078 Lnt
1798 3027 1929 3081 facta
1952 3069 1966 3092 ,
1993 3030 2069 3084 ait

488 3102 563 3157 illi
610 3103 782 3160 Deus:
815 3105 1039 3162 Elevatis
1085 3111 1248 3165 oculis
1275 3113 1374 3165 tuis
1411 3115 1523 3166 vide
1561 3130 1754 3169 omnem
1796 3128 1982 3171 terram
2006 3119 2070 3173 ab

488 3196 627 3248 omni
648 3207 791 3265 parte
811 3213 830 3251 :
853 3199 972 3268 quia
1011 3217 1208 3256 omnem
1238 3213 1463 3270 terram,
1494 3223 1646 3272 quant
1677 3220 1730 3261 tu
1759 3210 1894 3263 vides
1927 3251 1942 3277 ,
1983 3211 2071 3265 tibi

488 3284 620 3337 dabo
649 3295 692 3337 et
718 3287 900 3340 semini
938 3297 1022 3342 tuo
1069 3307 1228 3358 usque
1263 3292 1316 3344 in
1353 3295 1590 3347 arculum
1635 3296 1654 3365 (
1685 3295 1822 3350 Ibid.
1856 3315 1904 3354 υ.
1939 3300 2005 3354 14
2027 3302 2067 3369 ).

486 3374 774 3430 Considera
812 3381 1024 3446 quantis
1057 3379 1329 3435 beneficiis
1361 3383 1554 3437 merito
1585 3383 1817 3440 afficitur
1849 3388 1919 3443 ob
1947 3404 2067 3444 mo-

484 3462 708 3518 desnatn
739 3506 754 3528 ,
781 3482 938 3534 quam
965 3483 1089 3538 erga
1117 3469 1294 3524 fratris
1317 3471 1483 3526 tilium
1504 3474 1798 3530 declaravit
1828 3494 1841 3528 :
1869 3488 1923 3532 et
1955 3480 2070 3548 ipse

485 3551 699 3621 quidem
730 3565 786 3606 ttt
811 3558 983 3624 parvis
1024 3559 1227 3624 cessit,
1257 3560 1423 3613 multo
1467 3563 1663 3631 majora
1706 3577 2068 3636 consequutus

486 3653 571 3698 est
605 3663 617 3697 :
653 3645 738 3699 ille
763 3655 938 3701 autem
971 3649 1058 3718 qtti
1091 3650 1349 3717 petiorem
1383 3662 1584 3720 partem
1613 3655 1884 3726 delegerat
1911 3699 1925 3723 ,
1959 3673 2066 3714 non

489 3737 658 3791 multo
704 3749 822 3807 post
859 3740 909 3794 itt
959 3742 1190 3810 pericula
1235 3743 1452 3798 incidit:
1481 3758 1530 3800 et
1580 3763 1682 3802 non
1731 3749 1902 3804 solum
1933 3751 2065 3807 nihil

487 3831 751 3885 commodi
783 3832 849 3886 ab
876 3833 1139 3889 electione
1160 3839 1394 3906 accepit,
1427 3840 1520 3893 sed
1543 3853 1594 3894 et
1624 3843 1864 3910 captivus
1886 3853 1940 3898 et
1965 3845 2065 3900 do-

489 3935 578 3972 nto
607 3929 764 3988 atque
791 3920 909 3976 foco
938 3932 1157 3992 repente
1184 3927 1340 3980 simul
1387 3921 1625 3996 privatus
1646 3940 1726 3984 est
1758 3951 1772 3996 ;
1802 3934 2068 4004 rebusque

489 4011 616 4078 ipsis
645 4011 828 4066 didicit
858 4028 1016 4082 quam
1045 4016 1234 4070 eximia
1259 4017 1426 4071 virtus
1453 4019 1600 4086 justi,
1633 4031 1685 4075 et
1718 4022 1830 4090 ipse
1849 4025 2070 4079 ed0ctus

487 4112 570 4156 est
613 4119 679 4156 ne
726 4113 904 4172 postea
950 4105 1076 4174 quid
1123 4122 1370 4176 umquam
1417 4111 1519 4164 tale
1577 4120 1882 4168 attetttaret.
1936 4114 2066 4170 Nam

490 4203 764 4261 postquam
790 4195 1034 4250 Sodomis
1075 4197 1315 4254 habitare
1345 4202 1507 4268 coepit
1537 4245 1549 4265 ,
1573 4204 1751 4259 statim
1780 4207 2068 4262 excitatum

485 4293 568 4337 est
591 4300 753 4353 grave
784 4287 978 4340 bellum
1009 4329 1022 4351 ,
1048 4298 1102 4342 et
1127 4291 1420 4344 vicinarum
1442 4295 1677 4361 gentium
1711 4311 1864 4364 reges
1897 4300 2068 4354 insur-

487 4385 738 4428 rexerunt
763 4386 815 4430 et
837 4393 1048 4432 omnem
1077 4381 1351 4449 regionem
1381 4383 1535 4436 simul
1566 4384 1872 4454 depopulati
1904 4399 2061 4452 sunt;

485 4465 884 4536 gigantibusque
912 4469 1102 4523 occisis
1136 4512 1149 4535 ,
1178 4479 1231 4524 et
1271 4473 1575 4527 Amalec-itis
1600 4475 1868 4542 expulsis,
1905 4477 2066 4532 etiam

485 4556 840 4610 Sodomorum
869 4575 1045 4626 regem
1068 4569 1122 4614 et
1142 4560 1454 4616 Gomorrlne
1480 4563 1530 4617 in
1554 4562 1729 4632 fugam
1761 4575 2066 4634 verterunt,

493 4646 759 4698 montanis
787 4649 1032 4701 onmibus
1059 4650 1351 4718 occupatis,
1384 4660 1437 4705 et
1465 4653 1700 4722 equitatu
1725 4656 1866 4724 regis
1892 4654 2069 4710 Sodo-

487 4749 692 4787 nmrnm
724 4745 910 4789 avecto
936 4752 1036 4789 una
1068 4753 1186 4791 cum
1217 4737 1316 4793 [tot
1335 4741 1562 4810 captivo,
1589 4743 1922 4807 mulieribus,
1958 4761 2072 4800 om-

490 4825 750 4894 nibusque
778 4827 1020 4889 sarcinis,
1045 4828 1309 4884 abierunt.

560 4919 611 4972 5.
645 4917 748 4972 Sed
801 4919 918 4974 vide
967 4920 1156 4975 iterum
1211 4923 1477 4993 ingentem
1525 4925 1611 4980 Dei
1659 4927 2067 4994 providentiam.

492 5009 687 5064 Voletts
715 5009 854 5063 enim
881 5010 1037 5064 simul
1063 5022 1116 5066 et
1148 5013 1245 5066 Lot
1281 5029 1310 5067 a
1340 5016 1645 5082 captivitate
1685 5016 1909 5070 liberum
1944 5018 2070 5071 red-

487 5105 615 5161 dere
643 5148 655 5168 ,
686 5114 738 5159 et
764 5105 1079 5174 patriarchzc
1103 5107 1322 5176 gloriam
1352 5110 1516 5178 magis
1545 5109 1828 5174 illustrare,
1872 5109 2072 5164 excitat

484 5199 682 5265 justum
715 5205 768 5249 ut
801 5195 975 5250 fratris
1003 5198 1110 5250 lilio
1141 5207 1432 5251 succurrat.
1483 5197 1610 5252 Nam
1646 5209 1701 5252 ut
1739 5199 1920 5254 didicit
1951 5215 2070 5269 quae

491 5289 624 5340 facta
647 5295 820 5350 erant,
842 5301 959 5341 cum
992 5289 1288 5341 vernaculis
1314 5290 1423 5341 suis
1457 5289 1652 5357 impetu
1677 5290 1816 5343 facto
1845 5291 1894 5344 in
1917 5305 2070 5359 rcges

493 5377 612 5431 illos
637 5419 649 5443 ,
680 5378 796 5430 illos
826 5375 979 5432 facile
1010 5377 1300 5446 proﬂigavit
1324 5420 1339 5443 ,
1371 5388 1423 5432 et
1463 5379 1562 5432 Lot
1595 5389 1754 5448 atque
1799 5381 2067 5442 mulieres,

490 5479 543 5522 et
572 5483 781 5522 omnem
823 5469 1112 5538 equitatuut
1149 5471 1285 5537 regis
1317 5469 1523 5523 reduxit
1554 5489 1564 5524 :
1607 5472 1792 5538 quibus
1827 5481 1929 5524 L'tm
1961 5471 2071 5525 cla-

495 5563 567 5613 ris
594 5561 893 5629 triumphis,
926 5561 1170 5614 omnibus
1205 5560 1459 5627 patefacta
1492 5571 1570 5615 est
1602 5561 1788 5630 ingens
1821 5563 1912 5614 Dei
1944 5576 2068 5630 erga

497 5650 641 5703 illum
669 5648 1034 5704 benevolentia
1057 5692 1070 5715 ,
1101 5661 1149 5702 et
1180 5651 1349 5716 ipsum
1381 5665 1483 5703 non
1531 5666 1621 5703 sua
1652 5652 1844 5704 virtute
1874 5661 2068 5702 tantam

496 5755 720 5809 stragem
768 5739 988 5804 fecisse,
1044 5741 1133 5793 δα]
1181 5756 1405 5808 superna
1440 5741 1626 5796 virtute
1671 5743 1950 5795 munitum.
2009 5741 2070 5794 Et

1218 376 1270 428 s.
1314 375 1589 431 JUANNS
1629 363 2101 426 ettttttsost'om
2143 365 2456 421 Αιιωιιειι.
2497 365 3029 434 ευᾱδηχτιχυι»,

3668 381 3773 432 331i

2186 493 2299 561 ipse
2326 506 2534 564 quoque
2559 491 2857 564 patriarcha
2882 491 3011 559 ipsis
3036 491 3190 544 rebus
3217 491 3516 543 cnitebatur
3541 532 3554 551 ,
3589 503 3645 544 ut
3671 493 3772 545 So-

2180 583 2395 637 dontitis
2423 584 2670 637 omnibus
2697 582 2887 636 doctor
2921 582 3084 635 divini
3113 582 3288 634 cultus
3321 583 3474 634 fieret
3497 620 3511 641 ,
3558 597 3773 634 necnon

2185 673 2365 728 verbis
2392 675 2494 728 illis
2514 673 2663 742 queis
2692 689 2868 744 regem
2895 673 3282 741 alloquebatur.
3337 671 3467 724 Nam
3495 687 3618 738 quia
3643 686 3771 724 cum

2181 765 2499 817 occurrisset
2547 778 2640 816 rex
2662 805 2676 826 ,
2718 773 2771 816 et
2810 778 2906 831 pro
2936 761 3094 816 rebus
3119 763 3284 831 gestis
3318 763 3517 829 gratias
3545 763 3769 830 egisset.

2180 865 2242 905 ac
2268 867 2480 907 omnem
2502 854 2794 922 equitatum
2821 854 2868 907 ei
2897 869 2954 907 se
2978 853 3297 907 dOnaturum
3323 854 3564 918 diceret,
3595 851 3772 904 homi-

2181 955 2380 1008 nesgue
2407 942 2677 998 dumtaxat
2703 953 3041 1013 accepturum
3072 961 3086 997 :
3121 943 3238 996 vide
3269 944 3462 997 iterum
3483 944 3615 1012 justi
3642 958 3765 996 nta-

2178 1032 2578 1100 gnanimitatem
2602 1074 2618 1099 ,
2656 1033 2922 1102 quomodo
2965 1033 3316 1100 pltifosophise
3354 1049 3466 1086 sua:
3492 1033 3766 1102 specimen

2179 1125 2433 1187 exhibet,
2477 1125 2767 1178 ostendens
2806 1139 2865 1178 se
2902 1123 3063 1179 donis
3090 1123 3393 1193 huiusmodi
3430 1125 3770 1194 superiorem

2180 1230 2336 1281 esse,
2384 1231 2613 1285 eumque
2652 1215 2718 1269 ad
2749 1231 2889 1270 vera
2939 1217 3210 1282 religionis
3254 1217 3496 1271 notitiam
3540 1215 3764 1269 inducit.

2181 1307 2296 1362 Non
2348 1309 2490 1362 enim
2536 1307 2846 1377 simpliciter
2888 1307 3018 1362 dicit
3049 1324 3064 1360 :
3095 1307 3208 1362 Non
3247 1308 3420 1377 patiar
3462 1316 3519 1360 ut
3567 1307 3771 1376 aliquid

2181 1407 2388 1452 tuorum
2417 1413 2694 1451 munerum
2716 1397 2780 1450 ad
2800 1412 2886 1451 me
2905 1397 3104 1460 redeat,
3135 1413 3239 1451 non
3267 1396 3395 1449 mihi
3411 1398 3497 1450 tali
3517 1397 3773 1449 mercede

2179 1505 2313 1559 opus
2331 1501 2413 1544 cst
2442 1508 2456 1542 :
2484 1489 2577 1544 scd
2599 1488 2766 1557 quid?
2795 1488 3079 1542 Eztendam
3102 1504 3305 1540 mmmm
3332 1504 3492 1540 meum
3514 1488 3584 1538 ad
3605 1485 3773 1538 Deum

2180 1581 2482 1633 altissimum
2501 1621 2516 1644 ,
2547 1580 2696 1649 quasi
2728 1579 2927 1633 docens
2951 1593 3073 1632 eum
3105 1596 3118 1631 :
3144 1578 3258 1631 Non
3287 1588 3413 1632 sunt
3440 1577 3512 1631 dii
3540 1579 3628 1646 qui
3657 1594 3684 1628 a
3714 1587 3771 1628 te

2179 1671 2463 1735 coluntur,
2512 1670 2605 1724 sed
2658 1670 2794 1739 ligna
2835 1679 2888 1721 et
2934 1667 3137 1736 lapides
3169 1685 3182 1720 :
3213 1668 3306 1721 sed
3349 1681 3484 1721 unus
3512 1676 3597 1720 est
3629 1666 3773 1719 Deus

2179 1775 2339 1829 super
2372 1760 2578 1823 omnia,
2620 1759 2718 1824 Qui
2749 1759 2934 1811 creavit
2959 1757 3136 1810 cazlum
3167 1766 3213 1810 et
3250 1767 3435 1810 terram
3463 1771 3481 1808 :
3505 1756 3646 1824 quod
3668 1771 3772 1807 non

2179 1850 2424 1917 accipiant
2447 1865 2478 1901 α
2509 1858 2557 1902 te
2597 1847 2661 1901 de
2700 1847 2928 1916 funiculo
2967 1863 3125 1916 usque
3165 1847 3234 1899 ad
3273 1847 3631 1915 spliatrotercnt
3661 1860 3680 1897 :
3711 1855 3772 1897 ut

2181 1957 2249 1996 ne
2276 1941 2548 1996 existimes
2594 1955 2679 1994 me
2726 1940 2936 1993 illorum
2973 1939 3140 2008 gratia
3167 1939 3423 1992 ultionem
3449 1938 3768 2007 sumpsisse.

2179 2044 2234 2088 ct
2260 2050 2328 2088 ne
2352 2033 2528 2086 dicere
2556 2033 2727 2102 possis
2755 2044 2806 2086 te
2833 2031 2962 2085 mihi
3004 2030 3341 2084 abundantia:
3372 2028 3538 2084 fuisse
3579 2039 3770 2083 aucto—

2181 2143 2314 2181 rem.
2343 2125 2471 2179 Nam
2493 2126 2581 2194 qui
2607 2139 2690 2178 me
2709 2123 3034 2193 triumphare
3059 2133 3114 2176 et
3136 2126 3347 2177 vincere
3368 2122 3592 2182 curavit,
3625 2121 3768 2173 idem

2179 2225 2233 2270 et
2261 2215 2470 2268 divitias
2517 2214 2725 2268 abunde
2771 2213 2900 2267 ntibi
2949 2212 3272 2282 suppeditat.
3311 2211 3442 2266 Vide
3469 2209 3767 2280 quomodo,

2177 2308 2221 2360 si
2273 2306 2485 2375 quidem
2540 2304 2744 2358 lucrum
2791 2302 2967 2357 faccre
3009 2303 3264 2356 voluisset
3307 2317 3440 2365 rex,
3488 2309 3770 2354 auctorem

2178 2411 2467 2465 agnoscere
2505 2396 2741 2450 victoria:
2785 2411 2852 2450 ex
2895 2395 3212 2466 patriarcha:
3261 2394 3438 2448 verbis
3483 2394 3768 2463 potuisset.

2182 2487 2478 2540 Ducebatur
2521 2487 2664 2540 enim
2715 2486 2937 2554 posthac
2962 2499 3067 2538 non
3097 2484 3367 2539 ﬁdendum
3394 2488 3628 2554 propria:
3656 2496 3771 2535 Siue

2179 2578 2378 2640 virtttti,
2393 2576 2482 2629 sed
2500 2574 2891 2645 agnoscendum
2912 2583 3186 2629 auctorem
3209 2573 3470 2639 omnium,
3490 2571 3770 2626 ridendus-

2175 2681 2278 2735 que
2307 2664 2535 2719 manufa.
2557 2675 2637 2718 tos
2663 2665 2826 2728 deos,
2858 2673 2912 2718 et
2937 2663 3219 2718 colendum
3250 2663 3414 2717 Deum
3440 2662 3529 2732 qui
3560 2672 3646 2716 est
3672 2677 3769 2714 su-

2179 2765 2272 2816 per
2317 2749 2537 2813 omnia,
2589 2750 2678 2818 qui
2725 2748 2902 2801 omnia
2947 2746 3220 2810 condidit,
3276 2746 3365 2815 qui
3405 2755 3460 2799 et
3504 2747 3767 2799 bonorum

2175 2840 2411 2893 oumimu
2444 2839 2564 2892 fons
2593 2849 2695 2892 est.
2747 2838 2816 2892 Et
2850 2839 2902 2891 in
2933 2851 3140 2890 summa
3163 2837 3401 2890 discebat
3428 2851 3494 2890 ex
3515 2836 3771 2889 omnibus

2176 2930 2490 2999 patriarchae
2517 2929 2788 2982 virtutem.
2839 2927 2972 2981 Nam
3009 2941 3077 2980 ne
3109 2927 3440 2980 existimaret
3469 2939 3638 2992 ipsum
3672 2937 3769 2992 per

2172 3020 2531 3087 arrogantiam
2563 3029 2616 3073 et
2654 3018 2843 3073 fastum
2873 3018 2994 3071 data
3027 3025 3368 3072 contemnere
3391 3056 3406 3081 ,
3454 3015 3652 3069 idcirco
3680 3015 3767 3069 di-

2175 3111 2290 3164 cit:
2325 3109 2436 3180 Ego
2479 3108 2692 3178 quidem
2741 3108 2874 3161 nihil
2917 3121 3125 3162 sumam
3163 3125 3178 3160 :
3210 3120 3384 3176 neque
3430 3105 3576 3160 enim
3625 3118 3766 3174 opus

2177 3198 2380 3263 habeo,
2424 3212 2597 3268 neque
2642 3197 2853 3267 indigeo
2899 3206 2954 3250 ut
2985 3210 3118 3249 mea:
3147 3194 3425 3250 facultates
3470 3204 3770 3262 augeantur

2174 3290 2242 3343 ab
2264 3289 2381 3343 aliis
2411 3305 2424 3340 :
2456 3289 2537 3343 eis
2576 3297 2752 3342 autem
2778 3287 2866 3356 qui
2894 3285 3252 3357 periculorum
3279 3271 3518 3338 nieorum
3547 3282 3769 3338 luerunt

2173 3381 2324 3442 socii,
2356 3381 2658 3450 permittam
2687 3389 2744 3433 nt
2771 3393 2894 3432 suas
2919 3377 3189 3447 portiones
3206 3375 3488 3444 accipiant,
3511 3389 3620 3443 quo
3642 3387 3768 3443 par-

2176 3486 2292 3524 vam
2345 3471 2577 3540 aliquam
2613 3468 2865 3524 laborum
2911 3466 3332 3521 consolationem
3373 3463 3624 3518 habeant.
3688 3462 3767 3518 Ita

2172 3561 2526 3616 Sodomorum
2558 3560 2670 3630 regi
2701 3558 2978 3628 respondit
2994 3557 3190 3627 justus.

2245 3651 2569 3719 Sacriﬁcium
2607 3650 2939 3704 Melchisedec
2968 3651 3142 3720 refert,
3175 3657 3222 3702 et
3251 3657 3304 3701 ut
3329 3658 3505 3719 typum
3548 3645 3759 3700 Eucha-

2172 3743 2327 3798 ristia:
2356 3741 2614 3812 proponit.
2642 3771 2709 3780 —
2758 3739 3044 3809 Postquam
3073 3748 3253 3792 autem
3293 3746 3348 3792 et
3385 3735 3764 3802 Melchisedec,

2174 3849 2265 3888 rex
2293 3833 2470 3887 Salem
2495 3873 2510 3898 ,
2560 3845 2723 3900 panes
2750 3839 2806 3886 et
2831 3830 3014 3884 vinum
3053 3828 3321 3892 adferens,
3352 3841 3414 3882 ea
3445 3827 3542 3896 ipsi
3573 3827 3769 3882 obtulit

2176 3922 2340 3995 (Erat
2379 3922 2510 3976 enim
2538 3920 2803 3985 sacerdos,
2852 3919 3062 3988 inquit,
3093 3917 3186 3970 Dei
3220 3917 3456 3970 altissimi
3482 3913 3634 3986 [Gem
3673 3916 3764 3970 ib.

2178 4013 2343 4084 18]).
2390 4014 2458 4067 ab
2494 4013 2582 4068 illo
2629 4013 2834 4082 accepit
2877 4011 3073 4066 oblata.
3122 4008 3322 4064 Deinde
3351 4017 3409 4061 ut
3449 4007 3770 4077 rependeret

2178 4102 2603 4158 benedictionem
2628 4143 2644 4168 ,
2683 4117 2842 4171 quam
2867 4101 2935 4155 ab
2957 4115 3024 4156 eo
3061 4107 3378 4168 acceperat,
3411 4107 3465 4150 et
3493 4097 3768 4166 gloriﬁca-

2177 4193 2372 4248 tinnem
2397 4193 2448 4247 in
2479 4193 2643 4246 Deum
2674 4192 2911 4259 (dixerat
2937 4189 3100 4255 enim,
3120 4187 3419 4241 Benedictus
3445 4185 3635 4238 Abram
3655 4183 3768 4238 Deo

2176 4285 2423 4338 altissimo
2443 4326 2458 4350 ,
2500 4294 2546 4338 et
2575 4283 2859 4337 benedictus
2888 4279 3023 4334 Deus
3050 4277 3369 4348 quidradidit
3394 4277 3629 4329 inimicos
3653 4285 3766 4328 tuos

2175 4380 2226 4431 in
2252 4393 2433 4430 manus
2463 4373 2598 4442 tuas)
2621 4416 2634 4438 ,
2680 4373 2914 4428 decimas
2938 4371 2987 4425 ei
3015 4368 3164 4424 dedit
3189 4367 3259 4423 de
3297 4366 3550 4422 omnibus
3576 4365 3766 4434 spoliis

2175 4484 2293 4539 qua:
2315 4466 2582 4520 attulerat.
2608 4462 2794 4518 Vidisti
2819 4467 3070 4532 quantam
3093 4459 3344 4528 pietatem
3371 4465 3423 4512 et
3449 4455 3766 4525 religionem

2179 4561 2228 4613 in
2262 4559 2508 4612 omnibus
2552 4571 2664 4624 prze
2693 4568 2750 4608 se
2781 4552 2912 4607 ferat
2943 4551 3151 4621 justus,
3201 4557 3257 4605 et
3283 4547 3554 4620 quomodo
3583 4563 3615 4601 a
3643 4561 3766 4616 rege

2176 4649 2529 4704 Sodomorum
2558 4660 2588 4699 a
2631 4643 2865 4699 funiculo
2896 4656 3065 4710 usque
3105 4630 3172 4694 ad
3211 4640 3596 4709 spbtcroterem
3624 4638 3764 4691 acci-

2180 4756 2306 4809 pere
2337 4737 2463 4791 nihil
2486 4736 2667 4801 voluit,
2691 4733 2895 4802 accepit
2923 4741 3098 4786 autem
3128 4745 3190 4785 ea
3211 4745 3329 4799 qua:
3357 4744 3386 4782 a
3411 4727 3764 4782 Melchisedec

2178 4841 2300 4885 sunt
2338 4829 2510 4882 oblata
2531 4870 2546 4893 ,
2577 4826 2876 4880 rett-ibuens
2903 4833 2955 4878 et
2981 4837 3074 4878 sua
3099 4822 3124 4876 ἲ
3168 4822 3362 4891 quibus
3387 4820 3642 4876 nimirum
3672 4834 3767 4876 nos

2179 4922 2354 4975 docuit
2378 4960 2393 4984 ,
2425 4918 2722 4973 habendum
2749 4918 2977 4985 aliquem
3009 4914 3273 4969 delectum
3302 4954 3316 4977 ,
3349 4922 3402 4965 et
3431 4927 3538 4966 non
3565 4913 3762 4980 passim

2179 5007 2246 5060 ab
2270 5007 2517 5060 omnibus
2537 5005 2675 5057 dona
2702 5001 3031 5069 accipienda.
3064 4999 3194 5054 Nam
3224 4999 3466 5068 quamvis
3489 4997 3762 5052 Sodomita

2181 5098 2270 5151 ille
2300 5097 2476 5150 oblato
2509 5096 2651 5150 dono
2688 5092 2820 5162 grati
2848 5091 3009 5144 animi
3051 5091 3198 5158 signa
3225 5079 3411 5152 duret,
3441 5100 3560 5142 erat
3590 5101 3766 5143 tamen

2180 5190 2409 5259 alioquin
2448 5185 2749 5241 incredulus
2776 5225 2789 5245 ,
2821 5191 2875 5237 et
2905 5182 3236 5236 institutione
3257 5180 3419 5236 multa
3449 5179 3722 5249 indigebat
3751 5197 3762 5232 :

2182 5280 2399 5350 proinde
2449 5277 2746 5349 patriarcha
2791 5275 2928 5328 dona
2973 5272 3506 5347 quidetn‘chpexit,
3549 5285 3763 5324 onmem

2180 5383 2354 5425 autent
2385 5385 2566 5425 curam
2595 5366 2867 5430 adhibuit,
2897 5376 2949 5419 et
2977 5379 3071 5432 per
3100 5379 3162 5418 ea
3191 5378 3309 5431 qua:
3337 5362 3584 5429 accipere
3611 5375 3765 5415 recu-

2180 5463 2333 5528 Suvit,
2376 5470 2430 5516 et
2479 5476 2571 5530 per
2614 5474 2673 5514 ea
2706 5472 2821 5526 qua:
2856 5455 3017 5520 dixit,
3051 5464 3110 5507 ut
3132 5454 3272 5507 illum
3304 5453 3368 5506 ad
3403 5453 3655 5520 pietatem
3687 5453 3765 5505 in-

2180 5555 2416 5607 duceret.
2468 5556 2507 5605 A
2561 5549 2911 5604 Melcltisedec
2955 5556 3132 5600 autem
3169 5546 3287 5614 jure
3331 5559 3393 5598 ac
3442 5545 3637 5596 merito
3683 5556 3765 5595 ac-

2181 5648 2317 5712 crpit
2353 5663 2364 5698 ε
2401 5645 2496 5696 \‘lt'l
2537 5644 2677 5696 enim
2706 5640 2952 5694 virtutem
2986 5638 3160 5691 divina
3190 5636 3460 5703 Seriptnra
3493 5634 3762 5694 indicavit,

2184 5740 2401 5802 dicens;
2449 5737 2576 5791 Erat
2637 5743 2798 5788 autem
2865 5730 3094 5786 sacerdos
3156 5729 3245 5782 Dei
3306 5727 3563 5782 altissimi.
3628 5725 3764 5780 Alias
