4054 6324
183 1594 203 1606 ,
267 1547 396 1599 vim
479 1546 682 1616 ἐχώρει
712 1588 726 1609 ,

274 500 493 570 ποίηκε.
531 502 731 555 Σκόπει
785 503 899 565 πῶς
939 501 1141 571 μεταξύ
1185 504 1294 557 τῶν
1339 504 1661 575 πειρασμῶν
1682 502 1783 578 τὴν
1822 503 1952 569 παρ’

271 587 444 643 αὐτοῦ
474 588 649 661 ῥοπὴν
679 589 947 661 εἰσφέρων
971 592 999 643 6
1030 590 1411 663 φιλάνθρωπος
1453 592 1733 663 Δεσπότης
1766 592 1951 664 ἀκμά-

269 674 439 740 ζοντα
457 677 549 730 τὸν
570 676 807 748 ἀθλητὴν
833 676 968 749 πρὸς
979 678 1106 741 τούς
1122 677 1247 750 ἐξῆς
1272 680 1428 734 πάλιν
1462 680 1681 748 ἀγῶνας
1700 680 1949 750 ἀπεργά-

274 763 450 829 ζεται,
467 766 569 817 οὐκ
591 764 769 833 ἀφιεὶς
802 764 1128 837 ἐρημονοτῆς
1157 767 1348 820 ἐαυτοῦ
1385 766 1661 838 βοηθείας,
1699 767 1837 821 ἀλλὰ
1863 766 1951 819 διὰ

277 851 498 905 πάντων
525 851 775 922 φανερῶς
804 853 1105 925 οἰκονομῶν
1136 854 1283 924 αὐτῷ
1313 853 1646 912 δείκνυσθαι.
1671 855 1753 907 ὅτι
1780 854 1954 925 μικρά

275 938 547 1008 εἰσφέρων
582 929 765 1002 αὐτὸς,
826 940 1076 1010 μεγάλων
1111 942 1203 993 καὶ
1251 941 1453 1012 σφόδρα
1494 940 1745 1011 μεγάλων
1770 940 1953 1008 ἀξιοῦο

274 1041 367 1079 ται
386 1027 480 1078 καὶ
507 1021 780 1080 νικώντων
807 1028 905 1100 τὴν
956 1028 1300 1099 ἀνθρωπίνην
1353 1028 1532 1096 φύσιν.
1588 1026 1740 1091 Εἶδες
1775 1030 1953 1082 τοίνυν

272 1111 371 1166 τοῦ
404 1112 612 1166 δικαίου
632 1111 729 1185 τὴν
752 1114 1059 1185 ὐπομονήν;
1086 1116 1231 1187 ’Ὅρα
1256 1116 1417 1171 πάλιν
1444 1117 1583 1187 μετά
1620 1117 1719 1187 τὴν
1743 1115 1952 1169 ἐκεῖθεν

272 1198 535 1254 ἐπάνοδον
557 1203 653 1271 τῆς
680 1202 1178 1273 ταπεινοφροσύνης
1206 1203 1370 1256 αὐτοῦ
1391 1204 1449 1257 τὸ
1485 1203 1710 1273 μέγεθος
1734 1204 1826 1258 καὶ
1853 1203 1954 1273 τὴν

273 1286 569 1341 ἐπιείκειαν
632 1287 730 1359 τὴν
782 1286 997 1359 πολλήν.
1065 1290 1281 1361 Ἐπειδὴ
1336 1292 1443 1364 γὰρ
1492 1291 1790 1361 ἐπανῆλθεν
1847 1290 1955 1343 ἀπὸ

272 1372 377 1442 τῆς
442 1372 717 1442 Αἰγύπτου
794 1375 1057 1445 εὐπορίαν
1125 1376 1325 1449 πολλὴν
1406 1379 1747 1448 κτησάμενος
1813 1377 1954 1445 (οὐκ

272 1459 439 1522 αὐτὸς
489 1459 545 1511 ὁὶ
602 1460 780 1530 μόνος,
835 1460 967 1513 ma
1022 1456 1115 1515 καὶ
1177 1464 1205 1515 6
1272 1462 1582 1532 ἀδελφιδοῦς
1628 1462 1951 1533 ἠκολούθει),

808 1548 972 1617 φησὶν
1005 1588 1021 1611 ,
1106 1549 1320 1615 αὐτοὺς
1406 1552 1439 1617 ἠ
1511 1548 1585 1619 γῆ
1654 1550 1956 1605 κατοικεῖν

274 1629 431 1698 ἅμα,
499 1632 589 1685 ὅτι
653 1628 733 1703 ἦν
797 1635 869 1687 τὰ
911 1633 1262 1703 ὑπάρχοντα
1321 1636 1516 1691 αὐτῶν
1560 1636 1783 1691 πολλὰ·
1834 1637 1954 1690 ὅθεν

275 1718 374 1770 καὶ
426 1718 575 1789 μάχη
620 1718 818 1789 συνέϐη
854 1720 1108 1788 γενέσθαι
1155 1722 1358 1791 μεταξύ
1400 1721 1507 1775 τῶν
1554 1725 1825 1794 ποιμένων
1859 1724 1953 1777 τοῦ

277 1803 402 1858 Λὼτ
430 1807 524 1858 καὶ
556 1806 649 1859 τοῦ
682 1808 924 1879 Ἀϐραμ·
976 1810 1116 1863 Ἀλλ’
1142 1814 1171 1864 ό
1198 1812 1408 1876 δίκαιος
1435 1806 1591 1878 οὗτος
1613 1814 1829 1878 δεικνὺς
1858 1817 1954 1869 αὐ-

273 1891 371 1944 τοῦ
398 1893 458 1945 τὸ
486 1894 695 1964 ἥμερον
726 1894 825 1964 τῆς
846 1894 1024 1966 ψυχῆς
1053 1898 1149 1951 καὶ
1169 1899 1269 1968 τῆς
1296 1900 1613 1968 φιλοσοφίας
1655 1901 1754 1972 τὴν
1784 1903 1954 1973 ὑπερ-

274 1977 460 2049 ϐολὴν,
492 1980 727 2043 καλέσας
760 1981 850 2033 τὸν
877 1981 1030 2051 Λὼτ,
1080 1984 1215 2053 φησὶ
1264 1984 1400 2056 πρὸς
1434 1986 1599 2039 αὐτόν
1624 2002 1638 2015 ·
1673 1987 1771 2054 Μὴ
1800 1987 1955 2041 ἔστω

271 2066 437 2133 μάχη
462 2066 581 2119 ἀνὰ
610 2066 807 2133 μέσον
832 2068 979 2137 ἐμοῦ
1027 2072 1128 2123 καί
1183 2070 1321 2135 σοῦ,
1340 2072 1469 2145 ’καί
1507 2071 1627 2125 τῶν
1654 2072 1951 2143 ποιμένων

270 2164 391 2215 μου
421 2149 517 2202 καὶ
551 2150 671 2203 τῶν
714 2151 1017 2221 ποιμένων
1052 2167 1193 2220 σου,
1226 2154 1315 2207 ὅτι
1361 2154 1661 2223 ἄνθρωποι
1706 2156 1954 2225 ἁδελφοί

273 2234 450 2302 ἡμεῖς
477 2236 685 2304 ἐσμεν·
725 2239 1012 2308 μονονουχὶ
1035 2237 1210 2307 λέγων
1241 2241 1377 2311 πρὸς
1410 2242 1593 2294 αὐτόν·
1629 2242 1779 2295 οὐδὲν
1805 2244 1955 2314 εἰρή-

272 2338 375 2390 νης
406 2323 537 2375 ίσον·
584 2324 737 2377 οὐδὲν
772 2324 1105 2394 φιλονεικίας
1138 2326 1458 2398 βαρύτερον.
1518 2329 1616 2380 Ἵν⁹
1652 2323 1744 2384 οῦν
1773 2331 1956 2383 πᾶσαν

276 2408 459 2477 μάχης
477 2408 732 2462 ὑπόθεσιν
760 2410 1002 2465 ἐκποδὼν
1031 2412 1408 2483 ποιησώμεθα,
1435 2414 1555 2467 ἑλοῦ
1586 2415 1652 2486 ὴν
1678 2414 1744 2468 ἂν
1766 2415 1956 2485 βουλη-

274 2494 377 2566 θῇς
408 2497 611 2566 χώραν·
644 2496 908 2551 κατάλιπε
936 2498 993 2551 δέ
1036 2516 1126 2568 μοι
1160 2498 1258 2570 τὴν
1297 2500 1646 2572 λειπομένην,
1694 2503 1833 2574 ὑπὲρ
1862 2503 1954 2556 τοῦ

274 2585 458 2654 πάσης
478 2586 622 2660 ἡμᾶς
657 2586 831 2655 ἔριδος
855 2588 947 2639 καὶ
975 2586 1303 2656 φιλονεικίας
1335 2589 1492 2652 ἐκτὸς
1512 2590 1785 2657 γενέσθαι.
1806 2588 1955 2654 Εἶδες

271 2669 467 2740 ἀνδρὸς
495 2672 727 2742 ἀρετήν;
760 2675 1128 2744 ῐιαρεχώρησε
1155 2673 1233 2743 τῷ
1270 2674 1374 2744 νέῳ
1394 2675 1503 2728 τῶν
1533 2676 1812 2747 πρωτείων
1858 2680 1955 2748 τὴν

273 2757 527 2828 camp,
562 2760 653 2811 καὶ
680 2758 899 2829 ἔστερξε
945 2760 1045 2830 τὴν
1084 2760 1424 2831 φαυλοτάτην
1444 2760 1649 2833 χώραν.
1682 2763 1821 2816 Ἀλλ’
1853 2765 1955 2835 ὅρα

273 2844 643 2916 πάλινέπειδὴ
673 2845 741 2898 τὰ
774 2847 902 2917 παρ’
923 2847 1116 2901 ἐαυτοῦ
1146 2847 1475 2915 ἐπεδείξατο,
1494 2850 1669 2922 πόσης
1695 2851 1956 2906 ἀπολαύει

273 2934 375 3002 τῆς
396 2932 647 3003 ἀμοιϐῆς.
683 2932 897 2997 Εὐθέως
928 2935 1037 3006 γάρ
1053 2935 1147 2988 τοῦ
1181 2936 1462 3007 χωρισμοῦ
1489 2938 1957 3009 γενομένου,φησὶ

275 3019 412 3090 πρὸς
431 3020 591 3073 αὐτὸν
610 3021 639 3073 6
656 3018 787 3083 Θεὸς
816 3019 955 3090 μετά
977 3021 1038 3073 τὸ
1058 3020 1479 3093 διαχωρισθῆναι
1500 3024 1591 3077 τὸν
1618 3022 1761 3077 Λώτ·
1798 3026 1955 3079 Ἁνα-

273 3106 509 3174 ϐλέιικις
555 3105 673 3172 τοῖς
704 3107 1031 3176 ὀφθαλμοῖς
1063 3123 1181 3163 σου
1225 3108 1314 3162 ἴδε
1351 3108 1559 3163 πᾶσαν
1601 3110 1716 3179 τὴν
1743 3110 1861 3180 γῆν
1886 3112 1956 3177 ἐξ

272 3190 557 3259 ἐκατέρου
584 3189 688 3244 τοῦ
708 3191 949 3260 μέρους,
986 3192 1073 3245 ὅτι
1126 3192 1352 3257 πᾶσαν,
1383 3194 1463 3261 ἣν
1492 3195 1575 3249 σὺ
1626 3195 1771 3265 ὁρᾷς
1795 3237 1810 3264 ,
1854 3198 1953 3252 σοι

273 3276 449 3331 δώσω
470 3277 665 3345 αὐτὴν
710 3277 807 3331 καί
838 3276 918 3343 τῷ
947 3278 1247 3349 σπέρματί
1270 3296 1387 3335 σου
1418 3282 1521 3349 ἕως
1553 3281 1785 3351 αἰῶνος.
1822 3284 1956 3339 Σκό-

275 3381 369 3417 πει
404 3366 572 3434 πόσης
602 3363 848 3429 ἀξιοῦται
874 3365 975 3435 τῆς
1003 3367 1315 3437 φιλοτιμίας
1354 3368 1443 3421 διὰ
1472 3370 1569 3442 τὴν
1598 3387 1955 3443 ταπεινοφρο-

274 3450 467 3521 σῦνην,
494 3451 559 3521 ὴν
586 3449 893 3516 ἐπεδείξατο
920 3451 1054 3522 πρὸς
1074 3452 1164 3505 τὸν
1191 3453 1524 3522 ἀδελφιδοῦν·
1562 3455 1655 3509 καὶ
1680 3456 1839 3520 αὐτὸς
1858 3458 1955 3528 μὲν

276 3537 495 3609 μικρῶν
528 3540 955 3609 παραχωρήσας,
1031 3538 1165 3592 πολύ
1202 3539 1464 3607 μειζόνων
1500 3540 1727 3613 ἠξιώθη,
1752 3545 1955 3607 ἐκεῖνος

271 3624 333 3678 δέ
363 3627 474 3687 τοῖς
491 3625 776 3695 πρωτείοις
806 3626 1169 3696 ἐπιπηδήσας,
1190 3628 1305 3695 μετ’
1325 3628 1385 3680 οὐ
1410 3627 1544 3682 πολύ
1572 3632 1650 3692 εἰς
1680 3630 1955 3694 κινδύνους

273 3710 556 3764 ἐνέπιπτε·
590 3712 683 3766 καὶ
708 3712 769 3765 οὐ
802 3712 963 3782 μόνον
990 3714 1141 3767 οὐδὲν
1161 3713 1416 3768 ἀπώνατο
1430 3714 1523 3784 τῆς
1549 3716 1801 3786 ἐκλογῆς,
1819 3718 1954 3771 ἀλλά

273 3800 374 3853 καὶ
406 3800 748 3871 αἰχμάλωτος
782 3804 873 3854 καὶ
908 3803 1092 3866 ἄοικος
1126 3805 1217 3856 καὶ
1232 3804 1476 3868 ἀνέστιος
1498 3804 1692 3876 ἀθρόον
1721 3807 1950 3874 ἐγίνετο,

274 3889 375 3943 καὶ⁵
402 3888 471 3941 δι’
499 3889 677 3942 αὐτῶν
702 3889 806 3942 τῶν
820 3891 1162 3959 πραγμάτων
1188 3891 1498 3946 ἐδιδάσκετο
1518 3893 1610 3946 καὶ
1625 3894 1717 3947 τοῦ
1745 3895 1954 3948 δικαίου

273 3975 376 4045 τὴν
406 3975 847 4046 ὑπερϐάλλουσαν
876 3977 1097 4047 ἀρετὴν,
1128 3978 1222 4029 καὶ
1254 3979 1415 4041 αὐτὸς
1438 3979 1753 4033 ἐπαιδεύετο
1772 3982 1957 4033 λοιπὸν

278 4062 446 4133 μηδὲν
484 4061 720 4115 τοιοῦτόν
752 4078 881 4115 ποτε
906 4064 1355 4133 διαπράττεσθαι.
1394 4066 1613 4135 Ἐπειδὴ
1637 4068 1746 4138 γὰρ
1775 4069 1874 4138 τὴν
1899 4071 1958 4121 ἐν

280 4150 533 4219 Σοδόμοις
560 4152 773 4220 οἴκησιν
807 4153 1100 4221 ἐποιήσατο
1120 4155 1148 4204 6
1163 4151 1304 4216 Λὼτ,
1330 4152 1531 4217 εὐθέως
1548 4156 1778 4224 πόλεμος
1797 4156 1956 4225 ἀνερ-

277 4235 505 4307 ριπίσθη
541 4238 794 4307 χαλεπὸς,
836 4239 928 4289 καὶ
960 4240 1007 4290 οἰ
1047 4238 1156 4290 τῶν
1190 4240 1624 4309 προσοικούντων
1657 4240 1826 4294 ἐθνῶν
1860 4243 1957 4312 βα-

180 4356 191 4367 ς
276 4322 447 4384 σιλεῖς
475 4324 793 4386 ἐπιστάντες
828 4323 964 4393 μετά
1008 4324 1207 4395 πολλῆς
1229 4325 1330 4395 τῆς
1353 4326 1632 4397 δυνάμεως
1659 4330 1839 4381 πᾶσαν
1861 4330 1959 4400 τὴν

278 4408 463 4481 χώραν
494 4410 663 4479 ἄρδην
693 4410 1003 4471 ἀπώλεσαν,
1050 4415 1177 4475 τοὺς
1222 4412 1485 4481 γίγαντας
1535 4416 1829 4478 ἀνελόντες,
1866 4419 1958 4470 καὶ

273 4498 402 4558 τοῦς
438 4495 810 4565 ’Λμαληκίτας
862 4497 1237 4567 ἀπωσάμενοι,
1297 4501 1387 4551 καὶ
1419 4502 1510 4553 τὸν
1571 4502 1679 4554 τῶν
1711 4502 1958 4573 Σοδόμων

277 4583 503 4646 βασιλέα
519 4585 612 4635 καὶ
634 4583 916 4654 Γομόρρας
940 4586 1017 4647 είς
1035 4584 1210 4655 φυγὴν
1225 4588 1497 4657 τραπῆναι
1514 4588 1956 4659 παρεσκεύασαν,

275 4671 372 4725 καὶ
395 4672 572 4723 πᾶσαν
597 4669 857 4739 κατέσχον
885 4670 980 4741 τὴν
1009 4670 1240 4741 ὀρεινὴν,
1271 4674 1365 4725 καὶ
1406 4677 1505 4744 τὴν
1542 4675 1707 4727 ἵππον
1740 4676 1834 4728 τοῦ
1860 4676 1951 4745 βα-

277 4759 470 4822 σιλέως
511 4759 755 4828 Σοδόμων
779 4760 1156 4822 ἀναλαϐόντες,
1189 4760 1283 4814 καὶ
1309 4761 1399 4813 τὸν
1426 4758 1542 4813 Aio:
1583 4764 1959 4834 αἰχμαλωτεύ-

278 4862 471 4908 σαντες
521 4846 614 4897 καὶ
644 4846 742 4908 τάς
766 4848 1026 4914 γυναῖκας
1070 4848 1207 4917 μετά
1241 4848 1419 4916 πάσης
1465 4847 1566 4918 τῆς
1619 4852 1955 4922 ἀποσκευῆς,

274 4932 453 4993 οὕτως
494 4931 817 5002 ἐπανῄεσαν.

348 5019 579 5091 γ’.[566]
616 5019 753 5071 Ἀλλ’
769 5021 870 5090 ὅρα
888 5020 1049 5073 πάλιν
1064 5021 1199 5074 Θεοῦ
1216 5022 1536 5093 κηδεμονίαν
1553 5023 1773 5097 πολλήν.
1791 5025 1957 5097 Ὁμοῦ

275 5109 372 5161 καὶ
398 5108 490 5160 τὸν
518 5106 641 5159 Λὼτ
668 5106 769 5177 τῆς
793 5106 1173 5177 αἰχμαλωσίας
1197 5110 1557 5181 ἐλευθερῶσαι
1612 5112 1955 5184 βουλόμενος,

276 5195 373 5249 καὶ
397 5195 488 5246 τὸν
515 5194 854 5265 πατριάρχην
886 5195 1342 5269 περιφανέστερον
1368 5198 1724 5266 ἐργάσασθαι.
1761 5200 1956 5269 διεγεί-

275 5298 361 5350 ρει
388 5279 481 5331 τὸν
506 5279 715 5333 δίκαιον
734 5281 868 5351 πρὸς
886 5268 1174 5351 ἀντίληψιν
1192 5282 1284 5335 τοῦ
1320 5284 1621 5354 ἀδελφιδοῦ.
1648 5268 1957 5357 Πυθόμενος

273 5366 384 5433 γάρ
411 5366 473 5418 τὸ
520 5367 765 5434 γεγονὸς,
809 5368 948 5437 μετά
977 5368 1083 5421 τῶν
1113 5370 1403 5438 οἰκογενῶν
1430 5374 1678 5443 ὁρμήσας
1704 5374 1797 5427 ἐπὶ
1826 5376 1957 5438 τοὺς

276 5454 519 5523 βασιλεῖς
544 5453 805 5517 ἐκείνους,
838 5455 1036 5518 αὐτούς
1061 5473 1120 5508 τε
1147 5456 1283 5526 μετά
1310 5458 1507 5528 πολλῆς
1534 5460 1782 5523 εὐκολίας
1818 5462 1953 5515 ἐπά-

272 5540 427 5608 ταξε,
455 5540 658 5596 καὶτὸν
691 5540 834 5606 Λὼτ,
866 5546 959 5595 καὶ
989 5544 1086 5607 τὰς
1112 5548 1394 5612 γυναῖκας,
1425 5547 1519 5600 καὶ
1549 5548 1647 5619 τὴν
1672 5548 1835 5601 ἵππον
1853 5552 1929 5603 πᾶ

275 5648 379 5684 σαν
398 5630 490 5683 τοῦ
519 5630 783 5700 βασιλέως
804 5633 1147 5703 ἐπανήγαγε,
1175 5634 1405 5706 λαμπρά
1434 5635 1502 5687 τὰ
1516 5636 1753 5707 τρόπαια
1794 5640 1956 5709 ἐργα-

275 5718 530 5784 σάμενος,
569 5719 664 5770 καί
694 5719 826 5770 πᾶσι
864 5720 1163 5790 κατάδηλον
1195 5722 1362 5773 ποιῶν
1390 5722 1488 5793 τὴν
1509 5724 1637 5795 περὶ
1666 5724 1827 5778 αὐτὸν
1859 5724 1953 5794 τοῦ

273 5804 412 5855 Θεοῦ
441 5804 665 5866 εὔνοιαν,
696 5803 789 5856 καὶ
825 5806 906 5857 ὅτι
944 5806 1045 5857 οὐκ
1097 5808 1273 5877 οἰκεία
1305 5807 1534 5879 δυνάμει
1560 5811 1656 5882 τὴν
1684 5811 1954 5883 τοσαύτην

275 5890 571 5964 εἰργάσατο
596 5892 833 5962 τροπὴν,
868 5892 1002 5945 ἀλλά
1030 5896 1095 5964 τῇ
1137 5894 1341 5949 ἀνωθεν
1377 5896 1595 5970 βοηθείᾳ
1641 5901 1947 5970 τειχιζόμε-

276 5993 382 6043 νος.
408 5978 518 6032 Καὶ
540 5976 724 6031 λοιπὸν
751 5976 974 6032 ἔσπευδε
1003 5979 1066 6032 δι’
1094 5981 1271 6035 αὐτῶν
1316 5982 1415 6037 τῶν
1439 5985 1778 6056 πραγμάτιον
1805 5986 1946 6041 διδά-

1431 386 1500 443 IN
1525 389 1677 445 CAP.
1718 387 1811 443 XV
1846 387 2094 444 GENES.
2130 387 2360 443 ιιυωι.
2394 388 2631 445 XXX“.
3636 392 3741 446 336

2064 503 2261 568 σκαλος
2307 503 2618 569 θεοσεϐείας
2670 505 2922 573 γενέσθαι
2966 509 3096 559 πάσι
3133 508 3247 571 τοῖς
3269 508 3327 560 ἐν
3365 504 3622 575 Σοδόμοις
3659 507 3742 558 Ριά

2060 591 2159 660 τῆς
2196 590 2332 660 πρὸς
2363 591 2454 644 τὸν
2483 591 2705 659 βασιλέα
2732 591 3040 657 διαλέξεως.
3083 591 3302 663 Ἐπειδὴ
3334 592 3443 663 γὰρ
3482 593 3746 659 συναντήα

2063 694 2163 741 -σας
2189 680 2218 731 6
2263 677 2515 748 βασιλεὺς
2540 719 2555 742 ,
2608 680 2700 731 καὶ
2764 680 2995 750 χάριτας
3032 681 3174 751 ὑπὲρ
3210 679 3321 734 τῶν
3362 677 3747 747 γεγενημένων

2061 764 2397 834 ὁμολογήσας
2433 764 2531 836 τὴν
2559 764 2657 836 μὲν
2686 766 2851 818 ἵππον
2892 768 3325 836 παραχωρήσειν
3365 766 3549 819 πᾶσαν
3571 763 3743 831 ἔλεγε,

2061 854 2187 916 τούς
2207 852 2267 906 δὲ
2297 852 2618 923 ἀνθρώπους
2655 853 2941 924 λήψεσθαι·
2965 855 3066 925 ὅρα
3087 854 3249 907 πάλιν
3272 854 3367 907 τοῦ
3399 851 3613 907 δικαίου
3650 848 3749 920 τὴν

2064 937 2489 1008 μεγαλοψυχίαν,
2525 938 2642 1001 πῶς
2679 936 2815 1008 ὁμοῦ
2854 938 2950 991 καὶ⁵
2974 936 3072 1007 τὴν
3100 936 3308 990 οἰκείαν
3335 933 3655 1005 φιλοσοφίαν
3674 931 3750 985 δι-

2060 1023 2267 1087 δάσκει,
2288 1025 2365 1088 ὡς
2382 1026 2643 1097 κρείττων
2670 1026 2786 1078 ἐστὶ
2819 1025 2927 1078 τῶν
2965 1026 3097 1097 παρ’
3132 1023 3300 1077 αὐτοῦ
3321 1022 3632 1092 διδομένων,
3656 1019 3752 1073 καὶ

2060 1112 2141 1175 εἰς
2162 1113 2380 1183 τήντῆς
2402 1112 2710 1186 θεοσεϐείας
2746 1111 2948 1180 γνῶσιν
2986 1112 3151 1168 αὐτὸν
3201 1111 3409 1179 ἐνάγει.
3460 1108 3595 1163 Οὐδέ
3641 1107 3752 1178 γὰρ

2064 1199 2249 1262 ἁπλῶς
2274 1196 2428 1252 εἶπεν
2456 1199 2625 1270 αὐτῷ,
2643 1200 2725 1253 ὅτι
2759 1202 2858 1253 οὐκ
2878 1200 3136 1269 ἀνέξομαι
3161 1197 3348 1253 λαϐεῖν
3380 1214 3432 1251 τι
3455 1195 3607 1267 παρά
3631 1194 3757 1259 σοῦ,’

2062 1286 2181 1340 οὐδέ
2198 1288 2278 1340 ὅτι
2300 1287 2511 1351 οὐδενὸς
2532 1288 2721 1357 δέομαι
2739 1286 2980 1340 τοιούτου
3007 1286 3222 1357 μισθοῦ,
3236 1283 3374 1339 ἀλλά
3392 1283 3477 1351 τίς
3505 1280 3753 1339 Ἑκτενῶ

2063 1374 2181 1441 τὴν
2204 1372 2372 1442 χεῖρά
2385 1390 2504 1443 μου
2534 1374 2683 1443 πρὸς
2710 1374 2819 1427 τὸν
2831 1374 2981 1428 Θει¹ν
3008 1373 3115 1426 τόν
3150 1372 3437 1441 ὕψιστον,
3469 1369 3753 1440 μονονουχὶ

2062 1460 2328 1514 διδάσκων
2364 1460 2549 1523 αὐτὸν,
2568 1460 2765 1513 ὅτιούκ
2789 1461 2896 1513 εἰσὶ
2926 1459 3040 1513 θεοὶ
3057 1460 3106 1513 οἰ
3130 1458 3234 1512 ὐπὸ
3252 1458 3345 1512 σοῦ
3374 1456 3751 1528 θεραπευόμε-

2064 1564 2165 1612 νοι,
2186 1546 2322 1600 ἀλλά
2355 1546 2492 1601 λίθοι
2514 1547 2606 1600 καὶ
2627 1546 2777 1611 ξύλα·
2803 1541 2883 1611 εἷς
2910 1546 3020 1617 γάρ
3036 1548 3184 1599 ἐστιν
3201 1548 3229 1599 6
3246 1545 3339 1598 ἐπὶ
3362 1544 3580 1597 πάντων
3597 1542 3751 1606 Θεὸς,

2077 1636 2182 1701 Ὃς
2214 1634 2418 1688 ἔκτισε
2450 1636 2555 1689 τὸν
2576 1635 2842 1703 οὐρανὸν
2882 1634 2980 1689 καί
2998 1633 3113 1702 τὴν
3127 1632 3263 1704 γῆν·
3287 1633 3375 1686 ὅτι
3392 1634 3463 1686 οὐ
3482 1631 3753 1700 λήψομαι

2064 1719 2225 1785 παρὰ
2254 1716 2371 1773 σοῦ
2404 1718 2523 1773 ἀπὸ
2546 1718 2842 1786 σπαρτίου
2868 1717 2980 1783 ἕως
3006 1713 3449 1786 σφαιρωτῆρος,
3487 1715 3577 1768 ἵνα
3598 1712 3755 1783 νομί-

2067 1822 2184 1875 σῃς.
2209 1807 2291 1859 ὅτι
2310 1805 2515 1859 τούτων
2546 1806 2730 1858 ἐνεκεν
2751 1806 2849 1876 τὴν
2877 1804 3157 1875 ἐκδίκησιν
3178 1802 3545 1873 ἐποιησάμην,
3570 1802 3658 1854 ῖνα
3681 1800 3756 1871 μὴ

2066 1893 2242 1960 λέγειν
2263 1893 2413 1965 ἔχῃς,
2441 1895 2522 1946 ὅτι
2542 1894 2704 1955 αὐτός
2730 1910 2819 1963 μοι
2838 1892 2939 1964 τῆς
2971 1890 3289 1964 περιουσίας
3310 1891 3481 1952 αῖτιος
3503 1888 3752 1957 γέγονας.

2078 1980 2135 2033 ⁸0
2155 1979 2262 2051 γὰρ
2294 1980 2393 2051 τὴν
2412 1979 2569 2049 νίκην
2603 1978 2901 2050 παρασχὼν
2950 1979 3045 2033 καὶ
3076 1977 3139 2030 16
3186 1977 3449 2047 τρόπαιον
3476 1974 3594 2046 μετ’
3619 1973 3757 2045 ἐμοῦ

2067 2071 2290 2137 στήσας,
2320 2067 2485 2129 αὐτός
2504 2070 2652 2121 ἐστιν
2680 2068 2709 2118 6
2734 2068 2830 2120 καὶ
2851 2064 3085 2120 πλούτου
3105 2064 3205 2136 τὴν
3246 2064 3512 2135 χορηγίαν
3535 2080 3625 2133 μοι
3652 2078 3758 2116 πα-

2070 2157 2419 2226 ρασχόμενος.
2439 2156 2580 2227 Ὅρα
2599 2156 2737 2220 πῶς,
2765 2155 2880 2224 εῖγε
2910 2153 3187 2219 ἐϐούλετο,
3209 2153 3516 2225 κερδαίνειν
3532 2153 3758 2206 ἐδύνατο

2065 2246 2093 2295 6
2111 2242 2361 2311 βασιλεὺς
2381 2244 2446 2296 ἐκ
2467 2243 2575 2297 τῶν
2591 2243 2685 2297 τοῦ
2708 2242 3045 2314 πατριάρχου
3064 2241 3396 2311 λεγομένων.
3414 2238 3758 2294 Ἐδιδάσκετο

2066 2329 2173 2400 γὰρ
2200 2329 2275 2400 μὴ
2310 2331 2376 2399 τῇ
2400 2329 2581 2400 οἰκείᾳ.
2618 2329 2850 2399 δυνάμει
2877 2327 3064 2381 λοιπὸν
3095 2327 3347 2398 θαρρεῖν,
3391 2324 3508 2380 ἀλλ’
3553 2325 3756 2378 εἰδέναι

2064 2414 2156 2467 τὸν
2203 2416 2420 2469 πάντων
2475 2415 2669 2478 αἴτιον,
2720 2416 2816 2469 καὶ
2850 2414 3162 2485 καταγελᾷν
3200 2413 3311 2466 τῶν
3355 2414 3757 2484 χειροποιήτων

2067 2499 2205 2554 θεῶν
2236 2502 2329 2554 καὶ
2361 2500 2644 2572 λατρεύειν
2674 2500 2752 2572 τῷ
2778 2501 2871 2554 ἐπὶ
2914 2500 3134 2554 πάντων
3171 2499 3315 2569 Θεῷ,
3361 2499 3441 2571 τῷ
3481 2497 3588 2553 τῶν
3617 2498 3757 2553 ὅλων

2064 2586 2402 2657 δημιουργῷ,
2454 2590 2519 2658 τῇ
2559 2591 2712 2660 πηγῇ
2771 2588 2881 2641 τῶν
2906 2586 3152 2655 ἀγαθῶν.
3182 2588 3292 2641 Καὶ
3346 2587 3454 2657 γάρ
3484 2585 3757 2657 ἐμάνθανε

2063 2674 2153 2727 διὰ
2190 2674 2409 2728 πάντων
2440 2674 2536 2728 τοῦ
2595 2675 2937 2746 πατριάρχου
2964 2675 3064 2745 τὴν
3093 2675 3320 2746 ἀρετήν.
3356 2675 3474 2729 Ἵνα
3522 2673 3633 2745 γάρ
3680 2674 3757 2746 μὴ

2065 2760 2262 2833 νομίσῃ
2299 2760 2366 2814 δι’
2396 2763 2659 2815 ἀπόνοιαν
2709 2762 2883 2815 αὐτὸν
2919 2762 3013 2816 καὶ
3059 2760 3544 2832 μεγαλοφροσύνην
3583 2763 3756 2834 ὑπερ-

2065 2849 2371 2919 εωρακέναι
2401 2848 2511 2901 τῶν
2548 2849 2679 2920 παρ’
2721 2849 2887 2902 αὐτοῦ
2928 2848 3247 2919 διδομένων,
3300 2848 3391 2902 διὰ
3426 2848 3583 2903 τοῦτό
3622 2865 3756 2920 φησι

2067 2934 2203 3005 πρὸς
2240 2934 2420 2991 αὐτόν·
2448 2933 2558 3004 ἐγὼ
2600 2936 2699 3006 μὲν
2736 2935 2888 2989 οὐδὲν
2921 2935 3185 3005 λήψομαι·
3214 2936 3337 2989 οὐδὲ
3376 2936 3486 3008 γὰρ
3531 2936 3751 3007 δέομαι,

2063 3018 2185 3071 οὐδὲ
2211 3018 2400 3090 χρῄζω
2438 3022 2575 3091 παρ’·
2613 3022 2802 3091 ἐτέρου
2841 3037 2932 3091 μοι
2974 3019 3235 3086 αὐξεσθαι
3265 3021 3363 3093 τὴν
3413 3021 3750 3093 περιουσίαν·

2064 3105 2190 3169 τούς
2217 3105 2273 3158 δὲ
2309 3105 2418 3159 τῶν
2448 3106 2709 3161 κινδύνων
2767 3124 2857 3177 μοι
2919 3108 3360 3178 κοινωνήσαντας
3414 3110 3756 3180 συγχωρήσω

2064 3196 2249 3251 λαϐεῖν
2290 3198 2536 3270 μερίδας.
2580 3200 2666 3254 ῐνα
2723 3200 2928 3270 μικράν
2978 3217 3101 3255 τινα
3160 3200 3273 3253 τῶν
3334 3200 3513 3253 πόνων
3570 3218 3753 3271 παρα-

2068 3284 2263 3353 μυθίαν
2282 3284 2425 3356 ἐχειν
2436 3286 2635 3339 δοκῶσι
2659 3298 2707 3339 ι.
2733 3287 2841 3339 Καὶ
2863 3287 2999 3357 πρὸς
3027 3286 3126 3356 μὲν
3146 3286 3237 3340 τὸν
3266 3286 3375 3339 τῶν
3393 3285 3640 3357 Σοδόμων
3658 3286 3756 3357 βα-

2067 3366 2218 3420 σιλέα
2247 3368 2421 3422 ταῦτα
2450 3368 2697 3432 όδίκαιος
2735 3370 3113 3441 ἀποκρίνεται.

2149 3451 2447 3522 Ἐπειδὴδέ
2489 3453 2580 3505 καὶ
2619 3452 2977 3523 Μελχισεδὲκ,
3020 3456 3049 3507 6
3087 3454 3345 3525 βασιλεὺς
3384 3454 3595 3526 Σαλήμ,
3652 3455 3755 3525 ἀρο

2064 3555 2189 3601 τους
2228 3538 2323 3591 καὶ
2361 3535 2501 3591 οῐνον
2540 3538 2693 3610 αὐτῷ
2742 3539 3031 3608 ἐξενέγκας
3072 3542 3409 3614 προσέφερεν
3448 3538 3591 3613 ('Hr
3642 3542 3754 3611 γὰρ

2065 3626 2276 3694 ἱερεὺς,
2319 3628 2474 3697 φησὶ,
2522 3626 2627 3681 τοῦ
2676 3628 2824 3681 Θεοῦ
2850 3629 2955 3683 τοῦ
2988 3631 3313 3702 ὑψίστου),
3371 3631 3502 3702 παρ’
3540 3630 3752 3684 ἐκείνου

2064 3713 2277 3784 δέχεται
2325 3713 2395 3766 τὰ
2434 3714 2883 3784 προσενεχθέντα,
2924 3717 3017 3769 καὶ
3055 3717 3154 3787 τὴν
3192 3716 3445 3784 εὐλογίαν
3483 3716 3582 3788 τὴν
3622 3718 3752 3787 παρ’

2065 3800 2232 3853 αὐτοῦ
2271 3801 2529 3863 είςαύτδν
2570 3801 2948 3873 γεγενημένην
2986 3803 3371 3873 ἀμειϐόμενος,
3398 3804 3493 3857 καὶ
3528 3805 3627 3873 τὴν
3673 3805 3753 3868 εἰς

2064 3889 2156 3942 τὸν
2208 3888 2339 3941 Θεὸν
2377 3888 2684 3957 δοξολογίαν
2724 3885 2867 3960 (εἷπε
2908 3891 3038 3963 γὰρ,
3109 3894 3294 3963 φησὶν,
3332 3895 3753 3963 Εὐλογημένος

2067 3975 2217 4048 [567]
2262 3978 2486 4045 Ἀὄραμ
2538 3976 2617 4042 τῷ
2677 3975 2798 4042 Θεῷ
2844 3977 2923 4044 τῷ
2956 3981 3220 4049 ὑψίστῳ,
3260 3981 3359 4037 καὶ
3422 3984 3753 4051 εὐλογητὸς

2067 4067 2100 4117 o'
2131 4064 2297 4131 Θεὸς,
2332 4063 2401 4129 ὃς
2439 4064 2743 4132 παρέδωκε
2772 4065 2915 4132 τοὺς
2929 4067 3183 4135 ἐχθρούς
3213 4085 3331 4121 σου
3367 4070 3755 4137 ⁴ιζηττοχειρίους

2067 4152 2256 4221 σοι),
2292 4151 2523 4221 δεκάτην
2564 4152 2713 4221 αὐτῷ
2750 4151 2932 4205 δίδωσι
2979 4153 3088 4206 ἀπὸ
3151 4155 3371 4209 πάντων
3427 4150 3502 4208 ὢν
3555 4157 3752 4208 ἐπεκοο

2070 4237 2259 4307 μίζετο
2304 4236 2581 4309 λαφύρων.
2636 4234 2793 4302 Εἶδες
2838 4238 2935 4291 τοῦ
2988 4240 3199 4294 δικαίου
3251 4241 3313 4294 τὸ
3361 4241 3607 4310 φιλόθεον
3665 4240 3754 4295 διὰ

2070 4323 2287 4377 πάντων
2328 4324 2679 4396 δεικνύμενον
2710 4327 2805 4379 καὶ
2849 4327 2968 4391 πῶς
3025 4329 3178 4399 παρά
3225 4328 3324 4399 μὲν
3353 4328 3446 4381 τοῦ
3491 4328 3753 4397 βασιλέως

2068 4411 2320 4481 Σοδόμων
2369 4411 2477 4465 ἀπὸ
2526 4413 2791 4483 σπαρτίου
2830 4414 2936 4477 ἓως
2995 4417 3379 4486 σφαιρωτῆρος
3428 4415 3614 4468 λαϐεῖν
3652 4416 3753 4469 οὐκ

2065 4497 2344 4567 ἠνέσχετο,
2375 4500 2441 4551 τά
2476 4499 2533 4551 δὲ
2582 4498 2677 4551 τοῦ
2708 4500 3044 4570 Μελχισεδὲκ
3080 4502 3512 4576 προσενεχθέντα
3538 4503 3751 4567 ἐλαϐεν,

2067 4585 2363 4649 ἀντιδιδοὺς
2403 4587 2498 4639 καὶ
2525 4586 2594 4639 τὰ
2621 4589 2751 4657 παρ’
2782 4588 3002 4650 ἑαυτοῦ,
3044 4590 3311 4643 διδάσκων
3356 4592 3507 4662 ἡμᾶς
3553 4590 3754 4663 πολλὴν

2066 4674 2167 4741 τὴν
2199 4673 2472 4744 διάκρισιν
2503 4674 2950 4739 ἐπιδείκνυσθαι,
2986 4677 3081 4729 καὶ
3121 4677 3196 4748 μὴ
3224 4678 3413 4741 ἁπλῶς
3456 4680 3550 4732 καὶ
3581 4679 3753 4744 ἀδεῶς

2068 4761 2221 4831 παρὰ
2252 4760 2470 4812 πάντων
2508 4760 2798 4831 δέχεσθαι;
2837 4763 3058 4833 Ἐπειδὴ
3093 4764 3202 4834 γὰρ
3236 4765 3445 4829 ἐκεῖνος
3478 4767 3609 4837 περὶ
3652 4767 3758 4837 μὲν

2067 4844 2165 4915 τὴν
2197 4844 2344 4899 δόσιν
2378 4844 2677 4917 εὐγνώμων
2709 4846 2960 4915 γέγονεν,
2993 4850 3050 4901 ἐν
3078 4849 3134 4901 δὲ
3173 4852 3288 4913 τοῖς
3314 4850 3496 4914 ἄλλοις
3526 4851 3753 4915 ἄπιστος

2067 4932 2353 5002 ἐτύγχανε,
2408 4934 2500 4986 καὶ
2543 4933 2745 5004 πολλῆς
2802 4935 2974 4989 ἐδεῖτο
3022 4937 3401 5001 διδασκαλίας·
3452 4938 3540 4993 διὰ
3595 4939 3754 4993 τοῦτο

2068 5019 2291 5072 ἐκείνων
2315 5020 2413 5090 μὲν
2442 5021 2715 5092 ὑπερεῖδε,
2742 5023 2924 5075 πᾶσαν
2951 5023 3007 5077 δὲ
3038 5024 3276 5095 σπουδὴν
3308 5026 3621 5096 ἐποιήσατο,
3658 5028 3753 5081 καὶ

2066 5104 2131 5158 δι’
2164 5098 2238 5158 ὧν
2266 5106 2449 5158 λαϐεῖν
2496 5109 2877 5178 παρῃτήσατο,
2925 5110 3019 5162 καὶ
3066 5110 3131 5162 δι’
3163 5104 3238 5162 ὧν
3279 5111 3558 5185 διελέχθη,
3616 5115 3753 5185 πρὸς

2068 5191 2376 5246 θεοσέϐειαν
2407 5194 2569 5247 αὐτὸν
2605 5197 3035 5267 χειραγωγῆσαι.
3073 5198 3233 5269 Παρά
3258 5200 3315 5253 δὲ
3353 5200 3449 5253 τοῦ
3479 5200 3751 5271 Μελχισε-

2065 5281 2159 5333 δὲκ
2201 5283 2425 5345 εἰκότως
2471 5282 2774 5353 λαμϐάνει·
2811 5283 2898 5337 διά
2935 5285 3045 5356 γὰρ
3098 5286 3260 5340 τοῦτο
3290 5289 3677 5360 ἐπεσημήνατο
3714 5292 3759 5360 ἡ,

2066 5367 2185 5422 θεία
2240 5370 2432 5441 Γραφὴ
2482 5370 2575 5423 τοῦ
2623 5371 2817 5441 ἀνδρὸς
2844 5370 2944 5443 τὴν
2978 5372 3180 5444 ἀρετὴν
3225 5374 3488 5442 λέγουσα·
3526 5373 3637 5431 Ἦν
3683 5376 3753 5430 δὲ

2066 5456 2394 5521 ἱερεὺς-τοῦ
2425 5457 2572 5513 Θεοῦ
2604 5458 2712 5513 τοῦ
2738 5460 3249 5527 ὐψίστου.”Αλλως
3283 5463 3340 5517 δὲ
3368 5466 3463 5518 καὶ
3484 5467 3654 5529 τύπος
3679 5462 3749 5538 ἦν

2127 5691 2150 5720 ⁸
2182 5692 2288 5739 Ἵνα
2317 5694 2485 5767 μικράν
2506 5709 2610 5767 τινα
2634 5697 2730 5742 τῶν
2752 5696 2911 5744 πόνων
2934 5699 3229 5767 παραμυθίαν
3248 5700 3377 5767 ’ἔχειν
3403 5702 3602 5767 δοκωσι.
3648 5703 3755 5760 Quo

2062 5766 2265 5824 γυναίῳ
2294 5752 2517 5824 αΙίηἱιιιηι-
2534 5752 3150 5824 ίᾳύρνωιιιεοηεοίιιιίωίι-ηι
3177 5752 3395 5810 Ιιαὺὲὶιιιι.
3429 5763 3571 5824 εειομο
3599 5752 3748 5815 υιιῖιηο

2064 5815 2519 5885 advertigmsgpud
2545 5816 2873 5885 Aulanasiulg
2896 5815 3747 5885 caeteras-quqperipun‘vs'lirzccos,

2062 5890 2230 5923 meum
2256 5877 2408 5947 δρκεῖν
2434 5892 2527 5925 non
2548 5880 2774 5947 minggre
2799 5877 3186 5947 aﬂlqgmioyeiu.
3214 5882 3277 5932 ὶῖι
3300 5877 3449 5933 diam
3474 5877 3745 5947 ιψιιάιιυιίέ

2062 5951 2151 5983 nm
2184 5937 2333 5985 medii
2375 5952 2465 5987 am
2499 5952 2587 5986 vox
2625 5937 2814 5990 t'idelur
2856 5941 3227 5991 Iﬂirmalioucm
3272 5960 3367 5993 nun
3396 5937 3587 5996 mim'nil.
3625 5950 3759 5997 νκιθ

2067 5996 2408 6049 Onomaslicmn
2469 6008 2687 6051 austrum
2735 6003 2793 6053 ad
2835 6002 2999 6067 Opera
3020 6005 3291 6069 Athanasii,
3332 6011 3381 6057 iu
3412 6021 3529 6059 voce
3569 5996 3742 6060 δοκεῖ-ιζ

3864 6070 3901 6107 ετ
