4054 6324
343 381 447 436 357

351 489 419 543 τά
443 489 698 558 γινόμενα.
727 487 814 540 τοῦ
842 486 1092 557 Χριστοῦ,
1117 485 1210 538 καὶ
1239 485 1376 538 αύτά
1398 485 1452 538 δὲ
1482 485 1546 538 τά
1579 482 2006 553 προσενεχθέντα

355 577 649 646 μυστήριόν
679 591 728 628 τι
753 575 1095 643 προεμήνυε·
1143 572 1206 624 δι’
1239 571 1266 623 ὃ
1304 573 1396 626 καὶ
1422 572 1764 642 προσήκατο,
1794 571 1885 622 καὶ
1917 575 2008 621 Aa.-

350 659 460 713 ϐὼν
488 663 733 724 κάκεῖνος
776 661 860 712 διὰ
909 659 1008 727 τῆς
1040 658 1167 728 παρ’
1198 658 1392 711 ἑαυτοῦ
1419 657 1649 727 ἀμοιϐῆς
1673 657 1774 726 τῆς
1803 656 2009 718 οίκείας

350 747 550 819 ἀρετῆς
575 749 814 800 ἐδίδασκε
842 747 900 798 τὸ
935 745 1182 816 μέγεθος.
1215 745 1454 814 Δεκάτην
1481 743 1588 814 γάρ
1614 743 1758 812 αὐτῷ
1787 744 2006 807 δέδωκε,

349 837 442 888 τὸν
475 835 715 903 φιλόθεον
745 833 909 885 αὐτοῦ
953 834 1155 886 σκοπὸν
1202 830 1494 884 κάντεῦθεν
1533 829 1828 899 ἐμφαίνων.
1859 841 1891 881 ἰ
1907 845 2011 898 αχα

351 924 430 983 είς
463 921 595 974 πολύ
637 921 808 988 μῆκος
842 922 973 990 ἡμῖν
1006 922 1034 972 ό
1080 919 1236 986 λόγος
1281 917 1505 986 ἐξετάθη
1527 953 1540 977 ,
1589 914 1703 968 ἀλλ’
1738 916 1799 966 οὐ
1837 916 2010 985 μάτην

349 1006 466 1058 οὐδὲ
500 1003 642 1072 είκῆ.
664 1005 949 1072 Ἔγνωμεν
977 1003 1074 1072 μὲν
1103 1001 1209 1070 γὰρ
1244 1012 1269 1040 ιι
1301 999 1386 1052 διά
1409 998 1656 1069 βραχέων
1678 999 1776 1068 τὴν
1805 998 2008 1052 ἀνωθεν

351 1093 440 1143 καὶ
490 1091 546 1155 ἐξ
587 1091 761 1160 ἀρχῆς
808 1090 969 1159 μέχρι
1019 1087 1127 1140 τῶν
1175 1088 1413 1157 σήμερον
1461 1085 1836 1156 προκειμένων
1876 1088 2009 1155 ἡμῖν

351 1175 442 1228 τοῦ
466 1177 675 1229 δικαίου
707 1177 805 1247 τὴν
832 1175 1101 1246 ἀνδρείαν,
1128 1175 1226 1245 τὴν
1259 1173 1682 1243 μεγαλοψυχίαν,
1708 1171 1806 1242 τὴν
1832 1172 2010 1224 πίστιν

349 1263 444 1332 τὴν
478 1262 940 1328 ὑπερϐάλλουσαν,
967 1259 1064 1331 τὴν
1101 1260 1389 1329 φιλόσοφον
1415 1258 1668 1328 γνώμην,
1700 1260 1798 1329 τῆς
1820 1276 2009 1312 ταπει-

349 1352 685 1422 νοφροσύνης
723 1351 791 1404 τὸ
816 1349 1041 1422 μέγεθος
1061 1389 1076 1413 ,
1119 1350 1216 1419 τῆς
1242 1349 1348 1401 τῶν
1380 1349 1675 1418 χρημάτων
1711 1347 2010 1418 ὑπεροψίας

346 1439 444 1508 τὴν
473 1437 800 1508 ὑπερϐολὴν,
828 1440 927 1508 τῆς
962 1435 1113 1506 παρά
1172 1434 1264 1487 τοῦ
1294 1433 1428 1486 Θεοῦ
1478 1435 1557 1496 είς
1597 1434 1757 1486 αὐτὸν
1799 1434 2010 1497 εὐνοίας

353 1526 446 1595 τὴν
486 1524 711 1595 διηνεκῆ
747 1524 1002 1594 πρόνοιαν
1023 1541 1035 1554 ο
1066 1522 1158 1576 καὶ
1190 1513 1340 1583 ὅπως
1390 1519 1477 1573 διὰ
1527 1520 1744 1573 πάντων
1775 1537 2011 1591 περιφα-

350 1613 597 1682 νέστερον
640 1611 733 1664 καὶ
766 1610 1141 1680 λαμπρότερον
1171 1607 1381 1660 ἐδείκνυ
1439 1607 1530 1660 τὸν
1569 1608 1777 1662 δίκαιον
1821 1610 1853 1680 ή
1891 1608 2009 1661 καθ’

348 1700 577 1752 ἕκαστον
607 1697 798 1769 καιρὸν
827 1698 906 1759 είς
948 1695 1110 1750 αὑτὸν
1149 1693 1433 1764 ἀντίληψις
1462 1695 1742 1764 γινομένη.
1789 1694 1929 1748 Ἀλλ’
1961 1698 2010 1750 εί

351 1784 601 1854 βούλεσθε
647 1785 740 1838 καὶ
772 1784 846 1854 μὴ
876 1784 1216 1853 ἀπκάμετε,
1251 1781 1517 1852 ἁψώμεθα
1553 1783 1644 1835 κού⁸
1685 1781 1794 1836 τῶν
1842 1783 2010 1854 πρόσ-

349 1887 517 1942 φατον
540 1872 989 1942 ἀνεγνωσμένων,
1029 1870 1123 1924 καὶ
1157 1869 1328 1937 “δλίγα
1370 1869 1696 1940 προσθέντες
1730 1869 2011 1923 καταπαύ-

351 1976 533 2029 σωμεν
573 1959 663 2012 τὸν
700 1958 860 2026 λόγον
885 1997 902 2022 ,
949 1959 1036 2012 ῖνα
1085 1957 1292 2028 μάθητε
1341 1958 1514 2026 πόσης
1557 1958 1720 2010 πάλιν
1766 1957 2010 2024 ἀξιοῦται

349 2045 582 2118 ἀμοιϐῆς
611 2046 697 2101 διά
732 2046 792 2098 τὺ
822 2046 1098 2117 ὑπεριδεῖν
1123 2044 1234 2097 τῶν
1260 2044 1410 2114 παρὰ
1435 2043 1529 2096 τοῦ
1568 2043 1832 2113 βασιλέως
1865 2045 2012 2098 Σοδό-

352 2151 468 2204 μων
497 2133 642 2203 αὐτῷ
671 2133 989 2203 δεδομένων.
1012 2131 1076 2184 Τί
1099 2132 1205 2201 γάρ
1228 2147 1388 2200 φησι;
1419 2132 1577 2183 Μετὰ
1598 2130 1665 2182 δὲ
1691 2131 1760 2183 τὰ
1771 2130 2012 2198 ῥήματα

349 2220 534 2274 ταῦτα
589 2219 841 2290 ἐγενήθη
883 2218 1046 2288 ῥῆμα
1101 2220 1322 2287 Κυρίου
1376 2216 1528 2286 πρὸς
1568 2219 1802 2286 Ἅϐραμ.
1856 2218 2009 2284 Τίνος

349 2307 535 2360 ἕνεκεν
554 2306 725 2370 οὓτως
753 2306 977 2377 ἤρξατο.
997 2306 1159 2361 Μετὰ
1187 2305 1254 2359 δὲ
1277 2306 1347 2360 τὰ
1367 2306 1604 2376 ῥήματα
1636 2304 1854 2370 ταῦτας
1883 2309 2011 2358 ποῖα

350 2396 590 2464 ῥήματα,
619 2394 739 2447 είπέ
774 2410 893 2462 μοι;
924 2394 957 2465 ἢ
988 2394 1146 2464 δῆλον
1173 2395 1256 2447 ὅτι
1300 2394 1443 2464 άπερ
1488 2393 1624 2463 πρὸς
1662 2392 1752 2444 τὸν
1791 2391 2014 2461 βασιλέα

348 2479 457 2534 τῶν
507 2480 755 2552 Σοδόμων
798 2481 1122 2551 ὲποιήσατο;
1154 2479 1310 2534 Μετὰ
1336 2481 1435 2552 τὴν
1464 2480 1784 2550 ὑπεροψίαν,
1826 2479 2010 2550 φησὶν,

353 2566 588 2637 εκείνην,
625 2566 760 2637 μετά
792 2568 851 2619 τὸ
879 2567 1274 2621 ἀποσείσασθαι
1297 2567 1365 2623 τὰ
1392 2567 1523 2637 παρ’
1552 2565 1716 2620 αὐτοῦ
1741 2565 2009 2633 διδόμενα,

355 2650 495 2721 μετὰ
520 2653 618 2724 τὴν
646 2653 1019 2717 διδασκαλίαν,
1063 2654 1130 2724 ἢν
1160 2652 1246 2707 διὰ
1273 2652 1372 2721 τῆς
1400 2651 1508 2704 τῶν
1539 2650 1834 2721 δεδομένων
1864 2649 2012 2719 αὐτῷ

352 2743 735 2812 παραιτήσεως
763 2743 1083 2811 ἐποιήσατο,
1118 2740 1254 2810 πρὸς
1297 2737 1605 2792 θεοσέϐειαν
1630 2737 1792 2790 αὐτὸν
1830 2753 2014 2807 χειραο

350 2828 548 2895 γωγῶν
588 2828 681 2880 καὶ
725 2827 1021 2896 ἐπίγνωσιν
1050 2826 1141 2881 τοῦ
1171 2825 1280 2880 τῶν
1307 2827 1444 2880 ὅλων
1470 2823 1822 2896 δημιουργοῦ,
1852 2823 2014 2880 Μετὰ

351 2917 421 2969 δὲ
452 2919 521 2970 τὰ
541 2915 782 2983 ῥήματα
805 2914 1016 2980 ταῦτα,
1047 2913 1184 2984 μετά
1217 2913 1278 2966 τὸ
1304 2913 1402 2982 τὴν
1436 2913 1667 2982 δεκάτην
1697 2910 1776 2982 τῷ
1806 2909 2008 2981 Μελχι-

351 3003 510 3056 σεδὲκ
557 3003 880 3073 παρασχεῖν,
921 3001 1040 3067 ὅτε,
1095 3000 1279 3071 φησὶν,
1318 2999 1534 3053 ἅπαντα
1561 2999 1628 3051 τά
1654 2998 1784 3068 παρ’
1822 2997 2012 3051 ἑαυτοῦ

350 3088 658 3160 ἐπλήρωσε,
687 3088 808 3141 τότε
837 3086 998 3141 Μετὰ
1023 3086 1094 3140 τὰ
1113 3086 1352 3155 ῥήματα
1376 3085 1561 3138 ταῦτα
1584 3083 1835 3152 ἐγενήθη
1851 3082 2015 3152 ῥῆμα

351 3177 574 3244 Κυρίου
601 3176 748 3242 πρὸς
777 3177 992 3243 Ἀϐραμ
1027 3173 1209 3242 λέγον
1239 3175 1308 3227 ἐν
1345 3173 1587 3241 ὁράματι
1624 3171 1736 3239 τῆς
1758 3172 1978 3237 νυκτός
1997 3186 2011 3199 ·

350 3264 447 3329 Μὴ
477 3261 685 3331 φοϐοῦ,
714 3262 948 3329 ’ᾼϐραμ,
986 3258 1100 3328 ἐγὼ
1128 3258 1503 3326 ὑπερασπίζω
1535 3272 1652 3311 σου
1679 3273 1690 3285 ·
1735 3261 1768 3310 ό
1793 3260 2012 3325 μισθός

350 3365 465 3402 σου
497 3347 691 3413 πολὺς
715 3348 886 3401 ἔσται
911 3345 1167 3413 σφόδρα.

418 3435 633 3507 δ’.”ορα
664 3432 1072 3505 φιλανθρωπίαν
1093 3430 1384 3495 Δεσπότου,
1407 3429 1522 3493 m7);
1544 3430 1746 3492 εὐθέως
1768 3447 2012 3500 παρακο-

349 3521 532 3577 λουθεῖ
573 3525 693 3586 ταῖς
739 3521 1082 3593 εὐεργεσίαις
1128 3518 1508 3590 ἀμειϐόμενος,
1540 3518 1635 3570 καὶ
1683 3518 1774 3570 τὸν
1821 3517 2011 3570 ἑαυτοῦ

354 3610 505 3685 [368]
537 3610 772 3682 ἀθλητὴν
809 3609 1046 3678 ἀλείφων
1083 3607 1173 3663 καὶ
1205 3605 1394 3676 νεαρὸν
1433 3604 1817 3676 ἐργαζόμενος.
1865 3605 2014 3671 Ἐγεσ-

356 3698 505 3767 νήθη
522 3697 689 3766 ρἦα
723 3695 942 3766 Κυρίου
969 3696 1038 3748 ἐν
1060 3693 1306 3762 ὁράματι
1335 3690 1441 3758 τῆς
1470 3694 1710 3756 νυκτός.
1748 3690 1846 3744 Διά
1870 3689 1920 3743 τί
1956 3692 2014 3742 ὲν

351 3785 543 3849 νυκτί;
583 3784 697 3836 Ἵνα
749 3781 865 3851 μεθ’
906 3780 1136 3851 ήσυχίας
1181 3779 1396 3848 δέξηται
1443 3779 1510 3832 τὰ
1565 3778 1850 3848 λεγόμενα.
1906 3778 2016 3831 Καί

356 3885 489 3939 φησι
522 3857 659 3938 πρὸς
689 3866 872 3930 αὐτὸν,
906 3864 1001 3933 Μὴ
1030 3865 1216 3934 φοϐοῦ
1237 3907 1250 3930 ,
1279 3865 1512 3942 Ἀϐραμ.
1550 3863 1750 3915 Σκόπει
1781 3863 2015 3933 κηδεμο-

367 3958 474 4018 θίας
507 3954 830 4025 ὑπερϐολήν.
860 3953 1015 4016 Τίνος
1045 3953 1228 4006 ἕνεκεν
1261 3950 1435 4017 ἔλεγε,
1457 3949 1559 4020 Μὴ
1587 3947 1751 4017 φοϐοῦ
1770 3966 1785 4015 ;
1803 3948 2018 4019 Ἐπειδὴ

355 4040 609 4093 τοσούτου
641 4040 871 4093 πλούτου
898 4038 1325 4108 κατεφρόνησεν,
1348 4037 1568 4089 ἔλαττον
1592 4035 1884 4105 φροντίσας
1912 4036 2019 4088 τῶν

355 4127 508 4198 παρά
541 4117 634 4180 τοῦ
673 4126 938 4196 βασιλέως
968 4125 1279 4195 διδομένων,
1309 4125 1444 4192 φησὶ⁸
1467 4123 1602 4193 πρὸς
1637 4123 1796 4175 αὐτὸν
1818 4122 2016 4187 ὁΘεδς,

361 4213 435 4283 μὴ
490 4213 752 4284 φοϐηθῇς,
810 4213 890 4264 ὅτι
943 4209 1224 4280 ὑπερεῖδες
1278 4207 1543 4262 τοσούτων
1590 4207 1828 4277 δωρεῶν,
1886 4207 2019 4277 μηδὲ

357 4301 668 4372 ἀγωνιάσῃς
720 4300 795 4362 ώς
843 4299 1236 4369 ἐλαττουμένης
1276 4314 1356 4349 σοι
1405 4297 1502 4366 τῆς
1545 4296 1876 4366 περιουσίας.
1922 4294 2017 4363 Μὴ

358 4386 565 4455 φοϐοῦ.
610 4384 741 4438 Εἶτα
791 4386 880 4439 ἵνα
926 4385 1165 4456 διεγείρη
1218 4384 1417 4455 μᾶλλον
1459 4382 1619 4436 αὐτοῦ
1670 4382 1769 4453 τὴν
1820 4383 2017 4452 ψυχὴν,

361 4473 684 4542 προστίθησι
711 4472 789 4543 τῷ
823 4473 1027 4542 ῥήματι
1055 4472 1147 4524 καὶ
1175 4473 1272 4543 τὴν
1307 4470 1696 4541 προσηγορίαν,
1723 4469 1815 4521 καί
1845 4487 1977 4540 φησι
2002 4487 2014 4499 ·

358 4558 455 4626 Μὴ
483 4560 690 4630 φοϐοῦ,
715 4560 950 4627 Ἀϐραμ.
991 4557 1068 4610 Οὐ
1103 4558 1294 4628 μικρὸν
1322 4555 1432 4628 γάρ
1459 4555 1552 4610 καὶ
1579 4554 1737 4607 τοῦτο
1761 4555 2021 4625 τυγχάνει

359 4645 496 4715 πρὸς
541 4644 602 4698 τὸ
643 4643 1021 4714 διαναστῆσαι,
1062 4642 1122 4695 τὸ
1165 4641 1263 4712 τὴν
1305 4641 1674 4713 προσηγορίαν
1723 4641 1895 4692 εἰπεῖν
1927 4639 2020 4692 τοῦ

361 4732 725 4802 καλουμένου·
798 4727 918 4783 εἶτά
988 4746 1183 4799 φησιν,
1253 4716 1401 4796 ἰτὼ
1460 4726 1808 4796 ὑπερασπιῶ
1883 4743 2019 4780 σου.

362 4819 570 4890 Πολλὴν
604 4819 713 4890 ἔχει
741 4819 834 4872 καὶ
865 4817 1002 4889 αὐτη
1035 4819 1069 4890 ή
1101 4817 1245 4881 λέξις
1278 4819 1374 4886 τὴν
1407 4815 1662 4887 ἔμφασιν.
1699 4813 1839 4882 Ἐγὼ
1864 4816 1891 4866 ὁ
1914 4814 2026 4868 ἀπδ

360 4913 468 4965 τῶν
489 4910 770 4968 Χαλδαίων
791 4927 849 4961 σε
881 4909 1210 4978 ἀναστήσας,
1240 4905 1351 4974 ἐγὼ
1375 4907 1404 4961 δ
1427 4904 1659 4961 ὲν-ταῦθά
1692 4921 1750 4956 σε
1776 4903 2018 4972 ἀγαγὼν,

361 4998 472 5069 ἐγὼ
502 5000 529 5052 ὀ
562 4997 668 5051 τῶν
703 4996 960 5050 κινδύνων
988 4995 1095 5048 τῶν
1135 4997 1194 5049 ὲν
1222 4994 1480 5066 Αἰγύπτῳ
1503 4993 1893 5064 ἐλευθερώσας,
1913 4991 2022 5058 ἐγὼ

361 5089 390 5139 ὁ
430 5089 524 5140 καὶ
554 5086 699 5148 ἆπαξ
724 5084 816 5137 καὶ
845 5082 1094 5152 δεύτερον
1129 5081 1494 5151 ὑποσχόμενός
1524 5096 1606 5134 σοι
1634 5079 1829 5151 καὶτῷ
1859 5079 2021 5150 σπέρ-

368 5175 495 5245 ματί
525 5191 616 5226 σου
647 5171 836 5225 δώσειν
860 5169 957 5241 τὴν
987 5169 1088 5238 γῆν
1119 5168 1345 5239 ταύτην,
1377 5167 1488 5236 ὲγώ
1518 5183 1611 5220 σου
1643 5167 2019 5238 ὑπερασπίζω·

365 5262 474 5329 ἐγὼ
525 5264 552 5314 ό
607 5259 728 5312 καθ’
786 5258 1020 5326 ἑκάστην
1073 5256 1285 5329 ἡμέραν
1344 5255 1801 5329 περιφανέστερον
1859 5255 2022 5305 πᾶσιν

366 5347 684 5409 ἀποδεικνύς
715 5362 794 5407 σε,
830 5343 939 5414 ἐγὼ
965 5342 1322 5413 ὑπερασπίζω
1357 5359 1448 5394 σου
1470 5357 1483 5371 ’
1541 5341 1684 5394 τοῦτ’
1713 5339 1879 5402 ἐστιν,
1914 5337 2024 5407 ἐγὼ

368 5433 862 5505 ὐπεραγωνίζομαι,
904 5429 1013 5498 ἐγὼ
1067 5429 1383 5500 ὑπέρμαχος
1415 5429 1654 5497 γίνομαι,
1701 5426 1810 5495 ἐγὼ
1861 5443 2025 5497 φρον-

367 5522 518 5586 τίζω,
567 5519 675 5587 ἐγὼ
721 5522 898 5573 πάντα
939 5519 1008 5571 τά
1055 5518 1291 5588 δυσχερῆ
1339 5514 1533 5567 εῦκολά
1583 5533 1662 5567 σοι
1710 5515 2020 5584 καθίστημι,

367 5609 475 5676 ἐγὼ
513 5607 869 5678 ὐπερασπίζω
919 5623 1032 5660 σου.
1092 5606 1147 5656 '0
1198 5604 1412 5673 μισθός
1452 5618 1566 5655 σου
1621 5602 1812 5666 πολὺς
1857 5603 2023 5656 ἔσται

436 5755 450 5772 ⁸
476 5753 627 5805 δάκῃ.
668 5752 798 5801 addit
844 5754 1068 5809 δηλῶσαι.
1098 5753 1213 5803 Cum
1238 5749 1401 5799 Monlf.
1433 5749 1676 5800 consentit
1702 5747 1848 5800 Cois].
1887 5749 2019 5797 Enn.

1139 373 1197 424 S.
1234 370 1519 425 JOA’NMS
1555 365 2034 424 CHRYSOSTOM‘I
2078 365 2391 422 AllCllllCP.
2436 361 2979 420 CONSTANTINOP.

3673 349 3786 413 558

2109 483 2360 551 σφόδρα.
2403 481 2516 533 Οὐκ
2560 477 2863 547 ἠϐουλήθης
2911 474 3099 546 μισθὸν
3132 475 3317 527 λαϐεῖν
3359 475 3498 545 ὑπὲρ
3532 474 3639 526 τῶν
3675 489 3781 526 κα-

2111 572 2317 642 μάτων,
2355 558 2428 623 ὧν
2458 569 2753 637 ὑπέμεινας
2780 565 3053 627 τοσούτοις
3079 563 3344 626 κινδύινις
3376 563 3567 614 ἑαυτὸν
3602 578 3778 630 παρα-

2110 655 2306 721 ϐαλὼν,
2335 657 2446 710 ἀλλ’
2485 653 2760 724 ὑπερεῖδες
2795 654 2888 704 καὶ
2931 651 3026 703 τοῦ
3060 648 3349 721 βασιλέως,
3384 649 3474 701 καὶ
3506 648 3613 700 τῶν
3644 645 3779 717 παρ’

2109 747 2275 800 αὑτοῦ
2309 763 2389 799 σοι
2419 745 2735 814 δεδομένων.
2777 741 2920 808 Ἐγώ
2946 758 3028 792 σοι
3059 738 3282 807 παρέξω
3328 737 3419 790 τὸν
3463 735 3674 806 μισθὸν,
3716 737 3782 788 οὗ

2107 835 2360 888 τοσοῦτον
2388 834 2510 886 ὅσον
2553 830 2850 901 λαμϐάνειν
2880 824 3125 896 ἔμελλες,
3157 826 3293 880 ἀλλά
3328 825 3495 878 πολὺν
3526 826 3622 876 καὶ
3649 821 3785 891 σφό⁴

2106 920 2207 991 δρα
2239 921 2436 973 πολύν’
2498 921 2551 971 Ὁ
2586 919 2804 988 μισθός
2847 930 2963 967 σου
2998 913 3127 982 γάρ,
3173 913 3340 982 φησι,
3373 911 3563 977 πολὺς
3609 911 3782 964 ἔσται

2108 1007 2362 1076 σφόδρα,
2422 1003 2575 1069 Εἶδες
2621 1002 2929 1073 φιλοτιμίαν
2974 999 3280 1065 Δεσπότου;
3322 994 3461 1061 εἶδες
3512 996 3786 1068 ῥημάτων

2109 1095 2308 1162 δγκονς
2361 1089 2498 1156 εἶδες
2534 1093 2651 1154 πῶς
2683 1091 3000 1161 διανέστησε
3033 1087 3124 1141 τὸν
3155 1088 3255 1157 τῆς
3300 1086 3585 1147 εὐσεϐείας
3623 1084 3788 1154 ἀθλη-

2107 1185 2240 1254 τήν;
2273 1179 2412 1246 εἶδες
2447 1182 2563 1245 πῶς
2587 1180 2750 1234 αὐτοῦ
2783 1180 2879 1250 τὴν
2905 1179 3084 1250 ψυχὴν
3112 1177 3452 1248 ένεύρωσενς
3483 1177 3542 1230 '0
3575 1177 3686 1247 γάρ
3712 1175 3787 1230 τὰ

2109 1271 2399 1342 ἀπόρρητα
2433 1269 2530 1338 τῆς
2555 1267 2792 1331 διανοίας
2819 1266 3180 1336 ἐπιστάμενος
3208 1264 3326 1334 ᾔδει
3368 1265 3449 1316 ὅτι
3495 1263 3731 1334 ἔχρῃζεν
3753 1264 3786 1317 ὁ

2108 1355 2314 1420 δίκαιος
2355 1356 2455 1425 τῆς
2484 1355 2591 1408 ἀπὺ
2618 1353 2726 1406 τῶν
2760 1352 3022 1423 ῥημάτων
3066 1351 3499 1421 παρακλήσεωςο
3531 1352 3631 1420 ὅρα
3672 1348 3785 1420 γὰρ

2107 1443 2161 1496 τί
2189 1459 2373 1511 φησιν,
2422 1440 2607 1503 ἐπειδὴ
2645 1439 2953 1512 παρρησίαν
3011 1437 3170 1490 ἔλαϐε
3211 1438 3298 1490 διά
3334 1437 3445 1489 τῶν
3497 1436 3784 1508 ῥημάτων.

2103 1525 2249 1582 Εἷπε
2285 1528 2353 1580 δὲ
2373 1529 2616 1596 Ἀϐραμ·
2659 1525 2932 1579 Δέσποτα
2947 1526 2998 1587 ι’,
3042 1525 3098 1578 τί
3136 1541 3237 1592 μοι
3269 1523 3522 1589 δώσειςς
3555 1521 3673 1591 ἐγὼ
3717 1521 3787 1574 δὲ

2108 1616 2442 1684 ἀπολύομαι
2471 1615 2737 1679 ἄτεκνος.
2757 1611 2974 1682 Ἐπειδὴ
2997 1611 3186 1682 μισθὸν
3214 1611 3363 1679 αὐτῷ
3393 1609 3786 1678 ἐπηγγείλατο,

2109 1699 2202 1751 καὶ
2231 1699 2398 1750 πολὺν
2455 1697 2644 1767 μισθὸν
2677 1697 2770 1748 καὶ
2803 1695 3008 1766 σφόδρα
3042 1693 3232 1755 πολύν,
3276 1693 3555 1762 ἐμφαίνων
3590 1688 3785 1744 ἑαυτοῦ

2106 1770 2206 1857 τῆς
2256 1787 2433 1857 ψυχῆς
2466 1785 2563 1856 τὴν
2592 1785 2804 1856 ὀδύνην,
2839 1783 2931 1836 καὶ
2973 1781 3073 1854 τὴν
3115 1784 3172 1835 ὲν
3213 1782 3452 1851 διηνεκεῖ
3482 1779 3559 1850 τῷ
3605 1779 3789 1848 χρόνῳ

2110 1875 2464 1946 ὲγγινομένην
2502 1871 2652 1942 αὐτῷ
2695 1870 2937 1942 ἀθυμίαν
2963 1871 3061 1940 τῆς
3091 1869 3350 1932 ἀπαιδίας
3377 1869 3583 1931 ἕνεκεν,
3613 1866 3784 1936 φησί·

2110 1963 2377 2022 Δέσποτα.
2435 1960 2488 2013 τί
2514 1959 2756 2014 τοιοῦτόν
2796 1975 2888 2029 μοι
2916 1956 3142 2022 δώσεις;
3189 1957 3320 2010 Ἰδοὺ
3348 1957 3456 2026 γὰρ
3485 1954 3673 2008 λοιπύν
3707 1954 3791 2020 είς

2107 2051 2286 2121 γῆρας
2317 2050 2539 2120 ἔσχατον
2572 2046 2812 2101 ἐλαύνων
2841 2045 3067 2109 ἄτεκνος
3099 2043 3429 2114 ἀπολύομαι,

2181 2138 2322 2208 Ὅρα
2358 2135 2473 2199 πῶς
2503 2137 2566 2188 ὲκ
2601 2131 2900 2205 προοιμίων
2925 2134 2952 2185 ό
2974 2131 3180 2194 δίκαιος
3212 2131 3547 2199 ἐφιλοσόφει,
3583 2131 3790 2185 ἀπόλυο

2110 2241 2194 2277 σιν
2211 2223 2393 2277 καλῶν
2416 2222 2513 2294 τήν
2547 2220 2792 2274 ἐντεῦθεν
2820 2219 3017 2283 ἔξοδον.
3051 2220 3115 2272 Οί
3161 2220 3270 2289 γὰρ
3328 2217 3466 2288 μετὰ
3498 2217 3790 2289 ἀκριϐείας

2107 2313 2206 2383 τὴν
2235 2309 2434 2381 ἀρετὴν
2470 2309 2764 2379 μετιόντες,
2792 2305 3012 2361 ἐπειδὰν
3040 2306 3138 2375 τῆς
3171 2303 3421 2358 ἐντεῦθεν
3447 2305 3595 2374 ζωῆς
3625 2322 3790 2374 μετα-

2112 2400 2326 2464 στῶσιν,
2353 2399 2568 2470 ἀληθῶς
2593 2397 2780 2467 ὥσπερ
2800 2395 3126 2449 ἀπολύονται
3157 2394 3262 2446 τῶν
3289 2392 3536 2458 ἀγώνων,
3561 2395 3656 2445 καὶ
3680 2392 3791 2446 τῶν

2107 2488 2318 2559 δεσμῶν
2349 2488 2603 2540 ἀνίενται.
2635 2487 2744 2538 Καὶ
2775 2485 2884 2556 γάρ
2918 2483 3245 2554 μετάστασίς
3275 2483 3360 2545 τίς
3381 2483 3497 2534 ἐστι
3523 2483 3636 2543 τοῖς
3666 2481 3786 2533 ένα-

2113 2575 2283 2646 ρέτως
2312 2572 2514 2645 βιοῦσιν
2540 2565 2648 2624 ἀπὸ
2673 2571 2781 2624 τῶν
2813 2570 3072 2642 χειρόνων
3097 2571 3188 2623 ἐπὶ
3213 2569 3280 2622 τὰ
3306 2568 3523 2638 βελτίω,
3551 2567 3662 2619 ἀπὸ
3688 2566 3790 2636 τῆς

2111 2657 2445 2733 προσκαίρου
2476 2659 2620 2728 ζωῆς
2656 2658 2748 2710 ἐπὶ
2769 2657 2868 2728 τὴν
2892 2657 3116 2728 διηνεκῆ
3151 2657 3246 2710 καὶ
3279 2656 3546 2710 ἀθάνατον
3567 2655 3661 2707 καὶ
3691 2653 3790 2707 1d-

2111 2765 2210 2820 ρας
2241 2748 2340 2800 οὐκ
2368 2746 2614 2817 ἔχουσαν.
2653 2744 2802 2814 Ἐγὼ
2821 2743 2910 2809 δὲ,
2935 2743 3119 2815 φησὶν,
3145 2745 3484 2812 ἀπολύομαι
3513 2742 3787 2808 ἄτεκνος.

2109 2835 2220 2888 Καὶ
2256 2834 2341 2887 ἴνα
2372 2835 2462 2886 τὸν
2494 2831 2871 2901 εὐσπλαγχνον
2913 2831 3186 2900 Δεσπότην
3214 2829 3584 2898 ἐπισπάσηται
3604 2867 3618 2890 ,
3663 2825 3789 2879 οὐδὲ

2113 2921 2270 2993 μέχρι
2300 2921 2504 2974 τούτων
2546 2921 2698 2990 ἔστη,
2729 2919 2864 2972 ἀλλά
2890 2920 2941 2972 τί
2985 2935 3184 2986 φησιν;
3228 2918 3290 2968 ’0
3320 2915 3389 2968 δὲ
3437 2916 3568 2980 υίὸς
3594 2910 3789 2973 LIan

2107 3007 2218 3075 τῆς
2253 3006 2598 3077 οικογενοῦς
2642 3023 2780 3074 μου,
2827 3003 3035 3071 ἐπειδὴ
3085 3005 3196 3057 οὐκ
3228 3001 3378 3073 [369]
3431 2999 3660 3065 ἔδωκάς
3684 3015 3789 3068 μοι

2110 3096 2366 3164 σπέρμα,
2396 3090 2574 3158 οὗτος
2596 3091 3058 3161 κληρονομήσει.
3091 3088 3294 3159 Πολλὴν
3320 3088 3568 3141 ἐπίτασιν
3592 3087 3786 3156 ὀδύνης

2110 3179 2207 3250 τῆς
2246 3182 2302 3232 ἐν
2330 3182 2396 3250 τῇ
2426 3179 2571 3249 ψυχῇ
2600 3177 2854 3248 ἐμφαίνει
2912 3177 3065 3230 ταυτὶ
3113 3175 3182 3228 τὰ
3217 3176 3457 3246 ῥήματα.
3487 3172 3785 3244 Μονονουχὶ

2111 3266 2217 3336 γάρ
2245 3283 2375 3334 φησι
2399 3265 2536 3335 πρὸς
2565 3264 2653 3316 τὸν
2682 3263 2813 3316 Θεόν
2837 3280 2850 3293 ο
2882 3262 3002 3316 οὐδὲ
3028 3261 3136 3315 τῶν
3163 3261 3341 3315 αὐτῶν
3371 3260 3627 3330 ἠξιώθην,
3655 3252 3732 3314 ὧν
3758 3258 3784 3311 δ

2110 3353 2407 3422 οἰκογενὴς,
2431 3352 2546 3405 ἀλλ’
2568 3351 2680 3420 ἐγὼ
2704 3352 2802 3422 μὲν
2818 3352 3010 3419 ἄγονος
3031 3350 3123 3404 καὶ
3143 3350 3365 3412 ἄτεκνος
3386 3349 3790 3418 ἀπελεύσομαι.-

2110 3433 2261 3502 οὗτος
2290 3439 2345 3491 δὲ
2374 3441 2401 3492 ὁ
2423 3439 2704 3510 οἰκογενής
2722 3445 2832 3509 ’μου
2863 3435 3350 3508 κληρονομήσειτά
3387 3435 3539 3506 παρά
3567 3434 3663 3487 σοῦ
3694 3450 3787 3504 μοι

2109 3524 2441 3594 δωρηθέντα,
2477 3525 2758 3578 καὶταῦτα
2795 3523 2942 3588 ἆπαξ
2962 3523 3056 3576 καὶ
3078 3521 3329 3593 δεύτερον
3351 3521 3642 3590 ὐπὸσχεσίν
3681 3536 3784 3590 μου

2110 3608 2402 3682 δεξαμένου
2433 3611 2584 3681 παρά
2619 3611 2730 3675 σοῦ,
2764 3612 2846 3664 ὅτι
2884 3610 2966 3675 Τῷ
2999 3609 3298 3678 σπέρματί
3330 3622 3447 3662 σου
3471 3607 3644 3661 δώσω
3673 3608 3787 3677 τὴν

2113 3697 2230 3768 γῆν
2260 3700 2500 3765 ταύτην.
2540 3698 2735 3751 Σκόπει
2774 3715 2862 3768 μοι
2909 3697 3000 3751 καὶ
3035 3695 3281 3750 ἐντεῦθεν
3309 3695 3403 3747 τοῦ
3432 3694 3643 3748 δικαίου
3680 3691 3786 3768 ’τήν

2113 3784 2333 3857 ἀρετὴν,
2364 3786 2444 3838 ὃτι
2473 3785 2565 3838 καὶ
2602 3784 2726 3846 τούς
2764 3784 3052 3852 λογισμοὺς
3100 3781 3323 3844 τούτους
3355 3782 3602 3850 στρέφων
3635 3783 3786 3858 ἐν,τῇ

2112 3869 2319 3940 διανοίᾳ
2346 3870 2597 3922 οὐδέποτε
2627 3869 3002 3939 ἐδυσχέρανεν,
3051 3867 3305 3920 οὐδέποτε
3342 3865 3476 3937 βαρύ
3509 3884 3561 3919 τι
3581 3864 3783 3937 ’ἐφθέγ-

2117 3956 2275 4020 ξατοο
2307 3955 2440 4009 ἀλλὰ
2476 3955 2571 4008 καὶ
2601 3953 2697 4008 νῦν
2721 3953 3054 4024 προτραπεὶς
3097 3952 3160 4004 ὲκ
3194 3951 3301 4005 τῶν
3333 3952 3469 4023 πρὸς
3503 3952 3666 4005 αὐτὸν
3693 3955 3781 4024 ρη-

2121 4042 2324 4112 μάτων,
2355 4040 2788 4112 παρρησιάζεται
2819 4039 2957 4109 πρὸς
2988 4037 3080 4089 τὸν
3102 4039 3400 4107 Δεσπότην,
3441 4039 3536 4089 καὶ
3568 4038 3676 4091 τῶν
3709 4039 3795 4092 εν-

2116 4127 2266 4181 δοθεν
2316 4127 2589 4197 λογισμῶν
2643 4125 2737 4196 τὴν
2767 4123 3010 4196 ταραχὴν
3035 4124 3334 4193 κατάδηλον
3370 4126 3531 4185 ποιεῖ,
3561 4126 3656 4178 καὶ
3681 4124 3794 4178 δεί-

2117 4231 2275 4269 κνυσι
2303 4215 2400 4285 τῆς
2424 4213 2599 4284 ψυχῆς
2649 4211 2810 4265 αὐτοῦ
2838 4212 2899 4264 τὸ
2919 4210 3076 4274 ἒλκος
3095 4226 3108 4240 ·
3156 4209 3222 4262 δι’
3254 4210 3282 4262 ὃ
3315 4211 3407 4262 καὶ
3447 4213 3669 4280 ταχεῖαν
3693 4212 3796 4283 τὴν

2122 4301 2362 4372 ἰατρείαν
2391 4301 2626 4366 ἐδέξατο.
2656 4301 2767 4352 Καὶ
2790 4297 3011 4363 εὐθέως,
3039 4298 3191 4367 φησὶ,
3235 4297 3387 4367 φωνὴ
3412 4297 3546 4350 Θεοῦ
3578 4298 3797 4366 ἐγένετο

2119 4387 2254 4457 πρὸς
2280 4386 2463 4441 αὐτόν.
2485 4387 2627 4459 Ὅρα
2646 4386 2746 4455 τῆς
2762 4383 2986 4456 Γραφῆς
3007 4385 3105 4453 τὴν
3129 4384 3530 4454 παρατήρησιν.
3550 4383 3790 4447 Εὐθέως,

2117 4474 2302 4544 φησίν.
2339 4475 2413 4528 Ού
2442 4473 2819 4544 συνεχώρησεν
2853 4471 2973 4524 οὐδὲ
3022 4470 3213 4542 μικρὸν
3238 4471 3564 4539 δυσχερᾶναι
3587 4471 3678 4524 τὸν
3715 4471 3797 4525 δί-

2118 4578 2293 4626 καιον,
2328 4560 2465 4614 ἀλλά
2517 4561 2738 4629 ταχεῖαν
2775 4557 2982 4626 εἰσάγει
3014 4557 3110 4627 τὴν
3167 4555 3540 4627 παραμυθίαν,
3571 4558 3666 4610 καὶ
3694 4558 3797 4630 τῆς

2120 4647 2296 4717 λύπης
2327 4646 2387 4698 τὸ
2419 4644 2645 4716 μέγεθος
2675 4642 3015 4706 διασκεδάζει
3066 4642 3153 4696 διά
3187 4643 3294 4695 τῶν
3330 4643 3465 4712 πρὸς
3499 4643 3662 4696 αὐτὸν
3693 4646 3793 4715 ρης

2124 4736 2326 4804 μάτων.
2364 4733 2473 4788 Kal
2496 4733 2696 4797 εὐθὺς,
2749 4732 2903 4802 φησὶ,
2963 4730 3132 4800 φωνὴ
3177 4731 3323 4785 Θεοῦ
3375 4731 3622 4800 ἐγένετοτ
3645 4732 3786 4799 πρὸς

2119 4820 2306 4875 αὑτὸν
2331 4819 2599 4888 λέγουσα
2623 4835 2636 4849 ⁸
2664 4821 2746 4872 Οὐ
2777 4816 3220 4886 κληρονομήσει
3245 4831 3320 4869 σε
3339 4813 3538 4882 οὗτος,
3563 4818 3702 4871 ἀλλ’
3727 4817 3787 4885 ὃς

2119 4907 2500 4971 ἐξελεύσεται
2539 4906 2608 4958 ἐκ
2637 4904 2774 4968 σοῦ,
2803 4900 2980 4968 οὗτος
3010 4902 3455 4971 κληρονομήσει
3483 4918 3578 4959 σε.
3600 4901 3794 4963 Τοῦτο,

2122 4995 2272 5065 φησὶ,
2296 4993 2538 5055 δέδοικας
2559 5033 2574 5058 ,
2598 4991 2759 5044 τοῦτό
2789 5007 2883 5042 σου
2913 4990 3004 5042 τὸν
3027 4989 3286 5059 λογισμὸν
3316 4989 3572 5060 ταράττει
3594 5030 3610 5053 ,
3638 4989 3794 5042 τοῦτο

2125 5098 2214 5134 σου
2263 5079 2360 5151 τὴν
2416 5079 2653 5149 ἀθυμίαν
2701 5076 2995 5142 ὲπιτείνει;
3051 5077 3304 5130 Μάνθανε
3338 5077 3517 5129 τοίνυν
3567 5077 3649 5129 ὅτι
3708 5069 3790 5129 Οὺ

2123 5165 2563 5237 κληρονομήσει
2618 5180 2691 5217 σε
2721 5159 2896 5230 οὗτος
2923 5179 2935 5192 ·
2980 5164 3117 5217 ἀλλ’
3164 5163 3231 5229 ὃς
3279 5163 3664 5226 ἐξελεύσεται
3723 5163 3791 5214 ἐκ

2123 5256 2259 5318 σοῦ,
2294 5251 2471 5318 οὗτος
2493 5253 2936 5323 κληρονομήσει
2970 5269 3063 5306 σε.
3095 5253 3186 5321 Μὴ
3212 5252 3347 5321 πρὸς
3374 5251 3471 5320 τὴν
3502 5250 3664 5319 φύσιν
3687 5250 3793 5304 τοί-

2123 5360 2216 5394 νυν
2247 5343 2360 5412 ίδῃς
2385 5341 2480 5410 τὴν
2514 5338 2874 5410 ἀνθρωπίνην,
2920 5336 3054 5409 μηδὲ
3080 5337 3139 5389 τὸ
3183 5337 3354 5407 γῆρας
3397 5335 3565 5389 ἐννόει
3589 5336 3650 5388 τὸ
3679 5336 3786 5389 σὺν.

2127 5431 2262 5501 μήτε
2295 5430 2392 5498 τῆς
2421 5428 2599 5498 Σάρας
2644 5427 2743 5495 τὴν
2783 5426 3101 5496 στείρωσιν·
3133 5424 3269 5476 ἀλλά
3302 5426 3367 5494 τῇ
3397 5422 3625 5493 δυνάμει
3659 5418 3791 5492 ἐμοῦ

2122 5511 2216 5564 τοῦ
2244 5510 2710 5579 ἐπαγγειλαμένου
2763 5506 3055 5570 πεποιθὼς,
3088 5507 3188 5576 τῆς
3237 5507 3335 5576 μὲν
3368 5505 3604 5575 ἀθυμίας
3637 5507 3794 5568 ἐκτὸς

2125 5599 2294 5668 γίνου,
2331 5598 2486 5669 δέχου
2521 5598 2576 5650 δὲ
2609 5598 2701 5649 καὶ
2733 5597 2919 5661 ἱκανὴν
2945 5596 3043 5666 τὴν
3073 5595 3438 5665 παράκλησιν,
3489 5595 3582 5646 καὶ
3611 5595 3792 5646 πεῖσον

2185 5695 2214 5734 b
2240 5695 2293 5742 ῐιι
2339 5695 2406 5744 0'
2442 5695 2623 5756 legitur
2665 5694 2882 5742 Δέσποτα
2920 5691 3088 5752 Κύριε,
3129 5690 3254 5739 Hebl
3314 5689 3433 5742 ΠῚΓΡ
3475 5691 3614 5746 ’.ΠΜ
3656 5689 3786 5751 vulg.

2135 5757 2329 5807 Domine
2362 5757 2501 5806 Deus.
