4054 6324
266 285 344 341 35⁸1

263 401 393 454 etiam
431 413 536 466 qua:
583 397 774 450 fiebant
808 393 1000 446 Christi
1043 402 1195 462 typus
1239 401 1412 455 erant,
1445 399 1497 442 et
1543 390 1651 456 ipsa
1699 386 1793 440 ob-

261 494 340 542 lata
373 482 657 558 mysterium
695 485 958 555 quoddam
994 482 1377 553 prmsignabaut
1402 500 1411 532 :
1436 481 1656 548 ideoque
1691 495 1797 532 non

258 579 419 638 renuit,
446 590 592 647 atque
611 588 665 630 ut
685 576 910 645 accepit,
942 575 1172 629 vicissim
1204 573 1350 626 illmn
1383 570 1794 629 remunerando,

256 671 445 721 docebat
488 669 689 720 virtutis
727 685 836 720 sua:
879 665 1313 735 magnitudinem.
1371 662 1612 715 Decimas
1653 661 1793 712 enim

253 760 292 812 ci
317 757 482 820 dedit,
524 758 683 811 etiam
731 757 828 810 hac
867 757 1070 809 ratione
1102 755 1242 824 piam
1272 769 1420 806 suam
1460 761 1688 805 mentem
1720 752 1793 801 si-

252 850 495 915 gnificans.
544 848 790 902 Fortasse
833 847 1037 915 longius
1078 845 1314 900 excurrit
1352 844 1525 896 oratio
1570 850 1791 904 nostra;

251 938 372 1004 atqui
399 953 497 990 non
519 939 632 990 sine
660 952 818 991 causa
847 951 1016 1005 neque
1049 935 1262 988 frustra.
1318 933 1504 987 Paucis
1535 933 1676 986 enim
1710 932 1792 985 di-

247 1027 444 1079 dicimus
468 1026 532 1079 ab
560 1027 708 1079 initio
725 1041 889 1094 usque
919 1025 982 1078 ad
1009 1024 1318 1078 hodiernam
1343 1024 1648 1082 lectionem,
1683 1037 1798 1086 «tua:

246 1113 380 1168 fuerit
403 1115 525 1183 justi
556 1116 710 1182 hujus
741 1114 991 1167 fortitudo
1011 1155 1026 1180 ,
1060 1114 1495 1182 magnanimitas,
1531 1113 1799 1166 excellens

247 1206 376 1272 tidcs,
412 1222 558 1261 mens
586 1206 802 1274 optimis
833 1205 1067 1257 moribus
1098 1204 1337 1273 pnndita,
1372 1204 1590 1271 insignis
1613 1204 1800 1256 mode-

240 1297 343 1356 stia,
371 1296 690 1347 admirabilis
717 1295 1022 1348 divitiarum
1051 1286 1387 1361 contemptus
1413 1333 1426 1354 ,
1453 1292 1646 1344 divine
1677 1308 1799 1359 erga

240 1400 347 1440 eum
369 1385 747 1439 benevolentia:
775 1393 1026 1454 perpetua
1057 1385 1417 1451 providentia;
1448 1393 1626 1450 etquo
1653 1393 1804 1449 parto

237 1474 452 1527 divinum
503 1476 601 1541 ipsi
653 1475 874 1544 singulis
929 1474 1254 1543 temporibus
1304 1475 1578 1541 prazbitum
1621 1483 1802 1540 patro-

237 1565 446 1630 cinium,
492 1565 730 1634 quotidie
757 1566 1035 1618 clariorem
1072 1579 1192 1616 cum
1222 1574 1275 1618 et
1315 1565 1655 1618 illustriorem
1687 1566 1805 1616 red-

235 1656 369 1709 didit.
416 1656 566 1708 Nunc
595 1665 769 1709 autem
799 1656 842 1709 si
870 1656 1140 1709 volueritis
1162 1697 1174 1717 ,
1204 1664 1257 1709 et
1285 1670 1388 1708 non
1420 1654 1800 1724 defatigetnini,

234 1747 292 1800 ad
317 1764 372 1801 ea
402 1764 517 1816 qua:
551 1763 735 1800 recens
775 1748 904 1800 lecta
946 1756 1069 1799 sunt
1111 1746 1426 1800 accedamus
1459 1786 1473 1809 ,
1527 1757 1579 1798 et
1624 1747 1805 1814 paucis

235 1839 532 1906 quibusdam
565 1839 876 1906 propositis,
906 1837 1246 1890 absolvamus
1275 1852 1610 1898 sermonem;
1644 1847 1698 1887 ut
1725 1836 1806 1887 di-

233 1928 378 1979 seatis
405 1938 600 1995 quanta
635 1928 811 1980 denuo
837 1927 884 1980 ei
913 1925 1236 1995 rependatur
1267 1941 1474 1980 merces
1500 1967 1512 1988 ,
1556 1941 1621 1980 eo
1667 1925 1805 1994 quod

232 2017 601 2084 Culllelnpst‘ril
642 2016 779 2070 dena
831 2015 931 2069 sibi
976 2031 1006 2068 a
1043 2015 1396 2070 Sodomorum
1446 2012 1568 2084 iege
1610 2017 1805 2070 oblata.

231 2105 355 2171 Quid
401 2105 545 2159 enim
593 2104 807 2174 inquit?
863 2107 911 2158 Ι.
949 2103 1071 2158 Post
1110 2106 1216 2158 haec
1245 2115 1414 2156 autem
1439 2106 1586 2158 verba
1617 2109 1809 2174 [artant

231 2207 296 2249 est
319 2197 517 2251 verbum
546 2197 751 2250 Domini
777 2197 844 2249 ad
876 2196 1239 2267 Abram‘(cap.
1269 2194 1378 2268 15).
1432 2195 1604 2264 Quare
1627 2197 1703 2249 sic
1730 2199 1811 2248 in-

230 2289 368 2357 cipit,
402 2288 526 2341 I’ost
557 2289 663 2341 [nec
687 2298 854 2340 autent
882 2286 1068 2341 verba?
1089 2303 1205 2354 qua:
1231 2285 1410 2351 verba,
1430 2287 1656 2354 quzeso'.’
1686 2301 1810 2339 num

232 2378 422 2433 iudicat
465 2380 627 2433 verba
671 2394 789 2447 qua:
838 2394 963 2432 cum
1008 2377 1532 2447 Sodomorum‘rege
1582 2377 1809 2430 habuit?

231 2470 350 2524 Post
393 2480 759 2538 contemptum
802 2470 984 2532 illum,
1029 2469 1227 2537 inquit,
1272 2477 1548 2536 postquam
1586 2482 1649 2521 ca
1695 2481 1811 2535 quas

231 2559 413 2614 abillo
455 2560 628 2612 oblata
673 2569 796 2612 sunt
843 2559 1074 2627 repulit,
1135 2567 1252 2625 post
1295 2557 1594 2610 doctrinam
1644 2557 1809 2621 illam,

230 2664 383 2716 quam
420 2650 635 2716 rejectis
665 2649 816 2702 donis
843 2649 1202 2718 pronuntiavit
1226 2690 1240 2711 ,
1276 2659 1330 2700 ut
1361 2648 1538 2717 pietati
1569 2659 1622 2702 et
1659 2648 1810 2716 agni-

231 2739 356 2792 tioni
399 2738 704 2793 Conditoris
746 2742 984 2794 omnium
1027 2741 1174 2793 illum
1214 2740 1484 2804 initiaret,
1541 2740 1659 2793 Post
1706 2740 1814 2792 Ita'c

228 2838 390 2881 autem
416 2829 566 2881 verba
587 2870 600 2890 ,
647 2840 926 2898 postquam
959 2829 1195 2883 decimas
1221 2829 1573 2884 Melehisedee
1603 2831 1812 2895 obtulit,

231 2920 435 2988 quando
461 2961 476 2984 ,
524 2921 730 2987 inquit,
773 2921 949 2972 omnia
997 2936 1114 2987 qua:
1158 2936 1221 2974 ex
1255 2935 1312 2972 se
1356 2931 1510 2973 erant
1554 2921 1812 2989 implevit,

232 3017 352 3062 tunc
399 3008 528 3061 Post
574 3008 680 3060 Ita'c
728 3012 873 3061 verba
905 3008 1093 3074 factum
1139 3018 1209 3061 est
1256 3009 1454 3061 verbum
1501 3008 1707 3060 Domini
1750 3010 1816 3060 ad

228 3099 414 3151 Abram
442 3099 492 3149 in
521 3098 707 3150 visione
732 3099 888 3150 noctis
918 3098 1013 3168 (a),
1043 3099 1211 3150 dicens
1241 3113 1258 3149 :
1289 3097 1370 3150 Ne
1391 3098 1584 3164 timeas,
1606 3098 1812 3166 Abram,

227 3207 316 3260 ego
344 3200 552 3259 protcgo
581 3199 668 3252 te;
704 3206 886 3241 merces
907 3199 994 3241 tua
1026 3189 1183 3241 multa
1204 3189 1347 3242 valde
1377 3191 1489 3242 erit.

300 3282 349 3335 4.
389 3280 521 3333 Vide
566 3279 943 3348 benignitatem
976 3279 1180 3332 Domini
1207 3321 1220 3343 ,
1252 3280 1520 3348 quomodo
1548 3280 1728 3333 statim
1766 3289 1820 3334 et

228 3385 259 3424 e
285 3371 508 3439 vestigio
551 3383 782 3435 sequens
804 3408 817 3429 ,
868 3369 1139 3422 beneficiis
1169 3384 1324 3422 suum
1356 3369 1611 3424 athletam
1641 3386 1818 3424 remu-

229 3469 448 3514 neratur
474 3500 487 3522 ,
516 3468 571 3512 et
596 3459 661 3511 ad
696 3460 945 3512 ulteriora
981 3460 1273 3513 certamina
1305 3461 1497 3515 iterum
1524 3463 1816 3527 instruens,

232 3551 421 3621 vigore
464 3567 602 3605 novo
643 3552 878 3605 roborat.
933 3551 1149 3605 Factum
1183 3564 1252 3607 est
1291 3554 1492 3606 verbum
1520 3552 1728 3607 Domini
1768 3556 1820 3607 in

229 3643 421 3694 visione
451 3643 627 3695 noctis.
657 3643 832 3709 Quare
862 3641 912 3694 itt
943 3644 1140 3697 nocte?
1172 3642 1238 3697 Ut
1262 3645 1311 3696 in
1342 3644 1553 3697 silentio
1573 3652 1627 3698 et
1646 3644 1824 3713 quiete

229 3734 424 3787 melius
450 3749 570 3801 quze
599 3733 846 3786 dicantur
870 3733 1113 3801 accipiat.
1150 3735 1214 3786 Et
1242 3733 1368 3788 dicit
1389 3736 1436 3786 ei
1473 3733 1595 3787 :.Ne
1623 3737 1820 3802 timcas,

232 3824 444 3877 Abram.
490 3822 720 3875 Attende
764 3823 1079 3876 immensam
1113 3823 1200 3876 Dei
1232 3839 1433 3877 curam.
1465 3824 1639 3892 Quare
1667 3826 1822 3890 dixit,

236 3911 319 3965 Ne
348 3912 562 3964 timeas?
584 3912 716 3977 Quia
749 3921 921 3965 lamas
943 3926 1071 3980 opes
1093 3922 1506 3981 contempserat,
1544 3929 1645 3968 non
1673 3929 1828 3968 cura-

234 4005 302 4057 tis
325 4003 488 4083 rcgiis
515 4002 669 4055 donis
696 4018 712 4056 :
739 4002 839 4055 hoc
866 4011 966 4066 est,
1000 4002 1075 4056 Ne
1107 4003 1313 4065 timeas,
1348 4003 1487 4072 quod
1517 4003 1828 4073 deSpexcris

235 4108 383 4151 tanta
412 4097 548 4148 dona
574 4135 589 4159 ,
637 4110 807 4164 neque
833 4094 1021 4148 anxius
1041 4096 1114 4148 sis
1142 4096 1291 4164 quasi
1322 4096 1557 4150 minores
1585 4097 1704 4149 inde
1737 4097 1826 4150 tibi

233 4189 344 4241 sint
386 4185 684 4239 facultates.
719 4183 798 4238 Ne
825 4187 1021 4238 timeas.
1074 4185 1274 4239 Deinde
1304 4196 1359 4239 ut
1393 4185 1630 4240 animum
1661 4187 1828 4256 magis

233 4277 462 4339 excitet,
488 4275 680 4342 adjecit
703 4274 868 4328 verbo
893 4282 947 4327 et
974 4276 1402 4345 appellationem,
1431 4287 1483 4329 et
1508 4275 1670 4344 inquit
1707 4294 1718 4328 :
1749 4276 1832 4330 Ne

235 4371 444 4432 timeas,
470 4365 677 4417 Abram.
709 4364 820 4418 NOII
847 4365 988 4417 enim
1013 4380 1193 4432 parum
1216 4364 1278 4418 ad
1300 4365 1829 4434 expergefaciendum

237 4456 370 4510 facit
394 4497 407 4519 ,
439 4471 559 4508 euttt
586 4456 888 4524 quempiam
926 4456 1142 4522 proprio
1171 4457 1383 4508 nomine
1410 4455 1788 4522 compellamus
1815 4474 1827 4510 :

235 4546 437 4602 deinde
467 4549 579 4610 ait,
637 4545 742 4613 Ego
769 4556 1026 4615 protegam
1060 4555 1123 4597 te.
1180 4545 1394 4598 Multam
1444 4545 1609 4600 habet
1649 4557 1700 4600 Ct
1733 4549 1832 4600 hoc

152 4690 180 4699 _,
238 4635 469 4691 verbum
508 4635 824 4703 emphasim.
881 4635 992 4703 Ego
1033 4637 1176 4702 quia
1207 4635 1473 4690 Cltaldieis
1511 4646 1560 4689 te
1591 4639 1828 4701 evocavi,

245 4742 353 4796 ego
379 4726 465 4795 qui
511 4736 559 4778 te
589 4727 689 4778 huc
718 4725 844 4778 duxi
866 4766 880 4785 ,
929 4741 1027 4792 ego
1059 4727 1145 4794 qui
1187 4735 1236 4778 te
1267 4741 1294 4778 a
1341 4728 1584 4793 periculis
1617 4726 1832 4797 Egypti

243 4817 466 4872 liberavi
495 4857 508 4880 ,
538 4832 635 4884 ego
662 4815 748 4884 qui
779 4815 945 4868 semel
974 4827 1133 4884 atque
1166 4816 1358 4870 iterum
1390 4817 1604 4884 promisi
1641 4819 1728 4870 tibi
1757 4828 1832 4871 at-

240 4924 350 4977 que
372 4907 559 4961 semini
592 4915 682 4958 tuo
707 4905 956 4959 daturum
987 4922 1070 4960 me
1099 4917 1293 4960 terram
1325 4908 1480 4971 hanc,
1505 4923 1606 4976 ego
1634 4917 1682 4961 te
1711 4925 1833 4977 pro-

246 5013 370 5069 tr-go
411 5013 552 5068 :ego
592 4997 682 5068 qui
723 4998 773 5051 iit
817 4998 930 5052 dies
978 5000 1144 5067 magis
1191 5007 1243 5052 et
1286 5002 1451 5068 magis
1497 5001 1743 5054 omnibus
1787 5012 1837 5056 te

244 5073 719 5152 clatumostendo,
765 5104 864 5157 ego
895 5074 1115 5157 pi'otego
1148 5098 1196 5141 te
1231 5106 1242 5140 :
1274 5088 1374 5143 hoc
1412 5099 1495 5143 est
1517 5131 1531 5154 ,
1575 5107 1673 5158 ego
1700 5097 1836 5146 scuti

251 5184 366 5238 vice
390 5182 481 5235 tibi
513 5197 650 5248 sum,
681 5197 780 5251 ego
806 5197 900 5250 pro
923 5191 971 5235 te
998 5191 1166 5244 certo,
1191 5196 1288 5250 ego
1318 5193 1675 5251 propugnator
1695 5201 1835 5251 sum,

251 5292 352 5344 ego
376 5290 557 5329 curam
579 5291 726 5345 gero,
757 5290 856 5344 ego
881 5275 1055 5328 omnia
1079 5275 1316 5330 difﬁcilia
1336 5274 1503 5329 facilia
1531 5277 1618 5330 tibi
1649 5278 1835 5343 reddo,

213 5391 288 5428 «κ,

314 5500 398 5570 “(ni
430 5499 477 5547 ln
511 5499 633 5546 lida.
660 5501 973 5565 septuaginta
999 5497 1539 5571 Interpretttm__legi_tur
1570 5504 1837 5571 tattturn_év

258 5565 490 5633 ὀπςέματι,
539 5574 584 5632 in
624 5561 846 5629 visione;
877 5573 964 5633 \‘t‘l'x
991 5561 1188 5633 ¹νυκτός,
1233 5561 1404 5633 nodis,
1442 5561 1603 5633 deest.
1650 5564 1698 5611 ltt
1738 5565 1835 5611 lle-

262 5621 426 5668 Tiraieo
453 5625 635 5680 patitor
664 5629 810 5681 atque
838 5623 884 5667 in
911 5621 1119 5681 Vulgata
1162 5634 1258 5669 non
1291 5621 1514 5671 habetur.
1557 5625 1636 5673 Sic
1672 5634 1834 5673 tatncn
1874 5650 1880 5654 -

267 5684 386 5747 legit
409 5685 525 5742 tlltrj
541 5692 800 5741 sostomus,
829 5690 880 5731 ut
907 5696 967 5730 cx
994 5698 1046 5731 se
1067 5683 1321 5744 pictilibus
1346 5682 1518 5744 liquet.

1239 276 1299 329 IN
1343 275 1493 328 (ZAI'.
1529 271 1644 327 XV.
1689 268 1928 326 tilﬂNL‘S.
1966 268 2191 324 [IOMIL
2231 270 2467 324 XXXVI.

3389 277 3493 332 338

1913 399 2013 455 ego
2045 396 2262 456 protegit
2287 397 2356 442 te.
2414 386 2607 441 Mettes
2636 398 2719 440 tua
2753 390 2907 442 multa
2938 408 2980 442 rt
2994 392 3028 440 it
3059 391 3218 444 valde.
3280 393 3499 446 Noluisti

1912 479 2216 533 mercedem
2254 482 2499 548 accipere
2550 497 2643 548 pro
2693 481 2960 536 laboribus
3003 499 3136 550 quos
3180 484 3498 539 sustinuisti.

1913 569 2072 621 tantis
2106 568 2352 637 periculis
2383 572 2605 638 teipsum
2638 570 2939 638 objiciendo
2967 615 2977 634 ,
3009 573 3100 625 sed
3132 573 3498 640 cozttt'lltpsisli

1908 668 1962 711 et
1991 675 2170 727 regem
2202 669 2253 713 et
2284 676 2501 712 munera
2545 660 2682 729 ejus.
2735 661 2845 728 Ego
2883 661 2972 713 tibi
3008 663 3308 715 mercedem
3338 662 3499 724 dabo,

1909 765 2012 801 non
2041 759 2240 802 tantam
2273 760 2525 818 quautam
2553 762 2869 820 accepturus
2890 767 3007 806 cras
3031 793 3044 814 ,
3078 754 3171 806 sed
3198 752 3420 806 multant
3449 766 3500 806 et

1911 839 2059 891 valde
2086 840 2304 892 multant
2335 857 2349 892 :
2385 840 2578 894 illcrces
2603 843 2744 893 enim
2779 853 2900 904 tua,
2953 843 3160 908 inquit,
3212 844 3371 894 multa
3407 845 3498 894 erit

1908 929 2072 982 valde.
2107 929 2292 983 Vidisti
2325 931 2693 984 liberalitatem
2729 931 2978 984 Domini?
3006 932 3183 985 vidisti
3215 933 3499 986 verborum

1910 1019 2157 1086 pondus?
2203 1019 2378 1074 vidisti
2422 1020 2692 1088 quomodo
2720 1020 3035 1074 excitaverit
3077 1021 3287 1090 pictatis
3330 1022 3499 1073 athle-

1911 1113 2055 1164 tam?
2106 1112 2284 1165 vidisti
2330 1112 2600 1182 quomodo
2629 1113 2864 1166 animam
2906 1114 3022 1181 ejus
3068 1113 3500 1166 confirmaverit?

1912 1203 2025 1272 Ipse
2049 1207 2191 1258 enim
2217 1206 2305 1272 qui
2337 1220 2526 1258 arcana
2550 1205 2792 1258 cordium
2825 1206 2991 1269 novit,
3022 1205 3224 1258 sciebat
3248 1205 3396 1272 justo
3424 1203 3499 1256 illi

1910 1310 2043 1360 opus
2086 1310 2204 1348 esse
2251 1295 2549 1362 hujnsmodi
2599 1295 2884 1349 verborum
2935 1296 3340 1350 consolatioae:
3381 1311 3501 1348 nam

1911 1385 2029 1437 vide
2058 1385 2182 1453 quid
2213 1401 2275 1437 ex
2323 1385 2403 1437 his
2433 1386 2610 1439 verbis
2653 1395 2912 1453 concepta
2962 1386 3149 1440 fiducia
3203 1385 3498 1454 patriarcha

1910 1474 2054 1529 dicit.
2105 1475 2160 1527 2.
2191 1474 2333 1528 Dixit
2360 1485 2523 1528 autem
2551 1476 2736 1529 Abram
2768 1492 2786 1530 :
2819 1476 3034 1530 Domine
3054 1519 3066 1539 ,
3108 1477 3232 1546 quid
3261 1477 3382 1528 mihi
3405 1476 3506 1528 da.

1913 1565 2022 1616 bis?
2048 1581 2137 1635 ego
2157 1577 2323 1617 autem
2360 1566 2468 1618 sine
2497 1567 2663 1619 liberis
2693 1567 2938 1619 dimittor.
2974 1567 3258 1635 Postquam
3295 1582 3501 1619 merces“

1915 1655 2011 1722 ipsi
2039 1655 2189 1711 valde
2217 1655 2431 1723 copiosa
2460 1658 2720 1723 promissa
2751 1666 2866 1720 est,
2907 1659 3126 1726 exponit
3165 1658 3358 1710 anima:
3396 1671 3455 1708 su
3477 1675 3506 1705 ιε

1913 1746 2151 1800 dolorem
2191 1757 2244 1800 et
2291 1747 2558 1800 triSIitiam
2604 1757 2820 1818 propter
2860 1748 3026 1818 prolis
3077 1749 3346 1817 inopiam,
3400 1762 3502 1814 qua

1914 1837 2162 1889 diuturno
2217 1847 2454 1904 tempore
2508 1839 2837 1906 angebatur,
2897 1838 3130 1905 dicitque
3181 1855 3193 1889 :
3246 1836 3502 1896 Domine,

1913 1925 2038 1995 quid
2067 1927 2170 1981 tale
2195 1926 2319 1979 mihi
2347 1927 2540 1978 dabis?
2573 1927 2708 1980 Ecce
2738 1928 2878 1980 enim
2909 1942 3009 1994 ego
3036 1942 3204 1994 usque
3225 1925 3291 1978 ad
3323 1935 3504 1978 extre-

1916 2031 2055 2068 mam
2084 2026 2352 2069 senectam
2375 2016 2612 2084 perveni,
2644 2026 2695 2069 et
2721 2016 2867 2085 prole
2893 2030 3083 2068 carens
3111 2015 3372 2068 dimittor.

1993 2105 2124 2160 Vide
2147 2106 2415 2175 quomodo
2440 2107 2629 2173 priscis
2658 2106 2761 2158 illis
2782 2105 2992 2158 saeculis
3013 2105 3187 2172 justus
3217 2104 3303 2156 ille
3336 2101 3508 2170 philo-

1916 2199 2241 2267 sophabatur
2261 2239 2274 2261 ,
2305 2197 2672 2252 dimissionem
2698 2210 2897 2250 vocans
2924 2210 2991 2250 ex
3031 2197 3134 2248 hoc
3173 2194 3372 2247 mundo
3395 2191 3508 2247 disc

1918 2306 2151 2345 cessum.
2182 2291 2314 2344 Nam
2344 2291 2434 2358 qui
2468 2291 2632 2343 vitam
2665 2289 2889 2343 honeste
2918 2298 2971 2342 et
3003 2288 3055 2342 in
3082 2287 3365 2340 virtutibus
3387 2300 3512 2355 cge-

1918 2391 2064 2446 runt,
2095 2381 2306 2450 quando
2334 2396 2398 2434 ex
2431 2380 2529 2434 hac
2570 2380 2677 2433 vita
2706 2379 2992 2450 emigrant,
3024 2394 3149 2432 vere
3182 2379 3511 2437 liberantur.

1919 2483 1972 2526 et
2001 2473 2150 2541 quasi
2196 2472 2482 2526 solvuntur
2517 2487 2546 2524 a
2591 2471 2972 2526 certaminibus
2996 2478 3050 2524 et
3078 2485 3105 2521 a
3139 2469 3382 2522 vinculis.
3417 2466 3514 2523 Eat

1919 2563 2060 2617 enim
2096 2577 2242 2616 mors
2270 2563 2333 2615 iis
2360 2562 2450 2632 qui
2482 2562 2616 2615 bene
2642 2561 2826 2614 vivunt
2849 2601 2864 2626 ,
2909 2561 3182 2614 translatio
3208 2559 3451 2628 quaedam
3479 2572 3511 2612 θ

1923 2653 2191 2722 peioribus
2212 2652 2277 2705 ad
2303 2651 2545 2715 meliora,
2565 2665 2597 2704 a
2619 2660 2959 2719 temporanea
2986 2650 3093 2701 vita
3114 2648 3178 2700 ad
3205 2655 3513 2715 perpetuam

1921 2752 1974 2798 et
2003 2742 2355 2796 immortalem
2403 2741 2667 2809 ﬁnemque
2713 2756 2819 2794 non
2865 2741 3166 2794 habentem.
3203 2739 3315 2810 Ego
3345 2748 3515 2791 autent

1922 2835 2167 2898 dimittor,
2201 2833 2401 2902 inquit,
2433 2832 2541 2885 sine
2570 2831 2760 2885 liberis.
2793 2830 2860 2883 Et
2887 2841 2944 2883 ut
2971 2829 3373 2884 misericordem
3408 2829 3513 2881 Do-

1925 2927 2124 2978 minum
2153 2925 2251 2977 sibi
2278 2923 2609 2986 conciliaret,
2641 2937 2746 2975 non
2782 2922 2845 2975 iis
2870 2930 3152 2976 contentus
3182 2921 3275 2975 fuit
3305 2921 3514 2985 verbis;

1925 3016 2015 3070 sed
2061 3016 2184 3084 quid
2217 3015 2381 3069 dicit?
2420 3013 2590 3067 Filius
2618 3024 2786 3066 autem
2833 3013 3006 3066 Masec
3051 3029 3216 3066 vernae
3256 3027 3408 3077 mere,
3460 3011 3515 3065 5.

1923 3110 2159 3178 quoniam
2197 3124 2296 3160 non
2324 3106 2506 3160 dedisti
2527 3105 2649 3158 mihi
2677 3120 2844 3157 semen
2871 3146 2886 3170 ,
2933 3104 3019 3158 ille
3049 3104 3191 3157 heres
3229 3121 3369 3156 uicus
3405 3104 3516 3156 crit.

1927 3199 2196 3267 lugentem
2226 3198 2467 3250 dolorem
2498 3196 2690 3249 anima:
2715 3195 2830 3265 ejus
2866 3195 3143 3249 declarant
3175 3195 3289 3247 Inec
3322 3194 3480 3248 verba
3503 3235 3515 3255 ,

1927 3288 2075 3356 quasi
2127 3287 2328 3342 diceret
2376 3287 2482 3339 Deo
2513 3302 2527 3337 :
2558 3285 2740 3353 Neque
2779 3299 2842 3339 ea
2883 3299 2999 3338 sum
3046 3293 3363 3352 asseqnutus
3401 3299 3521 3352 qua:

1927 3394 2113 3432 servus
2145 3393 2294 3431 meus
2322 3377 2640 3431 vernaculus
2662 3418 2676 3438 ,
2709 3376 2803 3431 sed
2843 3391 2944 3447 ego
2973 3377 3186 3444 quidem
3222 3376 3379 3429 abibo
3407 3377 3523 3430 sine

1931 3469 2183 3523 filiozhic
2225 3477 2401 3522 autem
2449 3468 2791 3548 vernaculus
2812 3483 2960 3520 meus
3002 3466 3348 3521 hereditatem
3380 3468 3521 3518 acci-

1931 3563 2073 3630 piet,
2110 3577 2228 3630 quze
2267 3576 2296 3613 a
2343 3570 2392 3613 te
2441 3559 2572 3612 mihi
2607 3558 2749 3622 data,
2796 3559 2955 3628 idque
2997 3573 3118 3612 cum
3153 3559 3323 3611 semel
3366 3566 3524 3625 atque

1933 3653 2127 3707 iterum
2162 3651 2570 3720 promissionem
2597 3665 2626 3702 a
2656 3659 2706 3702 te
2731 3650 3029 3718 acceperim
3057 3647 3266 3701 dicente
3293 3665 3305 3700 :
3331 3646 3526 3701 Scmini

1934 3753 2019 3795 tuo
2043 3743 2171 3794 dabo
2198 3753 2384 3794 terram
2411 3741 2560 3792 hanc.
2584 3739 2899 3802 Considera,
2927 3739 3170 3798 obsecro,
3200 3747 3251 3791 et
3283 3737 3382 3791 hoc
3409 3737 3527 3790 loco

1928 3834 2057 3902 justi
2087 3834 2370 3898 vinutem,
2417 3830 2686 3901 quomodo
2714 3831 3061 3899 cogitationes
3113 3830 3206 3882 has
3249 3830 3299 3881 iu
3349 3829 3528 3881 animo

1934 3940 2174 3988 versans,
2219 3940 2506 3993 numquam
2559 3922 2882 3991 indignatus,
2933 3937 3106 3989 neque
3147 3920 3288 3974 aliud
3334 3919 3525 3974 durum

1936 4022 2188 4088 loquutus
2230 4019 2334 4071 sit:
2361 4017 2452 4070 sed
2495 4026 2546 4070 et
2588 4030 2728 4069 nunc
2775 4015 3052 4082 itrtigatus
3084 4011 3258 4066 verbis
3295 4027 3412 4078 quin
3454 4011 3528 4062 ln-

1937 4121 2132 4180 quutus
2179 4118 2260 4162 est
2309 4107 2355 4160 ei
2413 4106 2706 4166 DOlliillllS,
2758 4117 2944 4171 magna
3002 4101 3189 4153 fiducia
3247 4099 3528 4153 Demittunt

1937 4202 2241 4271 alloquitur,
2263 4198 2702 4267 manifestamque
2726 4196 2848 4248 facit
2869 4197 3128 4248 intentant
3151 4194 3530 4262 cogitationum

1942 4294 2393 4364 perturbationem
2416 4333 2430 4358 ,
2477 4289 2766 4344 ostendens
2801 4288 2991 4340 animas
3034 4300 3142 4338 sua:
3176 4286 3358 4344 ulcus:
3393 4285 3533 4339 unde

1939 4398 1994 4441 et
2038 4387 2390 4441 acreleratunt
2436 4384 2642 4451 accepit
2683 4381 3148 4434 medicamentum.
3175 4379 3227 4430 4.
3267 4377 3328 4430 Et
3365 4379 3534 4430 stati-at

1940 4497 2037 4533 vox
2064 4479 2157 4531 Dei
2197 4482 2335 4548 facta
2369 4485 2440 4529 est
2471 4474 2538 4527 ad
2577 4491 2709 4526 eum.
2742 4472 2872 4525 Vide
2908 4471 3197 4537 Scriptura!
3240 4468 3533 4520 accuratio-

1943 4590 2085 4626 ncm.
2119 4570 2325 4632 Statim,
2357 4567 2542 4634 inquit.
2562 4565 2675 4619 Non
2703 4563 2941 4632 permisit
2967 4561 3167 4631 justum
3201 4561 3284 4614 vel
3316 4561 3534 4612 tniuimu

1944 4673 2181 4731 tempore
2210 4663 2350 4730 angi,
2381 4658 2475 4712 sed
2506 4657 2806 4712 festinatam
2837 4655 2883 4707 ei
2911 4653 3329 4708 consolationem
3359 4651 3536 4718 affert,

1944 4765 1994 4807 et
2035 4753 2348 4821 gravitatem
2391 4748 2637 4802 tnmroris
2677 4744 2924 4800 emendat
2955 4745 3131 4798 verbis
3170 4759 3288 4812 qua:
3335 4753 3458 4795 tunc
3489 4759 3538 4794 et

1945 4846 2194 4912 loquutus
2223 4851 2324 4895 est.
2370 4839 2433 4892 Et
2462 4837 2662 4899 statim,
2706 4835 2906 4904 inquit,
2939 4850 3036 4888 v0.1:
3078 4833 3173 4886 Dei
3204 4838 3338 4904 facta
3373 4842 3442 4887 est
3473 4837 3540 4884 ad

1945 4954 2080 5002 eum,
2111 4936 2280 4988 dicens
2304 4948 2321 4986 :
2347 4932 2463 4984 Non
2487 4932 2576 4983 crit
2604 4930 2683 4981 hic
2709 4929 2850 4982 Itcrcs
2877 4940 3010 4992 tnns,
3042 4927 3128 4979 sed
3153 4928 3238 4996 qui
3259 4928 3541 4996 cgrediri‘nr

1945 5044 2007 5080 ea:
2035 5037 2098 5084 te,
2150 5026 2230 5078 hic
2272 5024 2410 5076 Itercs
2439 5031 2553 5074 tuus
2583 5022 2693 5072 crit.
2743 5020 2971 5073 lloccine
2997 5057 3011 5082 ,
3057 5017 3242 5085 inquit,
3289 5017 3541 5069 timuisti?

1949 5117 2171 5172 hoccine
2217 5124 2449 5168 mentem
2493 5121 2635 5164 tuam
2687 5107 2950 5161 turbavit?
3000 5107 3221 5160 hoccine
3273 5106 3539 5160 tristitiam

1951 5217 2092 5262 tuam
2117 5205 2304 5275 auget?
2327 5204 2474 5257 Scias
2495 5204 2651 5269 igitur
2670 5199 2813 5252 hunc
2836 5212 2939 5250 non
2965 5199 3075 5249 fore
3100 5197 3346 5250 heredem
3370 5205 3538 5259 tuum,

1951 5302 2056 5356 Sed
2083 5301 2166 5369 qni
2202 5298 2480 5367 egredietur
2507 5310 2568 5347 cx
2593 5304 2670 5358 te,
2715 5293 2796 5344 hic
2828 5292 2967 5344 lieres
3004 5301 3116 5342 tuus
3143 5289 3251 5341 crit.
3283 5287 3358 5341 Ne
3387 5288 3542 5355 igitur

1948 5394 2014 5448 ad
2051 5392 2336 5446 ltuntanant
2382 5398 2588 5457 spectes
2631 5393 2903 5447 naturam,
2951 5398 3016 5435 nc
3057 5392 3197 5433 tuam
3237 5391 3539 5442 senectam,

1951 5486 2164 5541 Sarmve
2204 5481 2537 5537 sterilitatem
2578 5477 2756 5530 animo
2795 5474 3014 5528 volvas:
3040 5471 3132 5524 sed
3172 5472 3286 5538 ejus
3327 5471 3416 5538 qui
3450 5470 3546 5524 tibi

1955 5576 2196 5648 promisit
2237 5571 2484 5642 potentias
2530 5570 2665 5622 bene
2705 5565 2841 5630 fide,
2894 5574 2947 5618 et
2993 5562 3258 5616 tristitiam
3298 5578 3540 5632 poni-ns,

1958 5669 2309 5724 sufiicicntcm
2337 5659 2754 5717 enus-dationem
2783 5657 2986 5725 accipe,
3012 5668 3424 5724 pt‘l‘:»tt:|5tltlttjttt‘
3453 5652 3538 5706 ha-
