4054 6324
647 280 744 335 539

636 394 761 450 beas
781 407 828 452 te
846 399 1095 460 heredem
1124 412 1442 485 habiturum,
1461 423 1548 491 qui
1571 439 1633 478 ex
1657 435 1708 482 te
1727 445 1994 491 nascatur.
2015 438 2215 498 Deinde

631 486 750 553 quia
781 504 936 558 supra
971 507 1357 561 naturam'crat
1387 514 1668 578 promiSsio
1688 559 1704 584 ,
1746 530 1800 576 et
1840 524 2082 582 vincebat
2113 531 2212 585 hu-

631 591 845 634 ntanam
886 587 1144 645 rationem
1191 593 1455 666 (magnam
1488 606 1629 660 enim
1662 609 1712 664 in
1754 628 1820 666 eo
1857 616 2210 677 turbationem

628 668 930 727 excitabant
959 685 1033 731 tot
1061 690 1263 739 natura:
1293 687 1687 762 impedimenta,
1721 715 1964 760 senccws
1995 709 2129 778 ejus,
2158 722 2209 768 et

632 757 697 778 Ah
725 756 769 778 ἢν,
817 760 871 778 η
1018 777 1023 778 ί

1373 756 1377 757 ,
1676 756 1685 762 ι
1863 756 1872 758 ν
1911 756 1962 760 --
2000 756 2129 778 “δ““’1
2159 756 2209 768 ⁸·

629 756 769 821 quod
817 760 945 818 Sara
982 771 1177 825 sterilis
1221 790 1282 829 ac
1328 789 1479 835 utero
1519 797 1762 844 emortuo
1806 795 2008 865 esset),
2055 810 2209 870 auget

633 843 801 870 nam:
828 866 856 870 --
1074 860 1084 870 ⁸

1814 843 1968 865 -._--,
1995 843 2008 860 ,
2055 843 2205 870 ..ηοω

631 843 885 904 Dominus
917 860 1300 920 promissorum
1348 874 1791 945 magnitudinem,
1839 894 1893 936 ut
1936 886 2110 953 justus
2139 893 2205 946 ad

629 940 983 1000 promittentis
1026 948 1390 1011 liberalitatem
1440 940 1759 1031 respiciens,
1814 972 1947 1029 bene
1990 990 2201 1047 speret,

629 1025 757 1047 --ηιξ
782 1027 820 1047 1-
837 1039 848 1047 ·
1051 1039 1062 1047 ·

1529 1025 1541 1031 _
1748 1025 1758 1030 -
1857 1025 1944 1029 νην
1990 1025 2201 1047 τινων-ν

621 1025 957 1100 confitlatque
1019 1039 1097 1092 sic
1160 1057 1490 1102 eventurum.
1548 1054 1600 1108 5.
1646 1056 1836 1114 Eduxit
1882 1076 2044 1120 autem
2091 1087 2201 1123 eum

619 1115 776 1180 foras,
809 1129 855 1170 et
884 1122 1011 1177 dixit
1036 1129 1084 1180 ei
1107 1144 1126 1182 :
1149 1129 1362 1201 Sus/tice
1387 1137 1437 1190 in
1470 1144 1669 1208 ctelum,
1701 1159 1747 1200 et
1777 1167 1983 1206 numera
2007 1159 2196 1222 stellas,

1659 1203 1667 1208 .
1904 1203 1934 1206 --
1956 1203 1980 1206 η
2008 1203 2194 1222 mu".

616 1203 662 1253 si
681 1210 866 1270 poteris
888 1229 1148 1271 munerare
1170 1237 1273 1275 eas.
1293 1223 1368 1277 Ε(
1385 1227 1512 1282 dixit
1532 1233 1576 1284 ei
1595 1250 1613 1286 :
1633 1235 1720 1288 Sir
1740 1241 1832 1291 erit
1851 1257 2015 1297 semen
2039 1258 2194 1301 tuum.

613 1291 666 1344 6.
703 1294 772 1348 Et
815 1303 1022 1356 credidit
1065 1307 1251 1365 Abram
1300 1314 1442 1383 Deo,
1505 1332 1553 1374 et
1599 1337 1885 1391 reputatum
1918 1345 1990 1386 est
2028 1337 2104 1390 illi
2142 1342 2195 1394 in

609 1379 872 1448 justitiam.
901 1392 1079 1457 Quare
1119 1399 1369 1457 indicavit
1393 1448 1406 1470 ,
1449 1411 1588 1476 quod
1629 1413 1839 1471 duxerit
1866 1434 1985 1474 eum
2017 1424 2193 1481 foras?

610 1469 740 1535 Quia
763 1476 904 1531 enim
934 1487 1174 1551 superius
1199 1491 1350 1559 dixit,
1376 1510 1495 1549 cum
1521 1500 1571 1552 in
1598 1502 1800 1561 visione
1827 1511 1998 1566 noctis
2022 1529 2188 1587 appa-

1981 1564 1992 1566 -
2022 1564 2158 1587 ΓΠ...

612 1564 782 1622 ruisse
813 1569 917 1631 illi,
948 1588 1011 1627 ac
1039 1579 1195 1633 verba
1223 1582 1304 1635 illa
1329 1588 1375 1637 ei
1406 1587 1675 1658 loquutum
1709 1598 1868 1653 fuisse
1891 1622 1902 1656 :
1926 1619 2065 1660 nunc
2088 1622 2188 1662 au-

606 1658 710 1706 tem
738 1657 847 1709 vult
889 1660 936 1712 ei
983 1667 1286 1736 ostendere,
1325 1657 1483 1741 quam
1534 1681 1944 1744 innumerabiles
1987 1695 2095 1748 sint
2133 1698 2183 1750 in

599 1745 731 1798 οςινΙο
757 1747 943 1814 stellm,
969 1752 1139 1822 inquit
1163 1774 1176 1812 :
1200 1758 1390 1816 Eduxit
1408 1784 1519 1820 eum
1541 1774 1699 1841 foros,
1719 1789 1766 1828 et
1789 1781 1917 1834 dixit
1938 1800 1954 1836 :
1973 1784 2186 1855 Suspice

600 1831 652 1855 In
688 1835 851 1855 __,_U__
942 1851 952 1855 _
1295 1853 1324 1855 __

1541 1831 1551 1841 .
1689 1831 1698 1839 ι
1938 1831 1948 1836 -
1973 1831 2180 1855 νην-’ν

600 1831 652 1882 in
679 1835 874 1901 aelunt,
907 1851 952 1892 et
980 1859 1184 1898 numera
1211 1853 1405 1920 stellas,
1437 1857 1480 1910 si
1513 1866 1700 1926 poteris
1727 1883 1810 1920 eas
1839 1871 2180 1933 dinumerare.

601 1918 666 1972 Et
693 1923 818 1977 dixit
839 1929 880 1979 ei
903 1945 920 1982 :
943 1931 1031 1985 Sic
1053 1939 1148 1989 erit
1174 1957 1341 1996 semen
1374 1955 1532 2001 tuum.
1565 1951 1808 2022 Magnum
1834 1967 2175 2036 promissum,

1648 2008 1677 2022 υ
1834 2008 1882 2029 Γ-
1901 2008 2175 2036 -.....,.......,

601 2008 788 2078 ingens
812 2021 1176 2083 promissionis
1197 2035 1500 2099 magnitudo
1525 2056 1538 2090 :
1562 2043 1655 2094 sed
1688 2047 1731 2097 si
1762 2047 1926 2113 ipsam
1957 2059 2176 2120 promit-

595 2103 754 2156 tentis
801 2107 1047 2164 virtutem
1091 2119 1474 2191 cogitabimus,
1527 2130 1654 2184 nihil
1702 2139 1853 2193 nobis
1900 2149 2175 2212 apparebit

596 2205 863 2261 magnum.
896 2199 993 2265 Qui
1024 2207 1166 2260 enim
1196 2208 1262 2263 de
1291 2221 1428 2266 terra
1451 2231 1645 2288 corpus
1671 2223 1933 2296 formavit,
1959 2244 2011 2289 et
2032 2240 2170 2304 quod

589 2293 697 2333 non
715 2295 846 2347 erat,
870 2289 919 2340 id
939 2300 994 2344 ut
1015 2305 1157 2349 esset
1178 2296 1320 2367 fecit,
1341 2313 1396 2357 et
1410 2308 1646 2365 condidit
1662 2317 1836 2372 omnia
1854 2335 1971 2387 qua:
1989 2289 2172 2382 viden-

589 2378 703 2440 tur,
731 2375 818 2430 ille
847 2381 1006 2436 etiam
1043 2385 1171 2442 dare
1199 2395 1393 2459 poterit
1423 2412 1541 2466 qua:
1567 2415 1724 2471 supra
1757 2420 1997 2467 naturam
2024 2429 2165 2473 sunt.

657 2463 712 2517 5.
751 2464 933 2522 Vidisti
976 2471 1183 2531 Domini
1233 2463 1649 2544 liberalitatem'l
1698 2463 1997 2566 Postquaﬁtii
2023 2463 2165 2561 iis}.

584 2551 737 2618 dixit,
771 2556 967 2628 Absque
990 2565 1134 2631 prole
1163 2570 1409 2637 dimittor,
1438 2579 1590 2646 quasi
1616 2584 1752 2651 apud
1780 2551 2163 2654 portas—mortis

579 2645 864 2715 assistens,
883 2661 935 2706 et
959 2654 1086 2708 nihil
1109 2660 1337 2728 amplius
1359 2645 1568 2732 operari
1591 2672 1769 2729 valens
1792 2687 1848 2730 ut
1872 2694 2162 2748 procreen-

581 2740 667 2787 tur
693 2735 863 2800 liberi,
897 2742 974 2795 sic
1003 2746 1161 2799 verba
1203 2748 1288 2802 illa
1318 2756 1555 2821 protulit,
1599 2760 1817 2819 dicens:
1843 2735 2008 2824 liilius
2041 2735 2157 2826 lla-

576 2842 656 2878 sec
681 2829 760 2897 (tt)
790 2835 1070 2888 vernacula:
1116 2853 1238 2893 mea:
1282 2843 1423 2899 lieres
1463 2865 1602 2905 meus
1643 2855 1755 2908 erit.
1807 2858 1930 2913 ldeo
1976 2865 2158 2921 volens

575 2917 818 2983 spiritum
835 2936 951 2989 ejus
967 2926 1191 2995 erigere,
1217 2940 1270 2984 et
1292 2948 1486 2991 novum
1507 2942 1738 3010 vigorem
1755 2952 1916 3004 menti
1936 2953 2152 3022 addere,

574 3005 642 3059 ah
671 3006 978 3066 imminente
1009 3014 1198 3072 timore
1221 3034 1345 3075 eum
1372 3025 1580 3104 liberat,
1611 3037 2063 3111 promissioneqoe
2091 3059 2156 3101 ac

572 3095 697 3150 doni
748 3101 1117 3169 magnitudine
1153 3120 1386 3166 mentem
1431 3095 1777 3193 ejuserigit,
1821 3134 2153 3190 ostendendo

572 3185 846 3241 stellarum
876 3193 1287 3264 multitudinem,
1309 3211 1361 3254 ct
1383 3207 1739 3271 promittendo
1766 3219 2063 3276 nascituros
2083 3240 2147 3278 ex

565 3288 632 3327 eo
660 3275 763 3329 illis
792 3293 945 3345 pares
971 3281 1195 3352 futuros,
1222 3290 1270 3343 in
1302 3291 1492 3349 bonam
1516 3312 1662 3366 spem
1688 3304 1920 3362 adducit.
1951 3275 2146 3369 Viden;

563 3365 703 3419 enim
750 3369 954 3426 Domini
1002 3379 1443 3452 promissionem,
1491 3389 1685 3458 rejecta
1730 3399 1871 3450 omni
1914 3399 2142 3476 humana

1552 3457 1557 3458 ί
2002 3457 2039 3476 η,
2133 3457 2141 3459 ,

561 3457 784 3524 ratione,
816 3469 869 3514 et
890 3478 1061 3531 neque
1086 3468 1150 3522 ad
1178 3483 1236 3525 se
1260 3472 1451 3542 ipsum,
1476 3494 1649 3550 neque
1669 3486 1733 3539 ad
1759 3487 1940 3545 Saram
1966 3495 2141 3552 minus

559 3549 909 3609 procreationi
941 3565 1116 3621 aptam
1145 3562 1437 3627 respiciens
1464 3571 1592 3624 :sed
1629 3581 1997 3642 prmtcrtttissis
2042 3583 2112 3641 hu

558 3633 728 3686 manis
757 3640 1001 3695 omnibus
1026 3685 1043 3710 ,
1090 3647 1267 3703 sciens
1304 3651 1468 3710 Deum
1511 3674 1668 3727 posse
1696 3667 1856 3732 etiam
1890 3685 1948 3724 ea
1971 3713 1984 3732 .
2017 3690 2135 3744 qua:

557 3736 712 3788 supra
743 3735 986 3784 naturam
1014 3745 1156 3801 sunt,
1185 3737 1382 3810 largiri,
1413 3744 1568 3801 [idem
1595 3749 1776 3809 habuit
1797 3758 1979 3829 dictis,
2010 3735 2128 3820 tiul-

553 3809 654 3863 lam
697 3812 1076 3876 dubitationem
1123 3809 1442 3899 admittens,
1491 3836 1663 3906 neque)
1705 3858 1823 3899 cum
1852 3849 1989 3905 dicta
2017 3853 2131 3911 haec

547 3900 777 3970 fuerunt,
811 3906 1091 3967 harsitavit.
1136 3915 1245 3991 lloc
1276 3921 1416 3976 enim
1445 3940 1584 3980 vera:
1626 3931 1745 3986 fidei
1788 3947 1891 4004 est,
1919 3945 2128 4009 quando

549 3993 931 4055 promissiones
961 4016 1064 4053 non
1097 4008 1385 4063 secundum
1427 4015 1642 4071 solitum
1666 4061 1680 4084 ,
1730 4033 1783 4077 et
1827 4027 2127 4090 hominibus

543 4081 809 4147 cognitum
840 4101 1041 4142 morem
1073 4104 1229 4160 sunt,
1260 4098 1304 4151 si
1333 4116 1428 4154 nos
1467 4111 1824 4172 promittentis
1851 4118 2027 4175 virtuti
2059 4123 2122 4178 li-

542 4165 746 4224 damus.
779 4171 930 4230 Fides
952 4181 1093 4235 cnim
1117 4194 1209 4249 est,
1242 4193 1688 4257 quemadmodum
1711 4201 1900 4274 beatus
1925 4209 2119 4276 Paulus

538 4259 643 4323 ait,
676 4267 1045 4330 sprvmulartmt'
1084 4277 1361 4334 substantia
1407 4301 1602 4353 rerum,
1641 4308 1988 4363 argumentum
2017 4321 2117 4360 non

537 4355 888 4416 apparentium
930 4358 1112 4426 (Ilebr.
1161 4367 1243 4420 ll.
1291 4372 1345 4439 1)
1381 4391 1392 4424 :
1425 4384 1478 4429 et
1527 4355 1720 4434 iteruui
1750 4402 1762 4436 :
1795 4386 1943 4450 Quod
1982 4355 2114 4449 enim

533 4439 662 4491 ridet
695 4444 826 4510 quis,
868 4446 992 4514 quid
1033 4466 1199 4521 sperat
1245 4460 1417 4528 (Rom.
1461 4465 1513 4518 8.
1548 4465 1678 4537 25)?
1711 4439 1832 4528 11οέ
1850 4439 2113 4546 igitur-est

1255 4527 1259 4528 ,
1621 4527 1633 4537 ι
1802 4527 1810 4528 ί
1866 4527 1995 4546 0""
2032 4527 2109 4539 νυ·

533 4527 692 4594 lidcs,
745 4538 957 4601 quando
1006 4541 1106 4594 illis
1154 4549 1423 4604 credimus
1464 4571 1579 4622 quae
1621 4574 1724 4613 non
1771 4564 2014 4623 videntur
2058 4584 2109 4628 et

531 4634 760 4674 mentem
793 4626 854 4677 ad
885 4627 1194 4698 dignitatem
1221 4638 1335 4706 ejus
1361 4645 1447 4710 qtti
1479 4650 1719 4713 promisit
1749 4653 2103 4718 intendimus:

528 4708 577 4758 id
606 4712 743 4777 quod
774 4716 1010 4780 profecto
1037 4733 1086 4774 et
1109 4723 1283 4791 justus
1321 4732 1409 4786 ille
1444 4735 1585 4803 fecit,
1615 4741 1875 4800 sinceram
1908 4758 1961 4802 ct
1989 4753 2102 4806 exi-

526 4799 684 4852 iniam
719 4809 988 4869 iromissis
1018 4812 1172 4868 fidem
1207 4804 1405 4875 habens
1433 4843 1444 4877 :
1472 4825 1667 4884 idcirco
1694 4845 1744 4887 ct
1770 4850 1797 4888 a
1830 4837 2099 4910 Scriptura

526 4889 657 4910 ,ηηεη
737 4895 746 4910 .
843 4897 852 4910 .
898 4909 903 4910 ,

1843 4889 1854 4892 _
1878 4889 1915 4894 --
1931 4889 2097 4910 τη...

521 4889 694 4943 divina
735 4895 1015 4956 laudatur:
1043 4921 1159 4960 mox
1196 4913 1334 4965 enim
1381 4917 1576 4973 addidit
1606 4940 1618 4974 :
1645 4924 1868 4983 Credidit
1914 4929 2097 4990 Abram

522 4978 647 5047 Deo,
673 4995 718 5035 et
741 5001 1019 5056 reparatum
1040 5008 1110 5048 est
1134 5002 1180 5051 ei
1199 5001 1249 5053 in
1261 5005 1512 5071 justitiam
1534 5012 1707 5080 (Rom.
1734 5020 1784 5072 4.
1811 5022 1886 5092 5).
1911 5025 2095 5085 Vidiszi

515 5076 780 5137 qumnodo
818 5089 870 5131 et
897 5093 1020 5136 ante
1049 5099 1294 5144 eventum
1323 5105 1374 5148 et
1410 5097 1768 5168 impletionem
1799 5117 2090 5179 promisso-

518 5177 653 5228 rum,
681 5181 744 5219 eo
777 5169 888 5235 ipso
915 5177 1053 5242 quod
1080 5183 1335 5252 credidit,
1381 5203 1756 5261 congruentem
1791 5210 2087 5265 mercedem

511 5256 731 5324 accipit?
755 5259 886 5316 Nam
917 5265 964 5318 in
989 5267 1245 5334 justitiam
1269 5279 1316 5331 ei
1344 5293 1640 5350 rcputatum
1666 5301 1766 5358 est,
1797 5299 1934 5365 quod
1966 5315 2084 5356 ere-

514 5345 696 5365 ,,.A,__._
729 5363 751 5365 Α
885 5354 896 5365 .
962 5357 972 5365 .
1053 5359 1064 5365 -
1112 5361 1142 5365 --

1403 5345 1416 5350 -
1754 5345 1766 5358 ι
1802 5345 1934 5365 1“"
1969 5345 2056 5356 "'"

510 5345 699 5398 ditlerit
728 5354 1064 5416 promissioni
1092 5361 1306 5429 divinat,
1331 5379 1380 5422 ct
1413 5388 1514 5426 non
1546 5375 1770 5434 humana
1803 5389 2083 5444 ratiocina-

569 5436 639 5496 (⁷η)
676 5440 782 5486 mm
831 5443 907 5492 hic
947 5450 1396 5512 i“left'l‘elttlionum
1439 5463 1696 5521 diversitas
1729 5489 1740 5520 :
1777 5483 2079 5542 septuaginta

569 5509 800 5542 ,ριΊιι-ριρς
826 5505 901 5542 llit‘
926 5521 1099 5542 nni-mn
1149 5522 1390 5542 nn......:..-..
1464 5534 1495 5542 .-
1518 5541 1547 5542 η
1699 5535 1735 5542 .-

1075 5499 1085 5512 ι
1144 5499 1396 5507 μ--.νηηω
1440 5499 1696 5521 unua-tuo
1729 5511 1738 5520 .
1777 5499 2079 5542 septuaginta

505 5499 800 5594 ἒ¹ι¹ιξυῖζείῖξὲῗδ
815 5505 1412 5594 litatasrsetractam.
1455 5534 1625 5587 καίεο»
1662 5535 1874 5585 verorum
1898 5554 1910 5587 =
1937 5555 2079 5594 ευουε

637 5554 643 5556 τ
941 5554 950 5555 ,
966 5554 974 5555 ,
991 5554 1101 5560 μή---
1149 5554 1190 5575 ,η
1207 5554 1280 5579 νγ.
1297 5554 1412 5580 ...ι-ι,
1455 5554 1625 5587 ωαδτι,
1662 5554 1874 5585 cucrunt
1898 5554 1910 5587 ζ
1937 5555 2076 5594 SCCUS

501 5554 576 5602 alii
599 5573 792 5662 tilitllut’xs,
815 5579 1021 5662 qqqt-utlnl
1031 5576 1247 5639 quidam,
1272 5579 1426 5652 ﬁlium
1443 5594 1784 5662 procuratoris,
1806 5599 1899 5655 alii,
1925 5599 2076 5662 ﬁlium

504 5629 604 5662 Πυίι
646 5635 807 5662 (101$-
835 5640 858 5662 Ω
885 5645 891 5662 I
989 5647 1000 5662 '
1023 5646 1120 5662 '"'"
1167 5648 1381 5662 ““’“‘""‘
1470 5661 1475 5662 ⁷

599 5618 606 5625 ι
834 5618 844 5624 _
993 5630 1000 5636 ε
1031 5618 1247 5639 .,I_-__-..,
1272 5618 1426 5641 ’.η-..η
1461 5618 1610 5637 ιιυιιυ
1623 5618 1714 5641 utUt
1729 5618 1784 5653 ις),
1806 5618 1899 5655 ulll,
1925 5618 2070 5662 [suum

504 5618 931 5714 {litlall‘lltt'l'til'lit
967 5631 1121 5714 [ilium
1165 5642 1384 5714 prta/era
1420 5618 1606 5710 tlomtts,
1635 5663 1846 5707 vertunt.
1892 5664 2000 5711 vide
2026 5666 2070 5714 in

505 5680 724 5742 ll.'.\a|'ll§
752 5680 937 5749 austris,
967 5680 1016 5741 et

1370 306 1424 358 S.
1468 308 1742 368 JUANNIS
1779 316 2247 384 CllRYSOSTOMl
2289 336 2602 396 AllClliEl'.
2645 349 3158 415 CONSTANTINOP

3795 379 3902 436 διο

2328 451 2471 508 tione
2526 460 2790 517 curiosius
2843 481 2904 518 ea
2958 483 3078 536 qua!
3133 470 3272 527 dit-ta
3329 487 3456 533 sunt
3510 485 3888 553 exploraverit.

2396 543 2609 602 Moralis
2657 554 2965 615 exhortatio.
3023 562 3235 620 Virtutis
3276 571 3490 626 studiosi
3529 543 3630 630 min
3680 581 3897 648 labores,

2321 633 2408 683 sed
2433 640 2642 703 prsentia
2669 642 2763 696 sibi
2788 662 3096 715 proponunt.
3118 684 3190 696 —
3218 658 3494 718 Discamus
3514 663 3674 735 igitur
3694 679 3750 723 et
3775 689 3896 742 nos,

2316 722 2558 793 obsecro,
2591 746 2618 782 a
2641 736 2957 806 patriarcha,
2989 743 3078 798 Dei
3105 749 3325 806 credere
3353 753 3529 820 dictis,
3549 766 3600 812 et
3623 760 3739 829 ejus
3771 779 3897 831 pro-

2316 819 2653 879 tnissionibns
2708 827 2889 892 fidere,
2945 851 3116 904 neque
3158 855 3218 894 ea
3249 847 3656 914 cogitationibus
3699 861 3896 911 nostris

2314 908 2583 982 indagare,
2638 919 2730 972 sed
2788 938 3028 992 magnam
3072 931 3234 986 animi
3280 908 3580 1004 aequitatem
3616 908 3891 1005 exhibere.

2314 997 2423 1055 Iloc
2452 1005 2591 1059 enim
2616 1023 2711 1061 nos
2736 1021 2787 1064 et
2812 1014 2983 1080 justos
3008 1019 3280 1079 declarare
3303 1029 3511 1093 poterit,
3543 1043 3595 1085 et
3616 1033 3668 1088 id
3691 1036 3892 1093 efficiet

2313 1101 2366 1143 nt
2400 1098 2656 1160 promissa
2703 1102 2856 1157 citius
2903 1122 3270 1179 assequamur.
3323 1117 3426 1172 Sed
3469 1122 3624 1177 Abiu:
3673 1129 3886 1194 quidem

2306 1184 2568 1250 promisit,
2612 1204 2676 1242 ex
2724 1195 2930 1251 semine
2979 1200 3095 1267 ejus
3143 1206 3425 1262 maximam
3482 1210 3711 1270 futuram
3768 1235 3887 1276 es~e

2303 1274 2689 1334 multitudinem
2721 1300 2734 1336 :
2763 1298 3019 1358 erantque
3062 1305 3255 1361 praeter
3281 1301 3494 1357 solitum
3524 1320 3728 1362 natura:
3758 1327 3878 1365 mo-

2299 1361 2423 1416 dum
2449 1382 2568 1435 qute
2598 1367 2855 1437 promissa
2885 1389 3056 1445 erant,
3098 1384 3322 1456 ideoque
3362 1393 3493 1447 fides
3523 1395 3574 1449 in
3605 1361 3772 1454 Deum
3796 1403 3883 1470 ju-

2297 1452 2495 1509 stitiam
2548 1460 2594 1512 ei
2637 1465 2848 1519 attulit:
2899 1470 3049 1527 nobis
3090 1452 3290 1540 autem,
3334 1480 3378 1533 si
3408 1485 3664 1552 sapimus,
3715 1495 3883 1545 multo

2296 1544 2494 1612 majora
2530 1551 2784 1614 promissa
2813 1565 2954 1622 sunt,
2981 1568 3034 1614 et
3061 1564 3242 1619 multis
3287 1569 3460 1625 modis
3507 1573 3766 1632 humanas
3793 1595 3882 1635 co-

2293 1632 2574 1700 gitationes
2599 1645 2972 1702 transcendere
2989 1666 3305 1721 possumus;
3334 1661 3495 1715 modo
3523 1667 3881 1731 promittentis

2292 1729 2540 1791 potentia:
2564 1732 2862 1802 credamus,
2896 1749 2950 1792 ut
2975 1749 3030 1795 et
3057 1758 3174 1797 eam
3209 1763 3329 1816 qua:
3358 1765 3423 1804 ex
3455 1729 3558 1808 fide
3583 1768 3686 1822 est,
3718 1760 3881 1827 justi-

2290 1814 2414 1868 tiam
2444 1829 2778 1886 reportcmus
2797 1865 2813 1891 ,
2844 1838 2897 1882 et
2923 1814 3282 1900 adipiscamur
3321 1840 3459 1894 bona
3487 1849 3772 1914 promissa.
3803 1852 3876 1906 Ea

2284 1907 2448 1974 enim,
2478 1926 2595 1979 quae
2618 1914 2768 1971 nobis
2792 1921 3024 1977 maxime
3047 1929 3327 1994 promissa,
3351 1947 3564 1990 omnem
3589 1936 3878 1998 humanam

2285 2001 2665 2057 transcendunt
2690 2009 2971 2078 rationem,
3000 2025 3054 2068 et
3077 2031 3290 2073 omnem
3316 2025 3691 2092 cogitationem
3713 2047 3874 2086 esce-

2281 2085 2412 2140 dunt
2455 2107 2469 2141 :
2525 2101 2664 2146 tanta
2716 2101 3130 2164 promissionum
3185 2119 3267 2162 est
3305 2114 3634 2182 magnitudo.
3688 2120 3872 2191 Neque

2277 2177 2420 2231 enim
2444 2179 2493 2233 in
2523 2188 2767 2250 praesenti
2796 2190 2899 2244 vita
2926 2193 3098 2248 solum
3124 2198 3276 2252 nobis
3308 2204 3548 2269 promisit
3569 2205 3730 2275 hujus
3750 2213 3868 2268 vita:

2279 2273 2468 2322 statum
2518 2283 2569 2324 ct
2612 2275 2895 2333 visibilium
2943 2282 3243 2341 l'ruitionetn
3294 2308 3308 2344 :
3347 2292 3442 2350 sed
3480 2305 3534 2349 et
3586 2313 3865 2370 posuptam

2277 2353 2400 2409 hinc
2429 2360 2884 2434 emigraverimus,
2933 2380 2986 2424 et
3031 2385 3150 2441 post
3176 2381 3416 2447 corporis
3441 2390 3862 2459 corruptionem,

2273 2448 2485 2512 quando
2509 2450 2560 2502 in
2590 2453 2823 2514 cinerem
2854 2469 2907 2513 et
2935 2463 3205 2529 pulverem
3233 2483 3414 2526 nostra
3454 2474 3714 2534 dissoluta
3747 2485 3853 2538 lue-

2271 2533 2372 2587 rint
2415 2552 2659 2607 corpora,
2709 2554 2833 2601 tunc
2872 2563 3235 2610 resurrectura
3289 2574 3352 2613 ea
3401 2566 3680 2633 promisit,
3715 2581 3770 2625 et
3807 2573 3857 2628 in

2266 2623 2455 2692 majori
2477 2627 2641 2696 gloria
2664 2631 2857 2689 futura.
2903 2637 3113 2708 Oportet
3133 2647 3285 2714 enim,
3318 2623 3486 2718 inti-uit
3514 2653 3700 2712 beatus
3721 2661 3854 2717 Pau-

2266 2712 2370 2781 lus,
2401 2723 2725 2790 corruptibile
2770 2727 2864 2781 hoc
2904 2733 3116 2788 induere
3139 2736 3584 2811 incorruptionem,
3637 2759 3685 2801 et
3717 2768 3850 2805 mor-

2265 2807 2366 2860 tale
2389 2810 2482 2864 ltoc
2521 2813 2728 2872 induere
2761 2819 3188 2880 immortalitatem
3218 2831 3235 2898 (
3268 2831 3320 2884 1.
3345 2833 3462 2890 Cor.
3488 2807 3580 2892 15.⁷
3607 2841 3679 2896 53
3703 2845 3743 2912 ).
3790 2845 3850 2902 Et

2262 2909 2382 2965 post
2428 2916 2709 2972 corporum
2757 2918 3201 2974 resurrectionem
3249 2927 3396 2994 regni
3453 2934 3846 2996 possessionem

3289 2976 3395 2994 γυνη
3453 2976 3844 2996 ,,.,----,.,..ν...

2258 2976 2507 3046 daturum
2550 3010 2609 3050 se
2653 2999 2806 3054 nobis
2850 3005 3118 3072 pollicitus
3161 3022 3262 3075 est,
3287 3025 3340 3068 et
3385 3024 3844 3081 conversationem

2257 3091 2376 3132 cum
2398 3086 2616 3150 sanctis,
2646 3098 2701 3142 et
2724 3089 2775 3142 in
2806 3106 3064 3162 perpetuo
3085 3101 3283 3155 saeculo
3304 3107 3557 3172 quietem,
3585 3121 3640 3164 et
3660 3114 3842 3169 ineffa-

2256 3165 2378 3220 bilia
2407 3170 2493 3224 illa
2522 3174 2680 3240 bona,
2715 3178 2842 3242 Qua:
2866 3186 3041 3239 oculus
3063 3205 3165 3243 non
3193 3192 3337 3260 vidit,
3365 3205 3412 3247 et
3439 3204 3579 3252 auris
3620 3218 3720 3255 non
3747 3222 3841 3258 au-

2253 3256 2394 3323 divit,
2435 3271 2481 3314 et
2529 3264 2580 3316 in
2619 3284 2706 3319 cor
2748 3271 2966 3328 hominis
2995 3293 3096 3331 non
3121 3256 3448 3340 ascenderunt
3481 3289 3640 3362 (Ibid.
3670 3295 3726 3350 2.
3755 3296 3836 3368 9).

2257 3345 2437 3368 una,»
2620 3365 2628 3368 -
2846 3362 2857 3368 -
2924 3365 2932 3368 -

3484 3345 3498 3362 ι
3628 3345 3638 3347 ,
3673 3345 3725 3350 _-
3757 3345 3835 3368 η-

2257 3345 2438 3403 Vidisti
2470 3365 2665 3421 quanta
2691 3362 3101 3427 promissionum
3131 3376 3440 3432 excellentia
3467 3397 3482 3446 ;
3521 3385 3696 3442 deisti
3743 3392 3835 3444 do-

2249 3451 2438 3493 norum
2491 3451 2946 3516 magnitudinem?

2316 3529 2368 3584 6.
2386 3532 2507 3589 lltnc
2531 3541 2840 3608 cogitantes,
2862 3558 2913 3600 et
2927 3550 3155 3608 scientes
3171 3561 3382 3615 mentiri
3398 3579 3505 3618 non
3524 3583 3682 3636 posse
3708 3589 3832 3630 eum

2241 3621 2331 3688 qui
2366 3622 2452 3676 illa
2479 3624 2738 3697 promisit,
2761 3649 2947 3706 magna
2963 3641 3236 3701 alacritate
3255 3665 3611 3722 praeparemus
3637 3677 3738 3718 nos
3763 3666 3828 3720 ad

2241 3713 2446 3768 virtutis
2467 3732 2682 3787 agones,
2704 3733 2758 3777 ut
2780 3735 2834 3780 et
2863 3719 3135 3795 promissis
3156 3737 3309 3810 bonis
3341 3741 3443 3797 frui
3463 3750 3754 3819 possimus,
3776 3767 3830 3813 ct

2238 3815 2305 3855 ne
2316 3805 2470 3859 saluti
2485 3819 2678 3866 nostra:
2692 3825 2740 3867 ct
2762 3820 3079 3878 tantistnis
3101 3835 3438 3896 temporanca
3456 3839 3823 3914 praeferamus,

2235 3908 2406 3963 neque
2421 3900 2712 3968 cogitemus
2734 3905 2944 3964 labores
2969 3914 3196 3979 virtutis,
3224 3922 3317 3976 sed
3341 3939 3436 3991 pra
3451 3928 3552 3980 mia
3573 3931 3624 3984 in
3641 3947 3826 3994 mente

2233 3997 2516 4052 ponamus:
2543 4010 2714 4063 neque
2741 4002 3081 4066 pecuniarum
3113 4021 3354 4079 sumptus
3385 4023 3584 4072 tantum
3606 4036 3823 4093 specte-

2231 4090 2370 4143 mus,
2399 4082 2443 4134 si
2468 4088 2678 4150 quando
2707 4105 2840 4159 opus
2866 4103 2948 4149 est
2969 4111 3063 4152 eas
3091 4105 3414 4170 pauperibus
3442 4082 3688 4182 erogare,
3721 4121 3818 4175 sed

2229 4169 2403 4235 potius
2453 4187 2674 4241 quantus
2713 4182 2835 4238 inde
2885 4188 3037 4242 nobis
3089 4205 3377 4259 proventus
3418 4216 3686 4262 nascatur.
3739 4213 3815 4267 Ea

2226 4259 2369 4312 enim
2411 4261 2477 4316 de
2517 4280 2673 4320 causa
2702 4274 2891 4327 semini
2940 4278 3333 4353 elcemosynam
3375 4300 3704 4361 comparavit
3733 4303 3816 4357 di-

2221 4345 2340 4400 vina
2366 4349 2656 4423 Scriptura,
2687 4371 2742 4412 ut
2759 4377 2876 4416 cum
2902 4368 3095 4434 gaudio
3119 4381 3172 4425 et
3197 4376 3358 4431 multa
3381 4381 3654 4443 alacritate
3683 4407 3805 4448 eam

2218 4449 2519 4504 operemur.
2549 4444 2676 4500 Nam
2703 4452 2745 4504 si
2777 4452 2810 4505 ii
2837 4457 2924 4523 qui
2957 4461 3160 4516 semina
3193 4473 3347 4522 term
3376 4476 3723 4546 concrcdunt,
3753 4495 3809 4540 et

2215 4529 2437 4584 collecta
2463 4542 2522 4587 et
2565 4536 2704 4594 intus
2744 4547 2976 4611 reposita
3013 4565 3346 4625 spargentes,
3380 4561 3429 4615 id
3457 4579 3578 4620 cum
3610 4573 3804 4639 gaudio

2215 4629 2491 4688 praestant,
2537 4633 2592 4678 et
2631 4627 2766 4684 bona
2795 4648 2890 4702 spe
2937 4635 3202 4709 foventur,
3237 4657 3291 4702 et
3338 4651 3449 4719 jam
3498 4627 3802 4730 manipulos

3189 4705 3197 4709 ν
3338 4705 3358 4719 '
3418 4705 3447 4706 κέ
3498 4705 3800 4730 --ν--υνιιισινῠ

2213 4705 2564 4778 imaginantur
2591 4730 2652 4771 ac
2670 4719 2854 4786 plenas
2878 4740 3029 4781 areas
3053 4749 3066 4783 :
3101 4735 3269 4791 multo
3289 4743 3455 4811 magis
3476 4745 3578 4801 illis
3606 4754 3800 4820 quibus

2213 4796 2384 4820 ΑΙΑΙ---Α
2427 4812 2493 4820 -—‘
2547 4819 2553 4820 ί
2764 4811 2776 4820 “

2281 4807 2390 4854 tum
2418 4812 2500 4858 est
2540 4819 2722 4864 semen
2763 4811 2865 4869 hoc
2889 4820 3167 4886 Spirituale
3196 4830 3464 4888 seminare
3485 4841 3721 4904 gaudere
3742 4857 3794 4900 et

2206 4895 2470 4951 exsultare
2505 4905 2784 4971 convenit,
2829 4909 2968 4976 quod
3000 4913 3050 4965 in
3101 4923 3239 4970 terra
3273 4934 3510 4981 serentes
3561 4939 3789 4992 messnri

2203 4988 2580 5047 sintinccelo:
2620 5003 2673 5049 et
2723 5012 2971 5056 nummos
3018 5009 3399 5078 expendentes,
3445 5033 3786 5086 peccatorum

2204 5082 2567 5138 remissionem
2597 5087 2859 5157 accipiant
2883 5099 2935 5145 et
2958 5091 3160 5150 fiducia!
3185 5106 3463 5160 materiam
3488 5111 3782 5187 inveniant,

2199 5173 2546 5229 eoneiliantes
2574 5177 2672 5232 sibi
2704 5194 2798 5250 per
2832 5195 2894 5236 ea
2937 5199 3056 5255 qua:
3100 5185 3186 5242 hic
3222 5191 3536 5265 largiuntur,
3585 5218 3782 5275 πτοηθ-

2198 5269 2336 5314 tuam
2387 5265 2618 5332 quietem
2646 5279 2700 5323 et
2729 5285 2849 5326 cum
2880 5277 3080 5332 sanctis
3107 5287 3589 5346 conversationem.
3641 5297 3704 5351 Et
3731 5301 3777 5354 si

2193 5354 2571 5411 continentiam
2626 5361 2824 5431 eligere
2863 5365 3090 5435 placeat,
3130 5387 3235 5426 non
3261 5388 3561 5445 spectemus
3594 5388 3792 5470 virtuti

2193 5440 2617 5470 1η1.,...,.....;-,δ---
2683 5467 2729 5470 -,
2805 5457 2815 5466 -
2887 5458 2898 5469 ο
2943 5459 2955 5470 .

2191 5440 2422 5498 laborem
2449 5448 2642 5514 inesse,
2677 5467 2739 5508 ac
2770 5457 3120 5526 virginitatem
3145 5480 3392 5535 maguum
3429 5471 3626 5531 habere
3655 5493 3768 5559 cer.

2191 5542 2413 5592 tamen:
2463 5540 2554 5594 sed
2599 5558 2715 5597 eam
2757 5557 3126 5622 sortetn,qu:n
3177 5571 3274 5613 nos
3325 5563 3570 5632 excipiet,
3624 5540 3765 5649 et»...

2189 5636 2357 5682 tentus
2407 5649 2420 5684 :
2469 5632 2603 5689 hanc
2650 5651 2863 5707 semper
2897 5643 3171 5699 nobiscum
3234 5664 3560 5721 reputantes,
3610 5665 3762 5736 mal..._

2188 5719 2624 5789 C0t2Cl|lll5CClllliC
2654 5729 2979 5787 refrenemus
3019 5735 3214 5793 rabiem
3243 5785 3257 5805 ,
3286 5742 3557 5804 vincamus
3585 5757 3767 5826 carnis
