4054 6324
358 386 453 443 Ml

357 500 463 553 τῶν
494 500 671 553 πόνων
722 499 1167 571 ὐποτεμνώμεθα.
1221 496 1401 568 Ἱκανὴ
1438 497 1545 566 γάρ
1571 498 1603 565 ή
1635 496 1741 547 τῶν
1767 494 2017 565 χρηστῶν

358 586 512 650 ἐλπὶς
539 587 631 639 καί
659 587 906 641 κινδύνωι
960 586 1371 655 παρασκευάσαι
1403 583 1764 653 κατατολμᾷν,
1798 585 1925 652 μήτι
1958 598 2021 649 γε

357 672 420 743 δὴ
450 674 547 743 τῆς
569 675 768 745 ἀρετῆς
801 675 924 735 τοὺς
944 673 1136 733 πόνους
1156 672 1419 739 γενναίοις
1444 673 1700 738 ἐνεγκεῖν.
1730 670 1896 721 Ὅταν
1913 668 2021 736 γάρ

358 758 637 831 ἐννοήσῃς,
690 761 771 811 ὅτι
825 758 959 828 πρὸς
992 758 1199 829 βραχὺν
1235 758 1633 825 ἀγωνισάμενος
1670 755 1878 825 χρόνον,
1927 771 2021 807 και

358 846 456 915 τῆς
481 846 774 917 παρθενίας
797 844 888 913 τὴν
913 845 1172 913 λαμπάδα
1192 844 1421 914 φαιδρὰν
1437 844 1589 911 διατη
1599 843 1662 912 ρή
1672 834 1788 905 σας,
1808 841 2021 910 ἐκείνης

359 930 637 1000 άξιωθήσῃ
662 932 761 1001 τῆς
788 930 1060 999 μακαρίας
1093 929 1389 999 διαγωγῆς,
1414 929 1506 980 καὶ
1528 926 1606 996 τῷ
1648 926 1864 996 νυμφίῳ
1903 942 2023 978 συν-

360 1016 615 1071 εισελθεῖν
640 1016 862 1087 δυνήσῃ,
894 1018 941 1069 εἰ
971 1016 1068 1080 τὰς
1086 1016 1371 1086 λαμπάδας
1398 1014 1540 1084 ἔχοις
1569 1013 1907 1085 ἀνημμένας,
1925 1002 2037 1067 καῖ’

358 1102 561 1173 ἀρκοῦν
593 1103 822 1173 ἐχούσας
847 1103 1043 1165 ελαιον,
1066 1102 1207 1155 τοῦτ’
1236 1101 1372 1161 εστι,
1407 1102 1505 1171 τὴν
1532 1100 1639 1154 ἀπὸ
1667 1100 1776 1153 τῶν
1803 1100 2019 1169 ἀγαθῶν

358 1188 609 1256 πράξεων
632 1188 910 1257 ἐργασίαν,
943 1187 1057 1249 πῶς
1080 1187 1201 1257 οὐχὶ
1222 1185 1373 1257 [5⁵72]
1410 1186 1545 1257 μετά
1564 1188 1743 1255 πάσης
1774 1186 2020 1250 εὐκολίας

358 1274 571 1327 ἃπαντα
604 1275 671 1327 τά
704 1273 939 1343 δυσχερῆ
976 1273 1289 1343 διαδραμεῖν
1338 1274 1563 1344 δυνήσῃ,
1613 1274 1807 1327 ἐννοῶν
1847 1275 2021 1326 ἐκεῖνο

356 1361 419 1413 τδ
438 1361 586 1431 παρά
604 1361 695 1413 τοῦ
723 1360 995 1431 μακαρίου
1022 1358 1236 1413 Παύλου
1266 1360 1551 1430 εἰρημένον
1568 1376 1579 1389 ο
1599 1360 1864 1425 Εἰρήνην
1894 1358 2018 1411 διώ-

359 1454 505 1500 κετεν
510 1448 661 1515 μετὰ
692 1446 953 1510 πάντων,
992 1446 1089 1499 καί
1117 1446 1224 1499 τὸν
1254 1444 1566 1515 ἁγιασμόν,
1603 1440 1674 1499 οὗ
1704 1446 1883 1513 χωρὶς
1918 1448 2021 1499 οὐ⁶

358 1532 485 1599 δείς
520 1533 728 1601 ὄψεται
761 1533 868 1586 τὸν
891 1534 1143 1600 Κύριον;
1176 1528 1328 1593 Εἶδες
1358 1530 1475 1593 πῶς
1517 1534 1583 1601 τῇ
1610 1530 1887 1603 ἁγιωσύνῃ
1923 1531 2020 1600 τήν

360 1623 584 1693 εἰρήνην
626 1621 971 1687 συνέζευξεν;
1025 1619 1139 1674 Ἰνα
1170 1619 1280 1690 γάρ
1329 1619 1585 1689 μάθωμεν
1622 1620 1704 1671 ὅτι
1753 1619 1813 1671 οὐ
1864 1618 2021 1688 μόνον

357 1709 581 1775 ἁγνείαν
630 1708 877 1777 σώματος
909 1706 1170 1777 ἐπιζητεῖ,
1205 1705 1341 1760 άλλά
1366 1706 1461 1759 καὶ
1483 1707 1723 1776 εἰρήνην,
1754 1706 2020 1776 εὐκαίρως

356 1793 758 1863 ἐμνημόνευσεν
785 1831 801 1855 ,
869 1791 1206 1863 ἑκατέρωθεν
1253 1791 1641 1861 ἀσφαλίζεσθαι
1704 1792 2023 1863 βουλόμενος

355 1879 605 1940 ἕκαστον,
633 1879 727 1931 καὶ
754 1880 812 1931 ἐν
848 1879 1176 1932 καταστάσει
1211 1873 1349 1932 εἶναι
1386 1878 1493 1931 τῶν
1536 1878 1830 1949 λογισμῶν,
1882 1878 2021 1932 ὥστε

362 1965 629 2035 μηδεμίαν
657 1961 795 2017 εἶναι
827 1966 1069 2035 ταραχὴν
1096 1965 1130 2035 ἦ
1167 1964 1392 2034 θόρυϐον
1420 1966 1477 2018 ἐν
1504 1968 1664 2035 ήμῖν,
1698 1966 1812 2019 ἀλλ’
1841 1967 1898 2018 ἐν
1922 1982 2021 2033 γα-

358 2051 495 2123 λήνῃ
522 2052 617 2104 καί⁵
648 2050 846 2121 ήσυχία
881 2052 1109 2119 διάγειν,
1151 2053 1245 2105 καὶ
1295 2051 1431 2121 μετά
1476 2052 1693 2107 πάντων
1738 2054 2025 2124 εἰρηνικῶς

356 2138 675 2202 διακεῖσθαι,
704 2138 795 2190 καί
819 2137 1056 2207 ἡμέρους
1089 2132 1228 2191 εἶναι
1262 2137 1353 2189 καὶ
1382 2137 1586 2208 πράους
1612 2139 1703 2190 καί
1741 2139 2021 2201 ἐπιεικεῖς,

357 2223 499 2276 ὥστε
538 2223 712 2276 πάντα
731 2222 835 2292 τῆς
853 2222 1053 2293 ἀρετῆς
1081 2222 1149 2275 τά
1174 2222 1437 2293 χρώματα
1464 2222 1716 2277 ἐπανθεῖν
1747 2224 1907 2294 ήμῶν
1947 2224 2024 2295 τῷ

357 2308 652 2380 προσώπῳ.
686 2308 843 2362 Οὕτω
862 2308 971 2380 γάρ
1008 2309 1189 2362 λοιπὸν
1221 2311 1428 2379 καὶτῆς
1456 2311 1616 2380 δόξης
1639 2311 1732 2364 τοῦ
1763 2312 2025 2382 παρόντος

359 2396 477 2466 βίου
511 2396 783 2466 ύπερορᾷν
812 2395 1153 2466 δυνησόμεθα
1176 2395 1274 2467 τὴν
1307 2397 1480 2467 ἀληθῆ
1513 2396 1670 2461 δόξαν
1716 2398 2023 2467 προτιμῶν-

358 2499 467 2545 τες,
492 2482 587 2535 καὶ
612 2482 710 2552 τῆς
734 2482 1233 2553 ταπεινοφροσύνης
1260 2484 1457 2554 πολλὴν
1484 2485 1753 2538 ποιεῖσθαι
1787 2485 1886 2555 τὴν
1913 2486 2027 2538 ἐπι-

363 2568 602 2637 μέλειαν,
638 2568 732 2621 καὶ
776 2568 954 2637 πάσης
980 2568 1080 2637 τῆς
1116 2569 1211 2621 τοῦ
1258 2569 1525 2640 παρόντος
1581 2569 1698 2638 βίου
1729 2570 2025 2641 εὐημερίας

359 2655 685 2724 καταγελᾷν,
712 2655 797 2707 ἵνα
826 2654 922 2724 τῆς
958 2654 1191 2723 ἀληθοῦς
1213 2657 1307 2708 καὶ
1332 2655 1553 2724 βεϐαίας
1576 2658 1875 2735 εὐημερίας
1899 2659 2026 2710 ἀπο-

359 2738 667 2809 λαύσωμεν,
704 2741 793 2793 καί
826 2740 917 2793 τὸν
946 2740 1176 2809 Χριστὸν
1202 2741 1328 2793 ἰδεῖν
1353 2741 1793 2811 καταξιωθῶμεν.
1820 2742 2023 2797 Μακά-

356 2826 619 2894 ριοιγάρ,
645 2825 829 2896 φησὶν,
852 2828 924 2889 ,οι
958 2826 1200 2894 καθαροί
1230 2826 1305 2895 τῇ
1338 2828 1571 2896 καρδίᾳ,
1611 2829 1701 2882 ὅτι
1720 2830 1887 2883 αὐτοί
1922 2831 2029 2883 τὸν

362 2908 510 2964 Θεὸν
528 2910 797 2977 ὄψονται.
827 2908 1226 2979 Καθαρίσωμεν
1255 2911 1433 2965 τοίνυν
1481 2913 1641 2983 ήμῶν
1675 2914 1736 2966 τὸ
1770 2913 2023 2979 συνειδὸς,

364 2996 455 3049 καὶ
487 2996 622 3066 μετά
655 2996 937 3066 ἀκριϐείας
975 2997 1068 3048 τὸν
1102 2998 1307 3050 ἑαυτῶν
1364 2998 1471 3067 βίον
1518 3000 1909 3071 οἰκονομῶμεν,
1941 3001 2026 3054 ἴνα

361 3082 460 3152 τὴν
493 3081 772 3152 παροῦσαν
794 3082 937 3153 ζωήν
972 3082 1109 3152 μετά
1133 3084 1313 3154 πάσης
1336 3085 1537 3155 ἀρετῆς
1555 3086 1889 3151 ὁδεύσαντες,
1923 3087 2029 3139 τῶν

360 3168 597 3227 ἐνταῦθα
629 3170 803 3222 πόνων
834 3170 929 3233 τάς
958 3170 1188 3239 ἀμοιϐὰς
1215 3171 1399 3224 λαϐεῖν
1422 3172 1845 3242 καταξιωθῶμεν
1872 3176 1931 3228 ἐν
1952 3173 2031 3243 τῷ

368 3254 612 3324 μέλλοντι
658 3256 849 3321 αἰῶνι,
909 3256 1089 3327 χάριτι
1121 3258 1213 3311 καὶ
1251 3258 1628 3329 φιλανθρωπία
1678 3259 1772 3311 τοῦ
1822 3260 2029 3330 Κυρίου

366 3342 521 3409 ήμῶν
563 3341 737 3411 Ἰησοῦ
771 3342 1026 3413 Χριστοῦ,
1062 3344 1179 3413 μεθ’
1210 3338 1271 3397 οὐ
1297 3344 1375 3414 τῷ
1404 3346 1598 3414 Πατρὶ,
1630 3345 1745 3416 άμα
1780 3346 1857 3417 τῷ
1891 3346 2031 3414 άγίῳ

366 3429 665 3499 Πνεύματι,
697 3429 844 3495 δόξα,
876 3432 1095 3498 κράτος,
1120 3432 1275 3503 τιμή,
1304 3433 1398 3487 νῦν
1426 3436 1519 3487 καὶ
1555 3436 1662 3500 ἀεὶ,
1690 3437 1782 3489 καὶ
1803 3438 1882 3500 εἰς
1906 3437 2031 3499 τούς

365 3514 565 3579 αίῶνας
597 3516 706 3569 τῶν
726 3517 956 3570 αἰώνων.
1000 3519 1200 3588 Ἀμήν;

1006 3666 1249 3719 ΟΜΙΔΙΑ
1295 3668 1413 3722 ΔΖν.

370 3765 516 3823 Εἷπε
537 3770 604 3844 δὲ
633 3772 845 3844 Κύριος
872 3772 1019 3844 πρὸς
1059 3776 1291 3843 Ἀϐραμ·
1316 3774 1457 3844 Ἐγώ
1476 3777 1595 3843 εἰμι
1624 3780 1656 3830 d
1685 3778 1828 3843 Θεὸς
1851 3780 1884 3831 ὁ
1903 3778 2033 3843 ἐξα-

440 3840 636 3908 γαγών
664 3858 737 3894 σε
777 3842 845 3894 ἐκ
892 3840 1081 3909 χώρας
1132 3840 1460 3906 Χαλδαίων,
1503 3840 1658 3899 ὥστε
1694 3840 1905 3901 δοῦναί
1934 3840 2031 3901 σοι

440 3910 555 3975 τὴν
584 3909 701 3977 γῆν
729 3912 974 3976 ταύτην,
996 3912 1451 3980 κληρονομῆσαι
1484 3916 1703 3980 ἀϋτήν·
1737 3913 1883 3970 Εἷπε
1930 3917 2037 3969 δέ·-

439 3977 707 4032 Δέσποτσ
739 3981 933 4039 Κύριε,
965 3982 1114 4033 κατὰ
1140 3982 1195 4033 τί
1241 3984 1562 4039 γνώσομαι.
1611 3983 1698 4036 ὅτι
1754 3989 2031 4039 κλυοονο·

439 3998 707 4032 αεσποτα
739 3998 933 4047 nupta,
965 3998 1114 4033 κατα
1140 3998 1190 4033 τι
1241 3998 1562 4052 γνώσομαι,
1611 4002 1698 4036 οτι
1754 3998 1906 4053 κληρ

436 4050 612 4115 μήσω
638 4048 831 4113 αὐτήν

443 4159 507 4203 α’.
529 4153 750 4221 Μεγάλη
770 4152 866 4221 τῆς
885 4154 1033 4216 θείας
1047 4156 1309 4225 Γραφῆςή
1325 4156 1569 4226 δύναμις,
1589 4161 1681 4211 καὶ
1696 4158 1860 4222 πολὺς
1880 4163 1909 4213 δ
1925 4164 2036 4223 τοῖς

377 4242 613 4309 ῥήμασιν
661 4242 1109 4311 ἐγκεκρυμμένος
1158 4242 1380 4306 πλοῦτος
1413 4244 1521 4295 τῶν
1548 4247 1850 4315 νοημάτων.
1910 4250 1985 4299 Δι’
2009 4248 2039 4301 δ

373 4329 639 4397 προσήκει
703 4328 839 4397 μετὰ
900 4327 1183 4399 ἀκριϐείας
1234 4331 1379 4399 ἡμᾶς
1422 4332 1782 4401 προσέχοντας
1838 4332 2037 4404 πολλὴν

374 4416 642 4468 ποιεῖσθαι
662 4416 759 4484 τὴν
786 4416 1031 4485 ἔρευναν,
1055 4416 1139 4469 ἵνα
1164 4416 1356 4486 δαψιλῆ
1378 4417 1474 4487 τὴν
1500 4418 1762 4485 ὠφέλειαν
1788 4419 2037 4476 ἐντεῦθεν

377 4501 819 4574 καρπωσώμεθα.
845 4502 939 4555 Διά
967 4503 1071 4572 γάρ
1093 4503 1249 4555 τοῦτο
1272 4505 1362 4555 καὶ
1390 4505 1418 4555 ὁ
1444 4505 1676 4574 Χριστὸς
1702 4509 2037 4577 παρήγγειλε

375 4588 571 4657 λέγων,
622 4588 936 4658 Ἔρευνᾶτε
965 4590 1070 4655 τὰς
1119 4590 1390 4658 Γραφάς·
1425 4592 1510 4643 ἵνα
1550 4592 1623 4663 μὴ
1675 4593 1859 4657 ἁπλῶς
1912 4596 2038 4668 ψιλῇ

377 4678 732 4747 προσέχωμεν
768 4680 833 4747 τῇ
870 4677 1190 4744 ἀναγνώσει,
1222 4678 1355 4731 ἀλλὰ
1379 4678 1439 4731 τὸ
1470 4678 1629 4749 βάθος
1669 4681 2040 4751 ἀνιχνεύοντες

374 4764 466 4816 τὸν
496 4764 669 4833 ἀληθῆ
692 4763 790 4831 τῆς
814 4765 1033 4833 Γραφῆς
1054 4764 1177 4816 νοῦν
1207 4765 1528 4819 καταλαϐεῖν
1554 4766 1886 4839 δυνηθῶμεν.
1916 4771 2039 4825 Τοιο

377 4849 533 4903 σῦτον
563 4850 670 4920 γάρ
700 4852 796 4919 τῆς
818 4851 1037 4921 Γραφῆς
1064 4850 1123 4903 τὸ
1146 4852 1262 4915 ἔθος
1286 4868 1299 4879 ·
1328 4854 1385 4904 ἐν
1412 4852 1634 4924 βραχέσι
1664 4856 1898 4925 ῥήμασίν
1925 4860 2040 4911 ἐστι

384 4936 638 4998 πολλάκις
663 4938 840 5007 εὐρεῖν
864 4936 997 4989 πολύ
1036 4937 1239 5007 πλῆθος
1270 4940 1575 5010 νοημάτων.
1602 4940 1731 4995 Θεία
1771 4942 1878 5013 γάρ
1925 4945 2041 4997 ἐστι

378 5025 447 5078 τὰ
468 5023 792 5093 διδάγματα,
812 5023 907 5075 καί
931 5024 1030 5075 οὐκ
1047 5023 1381 5092 ἀνθρώπινα,
1409 5027 1504 5079 καὶ
1525 5026 1611 5080 διὰ
1640 5028 1796 5081 τοῦτο
1817 5031 2044 5085 ἀπεναν-

378 5112 497 5175 τίας
527 5113 590 5181 τῇ
621 5110 780 5181 σοφίᾳ
811 5112 876 5179 τῇ
914 5111 1225 5181 ἀνθρωπίνῃ
1277 5114 1456 5166 πᾶσαν
1500 5115 1665 5187 αὐτήν
1716 5118 1863 5171 ἐστιν
1917 5119 2044 5171 ἰδεῖν

383 5199 763 5269 συγκειμένην.
800 5199 909 5251 Καὶ
932 5198 1069 5262 πῶς,
1096 5199 1207 5267 ἐγὼ
1240 5199 1400 5268 λέγω.
1449 5203 1594 5255 Ἐκεῖ
1651 5204 1747 5273 μὲν
1776 5205 1905 5277 γὰρ,
1950 5207 2044 5261 ἐπὶ

382 5289 478 5358 τῆς
534 5286 877 5357 ἀνθρωπίνης
928 5287 1116 5352 σοφίας
1148 5287 1310 5355 λέγω,
1366 5291 1513 5341 πᾶσα
1557 5291 1739 5354 αὐτοῖς
1779 5294 2043 5364 ήσπουδή

384 5374 514 5445 περὶ
543 5375 637 5441 τὴν
664 5374 768 5426 τῶν
786 5372 994 5435 ’λέξεων
1026 5373 1297 5443 συνθήκην
1320 5376 1658 5446 ἐπινενόηται
1676 5394 1690 5407 '
1724 5378 1957 5433 ἐνταῦθα
1988 5379 2045 5433 δὲ

385 5460 687 5516 τούναντίον
724 5461 885 5515 ἅπαν.
918 5460 1106 5523 Οὐδεὶς
1130 5464 1195 5531 τῇ
1224 5462 1405 5531 Γραφῇ
1449 5463 1605 5530 λόγος
1656 5466 1780 5535 περὶ
1815 5466 2043 5530 κάλλους

388 5550 645 5619 ῥημάτων
675 5548 707 5617 ἥ
736 5548 1004 5617 συνθήκης
1028 5564 1039 5576 ·
1070 5547 1182 5617 ἔχει
1220 5548 1328 5617 γάρ
1355 5549 1559 5602 οἴκοθεν
1586 5551 1685 5619 τὴν
1718 5551 1864 5604 θείαν
1887 5554 2045 5623 χάριν

386 5637 724 5690 ἐπανθοῦσαν
758 5636 849 5688 καὶ
877 5638 936 5688 τὸ
968 5637 1157 5699 κάλλος
1180 5637 1246 5689 τά
1276 5636 1557 5707 λεγόμενα.
1589 5639 1760 5689 Κάκεῖ
1789 5640 1888 5707 μὲν
1910 5641 2045 5709 μετὰ

387 5722 583 5793 πολλὴν
623 5724 711 5775 καὶ
743 5723 943 5790 ἄφατον
982 5723 1245 5791 φλυαρίαν
1278 5724 1392 5776 τότε
1441 5724 1546 5776 τῶν
1578 5724 1857 5792 νοημάτων
1890 5726 2038 5798 [575]

1157 372 1212 425 S.
1256 367 1536 423 103N315
1573 362 2047 423 CIIRYSOSTOMI
2094 364 2405 417 MULIIII'IP.
2450 364 2998 421 (IUNSTXNTINUP.

3684 375 3797 429 Et!

2122 489 2238 541 ἐστὶ
2265 486 2688 557 περιδράξασθαι
2710 502 2723 516 ο
2773 486 3003 539 ἐνταῦθα
3052 486 3126 550 δέ,
3152 487 3227 549 ὡς
3261 489 3396 549 ἴστε,
3437 492 3529 539 καὶ
3563 488 3787 558 βραχεῖα

2119 577 2263 640 λέξις
2294 574 2549 635 πολλάκις
2571 574 2806 644 ἡρκεσεν
2827 575 2956 642 ἡμῖν
2985 575 3162 626 πᾶσαν
3188 574 3389 642 ὐφᾶναι
3418 575 3518 643 τήν
3539 574 3804 629 διδασκαο

2118 663 2257 716 λίαν.
2286 662 2382 715 Διά
2406 678 2486 713 τοι
2518 660 2675 714 τοῦτο
2705 660 2801 712 καὶ
2825 660 2953 729 χθὲς
2983 660 3273 730 προθέντες
3297 661 3426 728 ὑμῖν
3448 661 3516 713 τά
3550 662 3780 727 ἀνεγνω-

2120 749 2309 817 σμένα,
2338 746 2561 800 καὶτῶν
2596 746 2897 816 προοιμίων
2918 746 3205 816 ἁψάμενοι.
3233 748 3419 817 ἐπειδὴ
3448 750 3613 800 πολὺν
3640 746 3789 818 εὐρο-

2121 852 2219 904 μεν
2240 834 2349 888 τῶν
2386 833 2671 903 νοημάτων
2705 832 2795 886 τὸν
2827 833 3077 897 πλοῦτον,
3111 835 3212 885 οὐκ
3256 834 3558 902 ἰσχύσαμεν
3590 852 3790 904 περαι-

2116 917 2261 987 τέρω
2306 917 2623 988 προελθεῖν·
2668 916 2808 970 ῶστε
2851 916 2924 987 μὴ
2979 917 3057 986 τῷ
3096 916 3290 987 πλήθει
3339 918 3655 986 καταχῶσαι
3687 918 3792 989 τὴν

2120 1008 2338 1077 μνήμην
2367 1006 2539 1075 ὐμῶν,
2570 1005 2662 1058 καὶ
2688 1004 3029 1074 λυμήνασθαι
3058 1006 3170 1065 τοῖς
3196 1005 3294 1074 ήδη
3316 1005 3548 1073 ῥηθεῖσι.
3582 1006 3673 1057 Διὸ
3686 1008 3790 1075 τῆς

2116 1092 2288 1159 αὐτῆς
2319 1090 2638 1152 ἀκολουθίας
2666 1088 2903 1159 ἅψασθαι
2932 1088 3211 1159 βούλομαι,
3262 1089 3357 1140 καὶ
3409 1090 3643 1156 συνάψαι
3675 1093 3791 1155 τοῖς

2116 1178 2244 1249 χθὲς
2271 1178 2582 1249 εἰρημένοις
2608 1178 2701 1231 καὶ
2729 1178 2798 1231 τά
2836 1176 3097 1247 μέλλοντα
3132 1176 3462 1247 ῥηθήσεσθαι
3489 1218 3502 1233 .
3549 1178 3616 1229 ἶν’
3644 1177 3793 1232 οὕτω

2118 1267 2297 1319 πᾶσαν
2343 1263 2436 1316 τοῦ
2488 1262 2915 1332 ἀναγνώσματος
2974 1265 3328 1333 ποιησάμενοι
3365 1263 3463 1333 τὴν
3503 1262 3793 1332 ἐξήγησιν,

2115 1345 2288 1409 οὓτως
2319 1345 2463 1415 ὑμᾶς
2491 1344 2739 1397 ἐντεῦθεν
2768 1345 3203 1413 ἀποπέμψωμεν.
3275 1344 3433 1399 Ἀλλά
3466 1345 3793 1415 προσέχετε,

2119 1430 2439 1501 παρακαλῶ,
2470 1430 2709 1501 ἀκριϐῶς
2735 1433 2848 1493 τοῖς
2876 1430 3207 1500 λεγομένοις.
3245 1432 3305 1483 Εἰ
3330 1431 3437 1501 γάρ
3460 1433 3601 1484 καὶὸ
3630 1432 3795 1495 πόνος

2118 1514 2405 1583 ἡμέτερος,
2446 1512 2583 1566 ἀλλά
2606 1512 2667 1565 τὸ
2711 1513 2900 1583 κέρδος
2933 1513 3219 1583 ὑμέτερον,
3264 1512 3463 1583 μᾶλλον
3490 1514 3549 1563 δε
3588 1512 3793 1567 κοινόν.

2119 1599 2183 1651 Τί
2217 1599 2273 1651 δὲ
2298 1599 2439 1667 λέγω
2466 1600 2495 1651 6
2519 1600 2679 1663 πόνος
2704 1599 2970 1670 ἡμέτερος
2992 1616 3007 1663 ;
3038 1598 3207 1669 Οὐχί·
3238 1599 3373 1652 ἀλλὰ
3400 1599 3499 1667 τῆς
3534 1599 3627 1651 τοῦ
3654 1600 3800 1652 Θεοῦ

2117 1682 2336 1750 χάριτός
2357 1683 2503 1733 ἐστιν
2535 1682 2569 1751 ή
2598 1680 2794 1752 δωρεά.
2823 1680 2978 1733 Μετά
3006 1681 3278 1750 προσοχῆς
3306 1681 3484 1733 τοίνυν
3510 1679 3799 1747 ὐποδεχὼο

2122 1769 2259 1837 μεθα
2291 1770 2384 1821 καὶ
2413 1770 2573 1838 ἡμεῖς
2603 1769 2671 1821 τὰ
2711 1768 2863 1838 παρὰ
2892 1767 2986 1821 τοῦ
3022 1768 3157 1821 Θεοῦ
3177 1769 3516 1839 δωρούμενα,
3547 1770 3633 1822 ἴνα
3659 1786 3799 1841 κερ-

2118 1854 2372 1917 δάναντές
2393 1873 2445 1907 τι
2468 1856 2546 1919 εἰς
2566 1855 2665 1925 τήν
2685 1853 2826 1907 κατά
2845 1854 3024 1925 ψυχὴν
3043 1856 3332 1924 σωτηρίαν,
3352 1855 3523 1917 οὕτως
3541 1855 3802 1909 ἐντεῦθεν

2121 1942 2391 2011 ἀπίωμεν.
2416 1942 2514 1994 Διά
2548 1941 2655 2013 γάρ
2685 1940 2842 1994 τοῦτο
2870 1940 2992 1994 καθ’
3017 1940 3254 2012 ἑκάστην
3279 1941 3380 2013 τὴν
3413 1944 3802 2013 πνευματικὴν

2120 2028 2323 2097 ταύτην
2345 2028 2715 2097 παρατίθεμεν
2739 2027 2866 2096 ὑμῖν
2888 2026 3189 2097 τράπεζαν,
3212 2029 3301 2081 ἵνα
3332 2031 3397 2098 τῇ
3423 2029 3675 2101 συνεχείᾳ
3696 2030 3801 2101 τῆς

2122 2116 2492 2184 παραινέσεως
2544 2117 2637 2167 καὶ
2670 2117 2736 2184 τῇ
2777 2114 2945 2185 πολλῇ
2980 2114 3090 2167 τῶν
3143 2113 3305 2167 θείων
3330 2116 3562 2185 Γραφῶν
3595 2117 3802 2189 μελέτῃ

2122 2199 2299 2250 πᾶσαν
2315 2199 2749 2269 ἀπσιειχίσωμεν
2768 2190 2846 2268 τῷ
2870 2199 3090 2272 πονηρῷ
3109 2200 3327 2269 δαίμονι
3349 2200 3449 2271 τήν
3474 2200 3796 2270 ἐπιϐουλήν.

2124 2284 2292 2337 Ὅταν
2324 2286 2432 2355 γάρ
2467 2285 2549 2355 ίδῃ
2583 2284 2781 2356 πολλὴν
2832 2287 2981 2356 ήμᾶς
3031 2289 3158 2356 περὶ
3206 2286 3273 2338 τά
3314 2287 3662 2356 πνευματικά
3697 2289 3800 2357 τήν

2123 2369 2361 2443 σπουδὴν
2381 2372 2718 2443 τιθεμένους,
2752 2373 2813 2425 οὐ
2847 2373 3007 2442 μόνον
3036 2373 3133 2426 οὐκ
3163 2372 3503 2443 ἐπιθήσεται,
3536 2374 3652 2425 ἀλλ’
3675 2374 3801 2429 om

2123 2458 2436 2527 ἀντιϐλέψαι
2461 2458 2742 2529 τολμήσει,
2769 2458 2923 2522 εἰδὼς
2946 2462 3027 2513 ὅτι
3054 2460 3289 2529 ἀνόνητα
3311 2462 3675 2531 ἐπιχειρήσει,
3702 2462 3800 2514 καὶ

2122 2542 2261 2595 κατά
2285 2543 2383 2613 τῆς
2412 2542 2605 2596 ἐαυτοῦ
2636 2543 2875 2613 κεφαλῆς
2913 2544 3011 2614 τήν
3047 2546 3250 2615 τόλμαν
3276 2545 3623 2610 ἐπιδείξεται.
3656 2548 3797 2617 Φέρε

2120 2624 2212 2682 οῦν
2260 2629 2369 2681 τῶν
2398 2629 2521 2699 χθὲς
2568 2631 2872 2700 είρημένιιδν
2899 2632 3000 2702 τὴν
3039 2632 3361 2684 ἀκολουθίαν
3408 2633 3797 2695 ἀναλαϐόντες,

2121 2715 2229 2767 τῶν
2252 2714 2585 2785 λειπομένων
2604 2715 2701 2786 τήν
2725 2717 2984 2786 ἐξήγησιν
3011 2716 3385 2787 ποιησώμεθα.
3412 2718 3477 2770 Τί
3497 2719 3554 2771 δὲ
3573 2716 3642 2789 ἦν
3665 2720 3802 2788 ἡμῖν

2123 2802 2247 2871 χθὲς
2280 2802 2339 2854 τι
2361 2801 2653 2872 λεγόμενον
2671 2820 2685 2869 ;
2709 2803 2822 2874 Τὴν
2843 2803 3173 2872 ἐπαγγελίαν
3198 2804 3295 2875 τὴν
3316 2805 3448 2874 πρὸς
3464 2804 3555 2857 τὸν
3574 2806 3804 2876 ’Δϐραμ

2125 2889 2587 2959 περιεγράφομεν,
2643 2889 2771 2941 ἔνθα
2804 2890 3169 2961 προσέταττεν
3202 2891 3352 2959 αὐτῷ
3384 2891 3682 2961 ἀναϐλέψαι
3717 2894 3801 2947 εἰς

2122 2974 2214 3025 τὸν
2244 2974 2490 3043 οὐρανὸν,
2519 2977 2614 3026 καὶ
2637 2974 2697 3026 τὸ
2732 2975 2934 3061 πλῆθος
2962 2975 3069 3027 τῶν
3090 2976 3333 3047 ἀστέρων
3363 2976 3508 3029 ἰδεῖν.
3529 2978 3801 3045 Ἀριθμη-

2124 3078 2241 3117 σον
2264 3065 2395 3135 γάρ,
2426 3066 2578 3133 φησί,
2602 3064 2742 3131 τοὺς
2767 3066 3046 3135 ἀστέρας,
3071 3070 3121 3119 εἰ
3143 3066 3381 3133 δυνήσῃ
3401 3064 3802 3135 ἐξαριθμῆσαι

2126 3152 2365 3217 αὐτούς.
2404 3152 2513 3205 Καὶ
2552 3152 2756 3205 εἶπεν-ο
2816 3153 3013 3216 Οὕτως
3066 3152 3237 3205 ἔσται
3284 3152 3350 3205 τὸ
3381 3152 3617 3220 σπέρμα
3655 3168 3797 3207 σου.

2130 3234 2259 3291 Εἶτα
2292 3238 2613 3292 δεικνύουσα
2663 3239 2793 3309 ήμῖν
2828 3240 2861 3309 ή
2915 3238 3035 3291 θεία
3088 3239 3277 3309 Γραφὴ
3309 3238 3409 3307 τῆς
3442 3238 3666 3307 γνώμης
3702 3236 3802 3291 τοῦ

2130 3325 2468 3397 πατριάρχου
2503 3325 2562 3378 τὸ
2592 3325 2859 3394 φιλόθεον,
2884 3326 2975 3378 καί
3001 3327 3080 3378 ὅτι
3117 3325 3251 3395 πρὸς
3279 3324 3368 3376 τὸν
3397 3324 3804 3395 ἐπαγγειλάμε-

2128 3431 2216 3466 νον
2236 3413 2397 3485 δρῶν,
2423 3414 2516 3466 καὶ
2544 3414 2642 3483 τὴν
2662 3413 2891 3481 δύναμιν
2918 3411 3012 3463 τοῦ
3038 3411 3411 3481 ὑποσχομένου
3440 3412 3657 3471 ἐννοῶν,
3680 3411 3803 3463 ἐπί-

2130 3517 2283 3553 στευε
2331 3503 2443 3564 τοῖς
2474 3501 2805 3571 εἰρημένοις,
2838 3499 3004 3569 φησί·
3040 3499 3147 3551 Καὶ
3184 3499 3551 3553 ἐπίστευσεν
3584 3500 3804 3567 Ἀϐίαμ

2128 3583 2208 3648 τῷ
2242 3582 2389 3648 Θεῷ,
2424 3584 2523 3636 καί
2548 3584 2835 3652 ἐλογίσθη
2860 3582 3020 3646 αὐτῷ
3044 3583 3131 3647 εἰς
3169 3581 3583 3649 δικαιοσύνην.
3621 3582 3806 3653 Μέχρι

2128 3671 2315 3723 τούτου
2337 3671 2462 3740 χθὲς
2490 3670 2753 3735 εἰπόντες,
2787 3669 2887 3722 οὐκ
2932 3668 3227 3738 ἰσχύσαμεν
3260 3669 3569 3741 περαιτέρω
3607 3670 3807 3739 προελ-

2130 3756 2263 3820 θεῖν,
2297 3758 2364 3810 δι’
2387 3758 2415 3810 ὃ
2440 3760 2735 3824 ἀναγκαῖον
2760 3757 2827 3809 τά
2856 3756 2982 3826 ἑξῆς
3010 3758 3329 3823 ἐπαγαγεῖν.
3363 3756 3427 3808 Τί
3456 3757 3565 3826 γάρ
3599 3774 3804 3826 φησιν;

2126 3842 2271 3898 Ehe
2294 3844 2363 3897 δὲ
2382 3846 2596 3912 Κύριος
2614 3845 2761 3912 ,πρὸς
2788 3846 3001 3912 Ἀϐραμ
3022 3861 3035 3875 θ
3077 3842 3217 3913 Ἐγώ
3239 3845 3355 3910 ειμι
3379 3846 3409 3896 ὀ
3440 3842 3585 3909 Θεὸς
3607 3846 3639 3897 ό
3662 3843 3806 3906 ἑξα-

2131 3930 2328 4000 γαγών
2350 3946 2423 3985 σε
2454 3931 2521 3984 ἐκ
2551 3930 2662 3999 τῆς
2684 3930 2877 3999 χώρας
2899 3929 3231 3991 Χαλδαίων,
3266 3926 3422 3981 ὥστε
3450 3928 3668 3983 δοῦναί
3704 3947 3807 3984 σοι

2131 4019 2247 4086 τὴν
2277 4017 2395 4088 γῆν
2421 4019 2667 4085 ταύτην,
2704 4014 3158 4085 κληρονομῆσαι
3210 4013 3423 4088 (κλειτήν.
3476 4015 3619 4086 Ὅρα
3667 4018 3807 4070 Θεοῦ

2135 4106 2563 4174 συγκατάϐασιν,
2596 4107 2713 4170 πῶς
2746 4104 2911 4160 αὐτοῦ
2937 4104 3183 4176 βούλεται
3214 4078 3314 4174 ἐῆν
3357 4103 3539 4156 πίστιν
3572 4103 3808 4173 βεϐαιῶ-

2138 4212 2249 4259 σαι,
2278 4197 2372 4249 καῖ
2402 4198 2607 4258 πεῖσαι,
2637 4194 2837 4264 πολλὴν
2865 4193 3005 4263 ἔχειν
3034 4191 3132 4262 τὴν
3157 4191 3526 4262 πληροφορίαν
3548 4193 3810 4262 περὶτῶν

2138 4278 2586 4349 ἐπηγγελμένων,
2617 4277 2900 4347 μονονουχὶ
2923 4275 3127 4343 λέγων’
3179 4274 3445 4344 μνήσθητι
3484 4274 3567 4326 ὅτι
3596 4273 3707 4342 ἐγώ
3744 4292 3805 4329 σε

2134 4366 2344 4418 οἴκοθεν
2366 4365 2659 4433 ἀνέστησα.
2701 4364 2831 4416 Ἰδοὺ
2862 4362 2929 4415 τά
2950 4362 3100 4433 παρά
3124 4360 3215 4413 τοῦ
3243 4360 3377 4415 Θεοῦ
3406 4361 3641 4429 ρηθέντα
3664 4362 3808 4420 κατά

2135 4451 2224 4505 τὸν
2254 4450 2597 4520 πατριάρχην
2620 4450 2682 4503 σύ
2693 4465 2887 4520 μφωνα
2912 4447 3183 4502 δείκνυται
3205 4450 3317 4511 τοῖς
3332 4447 3483 4519 παρά
3508 4447 3601 4501 τοῦ
3625 4468 3805 4519 μακα-

2139 4538 2256 4608 ρίου
2286 4537 2557 4604 Στεφάνου
2588 4536 2922 4607 εἰρημένοις,
2944 4536 3026 4587 δτι
3054 4534 3149 4589 καὶ
3168 4533 3397 4599 οίκοθεν,
3424 4535 3515 4587 καὶ
3550 4535 3610 4600 ἐξ
3638 4537 3809 4607 αὐτῆς

2137 4627 2236 4697 τῆς
2267 4625 2540 4689 Χαλδαίας
2568 4625 2663 4678 τοῦ
2696 4624 2967 4677 Δεσπότου
3004 4623 3065 4677 τὸ
3111 4624 3439 4693 πρόσταγμα
3484 4623 3645 4676 αὐτὸν
3674 4625 3808 4677 ἀνα-

2141 4711 2328 4781 στῆναι
2361 4710 2759 4780 παρεσκεύασε.
2791 4710 2902 4763 Kal
2924 4711 2988 4780 τῇ
3024 4708 3211 4762 τούτου
3249 4709 3444 4781 γνώμῃ
3489 4709 3754 4779 ἑπόμενος
3782 4714 3811 4765 ὸ

2140 4800 2342 4871 πατὴρ,
2374 4799 2622 4870 καθάπερ
2646 4800 2740 4852 καὶ
2772 4798 3075 4867 φθάσαντες
3101 4796 3348 4868 εἴπομεν,
3389 4800 3436 4850 εἰ
3465 4798 3558 4851 καὶ
3579 4798 3817 4862 ἄπιστος,

2138 4883 2227 4959 ῆν,
2255 4886 2368 4940 ἀλλ’
2396 4884 2491 4941 οὖν
2527 4885 2765 4955 μεγάλην
2808 4884 3063 4937 ὑπόθεσιν
3100 4883 3297 4955 δεσμοῦ
3327 4885 3388 4937 τὸ
3422 4884 3643 4955 φίλτρον
3668 4886 3809 4956 ἔχων

2138 4976 2199 5029 τὸ
2229 4975 2357 5046 περὶ
2384 4973 2564 5036 αὐτὸν,
2598 4970 2881 5041 ἠκολούθει
2909 4972 3001 5024 καὶ
3025 4970 3191 5041 ἐξῄει.
3236 4968 3668 5043 ’Υπομιμνήσκει
3694 4975 3809 5029 τοι.

2144 5080 2239 5119 νυν
2270 5061 2434 5115 αὐτὸν
2466 5060 2559 5113 ἐπὶ
2590 5058 2683 5113 τοῦ
2728 5058 3018 5129 παρόντος,
3056 5059 3187 5130 ὅσην
3222 5060 3285 5111 ἐκ
3332 5062 3629 5130 προοιμίων
3657 5060 3808 5136 [5741

2143 5153 2433 5220 ἐποιήσατο
2470 5148 2599 5219 περ)⁵
2646 5146 2808 5201 αὐτὸν
2848 5146 2945 5217 τήν
2984 5147 3263 5218 πρόνοιαν,
3306 5147 3482 5217 δηλῶν
3520 5149 3689 5219 αὐτῷ,
3726 5152 3809 5206 ὃτι

2146 5238 2355 5308 μεγάλα
2401 5235 2523 5289 τινά
2583 5234 2713 5305 περὶ
2758 5233 2921 5287 αὐτοῦ
2983 5232 3402 5303 βουλευόμενος,
3456 5235 3549 5286 καὶ
3603 5236 3808 5301 ταύτας

2144 5322 2309 5374 θέλων
2346 5320 2444 5382 τάς
2475 5320 2793 5389 ὑποσχέσεις
2841 5318 2975 5389 πρὸς
3009 5318 3168 5373 αὐτὸν
3197 5319 3523 5388 ποιήσασθαι
3578 5321 3675 5373 καί
3729 5323 3808 5385 εἰς

2143 5404 2300 5475 ἔργον
2328 5404 2575 5470 ἀγαγεῖν,
2602 5401 2868 5471 τοσαύτην
2908 5402 3024 5455 ὁδὸν
3061 5401 3305 5455 διανύσαι
3335 5402 3607 5473 ἐποίησεν.
3671 5393 3811 5473 ἰ-Ττώ

2142 5490 2257 5556 εἰμι
2288 5489 2320 5540 ὀ
2343 5484 2651 5553 ἐξαγαγών
2677 5500 2751 5538 σε
2804 5486 2871 5538 ἐκ
2924 5485 3033 5554 τῆς
3085 5484 3278 5553 χιίιρας
3318 5484 3435 5538 τῶν
3472 5486 3807 5550 Χαλδαίων,

2143 5568 2353 5625 δοῦναί
2389 5583 2489 5621 σοι
2521 5566 2635 5633 τὴν
2664 5566 2777 5635 γῆν
2813 5568 3057 5633 ταύτην,
3105 5567 3553 5636 κληρονομῆσαι
3591 5568 3817 5636 αὐτή(-

2145 5652 2234 5718 Μὴ
2280 5649 2388 5720 γάρ
2417 5632 2600 5710 ἁπλῶς
2632 5632 2687 5701 σε
2726 5632 2937 5701 ἐκεῖθεν
2967 5632 3272 5717 ἀνέστησας
3434 5632 3549 5719 ’γάρ
3576 5632 3705 5705 ὐἰκῆ
3721 5633 3815 5720 ξαξῖι

2155 5734 2329 5799 μάτην
2352 5730 2595 5785 ἐνθεῦθέν
2644 5748 2699 5783 σε
2746 5733 2979 5799 ήγαγον;
3028 5733 3122 5785 Διά
3178 5733 3328 5786 τοῦτό
3371 5750 3429 5785 σε
3486 5717 3821 5795 κῖαταλαδεῖν
