4054 6324
225 394 328 451 341

229 519 409 561 matus
439 507 747 562 indecentes
761 516 814 562 et
840 520 934 575 spe
960 503 1222 558 mercedis
1250 502 1487 555 laborum
1521 499 1822 554 molestiam

226 601 594 655 sublevemus.
641 600 846 656 Sufﬁcit
887 599 1029 654 enim
1058 597 1322 651 bonorum
1365 609 1510 664 spes,
1570 603 1626 645 ut
1663 593 1823 644 etiam

231 690 470 760 pericula
492 689 746 743 audacter
768 687 1139 758 aggrediamur
1168 701 1182 738 :
1205 695 1407 753 quanto
1433 683 1599 750 magis
1630 690 1685 734 ut
1713 678 1825 734 vir-

230 780 362 832 tutis
389 780 600 833 labores
643 778 850 832 fortiter
889 777 1162 832 feramus?
1192 774 1412 842 Quando
1460 776 1602 826 enim
1643 772 1826 825 animo

229 885 442 933 vessas,
475 871 518 923 si
547 869 613 925 ad
665 871 824 924 breve
855 877 1065 940 tempus
1101 867 1412 931 certaveris,
1470 877 1524 919 et
1572 862 1827 933 fulgidam

229 964 534 1018 servaveris
577 963 894 1031 virginitatis
939 960 1275 1029 lampadem,
1324 967 1375 1012 te
1418 957 1623 1010 beatam
1664 955 1828 1008 vitam

227 1063 692 1123 crottscqnutnrum
720 1067 860 1116 esse,
905 1061 1109 1106 etcum
1153 1063 1352 1119 sponso
1407 1048 1605 1116 intrare
1647 1061 1824 1116 posse.

229 1143 395 1198 modo
422 1158 676 1199 accensas
698 1143 891 1196 habeas
919 1139 1211 1210 lampades,
1239 1147 1295 1196 et
1316 1137 1590 1192 suﬂlcieus
1611 1136 1825 1198 oleum;

231 1236 498 1290 bonorum
529 1250 753 1305 operum
803 1235 1066 1288 actionem
1087 1271 1103 1296 ,
1137 1231 1354 1308 inquam
1383 1246 1397 1283 :
1425 1227 1693 1302 quomodo
1721 1241 1827 1279 non

227 1342 356 1381 cum
387 1328 530 1381 omni
565 1327 812 1380 facilitate
838 1324 1069 1379 difﬁcilia
1099 1322 1278 1377 omnia
1330 1331 1693 1375 transcurrere
1733 1333 1830 1386 po-

231 1419 386 1482 teris,
411 1417 652 1486 cogitans
694 1415 820 1470 illud
849 1415 990 1484 quod
1019 1429 1048 1468 a
1085 1413 1244 1468 beato
1271 1410 1436 1466 Paulo
1464 1409 1666 1464 dictum
1703 1418 1780 1462 est
1810 1422 1824 1460 :

231 1507 424 1562 Pacem
453 1509 707 1562 sectemini
729 1524 842 1561 cum
865 1507 1116 1573 omnibus,
1148 1514 1197 1559 et
1219 1504 1690 1570 sanctificationem,
1722 1502 1832 1553 sine

227 1615 336 1668 qua
365 1599 536 1651 nullus
563 1599 744 1653 videbit
796 1597 1070 1651 Dominum
1112 1596 1299 1663 (Hebr.
1330 1594 1419 1649 12.
1468 1592 1610 1664 f4)?
1642 1593 1827 1646 Vidisti

228 1690 503 1760 qumnodo
558 1689 966 1744 sanctiticationi
1012 1702 1195 1758 pacem
1245 1683 1567 1767 οοιιᾸιιηχὶιζ
1613 1683 1744 1737 Nam
1775 1691 1830 1735 ιιι

230 1781 466 1834 sciamus
486 1795 610 1835 eum
631 1795 735 1833 non
763 1780 936 1834 solum
956 1779 1196 1848 corporis
1221 1776 1502 1846 puritatem
1532 1775 1827 1843 requirere,

233 1870 329 1923 sed
354 1882 402 1923 et
432 1885 639 1938 paeezn,
673 1871 787 1924 huic
810 1877 1107 1939 Opportune
1129 1875 1538 1927 commemorat,
1583 1864 1832 1932 utrinque

235 1958 425 2012 volens
475 1959 705 2023 munire,
759 1967 909 2012 utet
958 1957 1308 2028 cogitationes
1344 1955 1614 2018 sedemus,
1658 1955 1727 2007 ita
1777 1963 1831 2006 ut

235 2049 379 2103 nulla
405 2049 477 2104 sit
509 2051 559 2103 in
606 2049 760 2104 nobis
815 2048 1065 2111 turbatio,
1096 2047 1378 2116 nullusque
1417 2044 1674 2098 tumultus
1702 2061 1714 2096 :
1738 2042 1830 2098 sed

235 2141 288 2193 in
320 2140 700 2211 tranquillitate
725 2152 778 2194 et
805 2140 983 2208 quiete
1016 2152 1326 2201 versemur,
1355 2146 1410 2190 et
1442 2149 1564 2189 cum
1585 2133 1833 2188 erunibus

236 2233 455 2303 pacitlce
474 2247 698 2303 agamus
720 2243 773 2286 et
795 2231 1056 2286 mansueti
1079 2231 1244 2284 simus
1266 2239 1319 2283 et
1337 2228 1494 2282 mites
1512 2235 1567 2281 et
1594 2225 1830 2290 lmmani,

234 2337 396 2397 atque
437 2326 572 2380 adeo
604 2335 660 2380 ut
686 2339 874 2380 omnes
903 2325 1119 2378 virtutis
1145 2325 1355 2378 colores
1385 2324 1435 2375 in
1476 2321 1612 2375 facie
1649 2331 1832 2373 nostra

235 2419 508 2473 reluceant
543 2418 616 2473 lla
635 2418 774 2470 enim
797 2417 1049 2486 deinceps
1070 2415 1357 2484 etgloriam
1382 2413 1663 2485 praesentis
1685 2411 1829 2476 vitio,

236 2507 532 2576 poterimus
559 2507 839 2576 despicere
884 2521 1069 2560 veram
1097 2505 1322 2576 gloriam
1374 2502 1747 2574 przel’crentes,
1780 2510 1835 2554 et

235 2597 550 2651 humilitatis
577 2596 834 2666 majorem
863 2595 1058 2650 habere
1085 2611 1290 2661 curam,
1317 2595 1596 2664 ridereque
1617 2606 1832 2646 onmem

237 2689 514 2756 pmsentis
544 2689 665 2741 vita:
690 2688 1119 2756 prosperitatem,
1145 2695 1202 2741 ut
1233 2701 1351 2741 vera
1381 2695 1436 2741 et
1465 2684 1632 2739 so'ida
1662 2682 1832 2738 felici-

237 2787 346 2832 tate
393 2778 652 2843 fruamur,
693 2788 748 2831 et
769 2776 1045 2832 Christum
1085 2778 1270 2832 videre
1321 2790 1641 2830 mercamur.
1687 2771 1834 2825 Beati

233 2868 403 2932 enim,
435 2868 624 2935 inquit,
665 2867 780 2936 puri
801 2869 972 2936 corde,
999 2871 1238 2939 quoniam
1281 2865 1379 2936 ipsi
1405 2865 1570 2918 Deum
1600 2859 1836 2918 videbunt

234 2957 452 3027 (Matth.
481 2959 535 3013 5.
568 2958 650 3028 8).
677 2958 1030 3013 Puritlcemus
1077 2959 1253 3027 itaque
1283 2967 1518 3012 nostram
1551 2955 1831 3010 conscien-

237 3051 388 3116 tiam,
410 3060 466 3102 et
510 3064 698 3118 inagna
745 3064 870 3103 cura
896 3050 1059 3103 vitam
1095 3058 1330 3101 nostram
1365 3047 1746 3117 gubernemus,
1777 3053 1837 3098 ut

234 3158 358 3198 cum
385 3155 704 3212 praesentem
728 3143 887 3196 vitam
917 3143 969 3196 in
997 3143 1141 3196 omni
1162 3143 1414 3194 virtutum
1433 3154 1630 3209 genere
1656 3149 1835 3192 trans-

236 3233 479 3298 ierimus,
526 3233 713 3286 horum
742 3232 980 3287 laborum
1007 3231 1227 3301 przcmia
1252 3246 1556 3285 mereamur
1593 3229 1838 3299 accipere

239 3326 292 3376 in
329 3322 507 3377 futuro
527 3323 746 3387 sarculo,
771 3323 935 3392 gratia
965 3332 1018 3375 ct
1037 3321 1402 3375 misericordia
1434 3320 1642 3374 Domini
1669 3320 1834 3373 nostri

237 3413 368 3469 Jesu
389 3413 610 3478 Christi,
644 3415 726 3466 cui
753 3428 874 3467 cum
910 3412 1066 3465 Patre
1095 3421 1148 3465 et
1176 3421 1364 3464 sancto
1391 3410 1591 3478 Spiritu
1618 3411 1688 3463 sit
1715 3409 1834 3478 glo-

239 3503 342 3569 ria,
371 3503 675 3572 imperiunr,
720 3503 914 3569 honor,
943 3518 1084 3556 nunc
1132 3509 1450 3570 etsemper,
1481 3510 1536 3555 et
1564 3502 1613 3553 in
1641 3500 1836 3554 szecula

241 3596 583 3652 surculorum.
621 3599 811 3649 Amen.

742 3685 1015 3740 IIOMILIA
1071 3684 1334 3738 XXXVII.

244 3776 580 3832 Dixit-autem
609 3779 653 3830 ei
681 3793 700 3831 :
728 3777 839 3848 Ego
889 3794 1002 3831 sum
1029 3776 1166 3829 Deus
1184 3815 1199 3840 ,
1231 3777 1314 3846 qui
1359 3774 1507 3828 eduxi
1538 3784 1585 3826 te
1610 3773 1672 3825 de
1701 3784 1838 3827 terra

316 3868 694 3932 Chaldaeorum,
725 3879 777 3921 ut
822 3869 996 3922 darem
1025 3870 1114 3922 tibi
1143 3879 1328 3921 terram
1357 3868 1508 3932 hanc,
1537 3875 1592 3919 ut
1617 3867 1670 3919 in
1696 3866 1838 3919 here-

316 3959 525 4013 ditatem
552 3959 814 4028 possideas
843 3975 976 4012 eam.
1005 3957 1146 4012 Dixit
1166 3967 1334 4011 autem
1373 3974 1392 4012 :
1441 3956 1676 4022 Domine,
1723 3954 1837 4010 Do-

316 4051 450 4103 mine
467 4091 483 4116 ,
508 4050 781 4104 secundum
799 4050 921 4120 quid
950 4065 1248 4120 cognoscam
1273 4049 1408 4119 quod
1434 4050 1485 4102 in
1512 4048 1841 4103 hereditatem

315 4142 562 4211 accipiam
586 4157 696 4194 eam
723 4139 871 4212 (Gen.
899 4143 985 4196 15.
1017 4158 1063 4196 ιι.
1099 4143 1150 4216 7,.
1184 4142 1276 4211 c)?

319 4234 371 4288 1.
402 4233 687 4304 Scriptura
711 4236 884 4288 virtus.
913 4234 1099 4288 Divina
1125 4236 1363 4306 dogmata
1382 4243 1623 4304 quantum
1657 4233 1840 4285 huma-

246 4326 327 4379 nis
380 4323 702 4380 antecellunt.
747 4355 818 4366 ——
859 4327 1044 4397 Magna
1103 4327 1298 4382 divina:
1338 4327 1627 4397 Scriptura:
1674 4327 1840 4381 virtus

246 4427 349 4485 est,
376 4418 631 4472 ctmultas
657 4419 709 4472 in
754 4419 936 4472 verbis
981 4422 1146 4474 latent
1191 4420 1574 4474 sententiarum
1613 4420 1836 4474 divitiae.

250 4506 374 4562 Ideo
419 4523 513 4577 par
545 4518 627 4563 est
671 4517 730 4563 ut
774 4508 1055 4578 diligenter
1110 4510 1465 4576 intendamus,
1509 4518 1566 4565 et
1613 4510 1840 4566 sollicite

249 4611 572 4669 scrutemur,
617 4618 725 4673 quo
751 4605 1066 4673 ampliorem
1100 4605 1384 4660 utilitatem
1416 4605 1542 4660 inde
1571 4606 1840 4676 percipia-

251 4707 392 4750 tnus.
419 4681 796 4764 Nam‘propter
817 4694 919 4748 hoc
944 4706 996 4749 et
1023 4695 1268 4750 Christus
1315 4689 1793 4766 pra-ccpit,dicens
1824 4715 1837 4752 :

251 4785 562 4842 Scrutamini
600 4784 895 4856 Scripturas
939 4785 1116 4856 (Joan.
1164 4787 1217 4841 5.
1244 4787 1347 4857 59)
1380 4805 1391 4837 :
1418 4795 1604 4841 utnon
1635 4797 1838 4842 tantunt

252 4874 410 4930 nudae
441 4875 664 4929 lectioni
715 4889 985 4950 vacemus,
1028 4877 1121 4930 sed
1166 4876 1476 4945 profundius
1516 4887 1837 4942 scrutantes,

250 4983 440 5031 verum
471 4951 1003 5036 Scriptum‘sensum
1046 4971 1323 5038 percipere
1361 4970 1656 5024 valeamus.
1697 4969 1842 5025 Talis

250 5058 394 5112 enim
423 5056 713 5126 Scriptura:
758 5072 875 5111 mos
924 5066 1028 5122 est,
1053 5069 1110 5112 ut
1139 5068 1192 5112 et
1219 5060 1270 5112 in
1318 5060 1492 5128 parvis
1521 5061 1697 5115 verbis
1729 5062 1844 5129 plu-

252 5148 389 5203 rima
441 5161 597 5217 sape
636 5147 920 5201 multitudo
971 5163 1222 5202 sensuum
1270 5151 1588 5204 inveniatur.
1656 5152 1840 5207 Divina

249 5239 392 5294 enim
414 5248 540 5292 sunt
565 5233 834 5307 dogmata,
864 5254 968 5293 non
997 5238 1246 5306 humana,
1277 5252 1331 5294 et
1358 5251 1573 5312 propter
1600 5243 1701 5295 hoc
1727 5257 1843 5296 om-

251 5344 371 5384 nem
404 5328 549 5384 illam
578 5329 759 5384 videre
806 5330 929 5384 licet
965 5344 1121 5385 secus
1151 5345 1208 5384 se
1247 5331 1442 5386 habere
1469 5347 1626 5402 quam
1655 5332 1845 5386 buma-

251 5437 374 5476 nam
411 5421 746 5491 sapientiam.
793 5424 857 5476 Et
886 5425 1154 5493 quomodo
1186 5426 1308 5490 hoc,
1339 5441 1439 5496 ego
1487 5427 1682 5480 diram.
1732 5425 1844 5481 Illic

250 5515 416 5580 enim,
446 5517 498 5569 in
527 5514 756 5570 humana
785 5517 1040 5587 sapientia
1087 5517 1225 5582 dico,
1259 5533 1421 5572 omne
1451 5520 1686 5573 studium
1713 5534 1842 5573 con-

253 5607 532 5663 cinnandis
552 5608 730 5663 verbis
757 5608 1050 5662 adhibitum
1072 5621 1154 5663 est
1190 5625 1204 5664 :
1234 5611 1317 5664 hic
1342 5627 1465 5664 vero
1496 5627 1715 5680 prorsus
1745 5613 1842 5665 ali-

257 5710 357 5755 ter.
387 5699 598 5755 Nullam
648 5701 937 5771 Seriptnra:
971 5701 1166 5755 habent
1208 5702 1465 5756 rationem
1497 5703 1841 5770 pulchritudi-

258 5796 340 5852 nis
360 5796 444 5851 vel
481 5795 879 5868 compositionis
908 5795 1189 5851 verborum
1239 5811 1250 5845 :
1293 5794 1487 5850 habent
1527 5798 1666 5851 enim
1701 5799 1750 5852 in
1781 5815 1838 5854 se

1269 388 1332 443 IN
1371 387 1524 443 CAP.
1570 385 1684 441 XV.
1719 383 1961 440 GENES.
1989 382 2216 439 HOMIL.
2262 381 2522 449 XXXVII.

3433 383 3538 440 553

1935 495 2169 550 divinam
2183 494 2404 565 gratiam
2418 494 2780 565 eﬂ‘ulgentcm,
2808 505 2855 548 et
2876 495 3322 563 pulchritudinem
3345 497 3396 550 in
3423 498 3534 566 ipsa

1933 591 2216 642 verborum
2248 589 2453 643 ratione
2484 588 2664 642 sitam.
2691 588 2754 641 Et
2787 589 2893 641 illic
2927 588 3142 657 quidem
3176 597 3296 656 post
3321 590 3534 658 Ioogam

1934 696 1986 739 et
2033 687 2297 754 ingentem
2365 683 2720 753 nugacitatem
2769 681 2965 751 aliquid
3008 697 3199 735 sensus
3248 681 3523 750 percipere

1933 787 2014 830 εει
2040 793 2051 828 ;
2084 775 2167 828 hic
2188 785 2388 839 autem,
2410 784 2467 829 ut
2487 773 2653 837 scitis,
2684 773 2846 826 etiam
2877 787 3037 841 parva
3075 771 3244 825 dictio
3278 785 3422 840 saepe
3446 779 3532 823 to-

1936 876 2046 919 tum
2077 865 2231 918 nobis
2260 865 2518 919 doctrinm.
2545 878 2855 918 sermonem
2895 861 3189 916 contexuit.
3242 861 3535 929 Propterea

1935 969 1989 1014 ct
2016 959 2151 1020 heri,
2183 958 2451 1029 proposita
2482 958 2630 1011 vobis
2659 958 2950 1026 Scriptura:
2974 955 3227 1016 lectione,
3261 955 3363 1009 sub
3412 955 3532 1024 ipso

1934 1051 2183 1114 exordio,
2213 1052 2334 1119 quia
2349 1050 2571 1103 multum
2592 1050 2895 1104 invenimus
2916 1063 3173 1103 sensuum
3199 1049 3537 1109 thesaurum,

1936 1157 2042 1195 non
2074 1142 2344 1210 potuimus
2371 1141 2509 1195 ultra
2539 1140 2810 1212 progredi,
2841 1151 2898 1194 ut
2933 1155 2998 1194 ne
3040 1140 3308 1193 dictorum
3351 1137 3538 1191 multi-

1937 1233 2124 1287 tudine
2156 1233 2470 1287 memoriam
2512 1243 2745 1286 vestram
2773 1232 3145 1292 (IDI‘Ut'I‘CIIluS,
3175 1239 3228 1283 ct
3249 1230 3360 1298 jam
3393 1229 3539 1282 dicta

1934 1322 2359 1376 obliteraremus.
2421 1321 2542 1376 Ideo
2584 1322 2828 1376 eamdem
2881 1321 3080 1374 seriem
3110 1321 3408 1388 attingere,
3445 1319 3538 1372 Ite-

1934 1413 2240 1482 steruisque
2267 1413 2425 1468 dictis
2449 1428 2512 1468 ea
2536 1429 2655 1488 quae
2698 1414 2857 1467 hodie
2901 1413 3124 1468 dicenda
3156 1421 3279 1466 sunt
3306 1412 3427 1464 Volo
3447 1425 3538 1466 co-

1937 1504 2122 1573 pulare
2145 1545 2160 1568 ,
2195 1513 2253 1558 ut
2291 1503 2360 1558 ita
2407 1513 2650 1558 enarrata
2675 1504 2904 1558 lectione
2947 1511 3057 1557 tota
3087 1517 3182 1556 vos
3212 1503 3334 1555 hinc
3361 1501 3544 1556 dimit-

1939 1603 2066 1644 tam.
2094 1592 2222 1656 Sed,
2252 1608 2371 1658 oro,
2398 1590 2467 1647 iis
2482 1594 2871 1662 qtuedicuntur
2891 1593 3197 1648 auscultate
3235 1593 3536 1662 diligenter.

1936 1686 2068 1740 Nam
2096 1688 2196 1741 etsi
2222 1687 2372 1740 labor
2414 1693 2617 1751 noster,
2648 1686 2846 1741 utilitas
2883 1696 3058 1739 tamen
3090 1697 3264 1740 ves:ra
3294 1695 3397 1750 est,
3432 1685 3545 1738 imo

1935 1777 2255 1838 communis.
2288 1777 2351 1830 Et
2372 1777 2503 1845 quid
2526 1775 2647 1830 dico
2679 1776 2827 1829 labor
2846 1774 3070 1829 noster?
3099 1774 3317 1828 Minime
3348 1783 3533 1840 certe;

1937 1867 2031 1922 sed
2063 1869 2259 1921 donum
2283 1877 2358 1922 est
2388 1869 2572 1937 gratia:
2604 1867 2719 1920 Dei.
2742 1865 2878 1920 Cum
2908 1851 3203 1920 attentiOne
3233 1866 3392 1936 igitur
3418 1881 3540 1920 sus-

1935 1961 2198 2031 cipiamus
2234 1975 2295 2013 ea
2323 1976 2440 2028 qum
2460 1976 2490 2013 a
2517 1959 2623 2014 Deo
2644 1960 2933 2024 donantur,
2954 1967 3010 2012 ut
3045 1960 3167 2013 hinc
3189 1957 3534 2013 lucrifacicn-

1939 2061 2017 2107 tes
2061 2053 2256 2123 aliquid
2309 2053 2361 2106 in
2413 2053 2708 2106 animarum
2760 2052 3037 2116 salutem,
3093 2050 3218 2105 inde
3260 2052 3553 2139 abeamus5

1938 2143 2062 2199 Ideo
2084 2144 2226 2199 enim
2250 2144 2488 2213 quotidie
2508 2142 2841 2210 spiritualem
2874 2141 3013 2195 hanc
3041 2142 3194 2194 vobis
3221 2140 3544 2209 apponimus

1939 2247 2202 2301 mensam,
2228 2242 2285 2287 ut
2304 2233 2668 2288 admonitione
2695 2232 2948 2286 continua
2974 2239 3028 2284 et
3055 2233 3218 2285 multa
3236 2231 3538 2285 divinarum

1936 2325 2330 2396 Scripturarum
2371 2323 2716 2377 meditatione
2752 2337 2944 2395 omnes
2988 2323 3207 2391 maligni
3262 2321 3528 2375 dmmonis

1937 2416 2286 2470 excludamns
2330 2415 2574 2470 insidias.
2608 2414 2740 2469 Cum
2772 2416 2916 2469 enim
2964 2430 3060 2468 nos
3087 2415 3281 2469 viderit
3311 2401 3539 2468 multum

1938 2506 1990 2560 in
2025 2506 2390 2575 spiritualibus
2441 2505 2712 2575 occupari,
2755 2517 2861 2560 non
2918 2506 3091 2560 solum
3143 2520 3250 2559 non
3305 2504 3544 2570 invadet,

1938 2597 2032 2650 sed
2077 2611 2249 2665 neque
2278 2595 2490 2650 obtueri
2519 2596 2738 2650 audebit
2767 2613 2780 2648 :
2811 2596 2988 2650 sciens
3015 2609 3073 2649 se
3112 2595 3163 2648 in
3200 2609 3394 2648 vanum
3429 2609 3546 2647 mo-

1943 2685 2048 2748 liri,
2073 2695 2127 2739 et
2156 2686 2413 2740 adversus
2441 2695 2602 2756 caput
2640 2701 2796 2740 suum
2839 2702 3006 2740 ausus
3047 2701 3175 2740 suos
3203 2692 3545 2742 convertere.

1939 2779 2051 2847 Age
2072 2777 2229 2846 igitur
2249 2776 2317 2831 he
2349 2777 2486 2831 terni
2509 2778 2776 2832 sermonis
2797 2780 3022 2847 repetita
3046 2777 3206 2840 serie,
3230 2775 3378 2847 quod
3407 2775 3540 2832 roli-

1938 2884 2100 2937 quum
2129 2867 2226 2921 fuit
2250 2881 2585 2922 cnarrcmus.
2616 2867 2754 2934 Quid
2794 2879 2975 2922 autem
3019 2867 3132 2920 heri
3164 2867 3367 2920 dictum
3408 2864 3588 2932 [ditt

1940 2960 2360 3013 Promissiouem
2398 2975 2557 3030 quam
2599 2959 2738 3013 Deus
2781 2958 2903 3012 fecit
2946 2958 3102 3012 Abrae
3132 2950 3544 3032 descripsimus

1941 3049 2030 3103 ubi
2055 3050 2342 3119 imperavit
2369 3050 2418 3104 ei
2439 3061 2500 3103 ut
2525 3050 2824 3120 suspiceret
2851 3049 2903 3101 in
2935 3049 3124 3101 czelum
3146 3087 3159 3110 ,
3189 3056 3554 3116 et‘spcctaret,

1940 3141 2213 3218 stellarum
2262 3141 2677 3195 multitudinem.
2713 3138 2944 3194 Numera
2995 3141 3135 3193 enim
3158 3180 3172 3204 ,
3206 3138 3396 3207 inquit,
3427 3139 3550 3192 stel-

1941 3230 2039 3299 las,
2069 3232 2118 3287 si
2136 3233 2323 3303 poteris
2352 3247 2437 3285 eas
2462 3247 2748 3285 numerare.
2772 3230 2839 3283 Et
2861 3231 2990 3284 dixit
3015 3231 3061 3283 ei
3094 3245 3112 3283 :
3138 3229 3229 3284 Sic
3260 3229 3353 3282 erit
3377 3244 3546 3282 semen

1942 3334 2105 3377 tuum.
2130 3323 2330 3380 Deinde
2348 3339 2469 3379 cum
2487 3323 2880 3378 demonstraret
2895 3320 3246 3377 nobisdivina
3271 3321 3549 3389 Scriptura

1941 3416 2246 3486 religiosam
2279 3415 2593 3485 patriarcha:
2623 3423 2878 3476 mentem,
2927 3421 2982 3466 et
3007 3398 3280 3483 quemodo
3327 3411 3394 3465 ad
3423 3425 3550 3479 pro-

1943 3509 2242 3562 mittentem
2269 3507 2564 3578 respiciens
2591 3547 2606 3572 ,
2637 3514 2693 3559 et
2736 3505 3026 3574 potentiam
3072 3503 3433 3573 promittentis
3455 3518 3550 3556 en-

1942 3601 2116 3666 gitans
2144 3639 2159 3663 ,
2215 3595 2503 3651 crediderit
2553 3595 2729 3660 dictis,
2784 3593 2956 3648 dicit:
2987 3593 3053 3646 Et
3104 3595 3324 3646 credidit
3361 3592 3553 3646 Abram

1948 3691 2076 3756 Deo,
2105 3699 2151 3743 et
2196 3698 2492 3759 reputatum
2535 3697 2607 3741 est
2634 3689 2679 3741 ei
2703 3689 2755 3739 in
2767 3687 3048 3756 justitiam.
3102 3685 3388 3754 llurusque
3437 3683 3553 3737 heri

1943 3796 2246 3836 sermonem
2277 3779 2642 3850 produximus,
2679 3793 2852 3847 neque
2882 3777 3104 3830 ulterius
3147 3775 3393 3845 progredi
3449 3788 3549 3844 po-

1946 3876 2144 3930 tuimus
2173 3891 2188 3927 :
2215 3873 2336 3927 ideo
2352 3887 2533 3942 opera:
2563 3871 2793 3940 pretium
2816 3877 2900 3923 est
2929 3878 2985 3922 nt
3013 3869 3275 3921 addamus
3307 3877 3548 3936 sequen-

1943 3969 2036 4024 tia.
2061 3966 2196 4031 Quid
2227 3979 2354 4035 ergo
2371 3961 2535 4017 dicit?
2557 3963 2610 4016 7.
2627 3959 2769 4014 Dixit
2791 3971 2959 4013 autem
2976 3957 3230 4011 Dominus
3247 3959 3566 4015 ads/lbram:

1946 4061 2057 4131 Ego
2087 4076 2199 4114 sum
2225 4057 2385 4125 Dus,
2425 4057 2510 4128 qui
2535 4055 2689 4109 eduxi
2721 4063 2768 4107 te
2807 4055 2869 4107 de
2896 4063 3032 4107 terra
3062 4047 3441 4138 Chaldgorum,
3494 4060 3550 4104 ut

1944 4153 2120 4205 darem
2149 4150 2238 4204 tibi
2263 4159 2450 4204 terram
2502 4147 2652 4212 hanc,
2697 4155 2753 4210 ut
2798 4147 2852 4198 in
2899 4146 3227 4199 hereditatem
3266 4143 3554 4212 possideres

1945 4259 2077 4296 eam.
2113 4243 2246 4301 Vide
2275 4238 2544 4310 quomodo
2575 4239 2714 4292 Deus
2745 4252 2805 4291 se
2851 4237 3100 4289 humana:
3134 4234 3565 4308 intirmitazi,at-_

1945 4343 2224 4403 temperet,
2257 4329 2525 4401 quomodo
2556 4329 2711 4383 Iidem
2739 4327 2880 4382 illitis
2905 4315 3271 4380 corroborat‘e
3291 4325 3439 4387 velit,
3469 4313 3554 4378 ei-

1945 4443 2048 4497 que
2076 4424 2397 4495 persuadere
2422 4431 2477 4475 ut
2493 4422 2560 4475 de
2579 4422 2773 4489 iisqua:
2792 4421 3052 4489 promissa
3082 4417 3294 4472 fuerant
3323 4417 3545 4470 minime

1944 4518 2147 4573 dubitet
2171 4515 2351 4586 :quasi
2380 4514 2619 4568 dicetet:
2650 4513 2851 4566 Memor
2871 4522 3007 4576 esto,
3032 4526 3115 4564 me
3139 4527 3168 4564 a
3195 4510 3354 4563 domo
3386 4520 3472 4562 tua
3505 4518 3555 4563 te

1944 4610 2269 4665 evOCavisse.
2294 4605 2452 4662 Certe
2472 4620 2590 4677 quae
2610 4622 2637 4658 a
2669 4606 2890 4660 Domino
2915 4605 3022 4658 Deo
3043 4605 3292 4658 dicuntur
3309 4618 3549 4657 Consonat

1945 4709 2070 4755 sunt
2094 4699 2234 4754 beati
2257 4698 2510 4766 Stephani
2532 4697 2707 4760 dictis,
2737 4697 2824 4766 qui
2844 4705 2899 4751 et
2919 4697 2985 4751 de
3013 4695 3256 4756 domo,ct
3285 4695 3352 4748 de
3378 4693 3553 4748 Chal-

1945 4790 2060 4845 dma
2093 4789 2303 4844 Domini
2347 4796 2611 4858 praecepti
2641 4797 2921 4842 evocatum
2948 4802 3070 4841 eum
3103 4785 3231 4839 dicit
3261 4784 3279 4855 (
3306 4788 3415 4840 Act.
3447 4786 3477 4839 7
3506 4786 3548 4856 ).

1949 4884 2016 4938 Et
2043 4883 2159 4952 ejus
2184 4882 2464 4936 sententiae
2494 4882 2827 4949 obsequutus
2852 4892 3021 4948 pater,
3050 4889 3099 4932 et
3133 4888 3194 4931 ut
3220 4889 3375 4932 antea
3405 4878 3550 4931 dixi-

1949 4990 2088 5041 mus,
2116 4974 2357 5045 quamvis
2386 4974 2612 5027 inlidelis
2644 4985 2810 5038 esset,
2839 4987 3082 5041 magnam
3111 4981 3286 5024 tamen
3316 4972 3550 5024 societa-

1951 5071 2022 5125 tis
2042 5083 2257 5124 causam
2303 5068 2526 5131 habens,
2557 5082 2751 5136 nempe
2797 5066 2886 5120 lilii
2936 5081 3198 5133 amorem,
3229 5066 3327 5118 via:
3368 5081 3554 5122 comes

1948 5161 2053 5216 fuit
2097 5169 2151 5215 et
2179 5160 2331 5214 exiit.
2373 5160 2552 5228 Itaque
2581 5159 2631 5211 in
2664 5167 2894 5211 mentem
2925 5157 2973 5210 ei
3017 5165 3231 5210 revocat
3267 5155 3366 5209 hoc
3405 5156 3550 5222 loco,

1949 5262 2200 5322 quantam
2228 5253 2294 5306 ab
2324 5253 2477 5305 initio
2508 5250 2624 5320 ejus
2651 5265 2832 5304 curam
2887 5248 3146 5317 gesserit,
3191 5248 3472 5302 declarans
3498 5250 3550 5302 ei

1949 5358 2010 5398 se
2046 5352 2102 5396 ut
2123 5357 2243 5396 eum
2273 5341 2337 5395 ad
2363 5357 2552 5410 magna
2579 5341 2917 5409 proveheret,
2941 5349 2996 5394 et
3014 5349 3088 5393 tot
3122 5340 3192 5392 llll
3226 5339 3362 5393 bona
3394 5340 3552 5406 polli-

1948 5442 2159 5487 ceretur
2185 5442 2236 5485 et
2259 5432 2522 5499 impleret,
2553 5441 2755 5485 tantum
2784 5430 2990 5485 itineris
3007 5433 3276 5484 coniicere
3296 5431 3544 5498 jussisse.

1953 5522 2059 5592 Ego
2083 5538 2193 5575 sum
2222 5520 2380 5588 Deus,
2407 5523 2494 5592 qui
2520 5523 2673 5576 eduxi
2699 5531 2746 5576 te
2770 5522 2833 5576 de
2858 5522 3062 5591 regione
3080 5520 3458 5583 Chaldazorum,
3494 5531 3547 5574 ut

1948 5615 2122 5666 darem
2174 5613 2261 5666 tibi
2309 5623 2496 5667 terram
2545 5613 2696 5677 hanc,
2731 5624 2784 5665 ut
2815 5614 2865 5665 in
2904 5613 3231 5666 hereditatem
3262 5610 3547 5680 possideres

1950 5722 2080 5759 eam.
2113 5704 2247 5759 Num
2277 5715 2330 5759 te
2371 5707 2571 5776 absque
2599 5721 2757 5760 causa
2804 5706 2948 5760 illinc
2975 5703 3232 5760 oroeavi?
3278 5719 3404 5756 nmn
3439 5703 3547 5757 fru-

1949 5808 2053 5854 stra
2085 5809 2136 5853 ct
2167 5799 2219 5853 in
2261 5815 2447 5853 vanum
2481 5809 2529 5853 te
2559 5799 2699 5852 illinc
2728 5798 2929 5852 eduxi?
2953 5797 3242 5865 l‘roptcrca
3270 5813 3368 5866 ego
3395 5811 3541 5868 pra:-
