4054 6324
585 529 696 594 repi
727 535 783 580 ιιι
813 535 863 581 te
889 528 937 579 in
963 528 1292 580 Palinstinam
1315 526 1612 589 conferres,
1642 535 1696 579 et
1723 526 1903 579 relicta
1929 533 2147 593 paterna

586 615 747 667 domo
779 598 989 671 venires
1031 618 1080 669 in
1127 625 1317 668 terram
1377 615 1548 680 hanc,
1599 626 1658 669 ut
1708 615 1758 668 in
1817 614 2161 670 hereditatem

550 756 553 758 _
589 719 707 757 eam
736 706 1054 772 possideres.
1101 705 1353 774 Cogitans
1399 706 1556 774 igitur
1584 715 1778 774 quanta
1808 704 1996 759 fruaris
2047 717 2162 756 mea

593 795 942 861 providentia,
974 812 1035 849 ex
1063 810 1127 850 eo
1168 804 1406 866 tempore
1433 813 1538 865 quo
1565 796 1868 851 Chaldwam
1901 795 2161 863 reliquisti

591 901 760 954 usque
786 886 836 939 in
867 901 1098 953 pnesens
1119 897 1344 956 tempus,
1377 898 1431 942 et
1471 888 1737 956 quomodo
1775 888 1950 940 clarus
1979 885 2071 947 sis,
2102 900 2164 937 ac

592 989 686 1041 per
713 990 884 1028 meum
913 977 1206 1028 subsidium
1238 987 1292 1029 et
1340 992 1522 1030 curam
1567 976 1806 1044 quotidie
1832 977 2025 1029 clarior
2043 989 2165 1028 cva-

589 1061 704 1124 das,
730 1062 884 1115 dictis
915 1065 1048 1140 meis
1076 1064 1301 1118 conﬁde.
1340 1065 1522 1117 Vidisti
1575 1067 1840 1133 ingentem
1871 1063 2163 1132 benignita-

592 1150 732 1203 tem?
760 1150 931 1203 vidisti
977 1164 1227 1219 quantum
1257 1168 1316 1206 se
1353 1161 1668 1221 attemperet
1697 1153 1878 1206 Deus?
1913 1160 2162 1221 quantum

591 1237 708 1304 ejus
736 1239 963 1292 animam
1003 1241 1372 1302 corroborare.
1401 1251 1456 1295 et
1488 1243 1642 1296 [idem
1673 1242 1988 1296 conﬁrmare
2018 1242 2162 1305 velit,

595 1339 651 1382 ut
703 1345 769 1384 ne
805 1330 1020 1397 posthac
1074 1331 1138 1385 ad
1183 1343 1386 1386 naturae
1433 1333 1702 1387 obstacula
1746 1341 1985 1400 spectare
2040 1346 2165 1401 pos-

591 1421 662 1474 sit
691 1437 704 1472 :
734 1420 824 1475 sed
853 1424 972 1488 ejus
1005 1424 1240 1492 cogitare
1269 1425 1556 1492 potentiam
1585 1425 1672 1493 qui
1701 1423 1972 1492 promisit.
2017 1433 2068 1477 et
2097 1425 2164 1475 ita

592 1511 814 1566 credere
842 1522 895 1566 et
935 1514 1224 1580 conlidere,
1256 1516 1406 1584 quasi
1428 1515 1538 1583 jam
1578 1515 1790 1582 impleta
1833 1521 2013 1568 essent
2042 1529 2164 1582 pro-

600 1602 781 1653 missa.

667 1689 718 1742 2.
767 1690 956 1743 Verum
981 1691 1166 1744 iterum
1190 1692 1402 1747 attende
1427 1699 1482 1747 et
1503 1693 1873 1762 patriarcham,
1903 1693 2168 1761 quomodo

599 1788 716 1844 post
747 1779 985 1831 ﬁduciam
1009 1796 1070 1831 ex
1103 1782 1254 1834 dictis
1282 1791 1551 1850 acceptam
1583 1783 1805 1836 certiora
1835 1783 2062 1849 inquirat
2083 1800 2172 1836 ar-

594 1879 864 1936 gumenta.
908 1872 960 1924 8.
993 1869 1132 1923 Dixit
1157 1872 1284 1924 enini
1309 1889 1328 1925 .'
1361 1872 1591 1934 Domine,
1625 1872 1858 1936 nomine,
1895 1876 2169 1927 secundant

594 1958 714 2023 quid
735 1974 1028 2027 cognoscam
1051 1963 1184 2029 quod
1200 1964 1249 2014 in
1271 1963 1588 2016 nereditatem
1611 1975 1905 2034 accepturus
1925 1968 2015 2017 sim
2036 1969 2172 2019 eam?

598 2045 828 2099 Tametsi
853 2048 1121 2116 Scriptura
1153 2052 1297 2118 pritts
1320 2060 1505 2105 testata
1530 2052 1706 2114 fuerit,
1735 2069 1856 2107 cum
1881 2055 2171 2109 credidisse

531 2140 542 2150 ‘
595 2134 751 2188 dictis
776 2136 888 2199 Dei,
916 2147 967 2190 et
999 2138 1114 2191 ideo
1136 2149 1430 2206 repntatum
1458 2157 1576 2194 esse
1601 2142 1649 2195 ei
1682 2143 1732 2194 in
1758 2143 2038 2210 justitiam,
2076 2159 2169 2197 ve-

599 2234 891 2299 rumtamen
916 2229 1032 2296 quia
1065 2229 1262 2282 audivit
1286 2249 1298 2282 ε
1331 2231 1548 2299 Propter
1573 2233 1672 2287 boc
1693 2232 1764 2287 Te
1783 2235 1936 2288 eduxi
1960 2236 2021 2288 de
2037 2247 2171 2288 terra

595 2312 850 2375 C/ta'drrc,
883 2328 931 2366 ut
965 2316 1135 2370 darem
1163 2320 1250 2371 tibi
1276 2333 1459 2372 terram
1500 2322 1650 2387 hanc,
1682 2333 1734 2375 ut
1762 2325 1813 2377 in
1847 2326 2170 2378 hereditatem

599 2403 876 2469 possideres
903 2421 1010 2457 eam
1035 2423 1053 2469 ;
1082 2408 1208 2460 dicit
1237 2426 1249 2460 :
1284 2409 1375 2463 llis
1409 2411 1619 2478 quidem
1649 2429 1765 2480 qum
1792 2430 1821 2466 a
1853 2423 1902 2467 te
1925 2414 2173 2468 dicuntur

601 2492 924 2560 impossibile
952 2506 1034 2548 est
1060 2507 1113 2550 ιιι
1136 2497 1291 2552 ﬁdem
1322 2515 1425 2553 non
1444 2499 1700 2564 habeam;
1723 2513 1950 2558 attamen
1977 2506 2168 2558 vellem

599 2589 654 2634 et
673 2582 883 2636 modmn
911 2585 1114 2641 discere
1141 2604 1246 2658 quo
1275 2605 1390 2643 eam
1433 2591 1484 2644 in
1521 2592 1863 2646 hereditatem
1895 2609 2012 2648 sum
2047 2611 2172 2663 pos-

598 2687 860 2728 sessurus.
893 2675 1054 2730 Video
1078 2679 1217 2733 enim
1244 2696 1327 2734 me
1351 2697 1488 2734 nunc
1511 2698 1621 2750 pro;
1643 2683 1888 2736 cmodum
1910 2685 1974 2737 ad
1996 2696 2176 2738 extre-

600 2778 739 2817 mam
770 2776 1093 2821 senectutem
1141 2773 1442 2836 pervenisse
1465 2811 1480 2831 ,
1511 2781 1563 2825 et
1592 2788 1756 2842 usque
1783 2774 1834 2827 itt
1861 2773 2002 2829 hunc
2029 2774 2168 2829 diem

597 2851 938 2908 obambulare
967 2858 1112 2924 quasi
1153 2873 1428 2926 erronem;
1459 2870 1512 2914 et
1541 2877 1644 2914 non
1686 2878 1898 2930 possum
1941 2865 2170 2920 humana

598 2944 799 2996 ratione
825 2944 1225 3013 deprehendere
1249 2949 1515 3017 quomodo
1538 2952 1636 3005 hoc
1657 2953 1976 3007 sitfuturum
2008 2972 2020 3007 :
2049 2955 2172 3010 licet

601 3033 745 3100 prius
788 3035 1103 3089 crediderim
1131 3035 1284 3092 dictis
1315 3037 1448 3101 tuis,
1497 3048 1758 3109 tamquam
1792 3043 2033 3097 videlicet
2059 3059 2086 3096 a
2120 3055 2170 3099 te

602 3123 838 3190 prolatis,
871 3128 958 3195 qui
993 3137 1143 3194 potes
1168 3127 1216 3181 id
1246 3128 1385 3197 quod
1413 3144 1516 3183 non
1543 3139 1642 3197 est,
1674 3143 1725 3184 ut
1751 3133 1835 3197 sit,
1863 3133 2095 3198 efficere,
2119 3145 2172 3190 et

600 3213 775 3267 omnia
805 3214 979 3270 facere
1009 3227 1062 3271 et
1090 3219 1482 3274 transformane.
1514 3221 1627 3274 Non
1661 3223 1815 3291 igitur
1849 3234 1906 3278 ut
1938 3226 2172 3280 incredu-

601 3304 681 3356 lus
707 3303 806 3357 hoc
833 3306 1119 3374 interrogo,
1163 3308 1254 3361 sed
1286 3311 1404 3377 quia
1434 3310 1622 3363 iterum
1654 3313 1780 3364 mihi
1821 3313 2167 3368 hereditatem

599 3395 838 3448 nominas
860 3437 874 3459 ,
922 3399 1160 3451 volebam
1190 3410 1243 3452 et
1269 3402 1497 3456 crassius
1535 3413 1695 3472 atque
1724 3405 1916 3459 clarius
1960 3407 2167 3476 signum

596 3483 854 3553 accipere,
883 3487 1019 3555 quod
1045 3490 1208 3556 possit
1233 3489 1468 3545 iulirtnas
1497 3508 1640 3547 meas
1666 3495 2012 3564 cogitationes
2042 3499 2168 3551 soli-

595 3574 747 3629 dare.
773 3577 905 3643 Quid
937 3580 1091 3647 igitur
1120 3581 1292 3636 bontts
1323 3583 1610 3638 Dominus?
1639 3586 1837 3641 Morem
1873 3605 2060 3658 gerens
2090 3590 2169 3642 fa-

600 3665 743 3717 mulo
769 3681 886 3732 suo,
930 3679 985 3721 et
1014 3670 1196 3724 volens
1223 3672 1336 3740 ejus
1365 3676 1712 3731 corroborare
1758 3679 2008 3744 animam,
2039 3697 2164 3749 quo-

600 3755 740 3807 niam
794 3758 919 3810 vidit
966 3765 1301 3816 contitentetn
1331 3781 1478 3818 suam
1512 3768 1945 3835 imbecillitatem,
1974 3781 2028 3826 et
2055 3789 2170 3827 cre-

596 3845 811 3898 dentem
839 3849 1050 3916 quidem
1079 3854 1430 3918 promissioni,
1454 3859 1755 3925 cnpientem
1774 3869 1949 3914 autem
1972 3865 2170 3916 certin-

595 3948 652 3986 ra
705 3936 942 4001 qua-dam
989 3951 1294 4007 argumenta
1341 3945 1602 4013 accipere,
1633 3942 1759 4002 dicit
1800 3951 1848 4003 ei
1880 3969 1892 4003 :
1926 3952 1978 4005 9.
2014 3954 2170 4007 Smne

595 4024 716 4076 mihi
743 4041 939 4079 vaccam
971 4031 1208 4084 triennem
1229 4074 1244 4098 ,
1276 4044 1320 4086 et
1349 4051 1556 4103 capram
1590 4041 1822 4105 trimam,
1856 4052 1903 4094 et
1941 4044 2166 4110 arietem,

594 4122 639 4166 et
670 4124 928 4180 turturem,
952 4129 994 4171 et
1024 4123 1322 4176 columbam.
1355 4125 1485 4181 Vide
1510 4131 1776 4197 quomodo
1807 4148 1954 4187 more
1982 4133 2171 4186 huma-

596 4218 664 4255 no
694 4204 790 4256 init
817 4221 935 4259 cum
959 4225 1021 4260 co
1050 4208 1271 4264 fmdera.
1298 4215 1751 4280 Quemadmodum
1773 4223 1914 4276 enim
1947 4239 2044 4278 nos
2074 4225 2172 4279 lto-

596 4293 784 4360 mines,
813 4298 1022 4364 quando
1059 4302 1251 4371 aliquid
1281 4308 1667 4372 promittimus,
1700 4323 1752 4363 et
1781 4315 2022 4368 volumus
2060 4331 2168 4370 cer-

593 4391 702 4435 tmn
732 4385 953 4441 reddere
977 4405 1095 4443 emn
1117 4393 1200 4445 cui
1229 4397 1507 4462 promissio
1529 4397 1606 4460 ﬁt,
1633 4398 1700 4452 ita
1726 4409 1780 4454 ut
1799 4401 1866 4456 de
1892 4407 2166 4472 promissis

593 4473 721 4527 nihil
743 4477 1000 4566 ambigat,
1033 4483 1236 4550 signum
1279 4488 1487 4554 aliquod
1515 4490 1722 4556 damus,
1746 4503 1800 4545 et
1829 4496 2015 4563 pignus
2045 4497 2118 4566 (ιι)
2143 4538 2158 4562 ,

592 4571 649 4614 ut
690 4564 754 4616 ad
802 4566 924 4618 illud
970 4582 1248 4637 spectans,
1291 4576 1428 4630 scire
1456 4589 1612 4646 queat
1662 4582 1920 4649 promissa
1949 4564 2164 4641 omnino

590 4665 839 4708 eventura
872 4675 884 4709 :
917 4658 983 4710 ita
1024 4670 1078 4714 et
1115 4663 1371 4732 benignus
1410 4668 1695 4735 Dominus,
1732 4681 2004 4742 postquam
2033 4676 2166 4731 dixit

589 4743 783 4798 Abram
816 4763 827 4797 :
864 4747 1127 4814 Quomodo
1166 4757 1500 4823 cognoscam?
1535 4759 1736 4828 inqttit,
1786 4762 1923 4818 Ecce
1965 4775 2018 4817 et
2064 4767 2164 4822 huc

590 4834 680 4886 tibi
715 4838 954 4904 prmbeo;
996 4841 1150 4896 Sume
1178 4845 1299 4896 mihi
1323 4861 1521 4900 vaccam
1551 4852 1789 4904 triennem
1812 4894 1824 4916 ,
1865 4865 1911 4907 et
1951 4872 2158 4925 capram

589 4933 805 4991 tnntam,
835 4938 882 4980 et
906 4934 1129 4999 arietem,
1152 4943 1197 4986 et
1220 4943 1480 5003 turturem,
1511 4948 1557 4992 et
1580 4942 1882 4997 columbam.
1909 4947 2158 5012 Attende,

586 5014 828 5082 obsecro,
881 5019 931 5071 in
982 5033 1228 5089 quantam
1270 5029 1674 5085 crassitudinem
1729 5032 2159 5091 descendendum

584 5103 683 5163 sibi
713 5103 920 5162 duxerit
948 5108 1119 5165 bonus
1149 5113 1402 5169 Dominus
1422 5156 1438 5183 ,
1469 5133 1571 5187 quo
1615 5123 1967 5191 patriareham
2013 5142 2162 5196 argu-

1020 5287 1316 5361 otupign'ora
1353 5294 1642 5361 vocabantur
1683 5299 1842 5361 etiam,
1890 5300 2111 5361 symbolo
2141 5315 2160 5352 :

581 5339 1189 5422 .te‘xsse‘rag‘quibus
1225 5350 1342 5422 fides
1384 5339 2161 5422 viai7erilii—berid-zi,velljiiiiive’iv‘biL

583 5397 691 5485 ξξιίξίξ.
1069 5422 1084 5485 _:
1099 5419 1351 5485 erantque
1372 5417 1512 5485 signa

580 5459 995 5544 veitifderis
1018 5470 1144 5544 inter
1180 5459 1445 5535 priricipcs‘,’
1467 5480 1578 5544 _sive
1619 5459 2158 5544 iméfr'Yoiiﬁil's."Eii};

577 5521 788 5596 sj'ntliola
814 5524 1080 5596 hujusmodi
1103 5521 1256 5596 figura
1278 5521 1446 5585 milia;
1467 5521 2159 5596 iiiiiiiaii'iaéibriiiéiiiﬁiéi'éii;

583 5579 733 5658 δίψει
751 5579 981 5658 habebat.
1010 5579 1189 5658 uanui’n
1213 5579 2157 5658 urgueamaiiiiiiiiﬁhi'ﬁiiii‘iiE'iiif

577 5641 800 5750 agilitate
825 5649 1162 5710 explanatione
1185 5661 1236 5704 et
1271 5641 2152 5731 schematibus

1281 416 1334 466 S.
1375 411 1650 468 JOANNIS
1687 407 2155 465 CURVSOSTOMI
2197 405 2515 464 Αιιῖιιιιερ.
2556 407 3093 465 CONSTAN'I'INOP.

3750 404 3855 457 διι

2272 524 2466 577 mentis
2508 522 2610 576 lide
2635 523 2810 593 dignis
2849 522 3130 577 certiorem
3155 518 3361 575 reddat.
3410 519 3542 573 Nam
3570 517 3690 588 quia
3725 518 3856 570 olim

2267 616 2345 668 eis
2371 614 2440 668 ita
2469 630 2583 668 mos
2608 624 2722 670 erat
2753 613 3071 682 paciscendi,
3100 622 3154 668 et
3178 623 3326 682 pacta
3359 608 3625 673 firmandi,
3661 607 3784 660 ideo
3803 619 3860 660 et

2270 707 2382 774 ipse
2409 709 2485 759 via
2510 705 2544 760 h
2562 722 2606 759 xc
2631 706 2941 775 ingreditur.
2967 706 3052 760 10.
3079 704 3145 758 Et
3164 705 3377 773 accepit,
3407 703 3598 772 inquit,
3620 712 3666 753 et
3689 698 3861 752 dit-isis

2269 797 2396 850 eain
2427 797 2555 849 duas
2597 805 2780 864 partes.
2819 795 3222 849 Observandum
3263 811 3367 848 non
3397 793 3597 861 absque
3624 789 3862 852 ratione,

2273 901 2442 955 neque
2483 886 2534 938 in
2580 901 2769 938 vanum
2815 885 2974 938 etiam
3025 893 3231 952 tempus
3270 881 3558 952 designari.
3601 879 3864 934 Triennia

2270 977 2409 1027 etaim
2439 977 2680 1043 accipere
2705 976 2860 1040 jnSsit
2888 995 2902 1030 :
2935 975 3036 1028 hoc
3074 981 3184 1036 est,
3232 972 3464 1042 perfecta
3509 979 3563 1024 et
3589 969 3865 1022 absoluta.

2275 1063 2339 1116 Et
2365 1067 2532 1118 divisit
2556 1083 2614 1118 ea
2639 1067 2688 1118 in
2711 1067 2840 1119 duas
2878 1075 3045 1136 partes
3077 1079 3098 1118 :
3126 1074 3172 1118 et
3203 1074 3440 1128 utrasque
3463 1073 3632 1132 partes
3658 1065 3789 1112 inter
3811 1077 3864 1112 se

2273 1159 2436 1226 posuit
2478 1158 2747 1219 obecrsas’;
2772 1175 2886 1211 ares
2913 1168 3080 1210 autem
3109 1173 3208 1210 non
3229 1155 3415 1208 divisit.
3445 1155 3507 1207 Et
3529 1153 3729 1206 sedens
3761 1153 3866 1201 nli-

2272 1249 2550 1311 servabat,
2581 1259 2637 1300 ut
2679 1263 2744 1302 ne
2772 1257 2988 1317 possent
3026 1249 3224 1302 divisas
3264 1255 3442 1316 partes
3472 1245 3671 1299 lardere
3697 1245 3867 1295 adio.

2274 1339 2442 1393 lantes
2469 1353 2621 1403 aves,
2645 1351 2697 1391 et
2733 1355 2826 1406 per
2852 1348 3014 1392 totam
3037 1337 3178 1392 diem
3211 1339 3310 1390 hoc
3338 1335 3512 1390 facere
3542 1348 3862 1403 persevera-

2275 1429 2383 1482 bat.
2421 1429 2503 1482 ll.
2534 1427 2905 1480 Descenderunt
2934 1437 3099 1479 autem
3137 1443 3253 1480 ares
3279 1425 3395 1479 alia:
3427 1425 3478 1476 in
3504 1439 3725 1492 corpora
3751 1438 3870 1487 quc

2273 1519 2432 1571 divisa
2460 1529 2600 1571 erant
2626 1529 2707 1569 :et
2747 1518 2872 1569 sedit
2899 1533 3014 1568 cum
3039 1517 3109 1569 eis
3147 1515 3352 1567 Abram.
3396 1514 3481 1567 l2.
3529 1513 3759 1579 Cumque
3789 1512 3871 1564 sol

2265 1610 2376 1678 jam
2403 1608 2744 1672 occumberet,
2779 1609 2923 1659 irruit
2953 1606 3156 1659 ecstasis
3185 1607 3235 1658 in
3272 1605 3478 1666 Abram,
3502 1613 3548 1655 et
3574 1618 3688 1654 ecce
3715 1602 3871 1652 timor

2275 1716 2487 1768 magnus
2510 1708 2554 1750 et
2577 1698 2860 1751 tenebrosus
2882 1697 3061 1749 invasit
3083 1713 3212 1748 eum.
3242 1694 3416 1761 Quare
3445 1703 3686 1759 tenipore
3709 1705 3866 1744 occa-

2275 1804 2365 1842 sus
2406 1774 2568 1852 solis,
2609 1803 2729 1841 cum
2771 1787 2879 1855 jam
2919 1787 2983 1838 ad
3033 1801 3309 1854 vesperam
3340 1784 3684 1836 inclinaretur
3711 1781 3870 1833 dies?

2273 1879 2404 1946 Quia
2427 1879 2672 1932 omnibus
2700 1877 2870 1930 modis
2895 1877 3232 1929 attentiorem
3255 1889 3374 1928 eum
3400 1873 3572 1925 facere
3602 1872 3750 1931 vult;
3785 1871 3867 1923 id-

2273 1985 2340 2024 eo
2385 1970 2605 2024 ecstasis
2635 1978 2688 2023 et
2719 1970 2876 2021 timor
2916 1983 3136 2036 magnus
3187 1977 3240 2020 et
3297 1966 3608 2018 tenebroSns
3663 1963 3871 2016 invadit

2276 2079 2420 2127 eum,
2447 2070 2502 2113 ut
2529 2077 2624 2130 per
2649 2062 2824 2115 oamia
2851 2077 2968 2129 qua:
2992 2064 3139 2122 linnt,
3164 2060 3356 2113 sentiat
3377 2074 3436 2113 se
3464 2058 3646 2112 videre
3675 2058 3866 2111 Deum:

2275 2166 2395 2203 eum
2419 2151 2560 2203 enim
2589 2166 2788 2203 morem
2825 2150 2962 2203 Deus
2991 2151 3186 2220 ubique
3213 2150 3393 2203 liabet.
3423 2149 3552 2202 Nam
3584 2158 3638 2200 et
3679 2157 3867 2216 postea

2275 2241 2487 2307 quando
2523 2241 2652 2294 Mosi
2702 2242 2751 2294 in
2792 2252 2973 2294 monte
3007 2242 3153 2296 Sinai
3194 2241 3415 2294 daturus
3457 2249 3569 2293 crat
3610 2240 3784 2308 legem
3815 2247 3870 2290 et

2277 2332 2544 2394 mandata,
2568 2331 2827 2396 Tenebrw,
2857 2334 3046 2402 inquit,
3075 2343 3120 2386 et
3141 2332 3306 2402 caligo
3331 2343 3455 2392 erat,
3476 2340 3520 2383 et
3545 2347 3688 2383 mons
3712 2330 3870 2398 futui-

2275 2424 2426 2493 gabat
2453 2423 2645 2490 (Exod.
2671 2425 2756 2478 19.
2783 2425 2891 2495 18).
2926 2426 3148 2494 Propter
3176 2427 3275 2480 hoc
3300 2435 3356 2479 ct
3373 2425 3643 2492 Scriptura
3675 2425 3868 2489 inquit,

2279 2516 2375 2582 Qui
2403 2517 2560 2585 tangit
2585 2526 2796 2578 montes,
2826 2527 2873 2568 et
2895 2518 3146 2586 fumigant
3171 2516 3342 2586 (Psal.
3372 2517 3492 2570 105.
3525 2515 3643 2579 52).
3680 2515 3868 2569 Enim-

2278 2624 2404 2662 vero
2433 2609 2551 2677 quia
2606 2608 2978 2676 incorporeum
3008 2609 3189 2662 videre
3234 2623 3331 2678 per
3376 2607 3658 2662 sensibiles
3706 2607 3871 2660 hosce

2275 2700 2454 2753 oculos
2504 2714 2608 2752 nun
2645 2710 2724 2752 est
2753 2699 3038 2768 possibile,
3067 2699 3186 2753 ideo
3215 2713 3366 2752 suam
3393 2697 3548 2752 nobis
3593 2697 3868 2767 Operatio-

2277 2806 2398 2845 nem
2427 2791 2728 2859 signiﬁcare
2755 2792 2884 2846 vult.
2918 2791 3078 2860 Igitur
3104 2791 3357 2860 quoniam
3385 2789 3644 2843 attonitus
3667 2799 3724 2842 et
3748 2804 3868 2856 per-

2274 2881 2451 2934 eulsus
2506 2892 2622 2935 erat
2668 2883 2845 2935 animo
2885 2882 3059 2951 justus
3108 2882 3218 2947 ille,
3245 2891 3300 2938 et
3349 2889 3693 2936 concusserat
3750 2879 3871 2950 ejus

2275 2985 2506 3027 mentem
2547 2973 2724 3040 timor,
2755 2985 2808 3027 et
2845 2989 2964 3044 qua:
3005 2973 3302 3042 contigerat
3341 2972 3560 3027 ccstasis
3594 2990 3606 3024 :
3656 2971 3868 3024 Dictum

2273 3073 2378 3130 est,
2407 3064 2596 3132 inquit.
2627 3065 2690 3118 ad
2715 3081 2836 3119 cum
2867 3083 2880 3117 :
2919 3064 3124 3126 Dixisti,
3148 3063 3414 3130 quomodo
3441 3076 3790 3133 cognoscam,
3816 3072 3869 3116 et

2275 3154 2484 3222 signum
2519 3154 2726 3208 voluisti
2766 3156 3036 3224 accipere,
3071 3170 3177 3224 quo
3218 3162 3374 3226 pacto
3403 3164 3600 3208 terram
3627 3157 3769 3207 hanc
3815 3151 3867 3206 in

2279 3243 2626 3298 hereditatem
2658 3260 3001 3313 possvssurus
3039 3245 3134 3299 sis.
3177 3245 3316 3300 Ecce
3354 3245 3424 3299 do
3469 3245 3560 3298 tibi
3602 3244 3864 3314 signum:

2276 3353 2463 3406 magna
2491 3339 2632 3391 enim
2662 3337 2753 3390 tibi
2783 3352 2918 3407 opus
2943 3347 3025 3392 est
3065 3337 3188 3404 ﬁde,
3235 3346 3291 3390 ιιι
3319 3337 3457 3391 scias
3498 3352 3586 3390 me
3610 3351 3773 3406 posse
3799 3351 3869 3392 ex

2274 3430 2566 3498 desperatis
2593 3429 2751 3482 rebus
2775 3430 3038 3498 quoslibet
3079 3431 3130 3481 in
3171 3443 3322 3497 spem
3352 3429 3544 3483 bonam
3567 3427 3862 3481 adducere.

2279 3522 2362 3574 l3.
2397 3519 2460 3572 Et
2488 3521 2676 3572 dictum
2716 3530 2787 3574 est
2833 3522 2899 3572 ad
2926 3521 3111 3572 Abram
3143 3516 3652 3589 :Cognoscens'scies
3673 3561 3690 3585 ,
3728 3521 3868 3588 quod

2275 3614 2588 3680 peregrinum
2625 3615 2718 3665 erit
2755 3629 2923 3665 semen
2962 3623 3103 3665 tuum
3129 3613 3180 3666 in
3210 3621 3342 3665 terra
3376 3629 3476 3666 non
3501 3628 3625 3675 sua,
3671 3623 3721 3665 et
3749 3616 3867 3668 red-

2274 3704 2406 3773 igant
2435 3720 2516 3756 cos
2545 3704 2596 3755 in
2625 3703 2931 3765 seruitutem,
2966 3713 3012 3755 et
3042 3703 3259 3772 afﬂigeret
3278 3745 3293 3768 ,
3327 3713 3372 3755 et
3397 3703 3737 3757 Itumiliabunt
3781 3722 3864 3758 eos

2274 3793 2420 3844 annis
2438 3793 2835 3862 quadringentis.
2860 3794 2943 3846 14.
2973 3791 3179 3846 Gentem
3210 3803 3377 3847 autem
3406 3794 3491 3845 cui
3514 3794 3754 3860 servient,
3778 3796 3864 3864 ju-

2274 3885 2451 3938 dicabo
2477 3903 2566 3955 ego
2586 3902 2604 3937 :
2635 3894 2805 3952 postea
2825 3896 2993 3939 autem
3013 3887 3325 3954 egredientur
3347 3887 3446 3940 huc
3466 3903 3582 3938 cum
3605 3898 3864 3955 apparatu

2273 3979 2448 4030 multo.
2477 3978 2656 4045 Magna
2681 3988 2803 4031 sunt
2833 3977 2944 4029 have
2974 3978 3136 4038 dicta,
3169 3987 3219 4030 et
3247 3992 3362 4044 qua:
3390 3978 3629 4031 animum
3653 3979 3863 4031 virilem

2273 4065 2596 4129 desiderent,
2629 4068 2716 4136 qui
2743 4067 3102 4130 transcendat,
3132 4077 3184 4120 et
3207 4067 3340 4119 infra
3371 4081 3429 4120 se
3461 4067 3734 4135 relinquat
3765 4069 3860 4120 hu-

2275 4170 2426 4207 mana
2454 4157 2653 4212 omnia.
2691 4157 2799 4210 Nisi
2822 4159 2963 4212 enim
2987 4173 3326 4226 generosum,
3347 4155 3571 4220 'l’ortem,
3605 4166 3661 4212 et
3689 4159 3860 4226 philo-

2275 4246 2554 4314 sophicum
2590 4247 2829 4301 animum
2863 4247 3137 4301 habuisset
3183 4249 3500 4314 patriarcha,
3529 4255 3678 4302 tanta
3711 4258 3861 4303 erant

2275 4335 2408 4401 haec,
2434 4346 2490 4389 ut
2512 4339 2824 4404 perturbare
2846 4339 3159 4406 potuissent.
3182 4337 3494 4407 Cognoscens
3513 4339 3856 4409 sries,inqnit,

2269 4425 2404 4495 quod
2424 4428 2736 4494 peregrinum
2753 4429 2843 4478 erit
2862 4443 3027 4480 semen
3049 4438 3189 4479 tuum
3211 4429 3260 4481 in
3276 4438 3407 4480 terra
3430 4445 3527 4481 non
3545 4446 3660 4491 sua,
3681 4441 3730 4483 et
3746 4433 3835 4485 red
3843 4464 3858 4473 -

2269 4517 2403 4585 igent
2437 4533 2518 4570 eos
2557 4518 2607 4569 in
2636 4517 2956 4582 servitutem,
2987 4528 3031 4570 et
3053 4508 3289 4587 aﬂligent,
3327 4529 3372 4571 et
3415 4521 3758 4576 lmmitiabunt
3784 4539 3861 4576 eos

2271 4610 2415 4662 annis
2438 4608 2836 4676 quadringentis.
2861 4607 3067 4662 Gentem
3085 4619 3249 4660 autem
3267 4611 3347 4661 cui
3367 4611 3602 4676 servient,
3610 4612 3857 4682 judicabo

2270 4714 2361 4769 ego
2380 4715 2401 4752 .'
2431 4709 2542 4767 post
2568 4699 2674 4751 [nec
2695 4700 3009 4768 egredientur
3030 4701 3126 4752 huc
3147 4717 3261 4752 cum
3285 4713 3539 4770 apparatu
3563 4704 3752 4758 ntulto.

2341 4789 2392 4843 5.
2432 4789 2508 4843 Ne
2533 4789 2833 4856 admireris,
2868 4791 3057 4860 inquit,
3088 4792 3313 4860 teipsmu
3345 4795 3659 4863 respiciens,
3689 4807 3747 4851 et
3773 4813 3854 4853 se-

2269 4881 2411 4933 niutn
2434 4890 2604 4945 tumn,
2630 4893 2683 4936 et
2709 4882 2854 4935 Sara:
2871 4885 3198 4937 sterititatem
3218 4897 3265 4937 et
3299 4897 3507 4940 uterum
3534 4889 3652 4956 ejus
3674 4907 3853 4947 euior-

2270 4980 2413 5024 tuutn
2445 4989 2457 5023 :
2487 4981 2540 5024 et
2583 4988 2651 5025 ne
2694 4983 2846 5039 putes
2878 4987 3124 5041 magnum
3167 4974 3362 5043 aliquid
3391 4990 3511 5029 esse
3540 4979 3684 5045 quod
3713 4981 3850 5042 dixi,

2267 5060 2462 5115 Semini
2492 5073 2577 5113 tuo
2598 5061 2727 5112 dabo
2754 5072 2937 5114 terram
2962 5063 3108 5114 hanc.
3136 5062 3249 5117 Non
3272 5066 3442 5118 solum
3458 5067 3599 5120 enim
3634 5067 3743 5124 hoc
3767 5069 3849 5124 tibi

2268 5152 2513 5218 praedico,
2538 5150 2631 5204 sed
2652 5150 2788 5204 addo
2815 5150 2937 5205 illud
2965 5151 3132 5220 ipsum
3164 5168 3345 5208 semen
3375 5163 3519 5208 tmtm
3543 5157 3594 5209 in
3622 5157 3849 5213 alienam

2269 5251 2460 5295 terram
2501 5242 2868 5296 abducendum
2899 5256 3034 5296 esse.
3070 5243 3182 5297 Non
3215 5245 3383 5310 dixit,
3427 5247 3480 5300 iu
3515 5245 3810 5318 Egyptian
3834 5291 3848 5312 ,

2267 5349 2436 5400 neque
2475 5333 2723 5390 indicavit
2771 5345 2924 5388 terrae
2965 5350 3156 5390 nomen
3184 5353 3197 5390 :
3227 5337 3319 5390 sed
3349 5337 3517 5404 dixit,
3553 5339 3607 5393 In
3651 5349 3848 5396 terram

2267 5438 2370 5476 tton
2394 5439 2542 5476 suam
2574 5439 2589 5475 :
2619 5431 2672 5477 et
2705 5424 3010 5478 servitutem
3048 5418 3238 5491 ferent,
3261 5437 3311 5481 et
3340 5429 3608 5482 tttiset'iam
3636 5446 3652 5483 :
3689 5432 3845 5500 idque

2268 5531 2370 5569 non
2397 5515 2461 5569 ad
2491 5516 2648 5570 breve
2677 5526 2884 5585 tempus
2903 5557 2917 5580 ,
2961 5533 3132 5586 neque
3168 5519 3232 5572 ad
3264 5535 3552 5588 paucorum
3583 5537 3843 5576 ammrunt

2265 5624 2561 5673 numerum,
2593 5608 2686 5662 sed
2719 5623 2887 5677 usque
2909 5608 2974 5663 ad
3015 5613 3428 5682 quadringentos
3451 5630 3643 5668 annos.
3678 5614 3842 5671 Ultio-

2267 5717 2385 5755 nem
2413 5715 2540 5754 sane
2569 5700 2635 5755 de
2661 5700 2724 5756 iis
2750 5715 2848 5765 ego
2879 5715 3104 5768 sumain,
3135 5716 3184 5758 et
3216 5715 3428 5774 gentem
3453 5704 3599 5759 illam
3627 5707 3843 5762 servitu-
