4054 6324
233 424 336 481 διδ

242 548 291 591 te
318 540 654 606 prementem
684 543 784 600 ego
806 524 1057 598 judicabo
1082 565 1095 590 ,
1136 532 1192 578 et
1230 525 1308 578 sic
1345 536 1440 576 eos
1494 530 1686 587 magno
1713 528 1834 569 cum

248 634 503 697 apparatu
529 623 637 677 huc
660 621 836 677 redire
865 617 1065 674 curabo
1090 632 1104 670 :
1137 615 1295 671 simul
1320 611 1615 684 praedicens
1639 608 1687 663 ei
1719 621 1837 676 qua:

245 718 471 790 posthac
514 724 667 773 certo
698 721 949 769 eventura
991 716 1190 775 essent,
1224 705 1533 762 servitutem
1577 700 1835 763 declarat,
1870 768 1873 773 _

244 818 298 863 ct
348 808 670 863 descensum
724 805 773 859 in
831 801 1147 873 Emptum,
1206 807 1366 868 atque
1418 793 1839 864 indignationem

243 906 422 971 quam’
438 906 658 970 propter
687 910 779 951 eos
803 893 1040 967 Egyptii
1070 890 1340 962 experturi
1366 895 1538 951 erant,
1567 894 1621 943 et
1645 882 1843 955 glorio—

242 1004 364 1044 sum
389 1004 576 1046 eorum
605 985 853 1042 redtum.
883 983 1230 1052 Ostenditque
1253 980 1324 1047 ei,
1343 995 1446 1035 non
1479 980 1530 1032 in
1562 978 1679 1047 ipso
1698 975 1843 1029 dum-

242 1089 397 1137 taxat
420 1079 511 1133 illa
532 1094 650 1149 quae
675 1092 837 1146 super
861 1085 1114 1147 naturam,
1133 1080 1310 1139 erunt,
1337 1080 1594 1128 eventura
1624 1083 1765 1130 esse.
1789 1070 1845 1123 et

246 1181 374 1245 post
406 1180 553 1226 tanta
582 1169 960 1241 impedimenta
986 1182 1105 1237 quae
1128 1180 1159 1220 a
1192 1165 1301 1220 Deo
1343 1164 1603 1236 promissa
1633 1163 1844 1219 fuerant

247 1263 521 1335 implenda
546 1263 678 1328 fore,
708 1261 799 1317 sed
826 1269 884 1317 et
914 1260 966 1314 in
995 1268 1106 1315 toto
1135 1259 1338 1314 semine
1357 1257 1597 1326 ejus-hoc
1618 1264 1845 1311 eventu-

248 1370 395 1412 rum.
427 1355 552 1409 l'hec
576 1362 776 1417 autem,
807 1351 996 1422 inquit,
1021 1350 1129 1421 jam
1154 1349 1261 1405 dixi
1290 1348 1404 1413 tibi,
1448 1354 1507 1401 ut
1528 1347 1841 1421 priusquam

248 1448 417 1502 vitam
452 1446 623 1511 finias,
648 1445 787 1499 scire
814 1441 989 1511 possis
1009 1456 1126 1510 qua!
1151 1448 1205 1494 et
1234 1438 1513 1510 nepotibus
1535 1446 1588 1493 et
1616 1435 1845 1507 posteris

250 1537 521 1594 evenient.
556 1537 642 1591 l5.
669 1534 750 1589 Tu
783 1545 972 1599 autem,
1000 1533 1190 1601 inquit,
1231 1531 1390 1584 abibis
1414 1529 1482 1584 ad
1517 1540 1684 1598 patres
1710 1537 1841 1591 tuos,

254 1628 482 1683 nutritus
506 1629 561 1681 in
600 1633 849 1680 senectute
887 1623 1039 1679 bona.
1064 1623 1183 1678 Non
1216 1622 1390 1687 dixit,
1423 1620 1671 1675 morieris
1703 1634 1717 1672 :
1749 1617 1844 1672 sed

256 1718 448 1784 Abibis,
477 1718 627 1789 quasi
651 1717 1052 1787 peregrinaturo
1091 1729 1179 1778 eo,
1222 1721 1275 1769 et
1306 1713 1595 1782 migratum
1624 1725 1653 1763 a
1675 1708 1844 1779 patria

259 1810 311 1864 in
342 1808 587 1879 patriam.
616 1806 807 1874 Abibis,
839 1807 1027 1877 inquit,
1050 1805 1119 1859 ad
1146 1814 1313 1874 patres
1335 1812 1448 1856 tuas
1475 1817 1495 1855 :
1521 1817 1625 1857 non
1654 1815 1844 1855 carna-

261 1900 338 1955 les
363 1899 514 1953 dicit.
542 1897 643 1964 Qui
664 1898 810 1959 enim
836 1897 1079 1967 poterat?
1106 1894 1418 1951 incredulus
1447 1893 1590 1948 enim
1612 1899 1729 1946 erat
1754 1904 1844 1960 pa-

262 1990 343 2044 tc'r
372 1988 511 2057 ejus,
548 1995 602 2042 et
628 2002 734 2043 non
760 1995 876 2042 erat
913 1984 1167 2055 possibile
1195 1992 1252 2038 ut
1274 1982 1525 2039 eumdem
1556 1982 1730 2036 locum
1760 1996 1850 2035 ca-

262 2088 435 2148 peret,
457 2092 614 2147 quem
642 2076 750 2130 ille.
779 2075 966 2129 Hiatus
989 2074 1154 2139 enim,
1186 2073 1374 2143 inquit,
1397 2088 1612 2151 magnus
1632 2081 1701 2125 est
1722 2071 1850 2123 inter

260 2183 353 2222 nos
380 2177 425 2219 et
452 2182 537 2221 ros
567 2164 717 2236 (Luc.
753 2164 835 2220 lli.
870 2164 986 2235 26).
1013 2164 1188 2232 Quare
1212 2163 1367 2229 dixit,
1397 2161 1477 2215 Ad
1505 2172 1673 2231 patres
1697 2160 1851 2214 tuos?

261 2257 445 2314 iustos
473 2254 769 2323 insinuans,
796 2265 853 2312 ut
874 2256 1024 2322 Abel,
1044 2264 1098 2311 et
1124 2254 1259 2321 Noe,
1281 2264 1337 2309 et
1360 2252 1565 2309 Enoch.
1588 2252 1846 2319 Nati-itus,

262 2347 454 2417 inquit,
477 2348 531 2401 in
553 2356 805 2401 senectute
826 2346 977 2400 bona.
1007 2345 1070 2400 Et
1092 2344 1262 2415 Qualis
1288 2343 1403 2397 brec
1422 2350 1672 2399 senectus
1689 2342 1847 2409 bona,

260 2436 489 2493 fortasse
535 2438 675 2493 dicet
717 2436 928 2507 aliquis,
961 2437 1028 2491 ad
1058 2451 1217 2507 quam
1246 2434 1407 2490 tantis
1448 2434 1710 2490 molestiis
1757 2448 1854 2503 per

262 2537 428 2582 totam
459 2522 619 2581 vitam
652 2526 903 2581 transiit?
924 2525 1120 2581 Verum
1149 2540 1217 2580 ne
1240 2524 1341 2580 hoc
1368 2524 1633 2590 attendas,
1665 2524 1847 2589 homo,

259 2617 354 2673 scd
398 2628 587 2687 specta
619 2632 739 2687 qua:
792 2616 867 2671 illi
908 2617 1052 2671 omni
1092 2626 1332 2685 tempore
1374 2613 1534 2671 fuerit
1560 2614 1725 2685 gloria
1752 2654 1767 2678 ,
1798 2625 1854 2670 et

261 2706 535 2777 quomodo
557 2707 819 2779 gloriosus
846 2705 1042 2762 vixerit
1067 2706 1381 2775 peregrinus
1404 2705 1495 2776 qui
1524 2705 1737 2759 civitate
1765 2706 1849 2758 ἴο-

262 2810 435 2866 eoque
462 2796 698 2874 carebat,
728 2805 783 2852 et
807 2805 1004 2866 quanto
1034 2795 1135 2868 ipsi
1160 2795 1341 2851 datum
1368 2804 1450 2851 est
1474 2797 1617 2850 omni
1649 2805 1855 2865 tempo-

264 2901 324 2942 re
369 2886 461 2940 Dei
504 2883 742 2943 subsidio
768 2886 891 2942 frui.

338 2976 584 3033 Senectus
622 2978 751 3034 bona
775 2995 909 3050 qua.
937 2977 1307 3051 Quadringenti
1351 2981 1473 3034 anni
1507 2981 1759 3036 servitutis
1801 2980 1854 3034 in

262 3065 498 3137 £gypto
523 3083 556 3119 a
580 3082 681 3136 qua
708 3069 957 3139 principio
986 3069 1226 3123 ducendi.
1248 3069 1445 3124 -Νοη
1478 3071 1635 3140 igitur
1662 3086 1856 3126 secun-

264 3154 393 3211 dum
425 3165 741 3226 prasentem
784 3158 1090 3228 opinionem
1120 3158 1188 3213 de.
1218 3158 1376 3214 rebus
1397 3158 1654 3228 judicium
1687 3159 1851 3226 feras,

265 3261 443 3317 neque
487 3256 815 3303 senectutem
872 3263 993 3305 esse
1038 3248 1233 3303 bonam
1278 3265 1520 3314 censeas,
1552 3252 1754 3307 versari
1800 3253 1855 3306 in

258 3335 414 3403 luxu,
435 3334 669 3404 deliciis,
695 3346 748 3392 et
768 3338 1006 3407 crapula,
1024 3336 1076 3391 in
1094 3339 1430 3414 possessioqe
1454 3338 1779 3417 divitiarum,
1803 3349 1859 3397 et

264 3442 458 3499 magna
496 3428 811 3484 famulorum
835 3429 1189 3496 multitudine,
1215 3431 1701 3502 mancipiorumque
1720 3449 1859 3503 gre-

263 3517 442 3589 gibus.
463 3518 588 3574 llzec
615 3520 757 3574 enim
784 3528 1115 3576 senectutem
1146 3522 1335 3577 bonam
1361 3537 1465 3577 non
1492 3523 1738 3591 reddunt,
1761 3525 1855 3580 sed

264 3616 324 3665 et
344 3608 561 3663 multam
590 3608 1084 3666 condemnationem
1104 3610 1336 3667 afferunt
1355 3614 1403 3668 ei
1425 3614 1515 3684 qui
1535 3629 1601 3669 ne
1624 3615 1677 3669 in
1698 3630 1859 3671 sene-

268 3707 419 3756 ctute
437 3700 647 3768 quidem
679 3696 1060 3756 continentiam
1090 3711 1340 3769 exercet,
1384 3719 1559 3773 neque
1583 3706 1649 3759 ad
1678 3716 1857 3762 extre-

272 3803 394 3844 mos
422 3789 670 3845 redactus
693 3792 930 3862 spiritus,
952 3791 1018 3848 de
1039 3793 1102 3848 iis
1118 3808 1238 3862 qua:
1266 3796 1553 3863 expediunt
1576 3796 1852 3862 deliberat,

268 3878 368 3936 sed
423 3880 658 3949 quotidie
710 3880 947 3952 indulget
999 3883 1191 3948 ventri,
1242 3894 1479 3939 sectatur
1517 3888 1757 3941 convivia
1804 3898 1858 3942 et

271 3968 559 4025 ebrietates
578 4010 593 4034 ,
615 3970 683 4024 de
709 3970 900 4040 quibus
932 3972 1182 4028 omnibus
1210 3989 1316 4028 non
1354 3976 1521 4030 multo
1547 3986 1666 4045 post
1706 3978 1857 4033 ratio.

275 4073 400 4114 nem
426 4058 729 4115 redditurus
764 4069 866 4115 est.
895 4061 1036 4117 Sane
1061 4062 1152 4132 qui
1180 4062 1235 4117 in
1275 4064 1356 4118 via
1387 4064 1595 4118 virtutis
1620 4066 1861 4121 ambula-

275 4152 375 4217 vit,
398 4150 485 4205 bic
508 4166 635 4206 vere
655 4153 886 4207 nutritus
912 4153 964 4207 in
982 4164 1257 4210 senectute
1284 4156 1440 4221 bona,
1462 4157 1570 4211 vita
1595 4156 1853 4227 fungitur,

274 4249 332 4295 et
371 4240 609 4295 laborum
643 4242 979 4311 praesentium
1020 4244 1222 4299 invenit
1256 4232 1653 4302 retributiones.
1684 4248 1751 4301 Et
1780 4248 1860 4302 id-

274 4330 420 4384 circo
447 4331 617 4400 inquit
648 4349 661 4384 ε
702 4332 829 4386 Tuis
865 4333 1077 4403 quidem
1106 4321 1387 4407 nepotibus
1424 4337 1544 4390 talia
1572 4317 1855 4407 evenient,

276 4428 333 4472 tu
370 4428 543 4474 autem
566 4420 734 4496 abibis
761 4423 988 4477 nutritus
1012 4423 1064 4478 in
1096 4422 1368 4481 senectute
1394 4427 1551 4481 bona.
1579 4427 1673 4482 ilic
1694 4430 1857 4482 anim-

273 4508 514 4575 adverte,
543 4511 810 4580 quomodo
857 4514 957 4566 nisi
1006 4514 1120 4581 ejus
1167 4516 1351 4584 ingens
1380 4515 1565 4570 fuisset
1605 4517 1856 4572 fortitudo

273 4594 331 4652 et
354 4598 687 4669 philosophia
724 4601 922 4655 eximia
948 4642 963 4667 ,
1006 4603 1121 4657 haec
1166 4618 1375 4673 quoque
1399 4606 1717 4662 conturbare
1742 4607 1856 4677 ejus

274 4697 507 4743 mentem
537 4690 848 4758 potuissent.
884 4692 1069 4746 Dicere
1096 4695 1237 4747 enim
1267 4703 1495 4763 poterat.
1532 4697 1577 4751 si
1607 4698 1800 4767 aliquis
1827 4717 1857 4753 e

275 4777 436 4847 vulgo
457 4776 642 4832 fuisset
673 4796 874 4849 :quare
902 4784 1165 4851 promittis
1194 4785 1322 4839 mihi
1349 4795 1555 4841 tantum
1578 4802 1759 4843 semen
1789 4805 1855 4843 ex

271 4882 362 4921 me
387 4867 620 4922 futurum
647 4877 703 4923 et
730 4873 1150 4941 propagandum,
1189 4875 1232 4928 si
1262 4864 1480 4944 nepotes
1516 4880 1674 4931 tantis
1702 4890 1857 4933 erunt

271 4959 429 5013 malis
475 4968 530 5014 et
576 4956 985 5019 calamitatibus
1009 4965 1261 5032 obnoxii,
1290 4968 1705 5039 scrvitutemque
1734 4979 1857 5024 sunt

271 5056 349 5100 tot
379 5049 533 5102 annis
580 5050 854 5105 toleraturi
875 5052 899 5103 ?
923 5069 1042 5122 qua:
1076 5054 1205 5109 mihi
1240 5054 1364 5110 hinc
1394 5057 1626 5112 utilitas?
1657 5059 1853 5114 Verum

268 5135 400 5189 nihil
446 5136 637 5207 horum
658 5138 831 5208 justus
862 5143 1128 5210 cogitavit,
1159 5144 1251 5199 sed
1282 5146 1434 5215 quasi
1472 5157 1652 5217 gratus
1678 5149 1854 5204 famu-

267 5221 371 5285 lus,
404 5226 580 5279 omnia
620 5228 925 5295 quaen-Deo
950 5231 1145 5285 fiebant
1168 5234 1309 5288 'bOui
1340 5236 1625 5303 consuluit,
1654 5248 1707 5293 et
1735 5255 1854 5309 quae

268 5312 370 5380 ipsi
395 5313 704 5383 placebant,
743 5332 851 5373 sum
880 5320 1197 5388 prmfercbat
1225 5327 1523 5381 sententias.
1568 5328 1769 5385 Deinde
1799 5340 1854 5385 ct

265 5411 478 5470 tempus
517 5404 563 5457 ci
604 5406 884 5476 signiﬁcat,
926 5426 1030 5479 quo
1067 5427 1097 5465 a
1136 5414 1391 5470 servitute
1440 5428 1563 5472 sunt
1606 5420 1848 5476 redituri.

269 5488 400 5547 Nam
432 5502 710 5562 postquam
734 5499 889 5553 annis
918 5501 1319 5573 quadringentis
1363 5508 1654 5564 servituros
1680 5511 1848 5566 dixis-

265 5589 371 5643 set,
403 5582 619 5638 subdit:
660 5585 743 5640 16.
778 5586 1108 5645 Generatione
1143 5605 1310 5648 autem
1338 5608 1518 5666 quarta
1544 5610 1850 5655 revertentur

265 5670 387 5763 Itur.
428 5670 625 5728 Verum
666 5674 749 5730 hic
776 5681 968 5734 merito
1004 5682 1123 5750 quis
1162 5683 1388 5754 dubitet,
1425 5692 1693 5757 quomodo
1720 5710 1849 5763 qua-

259 5760 560 5831 dringentis
586 5767 889 5851 annisudicit
918 5774 1241 5841 servituros,
1279 5780 1522 5846 quamvis
1560 5760 1845 5852 nequcvdi-

1234 407 1297 464 lN
1335 404 1489 461 CAP.
1535 401 1645 457 XV.
1690 391 1938 453 GENES.
1980 389 2212 448 llilitlk.
2256 385 2519 447 XXXVII.

3436 388 3541 445 3m

1945 510 2167 564 midiom
2197 524 2384 563 eorum
2414 509 2609 563 fuerint
2637 509 2735 578 ipsi
2759 509 2811 562 in
2833 503 3087 580 Egypto.
3116 508 3403 578 Propterea
3433 523 3538 562 non

1945 603 2081 657 dixit
2101 616 2196 656 eos
2224 601 2273 655 in
2297 599 2534 671 Egypto
2558 598 2762 654 futuros
2786 581 2909 654 esse
2933 600 3084 653 annis
3113 599 3539 669 quadringentis,

1946 693 2062 755 sed,
2094 691 2161 746 In
2188 703 2322 746 terra
2347 708 2449 745 non
2474 709 2587 757 sua,
2621 692 2690 745 ita
2736 698 2793 743 ut
2826 690 2995 761 possit
3017 692 3392 744 connumerari
3419 706 3540 744 etim

1946 786 2101 839 annis
2138 786 2190 840 in
2227 783 2462 855 Egypto
2496 783 2699 836 exactis
2727 782 2900 851 ipsum
2947 782 3261 851 patriarcha:
3292 792 3503 849 tempus
3524 822 3542 845 ,

1947 897 2011 935 ετ
2037 897 2143 950 quo
2168 881 2219 935 ei
2249 880 2568 950 imperatum
2611 890 2712 941 est,
2767 887 2825 932 ut
2871 892 2936 931 ex
2976 876 3216 931 Cliarran
3258 876 3546 945 egredere-

1951 971 2165 1041 tur(a).
2199 972 2279 1024 Ab
2332 970 2421 1023 illo
2473 967 2617 1023 enim
2666 977 2907 1036 tempore
2956 981 3239 1020 numerum
3280 978 3547 1020 annorum

1951 1066 2105 1119 nobis
2145 1063 2319 1132 palam
2351 1062 2475 1116 fecit
2516 1060 2813 1129 Scriptura,
2863 1074 2984 1128 qua:
3028 1057 3166 1111 dixit
3210 1055 3545 1126 septuaginta

1948 1157 2182 1226 quinque
2238 1160 2501 1207 annorum
2552 1152 2716 1207 fuisse
2766 1150 2995 1211 Abram,
3044 1148 3256 1219 quando
3300 1149 3431 1202 exiit
3478 1162 3547 1203 ex
3608 1186 3612 1190 Α

1948 1246 2187 1300 Charran
2222 1243 2371 1315 (Gen.
2407 1242 2495 1296 1'2.
2522 1244 2581 1311 4)
2606 1260 2620 1296 :
2649 1258 2713 1295 ex
2743 1255 2810 1294 eo
2837 1241 2994 1309 igitur
3021 1249 3259 1308 tempore
3287 1254 3454 1308 usque
3478 1237 3546 1291 ad

1950 1338 2151 1391 exitum
2180 1336 2247 1390 de
2273 1333 2529 1405 A‘ngpto,
2557 1334 2601 1387 si
2631 1334 2749 1402 quis
2780 1342 3067 1401 supputarc
3092 1332 3234 1397 velit,
3266 1344 3545 1383 munerum

1953 1428 2213 1495 integrum
2244 1426 2497 1479 inveniet.
2534 1423 2644 1478 Dici
2696 1433 2876 1492 posset
2905 1424 3066 1476 etiam
3087 1463 3115 1485 ,η
3152 1421 3434 1475 Dominum
3466 1429 3549 1474 ut-

1954 1527 2077 1587 pote
2126 1517 2435 1586 beniguum,
2465 1525 2518 1570 et
2550 1515 2901 1570 imbecillitati
2949 1523 3149 1581 nostra:
3192 1523 3549 1582 congruentes

1954 1624 2141 1678 ptenas
2161 1623 2375 1679 semper
2426 1606 2766 1670 inferentem,
2799 1613 2920 1677 quia
2967 1605 3098 1660 vidit
3126 1619 3220 1660 eos
3266 1608 3333 1657 ita
3368 1605 3551 1658 labore

1954 1714 2180 1769 pressos,
2230 1708 2283 1753 et
2324 1698 2607 1770 Egyplios
2651 1713 2896 1768 magnam
2950 1698 3001 1754 in
3051 1712 3144 1751 eos
3179 1697 3549 1750 crudeltalem

1950 1807 2225 1853 exercere,
2263 1802 2386 1846 ante
2410 1793 2686 1846 definitum
2717 1801 2925 1860 tempus
2953 1792 3207 1845 ultionem
3254 1790 3463 1850 fecisse,
3496 1799 3552 1844 ct

1953 1883 2017 1936 ad
2052 1884 2352 1940 libertatem
2375 1897 2468 1937 eos
2495 1882 2792 1938 reduxisse.
2822 1882 2915 1935 Dei
2945 1882 3086 1935 enim
3116 1895 3233 1934 mos
3260 1888 3374 1945 cst,
3417 1894 3552 1950 quo-

1957 1977 2096 2029 niam
2121 1976 2171 2029 in
2194 1977 2439 2029 omnibus
2457 1975 2684 2030 salutem
2707 1984 2943 2028 nostram
2968 1981 3241 2042 Operatur,
3265 1981 3323 2025 ut
3340 1972 3552 2027 etiamsi

1956 2068 2187 2122 minetur
2222 2083 2280 2122 se.
2309 2067 2616 2135 punitorum
2637 2107 2651 2130 ,
2683 2067 2726 2120 si
2759 2080 2855 2120 nos
2884 2066 3212 2119 voluerimus
3238 2064 3547 2118 conversio-

1954 2158 2038 2212 nis
2067 2160 2337 2229 spccimen
2370 2159 2624 2213 exhibere
2644 2200 2659 2226 ,
2693 2159 2958 2228 possimus
2988 2158 3103 2228 ejus
3132 2172 3386 2212 revocare
3429 2171 3554 2212 seu-

1956 2239 2195 2304 tentias:
2229 2260 2283 2303 ct
2329 2265 2360 2304 e
2400 2249 2614 2303 diverso
2642 2250 2685 2303 si
2731 2250 3043 2317 polliceatur
3091 2248 3289 2317 aliquid
3340 2247 3464 2301 boni
3494 2262 3556 2303 se

1954 2341 2109 2398 nobis
2137 2342 2539 2408 d‘aturum,=nos
2565 2350 2740 2395 autem
2793 2358 2898 2395 non
2950 2340 3289 2394 attulerimus
3318 2354 3380 2395 ca
3426 2353 3580 2417 quto_

1957 2432 2439 2487 f..cultatisnostr:c
2469 2442 2624 2495 sunt,
2658 2434 2972 2502 nequc’ipsc
3017 2432 3338 2501 promismm
3384 2429 3556 2485 adim~

1957 2524 2119 2594 pleat,
2150 2539 2219 2579 ne
2248 2539 2347 2579 nos
2375 2539 2437 2579 ea
2460 2524 2683 2595 ratione
2712 2523 3010 2578 deteriores
3033 2522 3345 2578 evadamus.
3382 2524 3556 2592 Atque

1958 2616 2073 2672 hare
2098 2616 2339 2671 invenire
2371 2616 2622 2686 poteritis
2636 2617 3149 2689 quotquotstudiosi
3164 2632 3319 2672 saera
3329 2636 3448 2672 rum
3467 2619 3554 2673 Li-

1960 2717 2198 2761 tcrarum
2245 2709 2396 2762 estis.
2432 2707 2630 2774 Quarta
2657 2717 2843 2776 ,antem
2880 2707 3203 2778 generatione
3246 2715 3552 2759 reverteretur
3627 2742 3632 2747 ι

1958 2798 2059 2851 hac
2080 2813 2098 2851 .'
2118 2797 2340 2851 nondum
2362 2799 2493 2850 enim
2514 2798 2777 2868 completa:
2790 2808 2907 2851 sunt
2927 2798 3214 2865 iniquitates
3233 2795 3556 2849 Amorrluco-

1957 2907 2070 2943 rum
2098 2907 2254 2961 usque
2281 2906 2434 2944 nunc.
2466 2889 2635 2956 Tunc,
2687 2890 2891 2960 inquit,
2922 2891 3024 2944 erit
3071 2899 3280 2957 tempus
3310 2899 3364 2942 ut
3395 2897 3448 2942 et
3478 2886 3554 2942 illi

1958 2981 2281 3035 redimantur
2328 2980 2380 3034 in
2412 2980 2712 3036 libertatem
2735 3023 2750 3047 ,
2780 2990 2835 3036 et
2875 2980 2929 3034 lii
2977 2995 3188 3050 poenam
3219 2980 3429 3033 luentes
3460 2993 3555 3047 pro

1960 3070 2300 3125 multitudine
2339 3082 2679 3139 peccaturum
2717 3086 2748 3125 e
2790 3081 2932 3125 terra
2970 3069 3324 3139 expellantur.
3380 3068 3558 3125 Ambo

1960 3161 2136 3231 itaque
2154 3161 2278 3216 ﬁent
2304 3172 2543 3231 tempore
2563 3171 2886 3232 opportuno,
2912 3170 2965 3216 et
2981 3162 3191 3215 illorum
3215 3160 3554 3241 instauratio,

1959 3252 2015 3306 e‘t
2040 3252 2233 3306 horum
2261 3252 2547 3307 excidium.
2588 3251 2835 3307 Nondum
2864 3251 3007 3307 enim
3028 3252 3273 3321 impletae
3298 3261 3422 3307 sunt
3450 3251 3555 3308 ini~

1959 3343 2189 3413 quitates
2209 3358 2393 3396 corum
2428 3360 2441 3397 :
2470 3342 2622 3413 quasi
2651 3343 2795 3398 dicat
2817 3343 3011 3413 aliquis
3042 3359 3054 3396 :
3087 3342 3335 3398 Nondum
3368 3344 3420 3397 in
3449 3353 3556 3398 tan-

1962 3443 2016 3486 to
2045 3446 2270 3487 numero
2310 3442 2529 3503 peccata
2556 3433 2917 3499 admiserunt,
2946 3443 3006 3487 ut
3032 3433 3195 3489 talem
3237 3432 3409 3489 ferant
3437 3450 3555 3505 pm.

1962 3541 2105 3579 nam.
2157 3526 2295 3581 Deus
2322 3526 2464 3580 enim
2493 3526 2755 3596 benignus
2797 3540 2919 3580 cum
2962 3526 3064 3590 sit,
3096 3540 3202 3580 non
3234 3526 3409 3583 solum
3446 3542 3556 3583 non

1963 3614 2165 3671 inducit
2186 3630 2373 3686 pmnas
2402 3617 2631 3687 peccatis
2661 3616 2965 3686 graviores,
2998 3618 3093 3673 sed
3119 3626 3174 3673 et
3199 3618 3355 3673 valde
3378 3619 3556 3674 mino-

1963 3720 2070 3759 res.
2104 3704 2333 3775 Ideoque
2354 3715 2551 3760 tantam
2577 3722 2700 3777 erga
2733 3708 2850 3762 illos
2876 3707 3093 3763 exhibet
3116 3709 3476 3776 tolerantiam,
3498 3718 3559 3766 ut

1960 3811 2082 3849 cum
2109 3796 2345 3865 sibiipsis
2372 3811 2652 3867 poenarum
2678 3796 2786 3851 sint
2810 3806 3077 3862 auctores,
3109 3799 3305 3853 nullam
3332 3802 3559 3870 posthac

1960 3887 2357 3941 excusationem
2388 3888 2637 3943 habeant.

2040 3980 2095 4037 4.
2135 3977 2357 4035 Vidistis
2381 3979 2647 4049 quomodo
2691 3980 3007 4049 patriarcha:
3044 3982 3223 4035 omnia
3273 3981 3558 4053 diligenter

1962 4075 2235 4141 indicavit,
2264 4080 2321 4127 ut
2349 4088 2421 4128 ex
2450 4072 2595 4127 omni
2629 4081 2779 4141 parte
2809 4071 2926 4141 ejus
2968 4073 3247 4149 roboraret
3284 4074 3471 4141 ﬁdem,
3504 4088 3558 4134 et

1962 4177 2019 4220 ut
2057 4182 2122 4220 ex
2168 4164 2233 4218 iis
2261 4179 2379 4233 qua:
2406 4162 2474 4217 ad
2498 4177 2622 4218 eum
2647 4161 2787 4217 dicta
2814 4160 3024 4217 fuerant
3051 4163 3323 4219 conlidere
3349 4177 3553 4235 posset,

1961 4257 2120 4311 etiam
2153 4252 2497 4325 prosperitati
2523 4252 2639 4323 ejus
2667 4252 2783 4308 haec
2822 4254 3043 4307 omnino
3068 4266 3329 4310 eventura
3367 4272 3489 4312 esse
3539 4276 3553 4314 :

2024 4392 2096 4454 (a)
2129 4398 2195 4456 ita
2217 4401 2477 4456 numerare
2516 4389 2677 4456 solent
2699 4391 2731 4439 ii
2770 4391 2853 4453 qui
2884 4391 3016 4456 inter
3038 4391 3361 4455 cbronologos
3384 4396 3559 4456 princi-

1960 4450 2322 4515 pem'ohtinent
2341 4450 2525 4507 locum;
2552 4454 2617 4500 ita
2634 4450 2802 4515 tamen
2828 4458 2883 4501 ut
2906 4453 2955 4500 in
2978 4450 3559 4505 recensioue'non'omni-

1960 4513 2023 4562 no
2046 4527 2153 4562 cum
2177 4513 2509 4573 Chrysostomo
2530 4514 2852 4570 consentiant,
2866 4515 3077 4562 maxime
3090 4528 3207 4563 vero
3232 4530 3340 4564 cum
3365 4519 3477 4567 dicit
3495 4532 3557 4567 ne

1959 4576 2206 4623 dimidium
2251 4573 2451 4633 quidem
2495 4573 2960 4634 quadringentorum
2983 4589 3216 4624 annorum
3240 4580 3471 4627 ltebrrcos
3508 4582 3557 4628 in

1961 4635 2167 4700 [Egyplo
2182 4634 2435 4700 mansisse.
2462 4635 2684 4700 Petavius
2697 4640 2861 4700 autem
2882 4637 2954 4684 sic
2973 4636 3212 4700 calculum
3229 4642 3379 4700 ponit,
3402 4643 3557 4689 natio-

1961 4693 2231 4758 narii'part.
2257 4694 2304 4751 2,
2338 4693 2371 4740 Ι.
2398 4694 2444 4758 2,
2471 4708 2519 4758 c._
2550 4696 2599 4755 4,
2621 4694 2938 4758 _ubi_Paulum
2972 4693 3243 4758 apostolum
3276 4693 3452 4750 ducem
3475 4714 3558 4751 se-

1953 4754 2141 4823 ‘quitur,
2167 4758 2323 4823 quiin
2348 4755 2552 4823 epistola
2575 4754 2633 4805 ad
2657 4754 2862 4823 Galatas.
2887 4758 2937 4815 5,
2975 4754 3051 4823 i7,
3077 4759 3199 4808 dixit
3226 4770 3334 4823 post
3355 4776 3507 4811 annos
3530 4777 3559 4813 a

1961 4816 2195 4926 promissa
2218 4816 2445 4886 divinitus
2468 4825 2599 4866 terra
2634 4816 2852 4866 Chanaan
2880 4816 3261 4926 quadringentcis
3286 4833 3337 4872 et
3362 4826 3558 4886 triginta

1984 4893 2127 4926 utrem
2153 4878 2330 4926 editam
2377 4878 2545 4926 fuisse.
2570 4880 2687 4926 Hinc
2711 4892 2830 4926 vero
2860 4883 2931 4926 sic
2952 4880 3086 4926 calcu
3108 4895 3166 4926 us
3186 4884 3378 4926 ducitur
3406 4900 3417 4926 ε
3447 4892 3558 4926 ρω-

1984 4893 2127 4941 ιιςριιι
2153 4878 2330 4928 editam
2350 4939 2358 4941 _
2377 4878 2545 4927 fuisse.
2570 4880 2830 4941 Hincivero
2860 4878 2931 4941 sic
2952 4878 3166 4930 calculus
3186 4884 3378 4933 ducitur
3406 4878 3558 4934 ξυντο-

1961 4939 2125 5007 missio
2149 4948 2294 5007 terra;
2315 4939 2534 4988 Chanaan
2570 4940 2835 4995 Abrahamo
2858 4940 2979 4991 facta
3013 4950 3097 5007 est
3123 4956 3250 4993 anno
3275 4948 3384 4994 vitae
3410 4949 3558 5007 imus

1960 5001 2165 5049 ineunte
2185 5002 2264 5049 76.
2289 5008 2402 5052 Cum
2419 5009 2615 5049 centum
2641 5009 2777 5051 esset
2794 5014 3028 5052 annorum
3046 5004 3306 5062 Abraham,
3327 5001 3466 5056 nanis
3482 5020 3556 5059 est

1959 5066 2102 5109 Isaac.
2129 5062 2195 5109 Ab
2217 5068 2326 5128 ortu
2351 5062 2492 5113 Isaaci
2518 5063 2575 5110 ad
2598 5064 2759 5128 iacchi
2784 5074 2944 5128 ortum
2967 5066 3078 5114 anni
3101 5070 3359 5128 sexaginta
3385 5082 3557 5117 nume-

1960 5122 2313 5190 rantur.‘.l_acob
2335 5135 2569 5190 annorum
2594 5124 2685 5190 φο
2705 5124 2753 5172 in
2789 5124 2925 5190 Egyl
2947 5134 3047 5190 tum
3072 5122 3373 5190 venitfquvs
3408 5142 3558 5180 annos

1958 5184 2126 5248 sicum
2149 5184 2213 5233 25
2234 5184 2505 5248 Abrahami,
2524 5192 2576 5233 et
2597 5186 2660 5234 60
2683 5184 3087 5248 tsaacjjtinxeris,
3112 5191 3221 5236 anui
3240 5184 3557 5241 conticieaztur

1958 5242 2068 5293 215.
2089 5245 2442 5311 Josephus‘quo
2458 5252 2683 5311 tempore
2707 5249 2754 5294 in
2783 5242 3202 5311 Egyptogpatrem
3230 5254 3444 5311 excepit,
3470 5266 3558 5300 an-

1958 5318 2074 5382 num
2095 5308 2275 5382 agebat
2296 5306 2367 5382 ιιι
2383 5319 2397 5352 :
2420 5307 2546 5382 vixit
2567 5306 2732 5382 autem
2750 5306 3035 5379 aiino's‘llO'.
3058 5320 3090 5357 Α
3118 5306 3440 5382 promissian
3470 5315 3557 5369 igi-

1956 5374 2036 5417 tur
2060 5366 2323 5415 Abrahamo
2344 5366 2463 5415 facta
2487 5367 2545 5415 ad
2570 5370 2763 5429 Josepbi
2788 5377 2995 5418 mortem
3021 5366 3135 5419 anni
3170 5382 3284 5420 sunt
3445 5366 3561 5425 Hinc

1955 5430 2014 5497 ad
2032 5436 2190 5497 ortum
2214 5429 2352 5497 Musis
2371 5429 2481 5476 anni
2504 5429 2759 5497 75._§toses
2795 5443 2973 5478 annum
2997 5434 3557 5497 ageliatoctogcsimum

1956 5490 2005 5539 in
2029 5492 2165 5539 exitu
2191 5502 2255 5537 ex
2280 5489 2503 5597 Αἶὲριο.
2527 5489 2822 5552 Colliguutur
2847 5505 2968 5554 ergo
2985 5506 3011 5540 a
3028 5489 3363 5554 'promission'c
3387 5497 3445 5543 ad
3473 5500 3557 5545 mi-

1956 5553 2227 5597 grationem
2254 5563 2318 5597 ex
2404 5558 2556 5597 avnto
2575 5553 2687 5597 anni
2724 5553 2833 5597 430.
2860 5560 2969 5597 Haec
2994 5558 3231 5597 Petavius-
3258 5555 3442 5597 Vni-mn
3465 5558 3557 5597 .ttn

1955 5553 2227 5613 gratiouem
2254 5563 2318 5598 ex
2342 5553 2556 5613 Egynto
2575 5553 2687 5599 anni
2724 5553 2833 5602 430.
2860 5560 2969 5601 Haec
2994 5558 3231 5605 Petavius.
3258 5555 3442 5604 Verum
3465 5558 3557 5607 -Ηυ

1954 5612 2412 5678 annicolliguntur,
2443 5612 2485 5661 Si
2518 5614 2920 5678 benecalculum
2963 5628 3140 5677 ponas;
3178 5616 3265 5678 sed
3304 5622 3417 5678 quia
3460 5632 3555 5668 non

1954 5673 2149 5722 omnino
2167 5679 2357 5721 certum
2383 5682 2475 5734 est,
2517 5687 2615 5734 quo
2632 5676 2742 5724 vitae
2768 5673 3015 5724 Abrahami
3056 5673 3182 5725 anno
3207 5676 3291 5725 illc
3314 5673 3553 5729 iuniorum

1954 5746 2187 5806 numerus
2209 5735 2272 5806 sit
2306 5735 2627 5799 incipiendus,
2653 5738 2768 5788 satis
2803 5739 2898 5788 erit
2919 5739 2957 5786 si
2999 5750 3238 5787 annorum
3258 5749 3443 5789 summa
3462 5742 3553 5791 cir-

1954 5802 2079 5847 εἰιθι·
2096 5803 2348 5845 statuatur.
2802 5834 2807 5837 ν
