4054 6324
530 377 631 442 36?

534 499 696 561 utque.
734 489 894 543 etiam
942 503 1005 544 ex
1053 486 1588 558 praulietisvicissim
1636 485 1840 540 [inuam
1892 484 2112 538 haberet

534 581 693 636 tidem
716 619 733 644 ,
759 595 982 636 necesse
1009 594 1127 635 esse
1148 580 1256 648 jam
1285 579 1396 634 licri
1424 577 1561 648 quod
1585 577 1652 632 de
1677 592 1741 632 eo
1778 577 1975 631 dictum
2003 576 2112 629 fue-

534 678 634 724 Iat.
683 669 897 733 Postea,
950 671 1036 724 ubi
1082 669 1369 738 cmnplcvit
1420 668 1852 736 prmdietionem,
1907 667 2112 731 accepit

534 778 553 812 ιι
566 762 691 816 tiam
721 761 808 815 ille
836 761 1039 829 signum
1070 760 1318 814 idoneum
1359 774 1543 813 eorum
1570 775 1690 828 qua:
1735 758 1832 826 ipsi
1872 756 2048 824 cnntig
2070 774 2110 795 --

531 860 675 905 ι·ιιιιι.
708 852 790 904 i7.
827 849 1096 919 Postquam
1136 850 1232 920 fuit
1256 850 1335 904 sol
1361 850 1429 902 ad
1470 865 1723 913 occasum,
1756 846 1943 917 inqttit,
1974 848 2111 914 facta

528 952 602 995 est
652 943 880 1010 ﬂamma,
923 952 967 993 et
1011 956 1122 994 cccc
1159 940 1387 993 clibanus
1431 939 1705 1010 funtigans,
1756 947 1800 989 et
1849 935 2111 1005 Lunpades

515 1031 680 1096 ignis,
708 1046 822 1096 quia
847 1031 1150 1084 transierunt
1174 1031 1305 1083 inter
1332 1029 1598 1082 divisiones
1624 1027 1763 1080 illas.
1807 1027 1873 1080 Et
1899 1025 2107 1080 llatuma

530 1127 586 1174 et
609 1119 851 1176 clibanus
878 1128 933 1189 et
973 1119 1242 1190 lampades
1275 1117 1753 1188 conSpiciebautur,
1803 1127 1860 1169 ut
1903 1115 2109 1185 signum

533 1213 615 1263 bal
637 1227 670 1267 ο
698 1222 751 1267 et
789 1215 964 1280 justus
997 1213 1284 1266 firmiorum
1325 1210 1606 1266 fmdernm.
1651 1219 1704 1264 et
1741 1208 1998 1263 adventus
2029 1205 2111 1261 di-

530 1314 668 1356 Vna:
712 1304 1054 1372 operationis.
1105 1301 1362 1372 Denique,
1409 1311 1689 1371 postquam
1737 1298 2002 1367 completa
2055 1306 2108 1351 et

531 1389 709 1460 perfec
732 1406 764 1445 a
791 1401 910 1444 sunt
948 1391 1145 1453 omnia,
1195 1400 1473 1460 postquam
1514 1389 1648 1466 ignis
1684 1388 1951 1459 proposita
1982 1402 2109 1439 con-

530 1492 847 1548 sumpserat,
895 1481 979 1537 18.
1014 1481 1297 1550 Disposuit,
1332 1481 1518 1551 inquit,
1551 1478 1798 1532 Dominus
1825 1478 1877 1532 in
1901 1477 1982 1530 die
2019 1477 2108 1530 illo

533 1571 679 1625 Abrae
720 1581 1070 1626 testamentum
1115 1574 1287 1627 dicens
1332 1586 1352 1626 :
1389 1571 1583 1626 Semini
1627 1581 1712 1624 tuo
1754 1569 1884 1623 dabo
1923 1577 2108 1623 terram

531 1667 681 1732 hanc,
707 1685 737 1720 a
760 1669 914 1739 ﬂuvio
942 1667 1160 1739 λεπριὲ
1183 1683 1337 1736 usque
1378 1667 1446 1720 ad
1465 1666 1692 1736 ﬂuvium
1723 1679 1960 1735 magnum
1995 1662 2101 1717 Ett-
2174 1721 2176 1723 μ

532 1758 777 1824 parntem,
807 1757 897 1812 i9.
923 1757 1140 1825 (.‘incos,
1165 1766 1211 1809 et
1238 1754 1519 1822 Csttcstcos,
1559 1764 1606 1808 rt
1642 1753 1983 1812 Cedtnonteos.
2010 1751 2106 1810 20.

530 1855 577 1899 et
601 1846 862 1909 Chaucos,
890 1857 939 1903 et
972 1847 1290 1914 Pherems,
1318 1858 1366 1902 et
1395 1849 1664 1919 Raphaim.
1689 1857 1735 1902 et
1765 1846 2102 1910 Amorrlueos,

525 1946 576 1990 et
607 1935 938 2003 Cltanautcos,
978 1947 1024 1990 et
1065 1938 1260 2001 Euros,
1304 1948 1350 1992 et
1391 1936 1700 2009 Ccrgcsatos,
1743 1947 1792 1992 et
1823 1937 2102 1992 labascos.

531 2023 665 2078 \‘ide
688 2027 954 2096 quomodo
979 2029 1149 2082 adhuc
1180 2037 1502 2097 perseverat,
1551 2039 1606 2081 ιιι
1638 2043 1681 2083 οι
1704 2028 1916 2082 nflrmet
1953 2041 2104 2081 suam

531 2111 584 2165 in
615 2114 758 2167 illum
789 2116 1212 2184 promissionem.
1246 2117 1505 2186 Disposuit
1530 2118 1694 2182 enim,
1729 2118 1914 2186 inquit,
1943 2125 2099 2171 tosta-

529 2213 752 2254 mcntum
779 2204 950 2257 dicens
975 2219 997 2257 :
1026 2204 1220 2258 Srmiui
1244 2215 1332 2258 tuo
1360 2207 1490 2259 dabo
1519 2215 1702 2259 terram
1731 2206 1880 2258 hanc.
1906 2204 2103 2259 Deinde

530 2299 587 2344 ut
602 2306 665 2346 ex
685 2292 958 2348 latitudine
974 2302 1148 2352 terrai.
1173 2304 1224 2348 et
1244 2295 1591 2364 ampl‘tudine
1608 2296 1948 2351 terminorum
1966 2296 2103 2351 scire

533 2380 698 2447 [mnsit
716 2381 898 2447 jutitus
913 2392 1166 2451 quantum
1191 2383 1507 2442 extendetur
1530 2385 1646 2453 ejus
1665 2400 1867 2448 semen,
1893 2385 2062 2454 inquit
2086 2403 2098 2438 :

528 2467 571 2520 Α
597 2468 803 2535 ﬂumine
827 2469 1045 2541 Egypti
1073 2488 1226 2539 usque
1251 2473 1319 2524 ad
1342 2474 1530 2542 ﬂumen
1559 2473 1866 2542 Euphratem
1898 2481 2098 2527 tantum

528 2557 630 2610 erit
658 2571 840 2613 semen
868 2570 1033 2615 tuum.
1067 2561 1340 2629 Perpende
1366 2563 1629 2631 quomodo
1661 2563 1924 2633 ingentem
1953 2579 2098 2617 sem-

529 2661 626 2714 per
657 2648 1044 2704 multitudinem
1076 2650 1146 2704 illi
1176 2650 1450 2707 declarare
1492 2653 1639 2707 velit.
1670 2651 1924 2719 Superius
1953 2653 2096 2707 enim

526 2735 680 2797 d‘xit,
708 2753 767 2793 se
790 2738 927 2792 sicut
952 2739 1388 2794 innumerabilem
1417 2740 1689 2796 stellarum
1722 2756 2002 2795 numerum
2031 2741 2095 2794 ii-

525 2822 630 2876 lam
659 2823 919 2880 facturum
946 2842 1064 2884 esse
1094 2845 1107 2882 :
1137 2828 1223 2883 hic
1255 2839 1308 2882 et
1353 2828 1628 2884 latitudine
1659 2829 1841 2884 finium
1871 2830 2095 2899 idipsum

523 2912 774 2977 declarat,
820 2926 877 2971 ιιι
913 2925 968 2971 et
1009 2917 1132 2973 b;nc
1172 2918 1360 2985 discat,
1405 2935 1563 2989 quam
1607 2935 1668 2976 se
1706 2920 1986 2976 dilatatura
2029 2922 2098 2977 sit

523 3005 804 3060 multitudo
833 3007 1021 3061 futura.
1049 3008 1227 3078 Neque
1254 3009 1354 3063 hoc
1383 3011 1573 3072 solum,
1605 3011 1695 3064 sed
1719 3020 1771 3064 et
1799 3011 2097 3080 Speciaiiter

521 3095 760 3162 gentium
784 3098 1107 3150 mentionem
1143 3098 1286 3161 facit,
1317 3114 1538 3168 quarum
1580 3102 1967 3168 possessionem
2011 3116 2096 3154 sc-

527 3183 652 3235 mini
683 3183 799 3252 ejus
842 3187 909 3238 sit
953 3185 1189 3248 daturus,
1233 3196 1289 3240 ut
1318 3204 1379 3240 ex
1409 3187 1492 3242 bis
1531 3190 1778 3242 omnibus
1813 3191 1881 3245 de
1920 3207 2093 3245 rerum

522 3265 717 3326 eventu
743 3288 961 3330 securus
989 3275 1298 3330 redderetur
1318 3277 1508 3346 justus.
1540 3279 1603 3333 Et
1629 3294 1751 3334 cum
1784 3291 1940 3335 tanta:
1970 3298 2092 3350 pro-

527 3364 805 3423 niissiones
829 3377 1008 3421 essent
1031 3366 1202 3433 factm,
1231 3368 1402 3423 adhuc
1424 3374 1614 3425 mansit
1639 3372 1767 3426 Sara
1798 3381 1858 3426 st.
1880 3374 2011 3438 rliis,
2037 3383 2096 3429 et

523 3463 770 3522 senectus
794 3472 977 3510 eorum
1018 3459 1340 3527 augebatur;
1385 3467 1443 3514 ιιι
1483 3474 1605 3514 cum
1649 3465 1932 3516 maximum
1973 3463 2090 3518 ﬁdei

519 3556 628 3596 sua:
652 3545 860 3613 signum
893 3546 1201 3608 edidissent,
1233 3557 1354 3601 tunc
1393 3549 1584 3603 scirent
1627 3561 1680 3604 et
1724 3550 1963 3605 humana!
1993 3568 2092 3606 na-

521 3640 654 3685 tura:
682 3632 1058 3699 infirmitatem,
1089 3645 1140 3688 et
1178 3635 1371 3690 divina:
1401 3638 1609 3693 virtutis
1651 3641 2088 3708 magnitudinem.

593 3719 804 3774 Moralis
829 3721 1145 3789 exhortatio;
1175 3726 1346 3794 gulam
1374 3737 1420 3779 et
1445 3729 1708 3794 crapulam
1749 3731 2003 3799 pro/ﬁgat.
2022 3759 2094 3771 ~—

520 3806 716 3863 Vcrum
744 3825 809 3864 ne
836 3812 1024 3864 iterum
1054 3813 1320 3881 aliquanto
1345 3816 1552 3885 longius
1573 3833 1872 3873 sermonem
1897 3830 2089 3874 exten-

519 3895 727 3962 damus,
761 3899 843 3952 hic
874 3901 1029 3954 linem
1057 3900 1299 3972 loquendi
1341 3903 1643 3960 faciamus':
1680 3922 1774 3962 vos
1802 3909 2088 3964 obsecrau-

519 3995 598 4041 tes
629 3998 682 4041 nt
713 3990 1002 4044 imitatores
1029 3992 1143 4045 sitis
1173 3993 1326 4062 hujus
1355 3995 1682 4062 patriarcbze.
1712 3998 1893 4065 Cogita
1922 4001 2085 4066 enim,

516 4076 730 4142 dilecte,
761 4082 1026 4148 quomodo
1066 4092 1279 4151 propter
1318 4086 1473 4140 verba
1515 4086 1603 4139 illa
1645 4101 1760 4156 quze
1805 4086 1868 4140 ad
1912 4103 2088 4156 regem

519 4169 869 4224 Sodomorum
900 4173 1143 4238 faciebat,
1181 4175 1289 4228 imo
1325 4187 1378 4228 et
1421 4187 1635 4245 propter
1663 4178 1906 4232 virtutem
1935 4181 2092 4233 aliam

518 4273 749 4321 omnem.
792 4277 950 4329 quam
987 4277 1080 4330 per
1118 4278 1331 4317 omnem
1377 4266 1534 4318 vitam
1585 4281 1735 4319 suam
1782 4267 2088 4332 declaravit,

518 4356 658 4402 tanta
690 4351 932 4404 mercede
959 4367 1079 4404 eum
1107 4353 1353 4420 dignatus
1394 4354 1483 4418 sit,
1526 4365 1581 4408 et
1607 4365 1801 4424 quanta
1841 4355 2089 4410 humani-

519 4447 622 4493 tate
650 4455 710 4492 se
733 4439 800 4494 ad
828 4456 949 4496 eum
979 4444 1459 4499 accommodaverit
1491 4445 1648 4509 Deus,
1679 4448 1966 4501 ostendens
1994 4463 2089 4518 per

516 4543 599 4590 ea,
629 4545 746 4598 qua:
775 4532 823 4583 in
865 4535 1212 4598 patriarcham
1241 4535 1482 4598 contulit,
1526 4537 1680 4589 nobis
1708 4537 1951 4589 omnibus
1979 4547 2100 4591 sumP

517 4617 846 4674 liber-litatis
873 4623 1298 4688 immensitatem,
1323 4636 1375 4677 et
1395 4639 1452 4679 se
1473 4626 1556 4678 vel
1583 4626 1813 4679 minimis
1839 4628 2089 4694 operibus

427 4693 432 4700 ’
514 4718 879 4779 provocatum,
914 4726 1006 4764 nos
1033 4714 1230 4782 absque
1257 4729 1404 4768 mora
1431 4718 1633 4783 magnis
1661 4715 1810 4768 donis
1839 4731 2086 4770 remune-

515 4799 636 4862 rari,
668 4800 710 4852 si
743 4801 1000 4854 sinceram
1046 4802 1221 4867 fidem,
1266 4803 1398 4856 sicut
1429 4804 1516 4857 ille
1545 4804 1739 4872 justus,
1781 4803 2087 4864 exhibueri-

515 4906 652 4953 mus,
691 4901 745 4945 et
790 4908 1074 4961 numquam
1127 4904 1302 4948 mente
1345 4894 1791 4958 iiuctuaverimns,
1827 4896 1919 4948 sed
1961 4911 2089 4949 con-

511 4988 738 5032 stantem
766 4992 821 5036 et
850 4982 1052 5036 ﬁrmam
1088 4984 1232 5038 illam
1281 4985 1638 5039 habuerimus.
1676 4986 1808 5040 Hinc
1852 4990 1994 5050 enim
2034 4997 2086 5042 et

515 5070 604 5124 ille
641 5071 1000 5126 celebritatem
1047 5076 1356 5143 laudemque
1399 5085 1754 5144 consequutus
1798 5087 1900 5132 cst.
1948 5080 2085 5132 Audi

511 5162 669 5229 igitur
698 5163 905 5217 beatum
932 5165 1145 5218 Paulum
1177 5168 1548 5235 praedicantem
1573 5169 1687 5235 ejus
1720 5169 1898 5234 fidem,
1927 5184 2084 5236 quam

509 5252 578 5304 ab
608 5254 757 5306 initio
780 5256 1010 5308 ostendit
1041 5273 1053 5308 :
1083 5256 1208 5309 dicit
1235 5260 1376 5310 enim
1411 5274 1422 5307 τ
1458 5257 1586 5309 Fide
1634 5269 1833 5310 vocatus
1877 5259 2082 5324 Abram,

509 5342 718 5396 οὒειιίυὶι
759 5355 811 5396 ιιι
849 5348 1002 5397 exiret
1031 5346 1082 5397 in
1113 5342 1294 5410 locum,
1341 5365 1483 5413 queat
1528 5361 1824 5416 accepturus
1866 5357 1990 5411 erat,
2035 5359 2084 5403 et

510 5433 655 5483 rxit'it
683 5434 918 5502 ignorans
946 5451 1041 5503 quo
1073 5437 1161 5486 iret
1193 5434 1371 5500 (Hebr.
1415 5439 1489 5489 Il.
1523 5439 1574 5505 8)
1617 5455 1628 5489 :
1661 5438 1782 5490 illud
1816 5439 1967 5492 nobis
1997 5440 2084 5492 inn

509 5519 744 5582 sinuatis,
778 5523 914 5589 quod
942 5540 968 5572 a
998 5524 1107 5576 Deo
1145 5524 1344 5577 dietum
1373 5535 1452 5577 est
1491 5543 1500 5575 :
1549 5527 1799 5594 Egi-adire
1841 5529 1904 5580 de
1947 5538 2080 5580 terra

508 5617 615 5671 tua,
645 5619 688 5659 et
715 5612 821 5662 veni
847 5613 895 5662 in
923 5623 1126 5675 terram,
1157 5630 1304 5681 quant
1336 5630 1671 5668 ntonstmvcro
1698 5615 1781 5666 tibi
1808 5615 1955 5685 (Gen.
1991 5617 2074 5669 12.

513 5697 583 5766 Ι).
619 5698 803 5753 Vidisti
840 5702 992 5756 fidem
1025 5704 1266 5757 firmant?
1297 5704 1468 5758 vidisti
1511 5715 1737 5758 iuctitcm
1779 5706 2078 5761 sinceram?

1264 377 1319 432 S.
1360 375 1632 432 JOANNIS
1669 370 2130 440 CililYSOSTOMl
2168 370 2484 428 ARCIIIEI’.
2525 371 3058 432 CONSTANTINOP.

3709 381 3813 437 558

2222 481 2374 537 llunc
2411 492 2466 537 et
2495 497 2594 537 nos
2618 483 2907 550 imitemur,
2940 495 2993 540 et
3023 485 3363 556 egredimur
3395 498 3576 545 mente
3614 501 3668 546 et
3699 493 3806 545 ala-

2218 572 2450 627 critatca
2477 575 2760 643 prmscntis
2783 575 2903 628 vita:
2930 576 3178 644 negotiis,
3201 592 3492 648 eamusque
3515 579 3568 634 in
3594 581 3815 639 caelum.

2218 660 2477 716 Possibiie
2506 662 2648 716 enim
2679 672 2782 726 est,
2809 664 2854 716 si
2883 664 3225 728 voluerimus,
3254 676 3310 722 et
3335 669 3444 736 jam
3471 665 3559 722 hic
3585 685 3808 723 versan-

2218 759 2296 804 les
2334 752 2420 805 illa
2466 766 2687 823 pergere
2730 753 2835 817 via,
2880 753 3096 822 quando
3132 755 3289 825 digna
3326 759 3470 813 cmlis
3497 773 3809 826 operatnur,

2215 841 2429 909 quando
2465 859 2570 896 non
2612 844 2930 912 suspicimus
2963 860 3026 898 ea
3069 860 3188 915 qua:
3229 857 3357 901 sunt
3398 849 3555 919 hujus
3598 850 3809 916 mundi,

2215 934 2429 1001 quando
2458 949 2563 988 non
2603 934 2827 1004 gloriam
2875 951 3064 990 vanam
3106 937 3265 1006 hujus
3296 941 3416 994 vitm
3464 942 3806 1011 inquirimus,

2214 1021 2307 1076 sed
2337 1022 2436 1077 hac
2455 1033 2780 1093 contempta,
2803 1026 2950 1081 illam
2972 1026 3283 1084 desiderare
3305 1029 3601 1098 studemus,
3623 1047 3807 1088 veram

2217 1111 2356 1165 illam
2382 1112 2502 1166 dico
2526 1122 2580 1167 et
2607 1129 2822 1184 semper
2847 1126 3187 1184 manentem;
3215 1119 3429 1188 quando
3457 1136 3564 1175 non
3592 1122 3645 1176 in
3677 1123 3805 1178 lusu

2213 1201 2441 1256 vestium
2465 1205 2704 1273 occupati
2733 1220 2938 1273 sumus,
2965 1211 3143 1278 neque
3171 1223 3366 1278 corpus
3404 1228 3596 1268 ornare
3623 1215 3809 1270 stude-

2214 1306 2354 1359 mus,
2383 1294 2475 1348 sed
2503 1310 2716 1349 onmem
2759 1295 2904 1350 illum
2947 1308 3226 1353 externum
3266 1301 3467 1356 cultum
3513 1301 3564 1356 in
3608 1306 3808 1359 anime

2214 1383 2580 1437 transierimus
2604 1398 2809 1451 curam,
2851 1392 2907 1440 et
2944 1401 3048 1441 non
3093 1388 3410 1444 dimittimus
3435 1406 3554 1444 eam
3603 1393 3805 1447 nudam

2212 1480 2264 1522 ct
2295 1472 2574 1539 spoliatam
2617 1473 2940 1528 indumentis
2985 1475 3272 1542 virtutum;
3316 1480 3531 1546 quando
3570 1481 3808 1536 ridemus

2212 1560 2449 1628 delicias,
2472 1565 2685 1631 quando
2709 1566 2890 1637 gulam
2915 1576 2972 1620 ct
2996 1568 3268 1636 crapulam
3309 1561 3556 1639 fugimus,
3584 1573 3804 1640 quando

2213 1664 2318 1703 non
2359 1653 2607 1708 convivia
2652 1665 2708 1710 et
2744 1671 2926 1712 etenas
2971 1665 3262 1720 secenuur,
3302 1658 3395 1712 sed
3445 1659 3803 1730 frugalitatem

2211 1756 2513 1807 servamus,
2571 1746 2864 1802 secundum
2917 1747 3265 1816 apostolicam
3311 1749 3734 1808 admonitionem
3785 1773 3802 1809 :

2217 1830 2465 1888 llabcmcs
2506 1836 2690 1889 rictum
2731 1849 2777 1890 et
2820 1838 3190 1898 indumentum,
3231 1839 3311 1892 Itis
3353 1843 3572 1895 contenti
3615 1844 3806 1897 erimus

2210 1920 2286 1993 (i.
2323 1921 2454 1977 Tim.
2483 1925 2535 1978 6.
2577 1923 2654 1996 8).
2683 1925 2812 1993 Qua:
2841 1927 2983 1981 enim
3024 1926 3225 1982 utilitas
3259 1927 3670 1998 superﬂuonttn,
3712 1933 3805 1988 dic

2211 2014 2362 2077 mihi,
2392 2022 2450 2068 ut
2474 2023 2716 2070 ventrem
2745 2016 3015 2070 distendas
3055 2033 3164 2087 pra:
3204 2019 3364 2072 nimia
3405 2022 3716 2090 voracitate,
3748 2034 3803 2078 et

2208 2105 2403 2158 mentis
2442 2104 2700 2173 judicium
2723 2106 2990 2170 ,destruas
3035 2122 3158 2176 prar
3188 2107 3469 2164 immodica
3496 2111 3604 2165 viui
3642 2122 3804 2182 pota.

2208 2194 2391 2248 tione?
2416 2209 2593 2248 annon
2622 2193 2745 2250 inde
2767 2197 3006 2265 corporis
3031 2206 3088 2252 et
3114 2199 3306 2253 animae
3335 2200 3470 2254 maia
3503 2213 3801 2258 nascuntur

2205 2285 2424 2339 omnia?
2453 2286 2604 2341 Unde
2647 2287 2794 2342 enim
2833 2287 3154 2357 multiplices
3203 2290 3306 2342 illa:
3350 2291 3698 2360 egritudines
3744 2305 3800 2349 ι·ι

2207 2376 2444 2430 membra
2470 2376 2734 2431 distorta?
2767 2377 2956 2432 Nonne
2997 2377 3122 2432 hinc
3162 2379 3302 2448 quod
3336 2380 3454 2448 plus
3495 2397 3654 2451 quam
3699 2398 3798 2451 par

2205 2467 2292 2529 sit,
2331 2474 2570 2521 ventrem
2601 2468 2856 2522 oneribus
2889 2468 3206 2537 gravemusi
3236 2467 3390 2525 Unde
3418 2481 3595 2526 autem
3637 2473 3798 2528 adul-

2204 2557 2358 2622 teria,
2389 2564 2592 2625 stupra,
2614 2556 2832 2625 rapinae,
2852 2572 3131 2612 avarorum
3148 2558 3379 2626 frandes,
3403 2560 3598 2626 caedes,
3630 2563 3797 2616 latro-

2201 2645 2360 2710 cinia,
2391 2655 2446 2700 et
2491 2646 2665 2700 omnis
2702 2647 2894 2701 anima:
2934 2649 3246 2718 corruptio?
3279 2648 3467 2705 Nonne
3509 2653 3631 2722 quia
3675 2654 3795 2721 plus

2201 2733 2626 2802 concupiscimus
2647 2749 2805 2804 quam
2831 2735 2985 2790 nobis
3005 2736 3287 2806 congruit?
3311 2737 3462 2792 Sicut
3479 2741 3622 2793 enim
3650 2740 3796 2795 Pan.

2203 2823 2285 2876 ius
2316 2823 2546 2877 radicem
2574 2825 2813 2878 omnium
2841 2825 3102 2880 malorum
3144 2827 3420 2881 avaritiam
3463 2831 3672 2884 vocavit
3707 2832 3792 2901 (l.

2201 2911 2333 2966 Tim.
2368 2914 2420 2968 6.
2454 2915 2546 2980 l0)
2593 2933 2607 2967 :
2651 2914 2730 2970 sic
2769 2930 2874 2969 non
2914 2917 3241 2970 aberrat-erit
3291 2917 3432 2986 quis,
3489 2917 3536 2971 si
3587 2919 3786 2977 fontem

2198 3005 2437 3057 omnium
2457 3004 2720 3057 maiorum
2743 3005 2886 3058 dicat
2909 3005 3432 3074 immoderationem,
3455 3016 3509 3063 et
3531 3010 3791 3078 cupidita-

2200 3101 2304 3147 tem
2337 3094 2479 3148 illam
2505 3109 2656 3148 usnm
2675 3095 3096 3164 transgrediendi
3113 3099 3361 3153 omnibus
3378 3100 3431 3153 in
3451 3099 3630 3154 rebus.
3655 3101 3788 3156 Nam

2199 3182 2244 3235 si
2272 3182 2527 3236 vellemus
2554 3182 2605 3235 in
2633 3183 2924 3250 alimentis,
2956 3195 3009 3238 et
3038 3186 3295 3252 vestibus,
3325 3196 3380 3242 et
3411 3187 3696 3244 domiciliis
3732 3201 3788 3246 et

2197 3271 2317 3326 aliis
2341 3272 2709 3340 corporalibus
2737 3274 2944 3328 cunctis
2973 3274 3153 3329 usibus
3180 3277 3311 3330 nihil
3345 3277 3629 3333 immodice
3652 3295 3785 3334 con-

2196 3361 2505 3430 cupiscere,
2553 3360 2647 3415 sed
2689 3362 2990 3416 necessaria
3040 3372 3242 3417 tantum
3293 3380 3553 3436 qumrerc,
3605 3370 3786 3424 multis

2195 3452 2406 3506 damnis
2437 3452 2750 3506 liberaretur
2779 3453 3067 3507 humanum
3093 3469 3282 3523 genus.

2265 3541 2319 3596 5.
2360 3539 2558 3594 Verum
2591 3543 2771 3595 nescio
2803 3543 2890 3610 qui
2924 3542 3030 3606 liat,
3071 3554 3130 3597 ut
3159 3541 3345 3599 omnes
3371 3557 3424 3600 et
3453 3547 3644 3618 singuli
3687 3565 3783 3618 pro

2194 3632 2306 3683 suis
2349 3632 2550 3685 viribus
2594 3635 2833 3686 avaritiae
2880 3634 3067 3687 morbo
3110 3635 3443 3704 laboremus,
3490 3655 3780 3711 numquam

2194 3721 2539 3775 enitentesut
2567 3721 2702 3776 intra
2731 3725 3067 3778 necessitatis
3095 3741 3402 3782 maneamus
3439 3730 3654 3796 limites,
3686 3733 3777 3787 sed

2197 3813 2351 3879 plane
2379 3820 2559 3867 Contra
2589 3815 2936 3882 apostolicum
2960 3816 3287 3880 mandatum,
3316 3819 3457 3887 quod
3483 3820 3635 3885 dicit,
3673 3822 3781 3875 lla-

2196 3903 2361 3954 beutcs
2389 3903 2568 3954 victum
2598 3913 2645 3955 et
2674 3905 2934 3967 amictum,
2965 3905 3042 3958 his
3070 3908 3290 3959 contenti
3319 3912 3503 3962 erimus
3533 3912 3608 3979 (i.
3643 3911 3778 3967 Tim.

2195 3993 2246 4047 6.
2277 3993 2354 4064 8),
2377 3994 2552 4046 omnia
2576 3992 2817 4059 facimus,
2843 3997 3139 4051 nescientes
3167 4012 3261 4050 nos
3286 3999 3351 4052 de
3379 4001 3628 4055 omnibus
3657 4020 3776 4073 quae

2196 4085 2329 4137 ultra
2351 4100 2501 4155 nsum
2525 4093 2761 4139 nostrum
2781 4097 2925 4154 sunt,
2954 4088 3209 4143 rationem
3232 4089 3450 4145 daturos
3467 4108 3607 4157 esse,
3635 4097 3775 4163 quod

2195 4175 2340 4227 abusi
2364 4169 2531 4228 simus
2567 4174 2757 4230 divinis
2780 4179 3108 4231 muneribus.
3152 4179 3264 4231 Non
3296 4181 3439 4234 enim
3479 4183 3593 4236 ita-c
3626 4185 3780 4240 nobis

2195 4265 2460 4316 concessit
2484 4271 2539 4316 ut
2569 4280 2664 4318 nos
2688 4273 2892 4318 tantum
2919 4268 2998 4318 eis
3020 4277 3230 4322 utamur
3264 4286 3278 4322 :
3309 4270 3402 4322 sed
3431 4282 3482 4323 et
3511 4282 3568 4324 ut
3594 4277 3778 4340 proxi-

2195 4369 2399 4406 morum
2446 4354 2784 4423 indigentiam
2829 4355 3189 4410 sublevcmns.
3222 4358 3371 4425 Quali
3417 4362 3587 4428 igitur
3622 4367 3776 4416 venia

2191 4441 2440 4512 dignandi
2470 4452 2614 4506 sunt,
2642 4445 2730 4511 qui
2761 4445 2892 4497 etin
2928 4447 3260 4500 vestimentis
3302 4447 3519 4501 multam
3567 4453 3780 4504 vanita-

2193 4542 2298 4586 tem
2328 4543 2613 4599 ostentant,
2642 4544 2694 4588 et
2735 4544 2791 4586 ut
2832 4537 3092 4589 vermium
3125 4546 3361 4590 texturas
3399 4549 3631 4606 gestent,
3671 4541 3777 4593 sol-

2193 4623 2318 4676 liciti
2350 4629 2494 4687 sant,
2526 4625 2773 4692 quodque.
2802 4625 3194 4693 gravissimum,
3225 4625 3383 4679 iubis
3413 4631 3772 4695 superbiunt:

2191 4727 2324 4782 quos
2349 4713 2629 4780 oportebat
2654 4715 2870 4782 rubore,
2891 4723 3052 4777 metu,
3075 4729 3138 4768 ac
3160 4724 3392 4770 tremore
3418 4719 3608 4782 teneri,
3633 4721 3775 4789 quod

2192 4804 2290 4872 ipsi
2319 4805 2529 4872 quidem
2571 4806 2639 4857 ob
2677 4804 2873 4857 nullam
2920 4806 3222 4871 utilitatem,
3267 4821 3440 4875 neque
3485 4813 3772 4865 neceSsarii

2191 4908 2316 4947 usus
2338 4894 2537 4961 gratia;
2567 4894 2660 4946 sed
2689 4902 2890 4947 tantum
2922 4895 2990 4948 ob
3017 4897 3302 4948 vanitatem
3333 4907 3385 4950 et
3412 4897 3625 4952 inanem
3653 4901 3773 4970 glo-

2191 4987 2343 5045 riam,
2370 4991 2423 5035 et
2449 4995 2508 5035 ut
2537 4983 2691 5050 vulgo
2719 4997 2781 5034 ac
2815 4983 3112 5037 forensibus
3149 4985 3482 5038 admirationi
3523 4988 3651 5047 sint.
3700 5001 3776 5042 ta-

2188 5072 2326 5125 libus
2356 5073 2672 5125 induantur:
2704 5072 2828 5130 dtnu
2847 5073 3085 5140 ejusdem
3115 5085 3316 5129 natura!
3339 5091 3562 5129 consors
3587 5079 3771 5132 obam-

2190 5162 2336 5217 bulat
2364 5165 2559 5228 nudus,
2592 5168 2678 5232 qui
2712 5156 3245 5230 nequecrasﬁissima
3276 5177 3423 5220 veste
3452 5169 3672 5221 amicire
3713 5186 3772 5222 se

2189 5266 2360 5323 potest
2389 5272 2404 5309 :
2433 5265 2486 5309 et
2516 5270 2687 5324 neque
2716 5265 2897 5309 natura
2924 5256 2987 5309 ad
3017 5257 3536 5310 commiseratioan
3564 5257 3768 5311 ducun-

2190 5355 2294 5404 tur,
2328 5361 2498 5414 neque
2527 5343 2854 5400 conscientia
2883 5345 2950 5398 ad
2979 5345 3348 5413 Cpitulaudum
3389 5346 3634 5412 proximo
3677 5362 3770 5400 eos

2187 5435 2371 5490 incitat
2404 5454 2415 5488 :
2451 5452 2621 5505 neque
2664 5439 2913 5489 memoria
2953 5435 3205 5490 horrendi
3247 5437 3386 5490 illius
3422 5437 3551 5503 diei,
3596 5453 3772 5506 neque

2184 5524 2443 5596 gehennae
2471 5528 2645 5591 lituor,
2679 5541 2848 5593 neque
2878 5527 3286 5595 promissionum
3316 5526 3649 5596 magnitudo,
3676 5543 3767 5580 ne-

2186 5634 2286 5686 que
2315 5618 2454 5670 ἰμιιιά
2484 5617 2676 5686 ipsum,
2707 5616 2845 5686 quod
2875 5619 3174 5671 communis
3205 5619 3456 5671 Dominus
3500 5628 3685 5672 noster
3713 5629 3765 5672 ut

2193 5708 2291 5761 sibi
2320 5708 2455 5761 facta
2487 5718 2707 5776 usurpat
2731 5723 2847 5779 qua:
2877 5708 3135 5783 proximis
3164 5708 3293 5762 liunt
3323 5725 3335 5759 :
3378 5707 3469 5764 sed
3499 5710 3646 5776 quasi
3688 5711 3760 5763 ia-

3249 5823 3287 5857 ο
