4054 6324
343 384 452 442 ῖνίυ

340 518 438 572 ρας
465 499 700 570 ἐκείνης,
730 497 854 552 οῦτε
872 500 968 568 τῆς
997 495 1221 564 γεέννης
1244 495 1273 547 ό
1302 491 1466 562 φόϐος
1491 531 1506 555 ,
1543 489 1665 542 οὕτε
1689 487 1796 541 τῶν
1841 487 2011 553 ἐπαγ-

335 587 542 658 γελιῶν
572 587 633 641 τὺ
660 585 885 657 μέγεθος
899 612 924 650 ο,
959 581 1081 636 οὔτε
1106 582 1168 634 τὸ
1191 580 1353 634 αὑτὸν
1385 579 1476 632 τὸν
1506 576 1682 631 κοινὸν
1713 573 1869 645 ήμῶν
1913 575 2005 625 Δε-

336 675 542 746 σπάτην
562 674 813 729 ἀπάντων
831 668 1159 724 οἰκειοῦσθαι
1188 668 1256 721 τά
1280 669 1361 730 εἰς
1387 666 1515 726 τοὺς
1540 663 1823 732 ὁμογενεῖς
1870 676 1957 746 γιν
1976 683 2008 709 κ

338 780 476 835 μενα
498 744 512 790 λ
533 763 670 817 ἀλλά
695 759 947 829 καθάπερ
978 756 1187 826 λιθίνην
1213 753 1440 824 καρδίαν
1479 751 1718 820 ἔχοντες,
1768 747 1862 801 καί
1908 744 2015 808 ἐξω

333 850 434 921 Ιτῆς
455 851 666 921 φύσεως
683 849 853 911 ὄντες,
873 844 1015 898 οὕτω
1035 844 1319 911 νομίζουσι
1339 840 1521 892 λοιπὸν
1544 836 1738 907 διάτὴν
1753 835 1859 889 τῶν
1879 835 2010 921 ίμα-

335 919 762 1007 τίωνπεριϐολὴν
779 933 870 987 καί
885 931 1144 1002 ἀνώτεροι
1160 930 1256 999 τῆς
1270 924 1612 997 ἀνθρωπίνης
1623 925 1837 1007 φύῃως
1851 919 2008 982 εἶναι,

334 1031 434 1078 οὑκ
447 1021 745 1083 ἐννοοῦντες
760 1022 898 1073 ὅσων
911 1017 1244 1080 ὑπευθύνους
1256 1015 1480 1077 ἑαυτοὺς
1494 1013 1595 1066 καθ
1605 1008 1802 1073 utﬁt,
1824 1008 2009 1071 κακῶς

330 1110 743 1180 οἰκονομοῦντες
763 1108 830 1162 τὰ
845 1106 996 1177 παρά
1007 1106 1099 1158 τοῦ
1131 1103 1401 1156 Δεσπάτου
1423 1100 1603 1163 αὐτοῖς
1626 1097 2008 1170 ἐμπιστευθέν-

335 1213 424 1261 τα,
437 1196 530 1249 καὶ
543 1197 604 1248 οὗ
622 1193 928 1265 βουλόμενοι
946 1194 1056 1254 τοῖς
1069 1188 1575 1252 συνδούλοις-διδόναι
1587 1205 1635 1240 τι
1653 1186 1816 1258 μέρος
1831 1197 1878 1248 ι,
1894 1183 2005 1237 ἀλλ’

335 1279 504 1350 ήδέως
516 1279 742 1349 ἀφέντες
757 1279 859 1332 ὑπὸ
874 1277 979 1330 τῶν
995 1275 1172 1345 σητῶν
1184 1271 1323 1327 αὑτά
1337 1271 1844 1332 καταναλίσκεσθαι,
1859 1268 1955 1336 δας
1969 1285 2006 1320 ι-

335 1367 586 1439 λέστερον
612 1369 792 1429 αὐτοῖς
813 1366 874 1418 τὸ
901 1364 999 1434 τῆς
1024 1364 1248 1433 γεέννης
1279 1361 1393 1432 πῦρ
1425 1362 1524 1432 ήδη
1560 1359 2007 1429 προευτρεπίζου-

335 1470 449 1519 av;
475 1455 536 1507 Εἰ
567 1454 676 1524 γάρ
711 1453 805 1507 καὶ
849 1451 1025 1505 πάντα
1069 1451 1133 1503 τὰ
1175 1448 1321 1503 ἐνδον
1358 1447 1693 1517 ἀποκείμενα
1732 1445 2004 1511 διένειμαν

333 1541 442 1602 τοῖς
476 1539 749 1608 δεομένοις
780 1539 829 1592 οἰ
863 1535 1239 1600 πλουτοῦντες,
1270 1535 1362 1589 καὶ
1385 1534 1556 1596 οὓτως
1580 1535 1678 1586 οὐκ
1701 1533 1765 1586 ἀν
1790 1533 1886 1602 τήν
1909 1531 2002 1584 κό-

331 1625 488 1678 λασιν
513 1626 769 1694 διέφυγον
793 1625 931 1694 ύπέρ
961 1617 1036 1677 ὧν
1059 1621 1367 1692 τρυφῶντες
1395 1622 1487 1676 καί
1515 1623 1572 1672 ἐν
1596 1622 1707 1682 τοῖς
1731 1618 2000 1688 ἐσθήμασι

333 1713 426 1764 καί
453 1713 510 1764 ἐν
536 1715 654 1775 ταῖς
685 1710 958 1763 ἐστιάσεσι
986 1710 1272 1763 διετέλουν.
1305 1708 1483 1779 Πόσης
1513 1706 1663 1777 [581]
1684 1706 1791 1775 γὰρ
1812 1707 1910 1758 οὐκ
1937 1706 2001 1758 ἂν

332 1793 443 1850 εἷεν
488 1797 763 1859 κολάσεως
800 1795 940 1859 ἄξιοι
983 1796 1035 1848 οἰ
1076 1797 1256 1849 πάντα
1281 1797 1481 1866 τρόπον
1513 1790 1902 1854 σπουδάζοντες
1933 1790 2000 1843 τά

336 1885 433 1953 μὲν
460 1882 660 1954 σηρικά
694 1882 1118 1954 περιϐεϐλῆσθαι
1156 1882 1417 1943 πολλάκις
1450 1880 1658 1950 ἰμάτια,
1690 1879 1782 1931 καὶ
1824 1877 1999 1931 σοϐεῖν

333 1971 425 2023 ἐπὶ
458 1969 556 2039 τῆς
581 1971 806 2040 ἀγορᾶς,
838 1970 932 2023 καὶ
952 1970 1021 2022 τά
1052 1969 1149 2039 μὲν
1183 1968 1390 2038 χρυσίῳ
1423 1965 1814 2034 καθυφασμένα
1847 1981 2003 2033 περι-

333 2056 568 2120 κεῖσθαι,
595 2056 664 2110 τά
694 2056 750 2109 δέ
777 2056 872 2108 καὶ
902 2056 1075 2118 άλλως
1101 2072 1218 2118 πως
1260 2053 1625 2114 πεποικίλθαι,
1654 2053 1744 2104 τὸν
1780 2051 1836 2103 δὲ
1869 2050 2002 2121 Χρι-

334 2144 456 2197 ατδν
483 2144 741 2212 περιορᾷν
767 2141 989 2212 γυμνόν,
1017 2141 1108 2194 καὶ
1137 2140 1269 2210 μηδὲ
1299 2141 1397 2209 τῆς
1419 2141 1723 2206 ἀναγκαίας
1748 2139 1999 2207 εὐπορεῖν

273 2215 284 2227 ’
328 2226 569 2299 τροφῆς;
603 2229 860 2282 Μάλιστα
874 2229 983 2298 γάρ
1018 2245 1106 2297 μοι
1135 2227 1269 2298 πρὸς
1297 2227 1396 2290 τάς
1416 2229 1677 2295 γυναῖκας
1701 2219 1858 2290 οὗτος
1887 2226 1952 2280 ἀν
1971 2227 1999 2280 ὁ

329 2317 484 2384 λόγος
525 2317 801 2386 ἁρμόσειε.
846 2316 1073 2369 Πλείονα
1115 2315 1229 2384 γὰρ
1261 2315 1392 2386 παρ’
1417 2315 1607 2377 αὑταῖς
1643 2314 1787 2368 ἐστιν
1821 2314 1999 2385 εὑρεῖν

327 2405 427 2472 τὴν
457 2402 812 2472 φιλοκοσμίαν
841 2403 933 2455 καὶ
961 2402 1059 2472 τήν
1089 2402 1349 2467 ἀσωτίαν,
1381 2403 1474 2454 καί
1504 2401 1562 2453 τὸ
1591 2400 1726 2470 μετά
1755 2401 1863 2454 τῶν
1886 2401 2000 2454 δια-

329 2491 546 2562 χρύσων
577 2490 808 2559 ἱματίων
838 2491 931 2543 καί
958 2490 1025 2542 τά
1052 2489 1255 2561 χρυσία
1276 2488 1412 2542 αὐτὰ
1443 2488 1786 2559 περικεῖσθαι
1814 2489 1904 2540 ἐπί
1937 2506 1995 2541 τε

327 2577 427 2647 τῆς
449 2576 710 2647 κεφαλῆς,
739 2576 831 2629 ἐπί
851 2593 909 2628 τε
931 2575 1027 2628 τοῦ
1053 2577 1321 2647 τραχήλου
1352 2575 1445 2628 καὶ
1466 2575 1559 2628 τοῦ
1589 2575 1775 2628 λοιποῦ
1807 2573 1995 2645 σώμα-

327 2681 441 2727 τος.
471 2665 565 2717 καί
592 2663 734 2735 μέγα
762 2667 980 2735 φρονεῖν
1009 2665 1101 2718 ἐπί
1123 2665 1353 2726 τούτοις.
1381 2663 1587 2726 Πόσων,
1615 2662 1735 2714 εἰπέ
1766 2679 1874 2731 μοι,
1910 2679 1998 2714 πε-

328 2751 503 2821 νήτων
521 2751 794 2823 γαστέρας
813 2751 1073 2822 ἠδύναντο
1093 2752 1614 2823 παραμυθήσασθαι,
1631 2751 1721 2802 καὶ
1741 2750 1880 2802 πόσα
1899 2749 2000 2802 σώ-

331 2853 476 2907 ματα
508 2838 959 2909 γυμνητευόντων
997 2837 1272 2892 σκεπάσαι
1305 2840 1373 2893 τά
1397 2840 1488 2892 ἐπὶ
1513 2837 1620 2890 τῶν
1654 2836 1808 2889 ῶτων
1840 2837 1998 2907 μόνον

327 2925 720 2994 ἐκκρεμάμενα
749 2925 926 2994 μάτην
949 2925 1041 2977 καὶ
1059 2927 1203 2996 εἰκῆ,
1236 2925 1331 2978 καί.
1353 2927 1437 2977 ἐπ’
1461 2925 1635 2977 οὐδενὶ
1656 2923 1854 2994 κέρδει,
1880 2924 1996 2976 ἀλλ’

329 3014 361 3084 ἦ
401 3014 562 3084 μόνον
587 3015 680 3066 ἐπὶ
708 3013 878 3086 βλάϐῃ
903 3016 996 3066 καὶ
1026 3013 1173 3086 λύμῃ
1199 3014 1405 3085 ψυχῆς;
1431 3013 1528 3066 Διά
1551 3011 1707 3065 τοῦτο
1733 3013 1823 3066 καὶ
1845 3014 1872 3064 ὁ
1900 3013 1998 3082 τῆς

326 3099 651 3170 οἰκουμένης
675 3099 992 3163 διδάσκαλος
1019 3098 1212 3163 εἰπὼν,
1236 3102 1523 3167 Ἔχοντες
1548 3097 1868 3166 διατροφὰς
1897 3097 1996 3152 καί

327 3185 746 3254 σκεπάσματα,
777 3188 1053 3256 μετήγαγε
1085 3187 1246 3240 πάλιν
1272 3188 1363 3239 ἐπὶ
1389 3187 1487 3249 τάς
1516 3189 1777 3252 γυναῖκας
1801 3185 1890 3254 τδν
1913 3185 1998 3237 λό-

327 3288 444 3340 γον,
469 3273 560 3326 καί
595 3289 748 3342 φησι,
777 3271 872 3340 Μὴ
900 3273 968 3325 ἐν
997 3273 1338 3341 πλέγμασιν
1374 3272 1411 3339 ἢ
1446 3271 1670 3340 χρυσῷ,
1705 3272 1741 3337 ἢ
1774 3288 1998 3340 μαργα-

324 3360 517 3427 ρίταις
551 3359 589 3427 ἢ
618 3357 910 3428 ἱματισμῷ
944 3359 1269 3414 πολυτελεῖ
1303 3360 1551 3428 κοσμεῖν
1586 3359 1822 3424 ἑαυτάς.
1856 3360 1996 3428 Ὅρα

327 3446 444 3510 πῶς
480 3447 538 3498 οὐ
573 3445 822 3516 βούλεται
846 3446 1055 3508 τούτοις
1086 3447 1425 3516 κοσμεῖσθαι,
1458 3446 1576 3499 οὐδέ
1611 3446 1811 3515 χρυσία
1840 3461 1996 3515 περι.

328 3534 560 3598 κεῖσθαι,
588 3534 706 3587 οὺδέ
735 3534 1082 3605 μαργαρίτας
1110 3535 1202 3588 καὶ
1232 3535 1419 3604 ἰμάτια
1439 3531 1721 3601 πολυτελῆ·
1747 3531 1882 3584 ἀλλά
1905 3532 1996 3584 τὸν

329 3625 504 3696 ἀληθῆ
527 3626 729 3694 κόσμον
760 3624 852 3676 ἐπὶ
880 3624 978 3694 τὴν
1011 3623 1189 3693 ψυχὴν
1226 3623 1500 3693 μετάγειν,
1530 3622 1622 3675 καὶ
1657 3621 1744 3675 διὰ
1764 3621 1860 3690 τῆς
1889 3621 1997 3674 τῶν

328 3711 547 3780 ἀγαθῶν
572 3710 746 3784 ἔργων
772 3710 1022 3782 πράξεως
1046 3711 1106 3764 τὸ
1128 3711 1321 3774 κάλλος
1341 3711 1440 3780 τῆς
1459 3710 1638 3780 ψυχῆς
1663 3709 1994 3779 φαιδρύνειν,

330 3804 425 3858 καὶ
458 3803 532 3874 μῆ
564 3803 691 3873 περί
710 3801 881 3855 ταῦτα
916 3800 1255 3871 ἐπτοημένην
1280 3801 1539 3871 περιορᾷν
1569 3799 1782 3869 ἐκείνην
1816 3797 1998 3868 ῥυπῶ-

331 3909 450 3953 ααν,
473 3889 793 3959 αὐχμῶσαν,
814 3889 978 3958 ῥάκια
1003 3886 1295 3956 περιϐεϐλη
1305 3886 1492 3955 μένην,
1510 3885 1652 3954 λιμῷ
1668 3882 1995 3954 τηκομένην,

332 3977 436 4031 ὑπὸ
456 3977 549 4029 τοῦ
576 3973 790 4046 κρυμοῦ
824 3973 1193 4043 πηγνυμένην.
1237 3972 1298 4025 Ἦ
1319 3971 1426 4042 γὰρ
1457 3970 1659 4039 σπουδὴ
1689 3969 1828 4039 αὕτη
1852 3968 1945 4025 καί
1970 3967 2003 4022 ό

331 4064 460 4133 περί
492 4062 551 4115 τδ
582 4061 740 4131 σῶμα
762 4059 1167 4129 καλλωπισμὸς,
1197 4058 1408 4127 ἐκείνης
1442 4056 1678 4109 δείκνυσι
1705 4054 1802 4126 τῆν
1831 4057 1997 4127 ἀμορ-

331 4149 481 4217 φίαν,
523 4149 617 4200 καὶ
662 4149 697 4218 ή
746 4145 934 4200 τούτου
978 4143 1160 4216 τρυφὴ
1198 4144 1412 4213 ἐκείνης
1444 4142 1535 4196 τὸν
1573 4141 1729 4212 λιμὸν
1769 4142 1999 4213 φανερὸν

330 4234 648 4305 καθίστησι,
675 4233 768 4286 καί
807 4234 840 4303 ή
891 4231 1017 4301 περί
1049 4231 1148 4303 τὴν
1184 4229 1388 4301 ἐσθῆτα
1435 4229 1751 4282 πολυτέλεια
1784 4229 1999 4298 ἐκείνης

326 4322 428 4393 τὴν
467 4321 784 4391 γυμνότητα
823 4317 1091 4387 ἐκφαίνει.
1131 4317 1274 4370 Οὐδὲ
1298 4317 1405 4389 γὰρ
1438 4311 1547 4370 οἷόν
1581 4318 1641 4370 τέ
1673 4333 1792 4370 τινα
1818 4314 1998 4384 ψυχῆς

331 4406 777 4478 ἐπιμελούμενον,
806 4406 900 4459 καί
930 4405 1026 4475 τὴν
1048 4403 1346 4475 εὐμορφίαν
1371 4403 1583 4473 ἐκείνης
1605 4403 1698 4458 καὶ
1723 4403 1783 4456 τὸ
1803 4402 1998 4466 κάλλος

330 4499 457 4568 περί
478 4496 672 4550 πολλοῦ
697 4497 1035 4561 ποιούμενον,
1058 4495 1194 4563 πρὸς
1217 4493 1307 4546 τὸν
1328 4491 1432 4555 ἐξω
1452 4491 1656 4561 κόσμον
1679 4490 1992 4559 ἐπτοῆσθαι·

327 4583 518 4655 ὥσπερ
577 4583 738 4637 πάλιν
781 4581 1038 4634 ἀδύνατόν
1083 4596 1203 4632 τινα
1244 4578 1382 4648 πρὸς
1415 4577 1518 4648 τήν
1557 4577 1856 4646 φαντασίαν
1899 4577 1998 4642 τὴν

330 4671 528 4736 ἔξωθεν
566 4668 920 4740 ἐσχολακότα,
951 4668 1046 4720 καὶ
1083 4666 1183 4736 τῆς
1213 4665 1439 4735 ἐσθῆτος
1473 4664 1562 4717 τόν
1591 4662 1996 4731 καλλωπισμὸν,

329 4760 422 4812 καὶ
472 4758 562 4811 τὸν
607 4755 715 4811 ἀπὸ
752 4755 860 4808 τῶν
903 4753 1140 4825 χρυσίων
1185 4752 1408 4823 κόσμον,
1458 4751 1674 4820 ἐκείνης
1713 4749 1999 4820 ἡντιναοῦν

332 4845 600 4900 ποιεῖσθαι
626 4843 909 4916 φροντίδα.
940 4842 1076 4896 Πότε
1104 4841 1213 4910 γὰρ
1250 4839 1502 4904 ἀνέξεται
1532 4841 1566 4910 ή
1599 4837 1822 4907 τοιαύτη
1852 4837 1996 4910 ψυχὴ

329 4934 438 4986 τῶν
483 4931 711 4984 δεόντων
753 4948 822 4983 τι.
861 4929 1120 4994 συνιδεῖν,
1159 4928 1192 4998 ἢ
1243 4929 1321 4990 εἰς
1362 4927 1569 4980 ἔννοιαν
1611 4926 1998 4996 πνευματικῶν

330 5019 671 5092 πραγμάτων
706 5017 986 5081 εἰσελθεῖν,
1017 5015 1163 5082 ἀπαξ
1189 5017 1315 5084 περὶ
1339 5015 1407 5069 τά
1430 5016 1592 5083 γήϊνα
1624 5014 1819 5085 ἑαυτὴν
1848 5013 1999 5066 ἐκδε-

328 5108 552 5171 δωκυῖα,
586 5106 680 5160 καὶ
710 5105 907 5176 χαμαὶ,
951 5103 1027 5167 ὡς
1062 5105 1255 5166 εἰπεῖν,
1294 5101 1588 5174 συρομένη,
1618 5103 1711 5156 καὶ
1741 5101 1996 5156 οὐδέποτε

329 5193 662 5248 ἀναπνεῦσαι
697 5191 991 5262 δυναμένη,
1033 5189 1170 5243 ἀλλὰ
1208 5191 1598 5257 συγκεκυφυῖα,
1643 5185 1736 5242 καὶ
1783 5187 1997 5258 μυρίοις

329 5281 570 5352 φορτίοις
617 5277 1027 5350 ἁμαρτημάτων
1073 5275 1268 5345 ἐαυτὴν
1309 5274 1612 5347 βαρύνουσα
1637 5292 1650 5340 ;
1678 5276 1842 5328 Ὅσαι
1886 5275 1995 5347 γὰρ

331 5366 577 5422 ἐντεῦθεν
614 5367 671 5420 αἱ
695 5365 877 5436 ἀηδίαι
914 5364 1218 5426 τίκτονται,’
1241 5363 1308 5414 ού
1330 5361 1551 5416 δυνατὸν
1586 5362 1680 5415 νῦν
1710 5362 1994 5433 παραστῆ-

333 5453 523 5523 σαιτῷ
553 5453 718 5524 λόγῳ·
752 5451 867 5505 ἀλλ’
904 5451 1066 5521 ἀρκεῖ
1111 5447 1190 5519 τῷ
1239 5447 1497 5501 συνειδότι
1538 5448 1852 5501 καταλιπεῖν
1887 5447 2001 5501 τῶν

329 5540 458 5610 περί
493 5539 668 5610 ταῦτα
715 5537 1110 5609 ἐσχολακότων,
1154 5536 1284 5598 ὅσας
1331 5533 1453 5588 καθ’
1495 5534 1731 5604 ἑκάστην
1784 5537 1993 5607 ἡμέραν

328 5626 576 5681 ἐντεῦθεν
605 5626 844 5696 δέχονται
875 5625 974 5686 τὰς
1014 5621 1270 5692 ἀθυμίας.
1312 5622 1381 5674 Ἦ
1415 5619 1522 5690 γάρ
1550 5621 1764 5674 διέπεσέ
1804 5640 1854 5675 τι
1887 5623 1994 5675 τῶν

329 5714 585 5782 χρυσίων,
621 5711 713 5765 καί
741 5711 905 5773 πολὺς
941 5711 970 5761 ὁ
1007 5709 1214 5781 χειμὼν
1249 5709 1346 5762 καὶ
1379 5712 1407 5764 ὁ
1443 5708 1669 5780 θόρυϐος
1699 5710 1994 5764 κατέλαϐεν

331 5803 543 5855 ἃπασαν
568 5800 664 5867 τὴν
689 5798 881 5852 οἰκίαν·
905 5797 940 5868 ἢ
971 5797 1184 5868 οἰκέτης
1207 5796 1472 5866 ὑφείλετο,
1500 5797 1595 5849 καὶ
1627 5797 1759 5850 πᾶσι
1798 5799 1987 5867 μάστι-

387 5892 420 5920 Ir
439 5884 589 5933 Sam.
621 5891 669 5934 el
701 5897 786 5933 sex
809 5897 925 5933 mss.
955 5883 1127 5946 διδόναι
1147 5883 1203 5931 τὸ
1228 5885 1409 5946 μέτρον.
1435 5883 1608 5936 Morel.
1634 5891 1686 5936 et
1706 5885 1789 5936 alii
1812 5887 1990 5937 διδόναι

349 5951 555 6010 mura,
579 5951 632 5996 ιιι
665 5947 736 5996 sic
758 5947 949 6009 legerat
973 5945 1235 6007 lnlerpres'
1266 5945 1485 5998 ιαιιωιε.

1153 376 1209 433 S.
1249 370 1533 431 JOANNIS
1570 362 2062 428 CHRYSOSTOMI
2101 363 2417 423 ARCIIIEP.
2462 367 3004 426 CONSTANTINOP.

3681 374 3786 431 350

2122 500 2216 551 γες
2254 488 2346 540 καὶ
2384 485 2589 559 πληγαὶ
2633 487 2728 540 καὶ
2753 487 3118 558 δεσμωτήρια·
3159 487 3190 557 ἢ
3227 487 3488 558 βάσκανοι
3516 507 3658 554 τινες
3686 493 3790 543 ἐπ-

2115 573 2463 636 εϐούλευσαν,
2517 573 2611 626 καὶ
2661 573 2917 644 ἐξαίφνης
2958 573 3279 643 ἐγύμνωσαν
3320 575 3428 628 τῶν
3461 577 3650 638 ὄντων,
3694 578 3794 631 καὶ

2112 660 2282 730 πολλὴ
2321 659 2415 714 καὶ
2435 659 2704 730 ἀφόρητος
2725 663 2758 731 ή
2783 660 3010 731 ἀθυμία·
3036 661 3068 732 ἢ
3098 664 3437 733 πραγμάτων
3469 663 3793 733 περίστασις

2113 747 2429 816 ἐμπεσοῦσα
2463 749 2541 810 εἰς
2575 748 2808 816 ἐσχάτην
2849 748 3038 801 πενίαν
3073 750 3400 819 κατήνεγκε,
3430 749 3523 803 καὶ
3553 750 3753 820 βαρυτέ
3774 781 3788 790 -

2114 853 2215 906 ραν
2249 836 2477 890 θανάτου
2521 838 2620 906 τὴν
2654 837 2798 908 ζωὴν
2841 835 3023 901 αὐτοῖς
3061 839 3415 909 κατέστησεν·
3446 838 3479 910 ῆ
3515 838 3702 909 ἕτερόν
3731 857 3792 892 τι

2111 924 2272 979 πάλιν
2303 924 2453 997 [382]
2481 925 2837 998 παρεμπεσὸν
2867 924 3068 994 πολλὴν
3093 925 3192 995 τὴν
3217 926 3410 995 ἀηδίαν
3433 926 3788 997 προεξένησε.

2110 1014 2219 1068 Καὶ
2253 1015 2438 1079 ἀπλῶς
2461 1015 2561 1068 οὐκ
2599 1015 2713 1068 ἐστι
2753 1016 2882 1069 ποτέ
2913 1015 3158 1086 ταραχῆς
3188 1015 3344 1078 ἐκτὸς
3377 1017 3556 1085 εὑρεῖν
3595 1017 3692 1086 τῆν
3725 1016 3791 1068 ἐν

2107 1099 2314 1163 τούτοις
2335 1101 2688 1170 ἐσχολακυῖαν
2704 1100 2908 1172 ψυχὴν,
2933 1099 3045 1154 ἀλλ’
3068 1100 3258 1171 ῶσπερ
3288 1101 3355 1153 τά
3383 1101 3484 1170 τῆς
3513 1101 3788 1170 θαλάττης

2107 1186 2327 1257 κύματα
2354 1189 2452 1258 οὐχ
2478 1183 2588 1241 οἷόν
2618 1206 2676 1242 τε
2705 1189 2996 1252 ἐπιλιπεῖν,
3019 1189 3139 1242 ούδέ
3164 1188 3380 1260 ἀριθμῷ
3407 1188 3790 1259 ὑποϐληθῆναι

2105 1275 2194 1327 διά
2214 1273 2310 1344 τὴν
2343 1274 2542 1347 πολλὴν
2571 1275 2874 1346 συνέχειαν·
2909 1276 3002 1328 τὸν
3033 1275 3195 1328 αὑτὸν
3225 1275 3289 1344 δὴ
3326 1275 3528 1344 τρόπον
3562 1275 3657 1327 καὶ
3680 1275 3785 1336 τάς

2105 1361 2350 1416 ἐντεῦθεν
2385 1362 2706 1433 τικτομένας
2744 1362 2987 1433 ταραχάς
3023 1362 3120 1432 ούχ
3156 1356 3268 1415 οἷόν
3299 1379 3358 1414 τε
3390 1362 3570 1424 πάσας
3597 1360 3786 1431 ἐξαρι-

2105 1446 2438 1517 θμήσασθαι.
2497 1447 2587 1501 Διδ
2646 1447 2971 1519 παρακαλῶ,
3013 1448 3307 1517 φεύγωμεν
3349 1449 3405 1500 ἐν
3453 1448 3627 1502 att-1m
3672 1449 3790 1510 τοῖς

2105 1538 2391 1607 πράγμασι
2423 1538 2522 1608 τὴν
2561 1537 2892 1602 πλεονεξίαν,
2929 1538 3022 1590 καὶ
3067 1537 3128 1590 τὸ
3155 1537 3253 1608 τὴν
3286 1537 3474 1608 χρείαν
3518 1537 3790 1607 ὑπερϐαίν-

2104 1639 2234 1677 νειν.
2269 1625 2326 1676 Ὁ
2352 1625 2460 1694 γὰρ
2487 1624 2696 1696 ἀληθὴς
2725 1624 2976 1686 πλοῦτος,
3003 1627 3036 1694 ἦ
3065 1624 3340 1688 ἀνάλωτος
3366 1623 3658 1695 περιουσία
3685 1623 3786 1676 αῦ-

2101 1727 2169 1781 τη
2209 1711 2484 1780 τυγχάνει,
2517 1711 2578 1764 τδ
2611 1713 2707 1782 τῆς
2736 1711 2923 1783 χρείας
2962 1711 3232 1780 ἐφίεσθαι,
3271 1712 3364 1764 καὶ
3402 1712 3469 1765 τά
3512 1711 3653 1780 ὑπὲρ
3683 1709 3786 1780 τὴν

2102 1797 2286 1866 χρείαν
2316 1798 2542 1861 δεόντως
2569 1798 2889 1852 διατιθέναι.
2934 1801 2994 1852 ὐ
3028 1798 3136 1868 γάρ
3160 1797 3398 1860 τοιοῦτος
3430 1796 3554 1850 οὔτε
3590 1797 3788 1849 πενίαν

2100 1883 2269 1937 δεῖσαί
2290 1902 2418 1938 ποτε
2443 1885 2751 1955 δυνήσεται,
2775 1885 2898 1939 οὔτε
2929 1885 3194 1954 ἐπήρειαν
3224 1884 3505 1954 ὑπομενεῖ,
3538 1881 3663 1934 οὔτε
3688 1899 3789 1934 τα-

2104 1974 2276 2041 ραχῆς
2303 1973 2714 2044 πειραθήσεται·
2753 1971 2890 2026 ἀλλά
2914 1971 3006 2025 καί
3039 1970 3404 2040 συκοφαντίας
3429 1971 3586 2034 ἐκτὸς
3608 1969 3790 2034 ἔσται,

2102 2059 2197 2111 καὶ
2236 2059 2344 2112 τῶν
2385 2058 2844 2113 ἐπιϐουλευόντων
2898 2057 3414 2129 ἐλευθερωθήσεται,
3453 2057 3548 2110 καί
3594 2056 3790 2119 ἁπλῶς

2101 2146 2293 2208 εἰπεῖν,
2324 2147 2382 2198 ἐν
2403 2146 2643 2216 διηνεκεῖ
2674 2145 2822 2198 ἔσται
2856 2145 3085 2216 γαλήνῃ,
3119 2145 3349 2214 ἡσυχίας
3373 2145 3467 2198 καί
3491 2147 3790 2214 ἀπραγμο-

2101 2231 2266 2302 σύνης
2304 2232 2610 2286 ἀπολαύων·
2652 2232 2751 2284 καὶ
2774 2231 2833 2285 τὸ
2862 2231 2926 2301 δὴ
2964 2231 3148 2302 μεῖζον
3181 2232 3438 2285 ἁπάντων
3476 2231 3570 2284 καί⁵
3595 2231 3657 2282 τὸ
3686 2246 3789 2282 κε-

2101 2319 2328 2387 φάλαιον
2346 2320 2454 2373 τῶν
2476 2319 2717 2387 ἀγαθῶν,
2748 2321 2776 2373 ό
2805 2319 3044 2383 τοιοῦτος
3071 2319 3165 2372 καὶ
3192 2318 3282 2372 τὸν
3303 2318 3435 2373 Θεὸν
3461 2318 3620 2371 ἵλεων
3643 2318 3784 2384 ἓξετ,

2099 2406 2194 2458 καί
2217 2406 2416 2475 πολλῆς
2444 2406 2746 2459 ἀπολαύσει
2763 2405 2862 2476 τῆς
2895 2405 3099 2458 ἀνωθεν
3128 2405 3320 2476 ῥοπῆς,
3349 2405 3445 2459 ἀτε
3479 2405 3543 2476 δὴ
3575 2406 3788 2458 οἰκονό-

2103 2511 2200 2563 μος
2220 2496 2407 2558 πιστὸς
2425 2495 2533 2548 τῶν
2555 2494 2648 2549 τοῦ
2680 2496 2949 2549 Δεσπότου
2973 2495 3290 2565 χρημάτων.
3322 2493 3626 2563 Μακάριος
3647 2495 3785 2564 γάρ,

2100 2581 2282 2648 φησίν,
2320 2584 2353 2634 ό
2400 2581 2622 2648 δοῦλος
2656 2581 2904 2648 ἐκεῖνος,
2937 2581 3009 2636 ὃν
3047 2580 3241 2636 ἐλθὼν
3284 2582 3318 2633 ό
3347 2581 3554 2648 κύριος
3590 2581 3792 2640 αὑτοῦ

2097 2663 2340 2728 εὑρήσει
2390 2664 2545 2718 οὔτω
2593 2665 2900 2730 ποιοῦντα,
2947 2663 3089 2718 οὕτω
3141 2664 3466 2733 διανέμοντα
3504 2666 3618 2728 τοῖς
3654 2682 3789 2717 συν-

2098 2749 2320 2813 δούλοις,
2353 2753 2445 2804 καί
2481 2752 2556 2822 μὴ
2595 2752 2786 2823 θύραις
2821 2753 2913 2806 καί
2951 2752 3167 2822 μοχλοῖς
3206 2750 3646 2813 ἐναποκλείοντα,
3682 2752 3786 2804 καὶ

2098 2837 2208 2897 τοίς
2255 2837 2488 2907 σκώληξι
2538 2838 2741 2910 τροφὴν
2777 2837 3163 2908 συγχωροῦντα
3202 2837 3467 2905 γίνεσθαι,
3501 2837 3639 2890 ἀλλά
3670 2837 3789 2891 τῶν

2099 2922 2346 2991 πενήτων
2369 2924 2464 2993 τὴν
2488 2924 2692 2977 ἔνδειαν
2715 2924 3226 2996 παραμυθούμενον,
3256 2924 3536 2978 καίοκαλὺν
3568 2925 3662 2977 καὶ
3696 2943 3784 2978 πι-

2101 3010 2224 3062 στὸν
2254 3012 2531 3081 οἰκονόμον
2562 3013 2843 3082 γινόμενον
2874 3012 2982 3064 τῶν
3017 3011 3168 3082 παρά
3196 3013 3288 3065 τοῦ
3313 3012 3584 3065 Δεσπότου
3612 3029 3784 3081 χορη-

2097 3097 2391 3168 γηθέντων,
2414 3101 2501 3154 ἵνα
2526 3101 2618 3154 καί
2647 3099 2745 3170 τῆς
2773 3099 2946 3168 καλῆς
2965 3099 3168 3170 ταύτης
3191 3099 3453 3169 διανομῆς
3488 3098 3662 3168 μέγαν
3686 3099 3782 3151 τὸν

2102 3185 2290 3254 μισθὸν
2326 3187 2637 3257 κομίσηται,
2671 3187 2765 3240 καὶ
2796 3187 2904 3240 τῶν
2937 3186 3365 3257 ἐπηγγελμένων
3395 3185 3618 3254 ἀγαθῶν
3652 3186 3782 3237 ἐπι-

2097 3274 2278 3342 τυχεῖν
2311 3272 2642 3344 καταξιωθῇ,
2674 3273 2854 3344 χάριτι
2889 3273 2982 3327 καί
3020 3272 3401 3343 φιλανθρωπία
3433 3271 3527 3325 τοῦ
3565 3273 3781 3342 Κυρίου

2096 3358 2255 3427 ήμῶν
2289 3358 2460 3427 Ἰησοῦ
2500 3358 2752 3431 Χριστοῦ,
2785 3358 2904 3428 μεθ’
2941 3354 3002 3413 οῦ
3027 3359 3104 3428 τῷ
3134 3361 3334 3431 Πατρί,
3377 3359 3492 3429 ἃμα
3525 3356 3605 3428 τῷ
3634 3359 3783 3428 ἀγίῳ

2100 3442 2395 3513 Πνεύματι,
2424 3445 2569 3509 δόξα,
2599 3447 2820 3516 κράτος,
2846 3445 3001 3516 τιμὴ,
3033 3444 3127 3499 νῦν
3157 3445 3256 3500 καὶ
3281 3446 3390 3512 ἀεὶ,
3421 3445 3514 3499 καὶ
3541 3446 3623 3510 είς
3650 3445 3782 3508 τοὺς

2097 3530 2296 3593 αίῶνας
2329 3529 2438 3584 τῶν
2470 3531 2700 3586 αἰώνων.
2737 3532 2929 3602 ’Δμήν.

2098 3742 2258 3811 Σάρα
2295 3742 2381 3803 δὲ,
2404 3744 2459 3816 ﬁ
2683 3746 2921 3815 Ἀϐραμ,
2963 3747 3075 3800 οὐκ
3117 3746 3351 3816 ἔτικτεν
3384 3742 3566 3816 αὐτῷ·
3595 3742 3676 3816 ἦν
3708 3746 3781 3800 δᾶ

2273 3812 2428 3880 αὑτῇ
2456 3809 2744 3882 παιδίσκη
2765 3809 3073 3884 Ᾱίγίυπτία,
3105 3810 3144 3886 ᾖ
3173 3815 3362 3884 ὄνομα
3389 3809 3596 3885 Ἀτάρ.

2167 3906 2238 3955 α’.
2263 3901 2429 3954 Πάλιν
2454 3900 2523 3953 τά
2554 3902 2793 3972 σήμερον
2821 3903 3236 3970 ἀναγνωσθέντα
3269 3904 3366 3956 ἐπὶ
3396 3904 3494 3974 τὴν
3516 3904 3788 3957 ὑπόθεσιν

2097 3987 2196 4054 τήν
2225 3982 2365 4037 κατά
2391 3982 2482 4036 τὸν
2507 3985 2853 4054 πατριάρχιην
2882 3984 2978 4054 τῆν
3009 3985 3284 4055 ἡμετέραν
3316 3985 3471 4038 καλεί
3502 3985 3777 4053 γλῶτταν·

2100 4065 2192 4116 καί
2215 4063 2288 4133 μὴ
2312 4063 2624 4135 θαυμάσητε
2653 4067 2700 4116 εἰ
2723 4065 2814 4117 ἐπὶ
2839 4066 3130 4128 τοσαύταις
3153 4066 3385 4135 ἡμέραις
3409 4066 3508 4136 τὴν
3536 4067 3657 4119 κατ’
3679 4067 3778 4118 αύο

2099 4144 2189 4200 τὸν
2225 4147 2461 4214 ἱστορίαν
2493 4149 2573 4210 εἰς
2597 4147 2758 4217 μέσον
2789 4147 3222 4218 παραγαγόντες,
3247 4147 3460 4201 οὗδέπω
3484 4149 3579 4201 καὶ
3603 4151 3780 4218 τήμε-

2102 4247 2192 4300 ρον
2233 4231 2400 4302 αύτῆν
2441 4230 2736 4301 ἀπαρτίσαι
2779 4229 3135 4301 δεδυνήμεθα.
3169 4230 3344 4300 Πολλὴ
3393 4230 3504 4301 γάρ
3541 4231 3575 4301 ἦ
3618 4248 3781 4301 περι-

2099 4312 2254 4364 ουσία
2289 4310 2388 4381 τῆς
2416 4311 2507 4364 τοῦ
2537 4311 2745 4365 δικαίου
2783 4312 2983 4382 ἀρετῆς
3005 4351 3019 4375 ,
3051 4311 3146 4364 καὶ
3189 4311 3298 4364 τῶν
3330 4311 3521 4365 τούτου
3569 4330 3775 4383 κατορ-

2032 4406 2036 4410 '
2100 4393 2366 4464 θωμάτων
2393 4395 2451 4446 τὸ
2483 4393 2709 4463 μέγεθος
2731 4393 2949 4447 ἃπασαν
2976 4392 3320 4465 ἀνθρωπίνην
3342 4395 3466 4464 νικᾷ
3499 4394 3772 4462 γλῶτταν.

2105 4476 2202 4527 Ὃν
2231 4474 2338 4545 γὰρ
2368 4476 2397 4526 ό
2430 4474 2562 4536 Θεὸς
2595 4473 2798 4528 ἀνωθεν
2824 4475 3167 4543 ἐστεφάνωσε
3205 4474 3298 4528 καὶ
3327 4475 3654 4547 ἀνεκήρυξε,
3690 4477 3777 4540 τίς

2098 4553 2402 4623 ἀνθρώπων
2435 4557 2556 4607 κατ’
2591 4556 2746 4621 ἀξίαν
2773 4556 3058 4609 ἐπαινέσαι
3089 4557 3376 4626 δυνήσεται
3401 4557 3572 4622 ςἈλλ’
3597 4560 3772 4628 ὅμως,

2100 4635 2148 4686 εἰ
2186 4635 2280 4688 καὶ
2313 4637 2409 4706 τῆς
2443 4636 2599 4699 ἀξίας
2640 4635 2819 4706 πολλῷ
2859 4635 2936 4706 τῷ
2962 4636 3148 4707 μέτρῳ
3191 4637 3620 4708 ἀπολειπόμεθα,
3655 4641 3774 4694 ἀλλ’

2099 4713 2195 4770 οῦν
2231 4735 2294 4786 γε
2346 4721 2425 4781 εἰς
2461 4717 2689 4788 δύναμιν
2737 4720 3014 4788 ήμετέραν
3042 4719 3110 4772 τά
3141 4718 3264 4772 κατ’
3301 4719 3463 4773 αὐτὸν
3492 4723 3572 4784 εἰς
3608 4721 3777 4791 μέσον

2098 4800 2423 4872 προθέντες,
2469 4802 2549 4864 εἰς
2598 4799 2758 4871 ζῆλον
2808 4801 2951 4871 ὑμᾶς
3011 4801 3104 4854 καὶ
3157 4801 3390 4872 μίμησιν
3433 4806 3532 4874 τῆς
3578 4805 3773 4857 τούτου

2097 4884 2296 4955 ἀρετῆς
2333 4887 2619 4952 ἐναγαγεὶν
2657 4883 2975 4954 βουλόμεθα.
3016 4883 3199 4954 Ἰκανή
3237 4884 3347 4955 γάρ
3391 4883 3486 4937 τοῦ
3517 4885 3712 4958 ἀνδρὸς
3739 4889 3772 4957 ή

2097 4967 2380 5036 φιλοσωρία
2424 4968 2604 5018 πᾶσαν
2634 4965 2741 5017 τῶν
2775 4963 3079 5035 ἀνθρώπων
3111 4964 3397 5019 παιδεῦσαι
3446 4966 3549 5038 τὴν
3586 4969 3771 5036 φύσιν,

2096 5048 2189 5100 καὶ
2234 5049 2361 5110 τοὺς
2397 5047 2687 5117 προσέχειν
2717 5046 3075 5117 βουλομένους
3117 5047 3250 5118 πρὸς
3299 5049 3398 5120 τὴν
3427 5050 3528 5119 τῆς
3568 5051 3771 5122 ἀρετῆς

2096 5129 2210 5182 ὁδὸν
2257 5128 2677 5199 ἐφελκύσασθαι.
2735 5129 2895 5184 ’Δλλά
2943 5129 3260 5200 προσέχετε,
3290 5132 3617 5202 παρακαλῶ,
3659 5136 3773 5198 τοῖς

2096 5211 2437 5284 λεγομένοις,
2471 5213 2557 5267 ἵνα
2583 5213 2674 5266 καί
2706 5213 2772 5267 ἐκ
2820 5214 2926 5267 τῶν
2970 5211 3302 5284 προσφάτως
3339 5213 3772 5287 ἀνεγνωσμένων

2098 5297 2504 5367 καταμάθωμεν
2542 5296 2635 5350 τοῦ
2668 5297 2876 5351 δικαίου
2904 5297 3002 5368 τήν
3044 5295 3391 5366 φιλοσοφίαν.
3422 5298 3631 5354 ’ἰκανὸν
3660 5303 3771 5371 γάρ

2096 5379 2252 5433 τοῦτο
2288 5379 2349 5433 τὸ
2390 5381 2594 5452 χωρίον
2639 5379 2924 5434 παιδεῦσαι
2966 5381 3060 5434 καὶ
3104 5379 3300 5451 ἄνδρας
3355 5381 3445 5436 καῖ
3481 5385 3768 5450 γυναῖκας,

2097 5462 2236 5516 ὥστε
2289 5462 2486 5534 πολλὴν
2534 5463 2663 5535 περί
2702 5463 2851 5535 [585]
2899 5463 3620 5534 ἀλλήλουςκέπιδείκνυσθοιι
3668 5467 3768 5536 τὴν

2096 5545 2374 5615 ὁμόνοιαν,
2399 5547 2493 5599 καί
2526 5545 2626 5614 τῆς
2655 5546 2913 5614 συζυγίας
2957 5545 3050 5599 τὸν
3085 5545 3380 5616 σύνδεσμον
3409 5548 3625 5618 ἀρῤαγῆ
3651 5549 3768 5603 δια⁴

2097 5628 2384 5697 φυλάττειν
2405 5646 2416 5658 ·
2455 5629 2547 5682 καὶ
2577 5632 2715 5699 μήτε
2749 5630 2838 5682 τδν
2868 5629 3038 5700 ἀνδρα
3067 5631 3168 5699 τῆς
3196 5631 3454 5699 γυναικὸς
3499 5632 3764 5695 κατ;ξαν-

2101 5711 2370 5775 ίστασθαι,
2395 5711 2508 5764 ἀλλ’
2532 5712 2608 5774 ὡς
2639 5711 3012 5785 ἀσθενεστέρῳ
3031 5713 3214 5767 σκεύει
3243 5713 3445 5785 πολλὴν
3472 5715 3770 5784 ἀπονέμειν

2099 5793 2196 5866 τὴν
2245 5793 2608 5865 συγγνώμην·
2659 5795 2794 5865 μήτε
2841 5795 2939 5866 τὴν
2985 5798 3221 5864 γυναῖκα
3272 5795 3409 5865 πρὸς
3457 5795 3551 5849 τὸν
3601 5797 3770 5867 ἀνδρα

2096 5878 2450 5947 διχοπατείν,
2481 5877 2596 5931 ἀλλ’
2628 5876 2870 5948 ἀλλήλων
2893 5877 2963 5932 τά
2991 5877 3136 5949 βάρη
3166 5876 3453 5948 βαστάζειν
3487 5877 3770 5946 ἑκατέροις

2098 5958 2500 6030 διαμιλλᾶσθαι,
2528 5959 2625 6017 καί
2645 5958 2743 6032 τήν
2781 5960 2986 6016 οἰκείαν
3019 5961 3242 6033 εἰρήνην
3268 5959 3487 6014 πάντων
3513 5955 3766 6031 inde?“
3831 5968 3835 5969 ’
