  <div class='ocr_page' id='page_1' title='image "/cluster/home/n/w/nwhite01/storage/ocr_20150623/53/pst.000005712526/350.png"; bbox 0 0 4054 6324; ppageno 0'>
   <div class='ocr_carea' id='block_1_1' title="bbox 403 409 510 467">
    <p class='ocr_par' dir='ltr' id='par_1_1' title="bbox 403 409 510 467">
     <span class='ocr_line' id='line_1_1' title="bbox 403 409 510 467; baseline 0.019 -2"><span class='ocrx_word' id='word_1_1' title='bbox 403 409 510 467; x_wconf 61' lang='lat'><strong>339</strong></span> 
     </span>
    </p>
   </div>
   <div class='ocr_carea' id='block_1_2' title="bbox 403 515 1992 592">
    <p class='ocr_par' dir='ltr' id='par_1_2' title="bbox 403 515 1992 592">
     <span class='ocr_line' id='line_1_2' title="bbox 403 515 1992 592; baseline -0.005 -18"><span class='ocrx_word' id='word_1_2' title='bbox 403 522 619 592; x_wconf 90' lang='lat' dir='ltr'><strong>pideum</strong></span> <span class='ocrx_word' id='word_1_3' title='bbox 648 535 742 577; x_wconf 90' lang='lat' dir='ltr'><strong>cor</strong></span> <span class='ocrx_word' id='word_1_4' title='bbox 768 519 1047 584; x_wconf 88' lang='lat' dir='ltr'><strong>haberent,</strong></span> <span class='ocrx_word' id='word_1_5' title='bbox 1077 526 1128 572; x_wconf 91' lang='lat' dir='ltr'><strong>et</strong></span> <span class='ocrx_word' id='word_1_6' title='bbox 1152 529 1257 570; x_wconf 89' lang='lat' dir='ltr'><strong>nou</strong></span> <span class='ocrx_word' id='word_1_7' title='bbox 1287 515 1529 585; x_wconf 82' lang='lat' dir='ltr'><strong>ejusdem</strong></span> <span class='ocrx_word' id='word_1_8' title='bbox 1561 524 1764 570; x_wconf 79' lang='lat' dir='ltr'><strong>natura:</strong></span> <span class='ocrx_word' id='word_1_9' title='bbox 1791 524 1992 579; x_wconf 80' lang='lat' dir='ltr'><strong>essent,</strong></span> 
     </span>
    </p>
   </div>
   <div class='ocr_carea' id='block_1_3' title="bbox 408 605 1997 682">
    <p class='ocr_par' dir='ltr' id='par_1_3' title="bbox 408 605 1997 682">
     <span class='ocr_line' id='line_1_3' title="bbox 408 605 1997 682; baseline -0.004 -16"><span class='ocrx_word' id='word_1_10' title='bbox 408 612 477 666; x_wconf 91' lang='lat' dir='ltr'><strong>ita</strong></span> <span class='ocrx_word' id='word_1_11' title='bbox 513 627 572 667; x_wconf 86' lang='lat' dir='ltr'><strong>se</strong></span> <span class='ocrx_word' id='word_1_12' title='bbox 604 621 791 682; x_wconf 90' lang='lat' dir='ltr'><strong>putant</strong></span> <span class='ocrx_word' id='word_1_13' title='bbox 820 611 889 666; x_wconf 92' lang='lat' dir='ltr'><strong>ob</strong></span> <span class='ocrx_word' id='word_1_14' title='bbox 931 609 1162 664; x_wconf 89' lang='lat' dir='ltr'><strong>vestium</strong></span> <span class='ocrx_word' id='word_1_15' title='bbox 1194 608 1397 662; x_wconf 89' lang='lat' dir='ltr'><strong>cultum</strong></span> <span class='ocrx_word' id='word_1_16' title='bbox 1427 605 1586 661; x_wconf 90' lang='lat' dir='ltr'><strong>etiam</strong></span> <span class='ocrx_word' id='word_1_17' title='bbox 1616 606 1734 660; x_wconf 90' lang='lat' dir='ltr'><strong>aliis</strong></span> <span class='ocrx_word' id='word_1_18' title='bbox 1764 605 1997 660; x_wconf 88' lang='lat' dir='ltr'><strong>homini-</strong></span> 
     </span>
    </p>
   </div>
   <div class='ocr_carea' id='block_1_4' title="bbox 406 697 1997 771">
    <p class='ocr_par' dir='ltr' id='par_1_4' title="bbox 406 697 1997 771">
     <span class='ocr_line' id='line_1_4' title="bbox 406 697 1997 771; baseline -0.004 -14"><span class='ocrx_word' id='word_1_19' title='bbox 406 701 506 757; x_wconf 85' lang='lat' dir='ltr'><strong>bus</strong></span> <span class='ocrx_word' id='word_1_20' title='bbox 539 701 848 771; x_wconf 82' lang='lat' dir='ltr'><strong>superiores</strong></span> <span class='ocrx_word' id='word_1_21' title='bbox 874 713 1017 763; x_wconf 89' lang='lat' dir='ltr'><strong>esse,</strong></span> <span class='ocrx_word' id='word_1_22' title='bbox 1043 714 1150 753; x_wconf 92' lang='lat' dir='ltr'><strong>non</strong></span> <span class='ocrx_word' id='word_1_23' title='bbox 1184 697 1579 768; x_wconf 78' lang='lat' dir='ltr'><strong>perpendentes</strong></span> <span class='ocrx_word' id='word_1_24' title='bbox 1617 712 1800 752; x_wconf 84' lang='lat' dir='ltr'><strong>secum</strong></span> <span class='ocrx_word' id='word_1_25' title='bbox 1830 712 1997 767; x_wconf 88' lang='lat' dir='ltr'><strong>quan-</strong></span> 
     </span>
    </p>
   </div>
   <div class='ocr_carea' id='block_1_5' title="bbox 399 788 1994 860">
    <p class='ocr_par' dir='ltr' id='par_1_5' title="bbox 399 788 1994 860">
     <span class='ocr_line' id='line_1_5' title="bbox 399 788 1994 860; baseline -0.002 -14"><span class='ocrx_word' id='word_1_26' title='bbox 399 792 476 846; x_wconf 77' lang='lat' dir='ltr'><strong>tis</strong></span> <span class='ocrx_word' id='word_1_27' title='bbox 496 792 648 846; x_wconf 89' lang='lat' dir='ltr'><strong>malis</strong></span> <span class='ocrx_word' id='word_1_28' title='bbox 672 791 877 860; x_wconf 86' lang='lat' dir='ltr'><strong>seipsos</strong></span> <span class='ocrx_word' id='word_1_29' title='bbox 901 789 1160 844; x_wconf 89' lang='lat' dir='ltr'><strong>obnoxios</strong></span> <span class='ocrx_word' id='word_1_30' title='bbox 1176 789 1426 855; x_wconf 82' lang='lat' dir='ltr'><strong>reddam,</strong></span> <span class='ocrx_word' id='word_1_31' title='bbox 1448 790 1538 858; x_wconf 90' lang='lat' dir='ltr'><strong>qui</strong></span> <span class='ocrx_word' id='word_1_32' title='bbox 1565 788 1870 842; x_wconf 86' lang='lat' dir='ltr'><strong>concredita</strong></span> <span class='ocrx_word' id='word_1_33' title='bbox 1894 789 1994 843; x_wconf 92' lang='lat' dir='ltr'><strong>sibi</strong></span> 
     </span>
    </p>
   </div>
   <div class='ocr_carea' id='block_1_6' title="bbox 402 880 1995 951">
    <p class='ocr_par' dir='ltr' id='par_1_6' title="bbox 402 880 1995 951">
     <span class='ocr_line' id='line_1_6' title="bbox 402 880 1995 951; baseline -0.002 -13"><span class='ocrx_word' id='word_1_34' title='bbox 402 899 433 938; x_wconf 89' lang='lat' dir='ltr'><strong>a</strong></span> <span class='ocrx_word' id='word_1_35' title='bbox 466 884 692 938; x_wconf 85' lang='lat' dir='ltr'><strong>Domino</strong></span> <span class='ocrx_word' id='word_1_36' title='bbox 719 883 858 937; x_wconf 86' lang='lat' dir='ltr'><strong>male</strong></span> <span class='ocrx_word' id='word_1_37' title='bbox 894 883 1226 951; x_wconf 82' lang='lat' dir='ltr'><strong>dispensent,</strong></span> <span class='ocrx_word' id='word_1_38' title='bbox 1255 890 1310 936; x_wconf 87' lang='lat' dir='ltr'><strong>et</strong></span> <span class='ocrx_word' id='word_1_39' title='bbox 1343 880 1520 935; x_wconf 84' lang='lat' dir='ltr'><strong>nolint</strong></span> <span class='ocrx_word' id='word_1_40' title='bbox 1563 881 1836 936; x_wconf 88' lang='lat' dir='ltr'><strong>conservis</strong></span> <span class='ocrx_word' id='word_1_41' title='bbox 1875 895 1995 949; x_wconf 81' lang='lat' dir='ltr'><strong>par-</strong></span> 
     </span>
    </p>
   </div>
   <div class='ocr_carea' id='block_1_7' title="bbox 402 973 1994 1044">
    <p class='ocr_par' dir='ltr' id='par_1_7' title="bbox 402 973 1994 1044">
     <span class='ocr_line' id='line_1_7' title="bbox 402 973 1994 1044; baseline -0.003 -14"><span class='ocrx_word' id='word_1_42' title='bbox 402 983 511 1030; x_wconf 87' lang='lat' dir='ltr'><strong>tem</strong></span> <span class='ocrx_word' id='word_1_43' title='bbox 537 974 836 1030; x_wconf 76' lang='lat' dir='ltr'><strong>Concedere</strong></span> <span class='ocrx_word' id='word_1_44' title='bbox 868 992 880 1028; x_wconf 93' lang='lat'>:</span> <span class='ocrx_word' id='word_1_45' title='bbox 912 974 1004 1030; x_wconf 90' lang='lat' dir='ltr'><strong>sed</strong></span> <span class='ocrx_word' id='word_1_46' title='bbox 1033 975 1209 1044; x_wconf 84' lang='lat' dir='ltr'><strong>potius</strong></span> <span class='ocrx_word' id='word_1_47' title='bbox 1233 989 1262 1028; x_wconf 90' lang='lat' dir='ltr'><strong>a</strong></span> <span class='ocrx_word' id='word_1_48' title='bbox 1293 973 1563 1028; x_wconf 80' lang='lat' dir='ltr'><strong>vermibus</strong></span> <span class='ocrx_word' id='word_1_49' title='bbox 1588 973 1830 1027; x_wconf 84' lang='lat' dir='ltr'><strong>consumi</strong></span> <span class='ocrx_word' id='word_1_50' title='bbox 1872 987 1994 1041; x_wconf 80' lang='lat' dir='ltr'><strong>per-</strong></span> 
     </span>
    </p>
   </div>
   <div class='ocr_carea' id='block_1_8' title="bbox 397 1063 1993 1136">
    <p class='ocr_par' dir='ltr' id='par_1_8' title="bbox 397 1063 1993 1136">
     <span class='ocr_line' id='line_1_8' title="bbox 397 1063 1993 1136; baseline -0.002 -16"><span class='ocrx_word' id='word_1_51' title='bbox 397 1065 702 1133; x_wconf 80' lang='lat' dir='ltr'><strong>mittentes,</strong></span> <span class='ocrx_word' id='word_1_52' title='bbox 729 1065 1031 1134; x_wconf 74' lang='lat' dir='ltr'><strong>graviorem</strong></span> <span class='ocrx_word' id='word_1_53' title='bbox 1053 1065 1315 1136; x_wconf 62' lang='lat' dir='ltr'><strong>gehennae</strong></span> <span class='ocrx_word' id='word_1_54' title='bbox 1337 1063 1513 1132; x_wconf 89' lang='lat' dir='ltr'><strong>ignem</strong></span> <span class='ocrx_word' id='word_1_55' title='bbox 1534 1063 1645 1133; x_wconf 89' lang='lat' dir='ltr'><strong>jam</strong></span> <span class='ocrx_word' id='word_1_56' title='bbox 1666 1063 1765 1118; x_wconf 87' lang='lat' dir='ltr'><strong>sibi</strong></span> <span class='ocrx_word' id='word_1_57' title='bbox 1791 1078 1993 1133; x_wconf 70' lang='lat' dir='ltr'><strong>praepa-</strong></span> 
     </span>
    </p>
   </div>
   <div class='ocr_carea' id='block_1_9' title="bbox 401 1154 1987 1226">
    <p class='ocr_par' dir='ltr' id='par_1_9' title="bbox 401 1154 1987 1226">
     <span class='ocr_line' id='line_1_9' title="bbox 401 1154 1987 1226; baseline -0.001 -15"><span class='ocrx_word' id='word_1_58' title='bbox 401 1156 569 1212; x_wconf 74' lang='lat' dir='ltr'><strong>rent?</strong></span> <span class='ocrx_word' id='word_1_59' title='bbox 610 1157 744 1212; x_wconf 79' lang='lat' dir='ltr'><strong>Nam</strong></span> <span class='ocrx_word' id='word_1_60' title='bbox 788 1157 832 1212; x_wconf 88' lang='lat' dir='ltr'><strong>si</strong></span> <span class='ocrx_word' id='word_1_61' title='bbox 882 1156 1062 1213; x_wconf 89' lang='lat' dir='ltr'><strong>omnia</strong></span> <span class='ocrx_word' id='word_1_62' title='bbox 1110 1170 1231 1226; x_wconf 66' lang='lat' dir='ltr'><strong>qua:</strong></span> <span class='ocrx_word' id='word_1_63' title='bbox 1283 1155 1424 1210; x_wconf 82' lang='lat' dir='ltr'><strong>intus</strong></span> <span class='ocrx_word' id='word_1_64' title='bbox 1469 1156 1703 1224; x_wconf 85' lang='lat' dir='ltr'><strong>reposita</strong></span> <span class='ocrx_word' id='word_1_65' title='bbox 1754 1154 1987 1224; x_wconf 79' lang='lat' dir='ltr'><strong>habent,</strong></span> 
     </span>
    </p>
   </div>
   <div class='ocr_carea' id='block_1_10' title="bbox 400 1248 1991 1319">
    <p class='ocr_par' dir='ltr' id='par_1_10' title="bbox 400 1248 1991 1319">
     <span class='ocr_line' id='line_1_10' title="bbox 400 1248 1991 1319; baseline 0 -17"><span class='ocrx_word' id='word_1_66' title='bbox 400 1248 763 1319; x_wconf 72' lang='lat' dir='ltr'><strong>indigentibus</strong></span> <span class='ocrx_word' id='word_1_67' title='bbox 789 1248 981 1303; x_wconf 75' lang='lat' dir='ltr'><strong>divites</strong></span> <span class='ocrx_word' id='word_1_68' title='bbox 1021 1249 1421 1312; x_wconf 87' lang='lat' dir='ltr'><strong>distribuerent,</strong></span> <span class='ocrx_word' id='word_1_69' title='bbox 1454 1263 1624 1318; x_wconf 92' lang='lat' dir='ltr'><strong>neque</strong></span> <span class='ocrx_word' id='word_1_70' title='bbox 1669 1248 1747 1302; x_wconf 87' lang='lat' dir='ltr'><strong>sic</strong></span> <span class='ocrx_word' id='word_1_71' title='bbox 1792 1249 1991 1317; x_wconf 88' lang='lat' dir='ltr'><strong>suppli-</strong></span> 
     </span>
    </p>
   </div>
   <div class='ocr_carea' id='block_1_11' title="bbox 390 1337 1989 1409">
    <p class='ocr_par' dir='ltr' id='par_1_11' title="bbox 390 1337 1989 1409">
     <span class='ocr_line' id='line_1_11' title="bbox 390 1337 1989 1409; baseline 0 -17"><span class='ocrx_word' id='word_1_72' title='bbox 390 1340 540 1393; x_wconf 77' lang='lat' dir='ltr'><strong>cium</strong></span> <span class='ocrx_word' id='word_1_73' title='bbox 575 1337 873 1409; x_wconf 82' lang='lat' dir='ltr'><strong>ell&#39;ugerent</strong></span> <span class='ocrx_word' id='word_1_74' title='bbox 909 1354 1096 1394; x_wconf 88' lang='lat' dir='ltr'><strong>eorum</strong></span> <span class='ocrx_word' id='word_1_75' title='bbox 1138 1349 1478 1408; x_wconf 83' lang='lat' dir='ltr'><strong>peccatorum</strong></span> <span class='ocrx_word' id='word_1_76' title='bbox 1520 1353 1642 1408; x_wconf 64' lang='lat' dir='ltr'><strong>qua:</strong></span> <span class='ocrx_word' id='word_1_77' title='bbox 1688 1337 1740 1392; x_wconf 89' lang='lat' dir='ltr'><strong>iu</strong></span> <span class='ocrx_word' id='word_1_78' title='bbox 1780 1337 1989 1393; x_wconf 84' lang='lat' dir='ltr'><strong>deliciis</strong></span> 
     </span>
    </p>
   </div>
   <div class='ocr_carea' id='block_1_12' title="bbox 399 1430 1986 1500">
    <p class='ocr_par' dir='ltr' id='par_1_12' title="bbox 399 1430 1986 1500">
     <span class='ocr_line' id='line_1_12' title="bbox 399 1430 1986 1500; baseline 0.003 -19"><span class='ocrx_word' id='word_1_79' title='bbox 399 1431 630 1484; x_wconf 81' lang='lat' dir='ltr'><strong>vestium</strong></span> <span class='ocrx_word' id='word_1_80' title='bbox 654 1439 708 1484; x_wconf 92' lang='lat' dir='ltr'><strong>et</strong></span> <span class='ocrx_word' id='word_1_81' title='bbox 732 1431 1100 1485; x_wconf 83' lang='lat' dir='ltr'><strong>conviviorum</strong></span> <span class='ocrx_word' id='word_1_82' title='bbox 1126 1431 1429 1486; x_wconf 86' lang='lat' dir='ltr'><strong>admittunt.</strong></span> <span class='ocrx_word' id='word_1_83' title='bbox 1459 1430 1576 1498; x_wconf 82' lang='lat' dir='ltr'><strong>Quo</strong></span> <span class='ocrx_word' id='word_1_84' title='bbox 1601 1431 1745 1485; x_wconf 90' lang='lat' dir='ltr'><strong>enim</strong></span> <span class='ocrx_word' id='word_1_85' title='bbox 1781 1431 1986 1500; x_wconf 88' lang='lat' dir='ltr'><strong>suppli-</strong></span> 
     </span>
    </p>
   </div>
   <div class='ocr_carea' id='block_1_13' title="bbox 389 1521 1984 1591">
    <p class='ocr_par' dir='ltr' id='par_1_13' title="bbox 389 1521 1984 1591">
     <span class='ocr_line' id='line_1_13' title="bbox 389 1521 1984 1591; baseline 0 -17"><span class='ocrx_word' id='word_1_86' title='bbox 389 1521 484 1574; x_wconf 80' lang='lat' dir='ltr'><strong>cio</strong></span> <span class='ocrx_word' id='word_1_87' title='bbox 511 1534 617 1574; x_wconf 87' lang='lat' dir='ltr'><strong>non</strong></span> <span class='ocrx_word' id='word_1_88' title='bbox 648 1530 772 1574; x_wconf 89' lang='lat' dir='ltr'><strong>sunt</strong></span> <span class='ocrx_word' id='word_1_89' title='bbox 801 1521 966 1591; x_wconf 90' lang='lat' dir='ltr'><strong>digni,</strong></span> <span class='ocrx_word' id='word_1_90' title='bbox 995 1521 1083 1590; x_wconf 69' lang='lat' dir='ltr'><strong>imi</strong></span> <span class='ocrx_word' id='word_1_91' title='bbox 1112 1521 1284 1575; x_wconf 89' lang='lat' dir='ltr'><strong>modis</strong></span> <span class='ocrx_word' id='word_1_92' title='bbox 1311 1521 1557 1576; x_wconf 87' lang='lat' dir='ltr'><strong>omnibus</strong></span> <span class='ocrx_word' id='word_1_93' title='bbox 1587 1521 1716 1575; x_wconf 88' lang='lat' dir='ltr'><strong>dant</strong></span> <span class='ocrx_word' id='word_1_94' title='bbox 1743 1535 1984 1590; x_wconf 69' lang='lat' dir='ltr'><strong>operam,</strong></span> 
     </span>
    </p>
   </div>
   <div class='ocr_carea' id='block_1_14' title="bbox 390 1610 1987 1680">
    <p class='ocr_par' dir='ltr' id='par_1_14' title="bbox 390 1610 1987 1680">
     <span class='ocr_line' id='line_1_14' title="bbox 390 1610 1987 1680; baseline 0.001 -16"><span class='ocrx_word' id='word_1_95' title='bbox 390 1619 458 1664; x_wconf 81' lang='lat' dir='ltr'><strong>ut</strong></span> <span class='ocrx_word' id='word_1_96' title='bbox 481 1610 666 1664; x_wconf 87' lang='lat' dir='ltr'><strong>sericis</strong></span> <span class='ocrx_word' id='word_1_97' title='bbox 694 1620 748 1664; x_wconf 92' lang='lat' dir='ltr'><strong>et</strong></span> <span class='ocrx_word' id='word_1_98' title='bbox 774 1625 927 1676; x_wconf 84' lang='lat' dir='ltr'><strong>auro,</strong></span> <span class='ocrx_word' id='word_1_99' title='bbox 956 1611 1041 1665; x_wconf 88' lang='lat' dir='ltr'><strong>vel</strong></span> <span class='ocrx_word' id='word_1_100' title='bbox 1063 1610 1216 1665; x_wconf 84' lang='lat' dir='ltr'><strong>aliter</strong></span> <span class='ocrx_word' id='word_1_101' title='bbox 1241 1611 1396 1680; x_wconf 78' lang='lat' dir='ltr'><strong>pictis</strong></span> <span class='ocrx_word' id='word_1_102' title='bbox 1425 1611 1658 1665; x_wconf 90' lang='lat' dir='ltr'><strong>vestibus</strong></span> <span class='ocrx_word' id='word_1_103' title='bbox 1687 1611 1987 1666; x_wconf 79' lang='lat' dir='ltr'><strong>interte\tis</strong></span> 
     </span>
    </p>
   </div>
   <div class='ocr_carea' id='block_1_15' title="bbox 388 1700 1987 1770">
    <p class='ocr_par' dir='ltr' id='par_1_15' title="bbox 388 1700 1987 1770">
     <span class='ocr_line' id='line_1_15' title="bbox 388 1700 1987 1770; baseline 0.001 -15"><span class='ocrx_word' id='word_1_104' title='bbox 388 1700 706 1764; x_wconf 79' lang='lat' dir='ltr'><strong>induantur,</strong></span> <span class='ocrx_word' id='word_1_105' title='bbox 730 1708 782 1756; x_wconf 93' lang='lat' dir='ltr'><strong>et</strong></span> <span class='ocrx_word' id='word_1_106' title='bbox 820 1710 942 1770; x_wconf 91' lang='lat' dir='ltr'><strong>post</strong></span> <span class='ocrx_word' id='word_1_107' title='bbox 970 1715 1028 1756; x_wconf 90' lang='lat' dir='ltr'><strong>se</strong></span> <span class='ocrx_word' id='word_1_108' title='bbox 1053 1716 1300 1770; x_wconf 83' lang='lat' dir='ltr'><strong>pompam</strong></span> <span class='ocrx_word' id='word_1_109' title='bbox 1329 1700 1539 1754; x_wconf 77' lang='lat' dir='ltr'><strong>trahant</strong></span> <span class='ocrx_word' id='word_1_110' title='bbox 1579 1701 1630 1754; x_wconf 90' lang='lat' dir='ltr'><strong>in</strong></span> <span class='ocrx_word' id='word_1_111' title='bbox 1657 1701 1774 1755; x_wconf 82' lang='lat' dir='ltr'><strong>loro</strong></span> <span class='ocrx_word' id='word_1_112' title='bbox 1802 1700 1987 1756; x_wconf 83' lang='lat' dir='ltr'><strong>:Chri-</strong></span> 
     </span>
    </p>
   </div>
   <div class='ocr_carea' id='block_1_16' title="bbox 394 1791 1986 1861">
    <p class='ocr_par' dir='ltr' id='par_1_16' title="bbox 394 1791 1986 1861">
     <span class='ocr_line' id='line_1_16' title="bbox 394 1791 1986 1861; baseline 0 -15"><span class='ocrx_word' id='word_1_113' title='bbox 394 1800 541 1846; x_wconf 65' lang='lat' dir='ltr'><strong>stum</strong></span> <span class='ocrx_word' id='word_1_114' title='bbox 564 1800 741 1846; x_wconf 83' lang='lat' dir='ltr'><strong>autem</strong></span> <span class='ocrx_word' id='word_1_115' title='bbox 769 1791 1069 1861; x_wconf 85' lang='lat' dir='ltr'><strong>despiciunt</strong></span> <span class='ocrx_word' id='word_1_116' title='bbox 1086 1791 1378 1856; x_wconf 89' lang='lat' dir='ltr'><strong>nudum,et</strong></span> <span class='ocrx_word' id='word_1_117' title='bbox 1401 1806 1570 1860; x_wconf 87' lang='lat' dir='ltr'><strong>neque</strong></span> <span class='ocrx_word' id='word_1_118' title='bbox 1594 1791 1771 1846; x_wconf 88' lang='lat' dir='ltr'><strong>cibum</strong></span> <span class='ocrx_word' id='word_1_119' title='bbox 1801 1807 1986 1846; x_wconf 83' lang='lat' dir='ltr'><strong>neces-</strong></span> 
     </span>
    </p>
   </div>
   <div class='ocr_carea' id='block_1_17' title="bbox 389 1883 1984 1953">
    <p class='ocr_par' dir='ltr' id='par_1_17' title="bbox 389 1883 1984 1953">
     <span class='ocr_line' id='line_1_17' title="bbox 389 1883 1984 1953; baseline 0.002 -16"><span class='ocrx_word' id='word_1_120' title='bbox 389 1883 594 1937; x_wconf 83' lang='lat' dir='ltr'><strong>sarium</strong></span> <span class='ocrx_word' id='word_1_121' title='bbox 617 1883 1031 1953; x_wconf 81' lang='lat' dir='ltr'><strong>impetrautcm?</strong></span> <span class='ocrx_word' id='word_1_122' title='bbox 1053 1883 1280 1938; x_wconf 78' lang='lat' dir='ltr'><strong>Maxime</strong></span> <span class='ocrx_word' id='word_1_123' title='bbox 1294 1891 1471 1938; x_wconf 91' lang='lat' dir='ltr'><strong>autem</strong></span> <span class='ocrx_word' id='word_1_124' title='bbox 1485 1899 1669 1939; x_wconf 86' lang='lat' dir='ltr'><strong>sermo</strong></span> <span class='ocrx_word' id='word_1_125' title='bbox 1686 1885 1788 1940; x_wconf 89' lang='lat' dir='ltr'><strong>iste</strong></span> <span class='ocrx_word' id='word_1_126' title='bbox 1805 1884 1984 1940; x_wconf 82' lang='lat' dir='ltr'><strong>adver-</strong></span> 
     </span>
    </p>
   </div>
   <div class='ocr_carea' id='block_1_18' title="bbox 388 1975 1983 2046">
    <p class='ocr_par' dir='ltr' id='par_1_18' title="bbox 388 1975 1983 2046">
     <span class='ocr_line' id='line_1_18' title="bbox 388 1975 1983 2046; baseline 0.003 -19"><span class='ocrx_word' id='word_1_127' title='bbox 388 1987 484 2028; x_wconf 82' lang='lat' dir='ltr'><strong>sus</strong></span> <span class='ocrx_word' id='word_1_128' title='bbox 509 1975 760 2030; x_wconf 84' lang='lat' dir='ltr'><strong>mulieres</strong></span> <span class='ocrx_word' id='word_1_129' title='bbox 789 1975 1118 2045; x_wconf 84' lang='lat' dir='ltr'><strong>congruerit.</strong></span> <span class='ocrx_word' id='word_1_130' title='bbox 1153 1975 1406 2043; x_wconf 71' lang='lat' dir='ltr'><strong>hlajorem</strong></span> <span class='ocrx_word' id='word_1_131' title='bbox 1439 1977 1581 2031; x_wconf 89' lang='lat' dir='ltr'><strong>enim</strong></span> <span class='ocrx_word' id='word_1_132' title='bbox 1611 1977 1749 2046; x_wconf 90' lang='lat' dir='ltr'><strong>apud</strong></span> <span class='ocrx_word' id='word_1_133' title='bbox 1782 1993 1872 2032; x_wconf 87' lang='lat' dir='ltr'><strong>eas</strong></span> <span class='ocrx_word' id='word_1_134' title='bbox 1905 1979 1983 2032; x_wconf 89' lang='lat' dir='ltr'><strong>in-</strong></span> 
     </span>
    </p>
   </div>
   <div class='ocr_carea' id='block_1_19' title="bbox 390 2065 1981 2137">
    <p class='ocr_par' dir='ltr' id='par_1_19' title="bbox 390 2065 1981 2137">
     <span class='ocr_line' id='line_1_19' title="bbox 390 2065 1981 2137; baseline 0.005 -20"><span class='ocrx_word' id='word_1_135' title='bbox 390 2067 635 2120; x_wconf 83' lang='lat' dir='ltr'><strong>venimus</strong></span> <span class='ocrx_word' id='word_1_136' title='bbox 662 2074 880 2120; x_wconf 88' lang='lat' dir='ltr'><strong>ornatus</strong></span> <span class='ocrx_word' id='word_1_137' title='bbox 903 2065 1245 2135; x_wconf 80' lang='lat' dir='ltr'><strong>cupiditatem</strong></span> <span class='ocrx_word' id='word_1_138' title='bbox 1273 2075 1326 2122; x_wconf 89' lang='lat' dir='ltr'><strong>et</strong></span> <span class='ocrx_word' id='word_1_139' title='bbox 1351 2067 1836 2137; x_wconf 83' lang='lat' dir='ltr'><strong>intemperantiam,</strong></span> <span class='ocrx_word' id='word_1_140' title='bbox 1861 2086 1981 2125; x_wconf 91' lang='lat' dir='ltr'><strong>cum</strong></span> 
     </span>
    </p>
   </div>
   <div class='ocr_carea' id='block_1_20' title="bbox 389 2155 1982 2227">
    <p class='ocr_par' dir='ltr' id='par_1_20' title="bbox 389 2155 1982 2227">
     <span class='ocr_line' id='line_1_20' title="bbox 389 2155 1982 2227; baseline 0.006 -19"><span class='ocrx_word' id='word_1_141' title='bbox 389 2155 589 2209; x_wconf 79' lang='lat' dir='ltr'><strong>auratis</strong></span> <span class='ocrx_word' id='word_1_142' title='bbox 615 2155 850 2210; x_wconf 83' lang='lat' dir='ltr'><strong>vestibus</strong></span> <span class='ocrx_word' id='word_1_143' title='bbox 879 2165 933 2211; x_wconf 90' lang='lat' dir='ltr'><strong>et</strong></span> <span class='ocrx_word' id='word_1_144' title='bbox 975 2171 1108 2210; x_wconf 90' lang='lat' dir='ltr'><strong>auro</strong></span> <span class='ocrx_word' id='word_1_145' title='bbox 1139 2158 1189 2210; x_wconf 86' lang='lat' dir='ltr'><strong>in</strong></span> <span class='ocrx_word' id='word_1_146' title='bbox 1224 2158 1419 2227; x_wconf 84' lang='lat' dir='ltr'><strong>capite,</strong></span> <span class='ocrx_word' id='word_1_147' title='bbox 1449 2158 1500 2211; x_wconf 91' lang='lat' dir='ltr'><strong>in</strong></span> <span class='ocrx_word' id='word_1_148' title='bbox 1532 2159 1673 2214; x_wconf 85' lang='lat' dir='ltr'><strong>collo</strong></span> <span class='ocrx_word' id='word_1_149' title='bbox 1703 2170 1755 2214; x_wconf 89' lang='lat' dir='ltr'><strong>et</strong></span> <span class='ocrx_word' id='word_1_150' title='bbox 1785 2161 1837 2214; x_wconf 90' lang='lat' dir='ltr'><strong>in</strong></span> <span class='ocrx_word' id='word_1_151' title='bbox 1865 2161 1982 2217; x_wconf 74' lang='lat' dir='ltr'><strong>aliis</strong></span> 
     </span>
    </p>
   </div>
   <div class='ocr_carea' id='block_1_21' title="bbox 382 2245 1984 2321">
    <p class='ocr_par' dir='ltr' id='par_1_21' title="bbox 382 2245 1984 2321">
     <span class='ocr_line' id='line_1_21' title="bbox 382 2245 1984 2321; baseline 0.005 -24"><span class='ocrx_word' id='word_1_152' title='bbox 382 2245 632 2314; x_wconf 80' lang='lat' dir='ltr'><strong>corporis</strong></span> <span class='ocrx_word' id='word_1_153' title='bbox 660 2246 894 2315; x_wconf 90' lang='lat' dir='ltr'><strong>partibus</strong></span> <span class='ocrx_word' id='word_1_154' title='bbox 923 2255 1206 2312; x_wconf 89' lang='lat' dir='ltr'><strong>ornantur,</strong></span> <span class='ocrx_word' id='word_1_155' title='bbox 1240 2257 1293 2302; x_wconf 90' lang='lat' dir='ltr'><strong>et</strong></span> <span class='ocrx_word' id='word_1_156' title='bbox 1333 2248 1386 2302; x_wconf 92' lang='lat' dir='ltr'><strong>in</strong></span> <span class='ocrx_word' id='word_1_157' title='bbox 1427 2249 1511 2303; x_wconf 87' lang='lat' dir='ltr'><strong>his</strong></span> <span class='ocrx_word' id='word_1_158' title='bbox 1550 2265 1762 2319; x_wconf 91' lang='lat' dir='ltr'><strong>quoque</strong></span> <span class='ocrx_word' id='word_1_159' title='bbox 1794 2264 1984 2321; x_wconf 77' lang='lat' dir='ltr'><strong>super-</strong></span> 
     </span>
    </p>
   </div>
   <div class='ocr_carea' id='block_1_22' title="bbox 389 2336 1981 2411">
    <p class='ocr_par' dir='ltr' id='par_1_22' title="bbox 389 2336 1981 2411">
     <span class='ocr_line' id='line_1_22' title="bbox 389 2336 1981 2411; baseline 0.003 -19"><span class='ocrx_word' id='word_1_160' title='bbox 389 2336 561 2392; x_wconf 89' lang='lat' dir='ltr'><strong>biunt.</strong></span> <span class='ocrx_word' id='word_1_161' title='bbox 585 2337 727 2405; x_wconf 86' lang='lat' dir='ltr'><strong>Quot</strong></span> <span class='ocrx_word' id='word_1_162' title='bbox 756 2353 1050 2408; x_wconf 79' lang='lat' dir='ltr'><strong>pauperum</strong></span> <span class='ocrx_word' id='word_1_163' title='bbox 1075 2350 1289 2394; x_wconf 83' lang='lat' dir='ltr'><strong>ventres</strong></span> <span class='ocrx_word' id='word_1_164' title='bbox 1319 2348 1564 2410; x_wconf 78' lang='lat' dir='ltr'><strong>poterant</strong></span> <span class='ocrx_word' id='word_1_165' title='bbox 1595 2340 1716 2395; x_wconf 91' lang='lat' dir='ltr'><strong>inde</strong></span> <span class='ocrx_word' id='word_1_166' title='bbox 1735 2343 1904 2411; x_wconf 90' lang='lat' dir='ltr'><strong>pasci,</strong></span> <span class='ocrx_word' id='word_1_167' title='bbox 1928 2352 1981 2397; x_wconf 90' lang='lat' dir='ltr'><strong>et</strong></span> 
     </span>
    </p>
   </div>
   <div class='ocr_carea' id='block_1_23' title="bbox 384 2430 1981 2501">
    <p class='ocr_par' dir='ltr' id='par_1_23' title="bbox 384 2430 1981 2501">
     <span class='ocr_line' id='line_1_23' title="bbox 384 2430 1981 2501; baseline 0.005 -19"><span class='ocrx_word' id='word_1_168' title='bbox 384 2439 519 2499; x_wconf 79' lang='lat' dir='ltr'><strong>quot</strong></span> <span class='ocrx_word' id='word_1_169' title='bbox 546 2444 770 2499; x_wconf 89' lang='lat' dir='ltr'><strong>corpora</strong></span> <span class='ocrx_word' id='word_1_170' title='bbox 801 2430 943 2486; x_wconf 91' lang='lat' dir='ltr'><strong>nude</strong></span> <span class='ocrx_word' id='word_1_171' title='bbox 965 2433 1233 2501; x_wconf 87' lang='lat' dir='ltr'><strong>agentium</strong></span> <span class='ocrx_word' id='word_1_172' title='bbox 1259 2441 1503 2501; x_wconf 85' lang='lat' dir='ltr'><strong>poterant</strong></span> <span class='ocrx_word' id='word_1_173' title='bbox 1525 2447 1591 2486; x_wconf 90' lang='lat' dir='ltr'><strong>ex</strong></span> <span class='ocrx_word' id='word_1_174' title='bbox 1614 2432 1678 2486; x_wconf 90' lang='lat' dir='ltr'><strong>iis</strong></span> <span class='ocrx_word' id='word_1_175' title='bbox 1699 2435 1828 2488; x_wconf 90' lang='lat' dir='ltr'><strong>solis</strong></span> <span class='ocrx_word' id='word_1_176' title='bbox 1845 2449 1981 2489; x_wconf 62' lang='lat' dir='ltr'><strong>conv</strong></span> 
     </span>
    </p>
   </div>
   <div class='ocr_carea' id='block_1_24' title="bbox 386 2520 1982 2592">
    <p class='ocr_par' dir='ltr' id='par_1_24' title="bbox 386 2520 1982 2592">
     <span class='ocr_line' id='line_1_24' title="bbox 386 2520 1982 2592; baseline 0.006 -20"><span class='ocrx_word' id='word_1_177' title='bbox 386 2520 517 2590; x_wconf 86' lang='lat' dir='ltr'><strong>tegi,</strong></span> <span class='ocrx_word' id='word_1_178' title='bbox 541 2535 659 2590; x_wconf 80' lang='lat' dir='ltr'><strong>qua:</strong></span> <span class='ocrx_word' id='word_1_179' title='bbox 703 2522 773 2575; x_wconf 90' lang='lat' dir='ltr'><strong>ab</strong></span> <span class='ocrx_word' id='word_1_180' title='bbox 813 2521 1048 2590; x_wconf 91' lang='lat' dir='ltr'><strong>ipsarum</strong></span> <span class='ocrx_word' id='word_1_181' title='bbox 1088 2523 1306 2577; x_wconf 87' lang='lat' dir='ltr'><strong>auribus</strong></span> <span class='ocrx_word' id='word_1_182' title='bbox 1333 2523 1587 2592; x_wconf 86' lang='lat' dir='ltr'><strong>pendent,</strong></span> <span class='ocrx_word' id='word_1_183' title='bbox 1628 2524 1824 2579; x_wconf 85' lang='lat' dir='ltr'><strong>nullius</strong></span> <span class='ocrx_word' id='word_1_184' title='bbox 1850 2527 1982 2581; x_wconf 76' lang='lat' dir='ltr'><strong>alto-</strong></span> 
     </span>
    </p>
   </div>
   <div class='ocr_carea' id='block_1_25' title="bbox 386 2609 1977 2681">
    <p class='ocr_par' dir='ltr' id='par_1_25' title="bbox 386 2609 1977 2681">
     <span class='ocr_line' id='line_1_25' title="bbox 386 2609 1977 2681; baseline 0.006 -19"><span class='ocrx_word' id='word_1_185' title='bbox 386 2609 499 2663; x_wconf 82' lang='lat' dir='ltr'><strong>rius</strong></span> <span class='ocrx_word' id='word_1_186' title='bbox 526 2625 652 2664; x_wconf 91' lang='lat' dir='ltr'><strong>usus</strong></span> <span class='ocrx_word' id='word_1_187' title='bbox 690 2612 880 2680; x_wconf 83' lang='lat' dir='ltr'><strong>gratia,</strong></span> <span class='ocrx_word' id='word_1_188' title='bbox 921 2627 1078 2681; x_wconf 86' lang='lat' dir='ltr'><strong>quam</strong></span> <span class='ocrx_word' id='word_1_189' title='bbox 1106 2614 1162 2666; x_wconf 90' lang='lat' dir='ltr'><strong>in</strong></span> <span class='ocrx_word' id='word_1_190' title='bbox 1194 2613 1446 2667; x_wconf 80' lang='lat' dir='ltr'><strong>dauuium</strong></span> <span class='ocrx_word' id='word_1_191' title='bbox 1493 2623 1548 2668; x_wconf 89' lang='lat' dir='ltr'><strong>et</strong></span> <span class='ocrx_word' id='word_1_192' title='bbox 1597 2627 1977 2672; x_wconf 85' lang='lat' dir='ltr'><strong>nocumeutum</strong></span> 
     </span>
    </p>
   </div>
   <div class='ocr_carea' id='block_1_26' title="bbox 385 2701 1974 2771">
    <p class='ocr_par' dir='ltr' id='par_1_26' title="bbox 385 2701 1974 2771">
     <span class='ocr_line' id='line_1_26' title="bbox 385 2701 1974 2771; baseline 0.008 -20"><span class='ocrx_word' id='word_1_193' title='bbox 385 2701 618 2755; x_wconf 67' lang='lat' dir='ltr'><strong>animas?</strong></span> <span class='ocrx_word' id='word_1_194' title='bbox 662 2701 890 2771; x_wconf 79' lang='lat' dir='ltr'><strong>Propter</strong></span> <span class='ocrx_word' id='word_1_195' title='bbox 941 2704 1043 2757; x_wconf 92' lang='lat' dir='ltr'><strong>hoc</strong></span> <span class='ocrx_word' id='word_1_196' title='bbox 1096 2705 1290 2758; x_wconf 89' lang='lat' dir='ltr'><strong>doctor</strong></span> <span class='ocrx_word' id='word_1_197' title='bbox 1325 2704 1470 2758; x_wconf 85' lang='lat' dir='ltr'><strong>orbis</strong></span> <span class='ocrx_word' id='word_1_198' title='bbox 1509 2720 1634 2760; x_wconf 89' lang='lat' dir='ltr'><strong>cum</strong></span> <span class='ocrx_word' id='word_1_199' title='bbox 1687 2706 1911 2763; x_wconf 81' lang='lat' dir='ltr'><strong>dixisset</strong></span> <span class='ocrx_word' id='word_1_200' title='bbox 1959 2725 1974 2762; x_wconf 91' lang='lat'><strong>:</strong></span> 
     </span>
    </p>
   </div>
   <div class='ocr_carea' id='block_1_27' title="bbox 387 2791 1978 2868">
    <p class='ocr_par' dir='ltr' id='par_1_27' title="bbox 387 2791 1978 2868">
     <span class='ocr_line' id='line_1_27' title="bbox 387 2791 1978 2868; baseline 0.007 -24"><span class='ocrx_word' id='word_1_201' title='bbox 387 2791 644 2846; x_wconf 74' lang='lat' dir='ltr'><strong>Habentes</strong></span> <span class='ocrx_word' id='word_1_202' title='bbox 673 2795 859 2848; x_wconf 86' lang='lat' dir='ltr'><strong>victum</strong></span> <span class='ocrx_word' id='word_1_203' title='bbox 901 2804 947 2848; x_wconf 87' lang='lat' dir='ltr'><strong>et</strong></span> <span class='ocrx_word' id='word_1_204' title='bbox 993 2796 1232 2848; x_wconf 82' lang='lat' dir='ltr'><strong>amictum</strong></span> <span class='ocrx_word' id='word_1_205' title='bbox 1281 2796 1358 2865; x_wconf 87' lang='grc' dir='ltr'><strong>(Î™.</strong></span> <span class='ocrx_word' id='word_1_206' title='bbox 1405 2795 1538 2850; x_wconf 88' lang='lat' dir='ltr'><strong>Tim.</strong></span> <span class='ocrx_word' id='word_1_207' title='bbox 1581 2796 1635 2852; x_wconf 89' lang='lat'><strong>6.</strong></span> <span class='ocrx_word' id='word_1_208' title='bbox 1678 2797 1733 2868; x_wconf 90' lang='lat'><strong>8)</strong></span> <span class='ocrx_word' id='word_1_209' title='bbox 1769 2816 1782 2851; x_wconf 87' lang='lat'><strong>:</strong></span> <span class='ocrx_word' id='word_1_210' title='bbox 1820 2801 1978 2856; x_wconf 83' lang='lat' dir='ltr'><strong>vertit</strong></span> 
     </span>
    </p>
   </div>
   <div class='ocr_carea' id='block_1_28' title="bbox 381 2882 1979 2951">
    <p class='ocr_par' dir='ltr' id='par_1_28' title="bbox 381 2882 1979 2951">
     <span class='ocr_line' id='line_1_28' title="bbox 381 2882 1979 2951; baseline 0.005 -17"><span class='ocrx_word' id='word_1_211' title='bbox 381 2896 598 2935; x_wconf 79' lang='lat' dir='ltr'><strong>rursum</strong></span> <span class='ocrx_word' id='word_1_212' title='bbox 622 2882 687 2936; x_wconf 90' lang='lat' dir='ltr'><strong>ad</strong></span> <span class='ocrx_word' id='word_1_213' title='bbox 716 2883 965 2938; x_wconf 84' lang='lat' dir='ltr'><strong>mulieres</strong></span> <span class='ocrx_word' id='word_1_214' title='bbox 989 2899 1314 2951; x_wconf 81' lang='lat' dir='ltr'><strong>sermonem,</strong></span> <span class='ocrx_word' id='word_1_215' title='bbox 1338 2895 1397 2940; x_wconf 87' lang='lat' dir='ltr'><strong>et</strong></span> <span class='ocrx_word' id='word_1_216' title='bbox 1429 2885 1556 2940; x_wconf 88' lang='lat' dir='ltr'><strong>dicit</strong></span> <span class='ocrx_word' id='word_1_217' title='bbox 1599 2904 1611 2939; x_wconf 88' lang='lat'>:</span> <span class='ocrx_word' id='word_1_218' title='bbox 1642 2886 1761 2940; x_wconf 84' lang='lat' dir='ltr'><strong>Non</strong></span> <span class='ocrx_word' id='word_1_219' title='bbox 1793 2889 1844 2942; x_wconf 84' lang='lat' dir='ltr'><strong>in</strong></span> <span class='ocrx_word' id='word_1_220' title='bbox 1875 2900 1979 2943; x_wconf 79' lang='lat' dir='ltr'><strong>tor-</strong></span> 
     </span>
    </p>
   </div>
   <div class='ocr_carea' id='block_1_29' title="bbox 383 2965 1976 3049">
    <p class='ocr_par' dir='ltr' id='par_1_29' title="bbox 383 2965 1976 3049">
     <span class='ocr_line' id='line_1_29' title="bbox 383 2965 1976 3049; baseline 0.007 -26"><span class='ocrx_word' id='word_1_221' title='bbox 383 2971 448 3023; x_wconf 79' lang='lat' dir='ltr'><strong>tis</strong></span> <span class='ocrx_word' id='word_1_222' title='bbox 473 2971 693 3025; x_wconf 72' lang='lat' dir='ltr'><strong>crinibus</strong></span> <span class='ocrx_word' id='word_1_223' title='bbox 709 2974 787 3026; x_wconf 83' lang='lat' dir='ltr'><strong>vel</strong></span> <span class='ocrx_word' id='word_1_224' title='bbox 805 2965 1017 3038; x_wconf 52' lang='lat' dir='ltr'><strong>ignaro,</strong></span> <span class='ocrx_word' id='word_1_225' title='bbox 1043 2975 1121 3028; x_wconf 81' lang='lat' dir='ltr'><strong>vel</strong></span> <span class='ocrx_word' id='word_1_226' title='bbox 1134 2978 1422 3047; x_wconf 79' lang='lat' dir='ltr'><strong>margaritis</strong></span> <span class='ocrx_word' id='word_1_227' title='bbox 1439 2979 1514 3031; x_wconf 81' lang='lat' dir='ltr'><strong>vel</strong></span> <span class='ocrx_word' id='word_1_228' title='bbox 1535 2989 1664 3032; x_wconf 78' lang='lat' dir='ltr'><strong>veste</strong></span> <span class='ocrx_word' id='word_1_229' title='bbox 1678 2990 1976 3049; x_wconf 67' lang='lat' dir='ltr'><strong>sumptuosa</strong></span> 
     </span>
    </p>
   </div>
   <div class='ocr_carea' id='block_1_30' title="bbox 375 3061 1975 3136">
    <p class='ocr_par' dir='ltr' id='par_1_30' title="bbox 375 3061 1975 3136">
     <span class='ocr_line' id='line_1_30' title="bbox 375 3061 1975 3136; baseline 0.008 -22"><span class='ocrx_word' id='word_1_230' title='bbox 375 3071 558 3114; x_wconf 82' lang='lat' dir='ltr'><strong>ornent</strong></span> <span class='ocrx_word' id='word_1_231' title='bbox 587 3078 639 3116; x_wconf 82' lang='lat' dir='ltr'><strong>se</strong></span> <span class='ocrx_word' id='word_1_232' title='bbox 667 3061 826 3132; x_wconf 71' lang='lat' dir='ltr'><strong>(Ibid.</strong></span> <span class='ocrx_word' id='word_1_233' title='bbox 857 3063 911 3118; x_wconf 69' lang='lat'><strong>2.</strong></span> <span class='ocrx_word' id='word_1_234' title='bbox 943 3064 1020 3135; x_wconf 84' lang='lat'><strong>9).</strong></span> <span class='ocrx_word' id='word_1_235' title='bbox 1055 3065 1211 3120; x_wconf 81' lang='lat' dir='ltr'><strong>Vides</strong></span> <span class='ocrx_word' id='word_1_236' title='bbox 1257 3067 1528 3136; x_wconf 80' lang='lat' dir='ltr'><strong>quomodo</strong></span> <span class='ocrx_word' id='word_1_237' title='bbox 1575 3084 1681 3122; x_wconf 91' lang='lat' dir='ltr'><strong>non</strong></span> <span class='ocrx_word' id='word_1_238' title='bbox 1725 3070 1839 3123; x_wconf 83' lang='lat' dir='ltr'><strong>vult</strong></span> <span class='ocrx_word' id='word_1_239' title='bbox 1883 3085 1975 3126; x_wconf 85' lang='lat' dir='ltr'><strong>eas</strong></span> 
     </span>
    </p>
   </div>
   <div class='ocr_carea' id='block_1_31' title="bbox 383 3148 1973 3230">
    <p class='ocr_par' dir='ltr' id='par_1_31' title="bbox 383 3148 1973 3230">
     <span class='ocr_line' id='line_1_31' title="bbox 383 3148 1973 3230; baseline 0.008 -27"><span class='ocrx_word' id='word_1_240' title='bbox 383 3148 579 3206; x_wconf 75' lang='lat' dir='ltr'><strong>talibus</strong></span> <span class='ocrx_word' id='word_1_241' title='bbox 603 3155 803 3218; x_wconf 86' lang='lat' dir='ltr'><strong>ornari,</strong></span> <span class='ocrx_word' id='word_1_242' title='bbox 839 3169 1015 3224; x_wconf 87' lang='lat' dir='ltr'><strong>neque</strong></span> <span class='ocrx_word' id='word_1_243' title='bbox 1038 3170 1169 3210; x_wconf 89' lang='lat' dir='ltr'><strong>auro</strong></span> <span class='ocrx_word' id='word_1_244' title='bbox 1191 3155 1535 3222; x_wconf 85' lang='lat' dir='ltr'><strong>circumdari,</strong></span> <span class='ocrx_word' id='word_1_245' title='bbox 1564 3173 1737 3228; x_wconf 90' lang='lat' dir='ltr'><strong>neque</strong></span> <span class='ocrx_word' id='word_1_246' title='bbox 1763 3175 1973 3230; x_wconf 86' lang='lat' dir='ltr'><strong>marga-</strong></span> 
     </span>
    </p>
   </div>
   <div class='ocr_carea' id='block_1_32' title="bbox 381 3241 1972 3314">
    <p class='ocr_par' dir='ltr' id='par_1_32' title="bbox 381 3241 1972 3314">
     <span class='ocr_line' id='line_1_32' title="bbox 381 3241 1972 3314; baseline 0.006 -20"><span class='ocrx_word' id='word_1_247' title='bbox 381 3241 501 3294; x_wconf 86' lang='lat' dir='ltr'><strong>ritis</strong></span> <span class='ocrx_word' id='word_1_248' title='bbox 525 3257 696 3311; x_wconf 90' lang='lat' dir='ltr'><strong>neque</strong></span> <span class='ocrx_word' id='word_1_249' title='bbox 728 3253 876 3299; x_wconf 84' lang='lat' dir='ltr'><strong>veste</strong></span> <span class='ocrx_word' id='word_1_250' title='bbox 904 3255 1215 3314; x_wconf 90' lang='lat' dir='ltr'><strong>sumptuosa</strong></span> <span class='ocrx_word' id='word_1_251' title='bbox 1249 3264 1262 3298; x_wconf 89' lang='lat'><strong>:</strong></span> <span class='ocrx_word' id='word_1_252' title='bbox 1292 3247 1386 3300; x_wconf 90' lang='lat' dir='ltr'><strong>sed</strong></span> <span class='ocrx_word' id='word_1_253' title='bbox 1416 3262 1602 3300; x_wconf 90' lang='lat' dir='ltr'><strong>verum</strong></span> <span class='ocrx_word' id='word_1_254' title='bbox 1630 3257 1879 3304; x_wconf 91' lang='lat' dir='ltr'><strong>ornatum</strong></span> <span class='ocrx_word' id='word_1_255' title='bbox 1918 3251 1972 3304; x_wconf 79' lang='lat' dir='ltr'><strong>in</strong></span> 
     </span>
    </p>
   </div>
   <div class='ocr_carea' id='block_1_33' title="bbox 378 3331 1972 3407">
    <p class='ocr_par' dir='ltr' id='par_1_33' title="bbox 378 3331 1972 3407">
     <span class='ocr_line' id='line_1_33' title="bbox 378 3331 1972 3407; baseline 0.006 -22"><span class='ocrx_word' id='word_1_256' title='bbox 378 3331 618 3386; x_wconf 84' lang='lat' dir='ltr'><strong>animam</strong></span> <span class='ocrx_word' id='word_1_257' title='bbox 642 3332 921 3399; x_wconf 73' lang='lat' dir='ltr'><strong>inducere,</strong></span> <span class='ocrx_word' id='word_1_258' title='bbox 951 3344 1007 3390; x_wconf 90' lang='lat' dir='ltr'><strong>et</strong></span> <span class='ocrx_word' id='word_1_259' title='bbox 1034 3351 1129 3404; x_wconf 90' lang='lat' dir='ltr'><strong>per</strong></span> <span class='ocrx_word' id='word_1_260' title='bbox 1167 3336 1429 3390; x_wconf 88' lang='lat' dir='ltr'><strong>bonorum</strong></span> <span class='ocrx_word' id='word_1_261' title='bbox 1452 3351 1678 3407; x_wconf 79' lang='lat' dir='ltr'><strong>cperam</strong></span> <span class='ocrx_word' id='word_1_262' title='bbox 1707 3341 1972 3395; x_wconf 81' lang='lat' dir='ltr'><strong>actionem</strong></span> 
     </span>
    </p>
   </div>
   <div class='ocr_carea' id='block_1_34' title="bbox 380 3424 1974 3503">
    <p class='ocr_par' dir='ltr' id='par_1_34' title="bbox 380 3424 1974 3503">
     <span class='ocr_line' id='line_1_34' title="bbox 380 3424 1974 3503; baseline 0.007 -26"><span class='ocrx_word' id='word_1_263' title='bbox 380 3424 828 3493; x_wconf 84' lang='lat' dir='ltr'><strong>pulchritudinem</strong></span> <span class='ocrx_word' id='word_1_264' title='bbox 851 3428 1046 3482; x_wconf 73' lang='lat' dir='ltr'><strong>anima:</strong></span> <span class='ocrx_word' id='word_1_265' title='bbox 1077 3429 1364 3494; x_wconf 81' lang='lat' dir='ltr'><strong>illustrare,</strong></span> <span class='ocrx_word' id='word_1_266' title='bbox 1392 3439 1447 3484; x_wconf 90' lang='lat' dir='ltr'><strong>et</strong></span> <span class='ocrx_word' id='word_1_267' title='bbox 1474 3446 1543 3484; x_wconf 88' lang='lat' dir='ltr'><strong>ue</strong></span> <span class='ocrx_word' id='word_1_268' title='bbox 1561 3445 1628 3484; x_wconf 89' lang='lat' dir='ltr'><strong>ea</strong></span> <span class='ocrx_word' id='word_1_269' title='bbox 1655 3447 1776 3501; x_wconf 66' lang='lat' dir='ltr'><strong>quae</strong></span> <span class='ocrx_word' id='word_1_270' title='bbox 1800 3435 1974 3503; x_wconf 90' lang='lat' dir='ltr'><strong>suspi-</strong></span> 
     </span>
    </p>
   </div>
   <div class='ocr_carea' id='block_1_35' title="bbox 372 3514 1974 3592">
    <p class='ocr_par' dir='ltr' id='par_1_35' title="bbox 372 3514 1974 3592">
     <span class='ocr_line' id='line_1_35' title="bbox 372 3514 1974 3592; baseline 0.005 -24"><span class='ocrx_word' id='word_1_271' title='bbox 372 3515 454 3568; x_wconf 86' lang='lat' dir='ltr'><strong>cit</strong></span> <span class='ocrx_word' id='word_1_272' title='bbox 485 3514 630 3581; x_wconf 79' lang='lat' dir='ltr'><strong>talia,</strong></span> <span class='ocrx_word' id='word_1_273' title='bbox 654 3524 970 3570; x_wconf 76' lang='lat' dir='ltr'><strong>contemnat</strong></span> <span class='ocrx_word' id='word_1_274' title='bbox 995 3517 1142 3572; x_wconf 86' lang='lat' dir='ltr'><strong>illam</strong></span> <span class='ocrx_word' id='word_1_275' title='bbox 1162 3518 1454 3586; x_wconf 84' lang='lat' dir='ltr'><strong>sordidam,</strong></span> <span class='ocrx_word' id='word_1_276' title='bbox 1483 3519 1804 3588; x_wconf 77' lang='lat' dir='ltr'><strong>squalidam,</strong></span> <span class='ocrx_word' id='word_1_277' title='bbox 1843 3537 1974 3592; x_wconf 78' lang='lat' dir='ltr'><strong>pan.</strong></span> 
     </span>
    </p>
   </div>
   <div class='ocr_carea' id='block_1_36' title="bbox 376 3606 1971 3679">
    <p class='ocr_par' dir='ltr' id='par_1_36' title="bbox 376 3606 1971 3679">
     <span class='ocr_line' id='line_1_36' title="bbox 376 3606 1971 3679; baseline 0.006 -20"><span class='ocrx_word' id='word_1_278' title='bbox 376 3620 588 3672; x_wconf 90' lang='lat' dir='ltr'><strong>nosam,</strong></span> <span class='ocrx_word' id='word_1_279' title='bbox 628 3606 947 3674; x_wconf 71' lang='lat' dir='ltr'><strong>famelicam,</strong></span> <span class='ocrx_word' id='word_1_280' title='bbox 980 3608 1206 3679; x_wconf 78' lang='lat' dir='ltr'><strong>geluque</strong></span> <span class='ocrx_word' id='word_1_281' title='bbox 1250 3610 1647 3678; x_wconf 77' lang='lat' dir='ltr'><strong>rigescentem?</strong></span> <span class='ocrx_word' id='word_1_282' title='bbox 1673 3611 1786 3666; x_wconf 78' lang='lat' dir='ltr'><strong>Hoc</strong></span> <span class='ocrx_word' id='word_1_283' title='bbox 1825 3613 1971 3668; x_wconf 86' lang='lat' dir='ltr'><strong>enim</strong></span> 
     </span>
    </p>
   </div>
   <div class='ocr_carea' id='block_1_37' title="bbox 377 3696 1972 3768">
    <p class='ocr_par' dir='ltr' id='par_1_37' title="bbox 377 3696 1972 3768">
     <span class='ocr_line' id='line_1_37' title="bbox 377 3696 1972 3768; baseline 0.006 -19"><span class='ocrx_word' id='word_1_284' title='bbox 377 3696 612 3750; x_wconf 89' lang='lat' dir='ltr'><strong>studium</strong></span> <span class='ocrx_word' id='word_1_285' title='bbox 652 3697 706 3751; x_wconf 90' lang='lat' dir='ltr'><strong>in</strong></span> <span class='ocrx_word' id='word_1_286' title='bbox 745 3698 990 3754; x_wconf 85' lang='lat' dir='ltr'><strong>ornando</strong></span> <span class='ocrx_word' id='word_1_287' title='bbox 1035 3713 1263 3768; x_wconf 89' lang='lat' dir='ltr'><strong>corpore</strong></span> <span class='ocrx_word' id='word_1_288' title='bbox 1315 3701 1507 3754; x_wconf 71' lang='lat' dir='ltr'><strong>anima:</strong></span> <span class='ocrx_word' id='word_1_289' title='bbox 1547 3701 1746 3756; x_wconf 89' lang='lat' dir='ltr'><strong>indicat</strong></span> <span class='ocrx_word' id='word_1_290' title='bbox 1793 3704 1972 3759; x_wconf 74' lang='lat' dir='ltr'><strong>defor-</strong></span> 
     </span>
    </p>
   </div>
   <div class='ocr_carea' id='block_1_38' title="bbox 373 3791 1971 3860">
    <p class='ocr_par' dir='ltr' id='par_1_38' title="bbox 373 3791 1971 3860">
     <span class='ocr_line' id='line_1_38' title="bbox 373 3791 1971 3860; baseline 0.006 -17"><span class='ocrx_word' id='word_1_291' title='bbox 373 3791 640 3857; x_wconf 85' lang='lat' dir='ltr'><strong>mitatem,</strong></span> <span class='ocrx_word' id='word_1_292' title='bbox 672 3799 727 3846; x_wconf 94' lang='lat' dir='ltr'><strong>et</strong></span> <span class='ocrx_word' id='word_1_293' title='bbox 755 3791 912 3860; x_wconf 85' lang='lat' dir='ltr'><strong>hujus</strong></span> <span class='ocrx_word' id='word_1_294' title='bbox 943 3791 1149 3846; x_wconf 63' lang='lat' dir='ltr'><strong>deliciae</strong></span> <span class='ocrx_word' id='word_1_295' title='bbox 1185 3792 1329 3846; x_wconf 86' lang='lat' dir='ltr'><strong>illam</strong></span> <span class='ocrx_word' id='word_1_296' title='bbox 1363 3793 1502 3848; x_wconf 79' lang='lat' dir='ltr'><strong>fame</strong></span> <span class='ocrx_word' id='word_1_297' title='bbox 1537 3795 1782 3849; x_wconf 87' lang='lat' dir='ltr'><strong>laborare</strong></span> <span class='ocrx_word' id='word_1_298' title='bbox 1825 3797 1971 3852; x_wconf 83' lang='lat' dir='ltr'><strong>clare</strong></span> 
     </span>
    </p>
   </div>
   <div class='ocr_carea' id='block_1_39' title="bbox 371 3878 1972 3952">
    <p class='ocr_par' dir='ltr' id='par_1_39' title="bbox 371 3878 1972 3952">
     <span class='ocr_line' id='line_1_39' title="bbox 371 3878 1972 3952; baseline 0.006 -20"><span class='ocrx_word' id='word_1_299' title='bbox 371 3878 697 3948; x_wconf 74' lang='lat' dir='ltr'><strong>signiï¬cant,</strong></span> <span class='ocrx_word' id='word_1_300' title='bbox 739 3890 794 3935; x_wconf 87' lang='lat' dir='ltr'><strong>et</strong></span> <span class='ocrx_word' id='word_1_301' title='bbox 836 3881 995 3951; x_wconf 88' lang='lat' dir='ltr'><strong>hujus</strong></span> <span class='ocrx_word' id='word_1_302' title='bbox 1025 3882 1250 3936; x_wconf 80' lang='lat' dir='ltr'><strong>vestium</strong></span> <span class='ocrx_word' id='word_1_303' title='bbox 1289 3894 1534 3952; x_wconf 86' lang='lat' dir='ltr'><strong>sumptus</strong></span> <span class='ocrx_word' id='word_1_304' title='bbox 1563 3885 1704 3939; x_wconf 88' lang='lat' dir='ltr'><strong>illius</strong></span> <span class='ocrx_word' id='word_1_305' title='bbox 1732 3886 1972 3942; x_wconf 81' lang='lat' dir='ltr'><strong>declarat</strong></span> 
     </span>
    </p>
   </div>
   <div class='ocr_carea' id='block_1_40' title="bbox 377 3969 1970 4046">
    <p class='ocr_par' dir='ltr' id='par_1_40' title="bbox 377 3969 1970 4046">
     <span class='ocr_line' id='line_1_40' title="bbox 377 3969 1970 4046; baseline 0.008 -23"><span class='ocrx_word' id='word_1_306' title='bbox 377 3969 692 4026; x_wconf 82' lang='lat' dir='ltr'><strong>nuditatem.</strong></span> <span class='ocrx_word' id='word_1_307' title='bbox 729 3971 868 4028; x_wconf 84' lang='lat' dir='ltr'><strong>Fieri</strong></span> <span class='ocrx_word' id='word_1_308' title='bbox 895 3975 1040 4028; x_wconf 89' lang='lat' dir='ltr'><strong>enim</strong></span> <span class='ocrx_word' id='word_1_309' title='bbox 1072 3990 1176 4028; x_wconf 92' lang='lat' dir='ltr'><strong>non</strong></span> <span class='ocrx_word' id='word_1_310' title='bbox 1206 3983 1397 4044; x_wconf 87' lang='lat' dir='ltr'><strong>potest,</strong></span> <span class='ocrx_word' id='word_1_311' title='bbox 1444 3985 1501 4030; x_wconf 92' lang='lat' dir='ltr'><strong>ut</strong></span> <span class='ocrx_word' id='word_1_312' title='bbox 1543 3979 1634 4046; x_wconf 90' lang='lat' dir='ltr'><strong>qui</strong></span> <span class='ocrx_word' id='word_1_313' title='bbox 1663 3978 1855 4033; x_wconf 71' lang='lat' dir='ltr'><strong>animae</strong></span> <span class='ocrx_word' id='word_1_314' title='bbox 1877 3993 1970 4036; x_wconf 89' lang='lat' dir='ltr'><strong>cu-</strong></span> 
     </span>
    </p>
   </div>
   <div class='ocr_carea' id='block_1_41' title="bbox 376 4059 1969 4135">
    <p class='ocr_par' dir='ltr' id='par_1_41' title="bbox 376 4059 1969 4135">
     <span class='ocr_line' id='line_1_41' title="bbox 376 4059 1969 4135; baseline 0.008 -23"><span class='ocrx_word' id='word_1_315' title='bbox 376 4075 489 4113; x_wconf 87' lang='lat' dir='ltr'><strong>ram</strong></span> <span class='ocrx_word' id='word_1_316' title='bbox 517 4059 732 4127; x_wconf 84' lang='lat' dir='ltr'><strong>habeat,</strong></span> <span class='ocrx_word' id='word_1_317' title='bbox 755 4062 979 4133; x_wconf 86' lang='lat' dir='ltr'><strong>ejusque</strong></span> <span class='ocrx_word' id='word_1_318' title='bbox 1006 4064 1454 4134; x_wconf 85' lang='lat' dir='ltr'><strong>pulchritudinem</strong></span> <span class='ocrx_word' id='word_1_319' title='bbox 1483 4067 1690 4134; x_wconf 80' lang='lat' dir='ltr'><strong>plurimi</strong></span> <span class='ocrx_word' id='word_1_320' title='bbox 1720 4067 1896 4135; x_wconf 86' lang='lat' dir='ltr'><strong>lâ€˜aciat,</strong></span> <span class='ocrx_word' id='word_1_321' title='bbox 1920 4069 1969 4125; x_wconf 89' lang='lat' dir='ltr'><strong>is</strong></span> 
     </span>
    </p>
   </div>
   <div class='ocr_carea' id='block_1_42' title="bbox 374 4155 1970 4228">
    <p class='ocr_par' dir='ltr' id='par_1_42' title="bbox 374 4155 1970 4228">
     <span class='ocr_line' id='line_1_42' title="bbox 374 4155 1970 4228; baseline 0.006 -22"><span class='ocrx_word' id='word_1_322' title='bbox 374 4159 600 4208; x_wconf 49' lang='lat' dir='ltr'><strong>esterno</strong></span> <span class='ocrx_word' id='word_1_323' title='bbox 625 4155 789 4209; x_wconf 86' lang='lat' dir='ltr'><strong>cultui</strong></span> <span class='ocrx_word' id='word_1_324' title='bbox 833 4155 1000 4210; x_wconf 90' lang='lat' dir='ltr'><strong>inhiet</strong></span> <span class='ocrx_word' id='word_1_325' title='bbox 1035 4173 1050 4212; x_wconf 90' lang='lat'><strong>:</strong></span> <span class='ocrx_word' id='word_1_326' title='bbox 1088 4156 1226 4212; x_wconf 84' lang='lat' dir='ltr'><strong>sicut</strong></span> <span class='ocrx_word' id='word_1_327' title='bbox 1256 4157 1586 4228; x_wconf 82' lang='lat' dir='ltr'><strong>impossibile</strong></span> <span class='ocrx_word' id='word_1_328' title='bbox 1618 4167 1703 4214; x_wconf 87' lang='lat' dir='ltr'><strong>est</strong></span> <span class='ocrx_word' id='word_1_329' title='bbox 1737 4169 1970 4216; x_wconf 86' lang='lat' dir='ltr'><strong>externo</strong></span> 
     </span>
    </p>
   </div>
   <div class='ocr_carea' id='block_1_43' title="bbox 375 4242 1964 4317">
    <p class='ocr_par' dir='ltr' id='par_1_43' title="bbox 375 4242 1964 4317">
     <span class='ocr_line' id='line_1_43' title="bbox 375 4242 1964 4317; baseline 0.007 -19"><span class='ocrx_word' id='word_1_330' title='bbox 375 4243 452 4299; x_wconf 87' lang='lat' dir='ltr'><strong>illi</strong></span> <span class='ocrx_word' id='word_1_331' title='bbox 477 4244 662 4310; x_wconf 90' lang='lat' dir='ltr'><strong>cultui,</strong></span> <span class='ocrx_word' id='word_1_332' title='bbox 690 4242 916 4302; x_wconf 77' lang='lat' dir='ltr'><strong>vestium</strong></span> <span class='ocrx_word' id='word_1_333' title='bbox 942 4247 1235 4317; x_wconf 79' lang='lat' dir='ltr'><strong>splendori,</strong></span> <span class='ocrx_word' id='word_1_334' title='bbox 1266 4265 1430 4305; x_wconf 85' lang='lat' dir='ltr'><strong>aureo</strong></span> <span class='ocrx_word' id='word_1_335' title='bbox 1467 4253 1681 4307; x_wconf 85' lang='lat' dir='ltr'><strong>ornatui</strong></span> <span class='ocrx_word' id='word_1_336' title='bbox 1725 4253 1964 4309; x_wconf 91' lang='lat' dir='ltr'><strong>deditum</strong></span> 
     </span>
    </p>
   </div>
   <div class='ocr_carea' id='block_1_44' title="bbox 373 4333 1964 4410">
    <p class='ocr_par' dir='ltr' id='par_1_44' title="bbox 373 4333 1964 4410">
     <span class='ocr_line' id='line_1_44' title="bbox 373 4333 1964 4410; baseline 0.009 -22"><span class='ocrx_word' id='word_1_337' title='bbox 373 4333 516 4388; x_wconf 80' lang='lat' dir='ltr'><strong>illius</strong></span> <span class='ocrx_word' id='word_1_338' title='bbox 542 4349 703 4406; x_wconf 87' lang='lat' dir='ltr'><strong>agere</strong></span> <span class='ocrx_word' id='word_1_339' title='bbox 733 4350 938 4390; x_wconf 86' lang='lat' dir='ltr'><strong>curam.</strong></span> <span class='ocrx_word' id='word_1_340' title='bbox 971 4339 1194 4404; x_wconf 77' lang='lat' dir='ltr'><strong>Quando</strong></span> <span class='ocrx_word' id='word_1_341' title='bbox 1231 4339 1374 4394; x_wconf 91' lang='lat' dir='ltr'><strong>enim</strong></span> <span class='ocrx_word' id='word_1_342' title='bbox 1412 4351 1593 4410; x_wconf 85' lang='lat' dir='ltr'><strong>posset</strong></span> <span class='ocrx_word' id='word_1_343' title='bbox 1621 4344 1795 4398; x_wconf 85' lang='lat' dir='ltr'><strong>anima</strong></span> <span class='ocrx_word' id='word_1_344' title='bbox 1844 4347 1964 4402; x_wconf 72' lang='lat' dir='ltr'><strong>talis</strong></span> 
     </span>
    </p>
   </div>
   <div class='ocr_carea' id='block_1_45' title="bbox 372 4426 1965 4509">
    <p class='ocr_par' dir='ltr' id='par_1_45' title="bbox 372 4426 1965 4509">
     <span class='ocr_line' id='line_1_45' title="bbox 372 4426 1965 4509; baseline 0.009 -29"><span class='ocrx_word' id='word_1_345' title='bbox 372 4426 569 4496; x_wconf 84' lang='lat' dir='ltr'><strong>aliquid</strong></span> <span class='ocrx_word' id='word_1_346' title='bbox 597 4429 726 4483; x_wconf 87' lang='lat' dir='ltr'><strong>utile</strong></span> <span class='ocrx_word' id='word_1_347' title='bbox 766 4430 1150 4500; x_wconf 88' lang='lat' dir='ltr'><strong>contemplari,</strong></span> <span class='ocrx_word' id='word_1_348' title='bbox 1195 4433 1276 4486; x_wconf 89' lang='lat' dir='ltr'><strong>vel</strong></span> <span class='ocrx_word' id='word_1_349' title='bbox 1307 4433 1360 4487; x_wconf 91' lang='lat' dir='ltr'><strong>in</strong></span> <span class='ocrx_word' id='word_1_350' title='bbox 1387 4435 1763 4504; x_wconf 87' lang='lat' dir='ltr'><strong>cogitationem</strong></span> <span class='ocrx_word' id='word_1_351' title='bbox 1805 4439 1965 4509; x_wconf 85' lang='lat' dir='ltr'><strong>spiri-</strong></span> 
     </span>
    </p>
   </div>
   <div class='ocr_carea' id='block_1_46' title="bbox 372 4516 1964 4600">
    <p class='ocr_par' dir='ltr' id='par_1_46' title="bbox 372 4516 1964 4600">
     <span class='ocr_line' id='line_1_46' title="bbox 372 4516 1964 4600; baseline 0.009 -30"><span class='ocrx_word' id='word_1_352' title='bbox 372 4516 590 4572; x_wconf 89' lang='lat' dir='ltr'><strong>tualium</strong></span> <span class='ocrx_word' id='word_1_353' title='bbox 619 4519 803 4573; x_wconf 85' lang='lat' dir='ltr'><strong>venire</strong></span> <span class='ocrx_word' id='word_1_354' title='bbox 821 4560 836 4586; x_wconf 90' lang='lat'><strong>,</strong></span> <span class='ocrx_word' id='word_1_355' title='bbox 891 4535 1012 4588; x_wconf 65' lang='lat' dir='ltr'><strong>quae</strong></span> <span class='ocrx_word' id='word_1_356' title='bbox 1041 4522 1208 4576; x_wconf 88' lang='lat' dir='ltr'><strong>semel</strong></span> <span class='ocrx_word' id='word_1_357' title='bbox 1230 4523 1456 4578; x_wconf 86' lang='lat' dir='ltr'><strong>terrenis</strong></span> <span class='ocrx_word' id='word_1_358' title='bbox 1496 4525 1566 4578; x_wconf 84' lang='lat' dir='ltr'><strong>ita</strong></span> <span class='ocrx_word' id='word_1_359' title='bbox 1593 4526 1770 4581; x_wconf 81' lang='lat' dir='ltr'><strong>dedita</strong></span> <span class='ocrx_word' id='word_1_360' title='bbox 1801 4531 1964 4600; x_wconf 68' lang='lat' dir='ltr'><strong>erepit</strong></span> 
     </span>
    </p>
   </div>
   <div class='ocr_carea' id='block_1_47' title="bbox 371 4608 1958 4690">
    <p class='ocr_par' dir='ltr' id='par_1_47' title="bbox 371 4608 1958 4690">
     <span class='ocr_line' id='line_1_47' title="bbox 371 4608 1958 4690; baseline 0.008 -28"><span class='ocrx_word' id='word_1_361' title='bbox 371 4623 512 4674; x_wconf 85' lang='lat' dir='ltr'><strong>esse,</strong></span> <span class='ocrx_word' id='word_1_362' title='bbox 544 4615 598 4664; x_wconf 84' lang='lat' dir='ltr'><strong>et</strong></span> <span class='ocrx_word' id='word_1_363' title='bbox 623 4608 791 4676; x_wconf 88' lang='lat' dir='ltr'><strong>humi,</strong></span> <span class='ocrx_word' id='word_1_364' title='bbox 820 4619 878 4664; x_wconf 92' lang='lat' dir='ltr'><strong>ut</strong></span> <span class='ocrx_word' id='word_1_365' title='bbox 907 4611 976 4664; x_wconf 91' lang='lat' dir='ltr'><strong>ita</strong></span> <span class='ocrx_word' id='word_1_366' title='bbox 997 4610 1172 4666; x_wconf 86' lang='lat' dir='ltr'><strong>dicam</strong></span> <span class='ocrx_word' id='word_1_367' title='bbox 1194 4653 1208 4677; x_wconf 89' lang='lat'><strong>,</strong></span> <span class='ocrx_word' id='word_1_368' title='bbox 1236 4622 1448 4684; x_wconf 80' lang='lat' dir='ltr'><strong>reptare</strong></span> <span class='ocrx_word' id='word_1_369' title='bbox 1472 4655 1489 4680; x_wconf 91' lang='lat'><strong>,</strong></span> <span class='ocrx_word' id='word_1_370' title='bbox 1517 4631 1638 4685; x_wconf 66' lang='lat' dir='ltr'><strong>qua!</strong></span> <span class='ocrx_word' id='word_1_371' title='bbox 1668 4633 1958 4690; x_wconf 80' lang='lat' dir='ltr'><strong>numquam</strong></span> 
     </span>
    </p>
   </div>
   <div class='ocr_carea' id='block_1_48' title="bbox 368 4700 1960 4779">
    <p class='ocr_par' dir='ltr' id='par_1_48' title="bbox 368 4700 1960 4779">
     <span class='ocr_line' id='line_1_48' title="bbox 368 4700 1960 4779; baseline 0.007 -25"><span class='ocrx_word' id='word_1_372' title='bbox 368 4706 529 4768; x_wconf 84' lang='lat' dir='ltr'><strong>caput</strong></span> <span class='ocrx_word' id='word_1_373' title='bbox 554 4700 797 4755; x_wconf 88' lang='lat' dir='ltr'><strong>attollere</strong></span> <span class='ocrx_word' id='word_1_374' title='bbox 823 4710 1032 4770; x_wconf 84' lang='lat' dir='ltr'><strong>potest,</strong></span> <span class='ocrx_word' id='word_1_375' title='bbox 1061 4701 1152 4757; x_wconf 87' lang='lat' dir='ltr'><strong>sed</strong></span> <span class='ocrx_word' id='word_1_376' title='bbox 1187 4718 1351 4772; x_wconf 92' lang='lat' dir='ltr'><strong>prona</strong></span> <span class='ocrx_word' id='word_1_377' title='bbox 1385 4707 1679 4762; x_wconf 82' lang='lat' dir='ltr'><strong>innumeris</strong></span> <span class='ocrx_word' id='word_1_378' title='bbox 1709 4719 1960 4779; x_wconf 83' lang='lat' dir='ltr'><strong>peccato-</strong></span> 
     </span>
    </p>
   </div>
   <div class='ocr_carea' id='block_1_49' title="bbox 368 4791 1961 4866">
    <p class='ocr_par' dir='ltr' id='par_1_49' title="bbox 368 4791 1961 4866">
     <span class='ocr_line' id='line_1_49' title="bbox 368 4791 1961 4866; baseline 0.009 -23"><span class='ocrx_word' id='word_1_379' title='bbox 368 4804 488 4844; x_wconf 84' lang='lat' dir='ltr'><strong>rum</strong></span> <span class='ocrx_word' id='word_1_380' title='bbox 518 4791 742 4844; x_wconf 86' lang='lat' dir='ltr'><strong>sarcinis</strong></span> <span class='ocrx_word' id='word_1_381' title='bbox 771 4793 1002 4861; x_wconf 85' lang='lat' dir='ltr'><strong>seipsam</strong></span> <span class='ocrx_word' id='word_1_382' title='bbox 1030 4795 1411 4864; x_wconf 85' lang='lat' dir='ltr'><strong>gravatham</strong></span> <span class='ocrx_word' id='word_1_383' title='bbox 1434 4807 1563 4866; x_wconf 87' lang='lat' dir='ltr'><strong>quot</strong></span> <span class='ocrx_word' id='word_1_384' title='bbox 1589 4798 1713 4854; x_wconf 84' lang='lat' dir='ltr'><strong>inde</strong></span> <span class='ocrx_word' id='word_1_385' title='bbox 1733 4815 1961 4857; x_wconf 75' lang='lat' dir='ltr'><strong>nascan-</strong></span> 
     </span>
    </p>
   </div>
   <div class='ocr_carea' id='block_1_50' title="bbox 371 4881 1955 4960">
    <p class='ocr_par' dir='ltr' id='par_1_50' title="bbox 371 4881 1955 4960">
     <span class='ocr_line' id='line_1_50' title="bbox 371 4881 1955 4960; baseline 0.008 -24"><span class='ocrx_word' id='word_1_386' title='bbox 371 4893 456 4936; x_wconf 88' lang='lat' dir='ltr'><strong>tur</strong></span> <span class='ocrx_word' id='word_1_387' title='bbox 484 4881 619 4936; x_wconf 89' lang='lat' dir='ltr'><strong>mala</strong></span> <span class='ocrx_word' id='word_1_388' title='bbox 640 4923 655 4947; x_wconf 93' lang='lat'><strong>,</strong></span> <span class='ocrx_word' id='word_1_389' title='bbox 679 4898 784 4936; x_wconf 87' lang='lat' dir='ltr'><strong>non</strong></span> <span class='ocrx_word' id='word_1_390' title='bbox 818 4898 1036 4953; x_wconf 84' lang='lat' dir='ltr'><strong>possum</strong></span> <span class='ocrx_word' id='word_1_391' title='bbox 1065 4901 1205 4941; x_wconf 82' lang='lat' dir='ltr'><strong>nunc</strong></span> <span class='ocrx_word' id='word_1_392' title='bbox 1236 4901 1486 4942; x_wconf 86' lang='lat' dir='ltr'><strong>sermone</strong></span> <span class='ocrx_word' id='word_1_393' title='bbox 1506 4890 1789 4960; x_wconf 85' lang='lat' dir='ltr'><strong>complecti</strong></span> <span class='ocrx_word' id='word_1_394' title='bbox 1813 4909 1826 4958; x_wconf 92' lang='lat'><strong>;</strong></span> <span class='ocrx_word' id='word_1_395' title='bbox 1860 4895 1955 4949; x_wconf 89' lang='lat' dir='ltr'><strong>sed</strong></span> 
     </span>
    </p>
   </div>
   <div class='ocr_carea' id='block_1_51' title="bbox 365 4975 1959 5054">
    <p class='ocr_par' dir='ltr' id='par_1_51' title="bbox 365 4975 1959 5054">
     <span class='ocr_line' id='line_1_51' title="bbox 365 4975 1959 5054; baseline 0.006 -24"><span class='ocrx_word' id='word_1_396' title='bbox 365 4975 497 5030; x_wconf 78' lang='lat' dir='ltr'><strong>satis</strong></span> <span class='ocrx_word' id='word_1_397' title='bbox 525 4982 607 5030; x_wconf 84' lang='lat' dir='ltr'><strong>est</strong></span> <span class='ocrx_word' id='word_1_398' title='bbox 631 4984 690 5028; x_wconf 85' lang='lat' dir='ltr'><strong>ut</strong></span> <span class='ocrx_word' id='word_1_399' title='bbox 716 4976 1012 5045; x_wconf 67' lang='lat' dir='ltr'><strong>relinquam</strong></span> <span class='ocrx_word' id='word_1_400' title='bbox 1039 4978 1381 5034; x_wconf 72' lang='lat' dir='ltr'><strong>conscientia:</strong></span> <span class='ocrx_word' id='word_1_401' title='bbox 1409 4995 1596 5036; x_wconf 90' lang='lat' dir='ltr'><strong>eorum</strong></span> <span class='ocrx_word' id='word_1_402' title='bbox 1614 5024 1629 5050; x_wconf 91' lang='lat'><strong>,</strong></span> <span class='ocrx_word' id='word_1_403' title='bbox 1671 4984 1760 5054; x_wconf 89' lang='lat' dir='ltr'><strong>qui</strong></span> <span class='ocrx_word' id='word_1_404' title='bbox 1811 4985 1862 5039; x_wconf 89' lang='lat' dir='ltr'><strong>in</strong></span> <span class='ocrx_word' id='word_1_405' title='bbox 1896 4987 1959 5040; x_wconf 91' lang='lat' dir='ltr'><strong>iis</strong></span> 
     </span>
    </p>
   </div>
   <div class='ocr_carea' id='block_1_52' title="bbox 365 5065 1956 5139">
    <p class='ocr_par' dir='ltr' id='par_1_52' title="bbox 365 5065 1956 5139">
     <span class='ocr_line' id='line_1_52' title="bbox 365 5065 1956 5139; baseline 0.006 -19"><span class='ocrx_word' id='word_1_406' title='bbox 365 5065 608 5133; x_wconf 87' lang='lat' dir='ltr'><strong>occupati</strong></span> <span class='ocrx_word' id='word_1_407' title='bbox 631 5074 776 5132; x_wconf 88' lang='lat' dir='ltr'><strong>sunt,</strong></span> <span class='ocrx_word' id='word_1_408' title='bbox 804 5076 1029 5137; x_wconf 89' lang='lat' dir='ltr'><strong>quantas</strong></span> <span class='ocrx_word' id='word_1_409' title='bbox 1055 5068 1178 5122; x_wconf 90' lang='lat' dir='ltr'><strong>inde</strong></span> <span class='ocrx_word' id='word_1_410' title='bbox 1199 5069 1537 5139; x_wconf 86' lang='lat' dir='ltr'><strong>quotidianas</strong></span> <span class='ocrx_word' id='word_1_411' title='bbox 1558 5073 1832 5130; x_wconf 85' lang='lat' dir='ltr'><strong>molestias</strong></span> <span class='ocrx_word' id='word_1_412' title='bbox 1858 5093 1956 5132; x_wconf 75' lang='lat' dir='ltr'><strong>ex-</strong></span> 
     </span>
    </p>
   </div>
   <div class='ocr_carea' id='block_1_53' title="bbox 365 5152 1955 5228">
    <p class='ocr_par' dir='ltr' id='par_1_53' title="bbox 365 5152 1955 5228">
     <span class='ocr_line' id='line_1_53' title="bbox 365 5152 1955 5228; baseline 0.008 -21"><span class='ocrx_word' id='word_1_413' title='bbox 365 5152 660 5222; x_wconf 81' lang='lat' dir='ltr'><strong>periantur.</strong></span> <span class='ocrx_word' id='word_1_414' title='bbox 711 5154 920 5209; x_wconf 77' lang='lat' dir='ltr'><strong>Etenim</strong></span> <span class='ocrx_word' id='word_1_415' title='bbox 964 5157 1050 5211; x_wconf 85' lang='lat' dir='ltr'><strong>vel</strong></span> <span class='ocrx_word' id='word_1_416' title='bbox 1084 5158 1285 5228; x_wconf 89' lang='lat' dir='ltr'><strong>aliquid</strong></span> <span class='ocrx_word' id='word_1_417' title='bbox 1326 5159 1526 5215; x_wconf 87' lang='lat' dir='ltr'><strong>decidit</strong></span> <span class='ocrx_word' id='word_1_418' title='bbox 1563 5177 1627 5217; x_wconf 89' lang='lat' dir='ltr'><strong>ex</strong></span> <span class='ocrx_word' id='word_1_419' title='bbox 1663 5178 1828 5220; x_wconf 85' lang='lat' dir='ltr'><strong>aureo</strong></span> <span class='ocrx_word' id='word_1_420' title='bbox 1867 5165 1955 5220; x_wconf 92' lang='lat' dir='ltr'><strong>illo</strong></span> 
     </span>
    </p>
   </div>
   <div class='ocr_carea' id='block_1_54' title="bbox 361 5244 1949 5324">
    <p class='ocr_par' dir='ltr' id='par_1_54' title="bbox 361 5244 1949 5324">
     <span class='ocr_line' id='line_1_54' title="bbox 361 5244 1949 5324; baseline 0.009 -24"><span class='ocrx_word' id='word_1_421' title='bbox 361 5244 530 5312; x_wconf 88' lang='lat' dir='ltr'><strong>cultu,</strong></span> <span class='ocrx_word' id='word_1_422' title='bbox 553 5255 606 5301; x_wconf 88' lang='lat' dir='ltr'><strong>et</strong></span> <span class='ocrx_word' id='word_1_423' title='bbox 633 5255 822 5318; x_wconf 85' lang='lat' dir='ltr'><strong>magna</strong></span> <span class='ocrx_word' id='word_1_424' title='bbox 849 5258 1137 5320; x_wconf 88' lang='lat' dir='ltr'><strong>tempestas</strong></span> <span class='ocrx_word' id='word_1_425' title='bbox 1177 5266 1504 5324; x_wconf 86' lang='lat' dir='ltr'><strong>magnusque</strong></span> <span class='ocrx_word' id='word_1_426' title='bbox 1549 5257 1810 5312; x_wconf 83' lang='lat' dir='ltr'><strong>tumultus</strong></span> <span class='ocrx_word' id='word_1_427' title='bbox 1852 5259 1949 5313; x_wconf 89' lang='lat' dir='ltr'><strong>ob-</strong></span> 
     </span>
    </p>
   </div>
   <div class='ocr_carea' id='block_1_55' title="bbox 362 5337 1956 5416">
    <p class='ocr_par' dir='ltr' id='par_1_55' title="bbox 362 5337 1956 5416">
     <span class='ocr_line' id='line_1_55' title="bbox 362 5337 1956 5416; baseline 0.01 -26"><span class='ocrx_word' id='word_1_428' title='bbox 362 5337 534 5391; x_wconf 90' lang='lat' dir='ltr'><strong>oritur</strong></span> <span class='ocrx_word' id='word_1_429' title='bbox 561 5337 616 5393; x_wconf 87' lang='lat' dir='ltr'><strong>ln</strong></span> <span class='ocrx_word' id='word_1_430' title='bbox 646 5347 753 5395; x_wconf 89' lang='lat' dir='ltr'><strong>tota</strong></span> <span class='ocrx_word' id='word_1_431' title='bbox 779 5340 974 5407; x_wconf 91' lang='lat' dir='ltr'><strong>domo;</strong></span> <span class='ocrx_word' id='word_1_432' title='bbox 1003 5341 1085 5398; x_wconf 91' lang='lat' dir='ltr'><strong>vel</strong></span> <span class='ocrx_word' id='word_1_433' title='bbox 1115 5340 1345 5398; x_wconf 77' lang='lat' dir='ltr'><strong>famulus</strong></span> <span class='ocrx_word' id='word_1_434' title='bbox 1375 5347 1650 5416; x_wconf 88' lang='lat' dir='ltr'><strong>surripuit,</strong></span> <span class='ocrx_word' id='word_1_435' title='bbox 1685 5359 1739 5403; x_wconf 88' lang='lat' dir='ltr'><strong>et</strong></span> <span class='ocrx_word' id='word_1_436' title='bbox 1769 5363 1956 5406; x_wconf 89' lang='lat' dir='ltr'><strong>omnes</strong></span> 
     </span>
    </p>
   </div>
   <div class='ocr_carea' id='block_1_56' title="bbox 364 5426 1954 5510">
    <p class='ocr_par' dir='ltr' id='par_1_56' title="bbox 364 5426 1954 5510">
     <span class='ocr_line' id='line_1_56' title="bbox 364 5426 1954 5510; baseline 0.01 -30"><span class='ocrx_word' id='word_1_437' title='bbox 364 5426 701 5497; x_wconf 78' lang='lat' dir='ltr'><strong>ï¬‚agellantur</strong></span> <span class='ocrx_word' id='word_1_438' title='bbox 721 5441 775 5485; x_wconf 87' lang='lat' dir='ltr'><strong>et</strong></span> <span class='ocrx_word' id='word_1_439' title='bbox 799 5431 1166 5499; x_wconf 88' lang='lat' dir='ltr'><strong>verberantur,</strong></span> <span class='ocrx_word' id='word_1_440' title='bbox 1195 5446 1355 5504; x_wconf 88' lang='lat' dir='ltr'><strong>atque</strong></span> <span class='ocrx_word' id='word_1_441' title='bbox 1391 5435 1440 5489; x_wconf 93' lang='lat' dir='ltr'><strong>in</strong></span> <span class='ocrx_word' id='word_1_442' title='bbox 1469 5451 1741 5494; x_wconf 84' lang='lat' dir='ltr'><strong>carcerem</strong></span> <span class='ocrx_word' id='word_1_443' title='bbox 1779 5443 1954 5510; x_wconf 88' lang='lat' dir='ltr'><strong>conji-</strong></span> 
     </span>
    </p>
   </div>
   <div class='ocr_carea' id='block_1_57' title="bbox 361 5520 1956 5595">
    <p class='ocr_par' dir='ltr' id='par_1_57' title="bbox 361 5520 1956 5595">
     <span class='ocr_line' id='line_1_57' title="bbox 361 5520 1956 5595; baseline 0.009 -20"><span class='ocrx_word' id='word_1_444' title='bbox 361 5520 609 5583; x_wconf 85' lang='lat' dir='ltr'><strong>ciuntur;</strong></span> <span class='ocrx_word' id='word_1_445' title='bbox 641 5523 725 5579; x_wconf 86' lang='lat' dir='ltr'><strong>vel</strong></span> <span class='ocrx_word' id='word_1_446' title='bbox 757 5524 919 5578; x_wconf 90' lang='lat' dir='ltr'><strong>invidi</strong></span> <span class='ocrx_word' id='word_1_447' title='bbox 963 5525 1178 5595; x_wconf 91' lang='lat' dir='ltr'><strong>quidam</strong></span> <span class='ocrx_word' id='word_1_448' title='bbox 1234 5527 1468 5582; x_wconf 85' lang='lat' dir='ltr'><strong>insidiati</strong></span> <span class='ocrx_word' id='word_1_449' title='bbox 1519 5539 1645 5585; x_wconf 90' lang='lat' dir='ltr'><strong>sunt</strong></span> <span class='ocrx_word' id='word_1_450' title='bbox 1697 5541 1751 5587; x_wconf 88' lang='lat' dir='ltr'><strong>et</strong></span> <span class='ocrx_word' id='word_1_451' title='bbox 1779 5533 1956 5589; x_wconf 90' lang='lat' dir='ltr'><strong>subito</strong></span> 
     </span>
    </p>
   </div>
   <div class='ocr_carea' id='block_1_58' title="bbox 360 5613 1952 5692">
    <p class='ocr_par' dir='ltr' id='par_1_58' title="bbox 360 5613 1952 5692">
     <span class='ocr_line' id='line_1_58' title="bbox 360 5613 1952 5692; baseline 0.006 -24"><span class='ocrx_word' id='word_1_452' title='bbox 360 5613 680 5683; x_wconf 63' lang='lat' dir='ltr'><strong>spoltirunt,</strong></span> <span class='ocrx_word' id='word_1_453' title='bbox 708 5629 772 5670; x_wconf 90' lang='lat' dir='ltr'><strong>ac</strong></span> <span class='ocrx_word' id='word_1_454' title='bbox 801 5617 999 5671; x_wconf 89' lang='lat' dir='ltr'><strong>multus</strong></span> <span class='ocrx_word' id='word_1_455' title='bbox 1044 5618 1168 5673; x_wconf 90' lang='lat' dir='ltr'><strong>hinc</strong></span> <span class='ocrx_word' id='word_1_456' title='bbox 1215 5620 1673 5692; x_wconf 81' lang='lat' dir='ltr'><strong>intolerabilisque</strong></span> <span class='ocrx_word' id='word_1_457' title='bbox 1720 5639 1952 5690; x_wconf 69' lang='lat' dir='ltr'><strong>mceror;</strong></span> 
     </span>
    </p>
   </div>
   <div class='ocr_carea' id='block_1_59' title="bbox 361 5705 1953 5786">
    <p class='ocr_par' dir='ltr' id='par_1_59' title="bbox 361 5705 1953 5786">
     <span class='ocr_line' id='line_1_59' title="bbox 361 5705 1953 5786; baseline 0.009 -28"><span class='ocrx_word' id='word_1_458' title='bbox 361 5705 445 5758; x_wconf 76' lang='lat' dir='ltr'><strong>vel</strong></span> <span class='ocrx_word' id='word_1_459' title='bbox 475 5721 656 5761; x_wconf 86' lang='lat' dir='ltr'><strong>rerum</strong></span> <span class='ocrx_word' id='word_1_460' title='bbox 698 5706 996 5772; x_wconf 83' lang='lat' dir='ltr'><strong>adversitas</strong></span> <span class='ocrx_word' id='word_1_461' title='bbox 1035 5709 1287 5780; x_wconf 80' lang='lat' dir='ltr'><strong>ingruens</strong></span> <span class='ocrx_word' id='word_1_462' title='bbox 1313 5714 1364 5765; x_wconf 92' lang='lat' dir='ltr'><strong>in</strong></span> <span class='ocrx_word' id='word_1_463' title='bbox 1396 5722 1689 5769; x_wconf 84' lang='lat' dir='ltr'><strong>extremam</strong></span> <span class='ocrx_word' id='word_1_464' title='bbox 1719 5715 1953 5786; x_wconf 89' lang='lat' dir='ltr'><strong>inopiam</strong></span> 
     </span>
    </p>
   </div>
   <div class='ocr_carea' id='block_1_60' title="bbox 362 5793 1954 5874">
    <p class='ocr_par' dir='ltr' id='par_1_60' title="bbox 362 5793 1954 5874">
     <span class='ocr_line' id='line_1_60' title="bbox 362 5793 1954 5874; baseline 0.007 -22"><span class='ocrx_word' id='word_1_465' title='bbox 362 5798 601 5870; x_wconf 87' lang='lat' dir='ltr'><strong>redegit,</strong></span> <span class='ocrx_word' id='word_1_466' title='bbox 636 5811 690 5855; x_wconf 81' lang='lat' dir='ltr'><strong>et</strong></span> <span class='ocrx_word' id='word_1_467' title='bbox 714 5801 1014 5872; x_wconf 76' lang='lat' dir='ltr'><strong>graviorem</strong></span> <span class='ocrx_word' id='word_1_468' title='bbox 1053 5813 1227 5860; x_wconf 88' lang='lat' dir='ltr'><strong>morte</strong></span> <span class='ocrx_word' id='word_1_469' title='bbox 1282 5793 1564 5861; x_wconf 17' lang='lat' dir='ltr'><strong>vitamâ€™eis</strong></span> <span class='ocrx_word' id='word_1_470' title='bbox 1607 5806 1821 5874; x_wconf 88' lang='lat' dir='ltr'><strong>attulit;</strong></span> <span class='ocrx_word' id='word_1_471' title='bbox 1867 5809 1954 5866; x_wconf 88' lang='lat' dir='ltr'><strong>vel</strong></span> 
     </span>
    </p>
   </div>
   <div class='ocr_carea' id='block_1_61' title="bbox 1333 395 2048 456">
    <p class='ocr_par' dir='ltr' id='par_1_61' title="bbox 1333 395 2048 456">
     <span class='ocr_line' id='line_1_61' title="bbox 1333 395 2048 456; baseline -0.004 0"><span class='ocrx_word' id='word_1_472' title='bbox 1333 400 1396 456; x_wconf 70' lang='grc' dir='ltr'><strong>ÎžÎ</strong></span> <span class='ocrx_word' id='word_1_473' title='bbox 1436 401 1588 456; x_wconf 76' lang='lat' dir='ltr'><strong>CAP.</strong></span> <span class='ocrx_word' id='word_1_474' title='bbox 1636 398 1775 454; x_wconf 75' lang='lat' dir='ltr'><strong>XVI.</strong></span> <span class='ocrx_word' id='word_1_475' title='bbox 1805 395 2048 455; x_wconf 71' lang='lat' dir='ltr'><strong>GENES.</strong></span> 
     </span>
    </p>
   </div>
   <div class='ocr_carea' id='block_1_62' title="bbox 2095 395 3703 455">
    <p class='ocr_par' dir='ltr' id='par_1_62' title="bbox 2095 395 3703 455">
     <span class='ocr_line' id='line_1_62' title="bbox 2095 395 3703 455; baseline -0.001 -2"><span class='ocrx_word' id='word_1_476' title='bbox 2095 396 2325 454; x_wconf 74' lang='lat' dir='ltr'><strong>&quot;OMIL.</strong></span> <span class='ocrx_word' id='word_1_477' title='bbox 2370 395 2658 455; x_wconf 72' lang='lat' dir='ltr'><strong>XXXVIII.</strong></span> <span class='ocrx_word' id='word_1_478' title='bbox 3591 397 3703 452; x_wconf 63' lang='lat'><strong>330</strong></span> 
     </span>
    </p>
   </div>
   <div class='ocr_carea' id='block_1_63' title="bbox 2101 511 3702 584">
    <p class='ocr_par' dir='ltr' id='par_1_63' title="bbox 2101 511 3702 584">
     <span class='ocr_line' id='line_1_63' title="bbox 2101 511 3702 584; baseline 0.001 -18"><span class='ocrx_word' id='word_1_479' title='bbox 2101 512 2245 568; x_wconf 87' lang='lat' dir='ltr'><strong>aliud</strong></span> <span class='ocrx_word' id='word_1_480' title='bbox 2275 512 2523 584; x_wconf 89' lang='lat' dir='ltr'><strong>quiddam</strong></span> <span class='ocrx_word' id='word_1_481' title='bbox 2553 511 2795 569; x_wconf 86' lang='lat' dir='ltr'><strong>incidens</strong></span> <span class='ocrx_word' id='word_1_482' title='bbox 2825 511 3042 567; x_wconf 85' lang='lat' dir='ltr'><strong>multam</strong></span> <span class='ocrx_word' id='word_1_483' title='bbox 3069 511 3340 566; x_wconf 44' lang='lat' dir='ltr'><strong>tristitiam</strong></span> <span class='ocrx_word' id='word_1_484' title='bbox 3386 517 3611 582; x_wconf 79' lang='lat' dir='ltr'><strong>peperit.</strong></span> <span class='ocrx_word' id='word_1_485' title='bbox 3640 515 3702 569; x_wconf 73' lang='lat' dir='ltr'><strong>Et</strong></span> 
     </span>
    </p>
   </div>
   <div class='ocr_carea' id='block_1_64' title="bbox 2103 603 3698 674">
    <p class='ocr_par' dir='ltr' id='par_1_64' title="bbox 2103 603 3698 674">
     <span class='ocr_line' id='line_1_64' title="bbox 2103 603 3698 674; baseline 0.001 -16"><span class='ocrx_word' id='word_1_486' title='bbox 2103 604 2153 659; x_wconf 87' lang='lat' dir='ltr'><strong>in</strong></span> <span class='ocrx_word' id='word_1_487' title='bbox 2199 619 2440 671; x_wconf 87' lang='lat' dir='ltr'><strong>summa,</strong></span> <span class='ocrx_word' id='word_1_488' title='bbox 2495 619 2785 674; x_wconf 87' lang='lat' dir='ltr'><strong>numquam</strong></span> <span class='ocrx_word' id='word_1_489' title='bbox 2829 603 3074 658; x_wconf 87' lang='lat' dir='ltr'><strong>invenies</strong></span> <span class='ocrx_word' id='word_1_490' title='bbox 3123 604 3358 658; x_wconf 86' lang='lat' dir='ltr'><strong>animam</strong></span> <span class='ocrx_word' id='word_1_491' title='bbox 3400 605 3698 659; x_wconf 80' lang='lat' dir='ltr'><strong>istiusmodi</strong></span> 
     </span>
    </p>
   </div>
   <div class='ocr_carea' id='block_1_65' title="bbox 2101 691 3699 765">
    <p class='ocr_par' dir='ltr' id='par_1_65' title="bbox 2101 691 3699 765">
     <span class='ocr_line' id='line_1_65' title="bbox 2101 691 3699 765; baseline 0.001 -16"><span class='ocrx_word' id='word_1_492' title='bbox 2101 695 2259 750; x_wconf 88' lang='lat' dir='ltr'><strong>rebus</strong></span> <span class='ocrx_word' id='word_1_493' title='bbox 2287 694 2575 763; x_wconf 83' lang='lat' dir='ltr'><strong>addictam,</strong></span> <span class='ocrx_word' id='word_1_494' title='bbox 2601 691 3091 765; x_wconf 84' lang='lat' dir='ltr'><strong>perturbationibus</strong></span> <span class='ocrx_word' id='word_1_495' title='bbox 3111 710 3176 749; x_wconf 87' lang='lat' dir='ltr'><strong>ex</strong></span> <span class='ocrx_word' id='word_1_496' title='bbox 3188 705 3392 764; x_wconf 77' lang='lat' dir='ltr'><strong>portem</strong></span> <span class='ocrx_word' id='word_1_497' title='bbox 3423 720 3437 750; x_wconf 85' lang='lat'><strong>:</strong></span> <span class='ocrx_word' id='word_1_498' title='bbox 3473 696 3566 751; x_wconf 89' lang='lat' dir='ltr'><strong>sed</strong></span> <span class='ocrx_word' id='word_1_499' title='bbox 3595 699 3699 750; x_wconf 80' lang='lat' dir='ltr'><strong>sie-</strong></span> 
     </span>
    </p>
   </div>
   <div class='ocr_carea' id='block_1_66' title="bbox 2100 785 3696 856">
    <p class='ocr_par' dir='ltr' id='par_1_66' title="bbox 2100 785 3696 856">
     <span class='ocr_line' id='line_1_66' title="bbox 2100 785 3696 856; baseline 0.001 -17"><span class='ocrx_word' id='word_1_500' title='bbox 2100 795 2156 841; x_wconf 77' lang='grc' dir='ltr'><strong>Î¹Î·</strong></span> <span class='ocrx_word' id='word_1_501' title='bbox 2218 785 2380 842; x_wconf 88' lang='lat' dir='ltr'><strong>maris</strong></span> <span class='ocrx_word' id='word_1_502' title='bbox 2432 785 2627 841; x_wconf 78' lang='lat' dir='ltr'><strong>ï¬‚uctus</strong></span> <span class='ocrx_word' id='word_1_503' title='bbox 2682 800 2855 854; x_wconf 89' lang='lat' dir='ltr'><strong>neque</strong></span> <span class='ocrx_word' id='word_1_504' title='bbox 2907 785 3140 841; x_wconf 85' lang='lat' dir='ltr'><strong>deiicere</strong></span> <span class='ocrx_word' id='word_1_505' title='bbox 3194 801 3368 856; x_wconf 84' lang='lat' dir='ltr'><strong>neque</strong></span> <span class='ocrx_word' id='word_1_506' title='bbox 3423 790 3696 841; x_wconf 78' lang='lat' dir='ltr'><strong>numerari</strong></span> 
     </span>
    </p>
   </div>
   <div class='ocr_carea' id='block_1_67' title="bbox 2097 877 3697 947">
    <p class='ocr_par' dir='ltr' id='par_1_67' title="bbox 2097 877 3697 947">
     <span class='ocr_line' id='line_1_67' title="bbox 2097 877 3697 947; baseline 0.002 -17"><span class='ocrx_word' id='word_1_507' title='bbox 2097 885 2320 947; x_wconf 75' lang='lat' dir='ltr'><strong>queunt,</strong></span> <span class='ocrx_word' id='word_1_508' title='bbox 2349 890 2563 947; x_wconf 79' lang='lat' dir='ltr'><strong>semper</strong></span> <span class='ocrx_word' id='word_1_509' title='bbox 2582 877 2734 932; x_wconf 86' lang='lat' dir='ltr'><strong>novis</strong></span> <span class='ocrx_word' id='word_1_510' title='bbox 2763 877 3246 942; x_wconf 84' lang='lat' dir='ltr'><strong>suocrescentibus,</strong></span> <span class='ocrx_word' id='word_1_511' title='bbox 3268 879 3336 932; x_wconf 83' lang='lat' dir='ltr'><strong>ita</strong></span> <span class='ocrx_word' id='word_1_512' title='bbox 3361 878 3697 933; x_wconf 76' lang='lat' dir='ltr'><strong>turbationcs</strong></span> 
     </span>
    </p>
   </div>
   <div class='ocr_carea' id='block_1_68' title="bbox 2097 967 3698 1034">
    <p class='ocr_par' dir='ltr' id='par_1_68' title="bbox 2097 967 3698 1034">
     <span class='ocr_line' id='line_1_68' title="bbox 2097 967 3698 1034; baseline 0.001 -13"><span class='ocrx_word' id='word_1_513' title='bbox 2097 968 2220 1024; x_wconf 88' lang='lat' dir='ltr'><strong>inde</strong></span> <span class='ocrx_word' id='word_1_514' title='bbox 2245 967 2485 1024; x_wconf 85' lang='lat' dir='ltr'><strong>orientes</strong></span> <span class='ocrx_word' id='word_1_515' title='bbox 2515 984 2676 1023; x_wconf 88' lang='lat' dir='ltr'><strong>nemo</strong></span> <span class='ocrx_word' id='word_1_516' title='bbox 2705 967 3077 1023; x_wconf 90' lang='lat' dir='ltr'><strong>diuumerarit.</strong></span> <span class='ocrx_word' id='word_1_517' title='bbox 3107 968 3249 1034; x_wconf 82' lang='lat' dir='ltr'><strong>Ideo,</strong></span> <span class='ocrx_word' id='word_1_518' title='bbox 3299 969 3556 1034; x_wconf 83' lang='lat' dir='ltr'><strong>obsecro,</strong></span> <span class='ocrx_word' id='word_1_519' title='bbox 3615 969 3698 1023; x_wconf 78' lang='grc' dir='ltr'><strong>[Î¹Î¹-</strong></span> 
     </span>
    </p>
   </div>
   <div class='ocr_carea' id='block_1_69' title="bbox 2093 1060 3694 1132">
    <p class='ocr_par' dir='ltr' id='par_1_69' title="bbox 2093 1060 3694 1132">
     <span class='ocr_line' id='line_1_69' title="bbox 2093 1060 3694 1132; baseline 0.002 -18"><span class='ocrx_word' id='word_1_520' title='bbox 2093 1060 2303 1130; x_wconf 86' lang='lat' dir='ltr'><strong>giamus</strong></span> <span class='ocrx_word' id='word_1_521' title='bbox 2328 1062 2382 1116; x_wconf 92' lang='lat' dir='ltr'><strong>in</strong></span> <span class='ocrx_word' id='word_1_522' title='bbox 2409 1062 2658 1117; x_wconf 89' lang='lat' dir='ltr'><strong>omnibus</strong></span> <span class='ocrx_word' id='word_1_523' title='bbox 2681 1061 2844 1117; x_wconf 87' lang='lat' dir='ltr'><strong>rebus</strong></span> <span class='ocrx_word' id='word_1_524' title='bbox 2873 1061 3104 1117; x_wconf 83' lang='lat' dir='ltr'><strong>habendi</strong></span> <span class='ocrx_word' id='word_1_525' title='bbox 3119 1062 3467 1132; x_wconf 87' lang='lat' dir='ltr'><strong>cupiditatem</strong></span> <span class='ocrx_word' id='word_1_526' title='bbox 3486 1073 3541 1118; x_wconf 91' lang='lat' dir='ltr'><strong>et</strong></span> <span class='ocrx_word' id='word_1_527' title='bbox 3565 1079 3694 1119; x_wconf 84' lang='lat' dir='ltr'><strong>usus</strong></span> 
     </span>
    </p>
   </div>
   <div class='ocr_carea' id='block_1_70' title="bbox 2096 1153 3694 1212">
    <p class='ocr_par' dir='ltr' id='par_1_70' title="bbox 2096 1153 3694 1212">
     <span class='ocr_line' id='line_1_70' title="bbox 2096 1153 3694 1212; baseline 0.003 -5"><span class='ocrx_word' id='word_1_528' title='bbox 2096 1169 2397 1210; x_wconf 78' lang='lat' dir='ltr'><strong>excessum.</strong></span> <span class='ocrx_word' id='word_1_529' title='bbox 2428 1153 2582 1210; x_wconf 62' lang='lat' dir='ltr'><strong>Vera</strong></span> <span class='ocrx_word' id='word_1_530' title='bbox 2608 1155 2752 1211; x_wconf 86' lang='lat' dir='ltr'><strong>enim</strong></span> <span class='ocrx_word' id='word_1_531' title='bbox 2777 1155 2976 1210; x_wconf 78' lang='lat' dir='ltr'><strong>divitia:</strong></span> <span class='ocrx_word' id='word_1_532' title='bbox 3005 1164 3128 1210; x_wconf 85' lang='lat' dir='ltr'><strong>sunt</strong></span> <span class='ocrx_word' id='word_1_533' title='bbox 3153 1165 3208 1211; x_wconf 89' lang='lat' dir='ltr'><strong>et</strong></span> <span class='ocrx_word' id='word_1_534' title='bbox 3239 1157 3570 1212; x_wconf 68' lang='lat' dir='ltr'><strong>inexhaustae</strong></span> <span class='ocrx_word' id='word_1_535' title='bbox 3603 1157 3694 1212; x_wconf 61' lang='lat' dir='ltr'><strong>la.</strong></span> 
     </span>
    </p>
   </div>
   <div class='ocr_carea' id='block_1_71' title="bbox 2093 1246 3687 1318">
    <p class='ocr_par' dir='ltr' id='par_1_71' title="bbox 2093 1246 3687 1318">
     <span class='ocr_line' id='line_1_71' title="bbox 2093 1246 3687 1318; baseline 0.001 -18"><span class='ocrx_word' id='word_1_536' title='bbox 2093 1246 2321 1303; x_wconf 87' lang='lat' dir='ltr'><strong>cultates</strong></span> <span class='ocrx_word' id='word_1_537' title='bbox 2341 1289 2358 1314; x_wconf 90' lang='lat'><strong>,</strong></span> <span class='ocrx_word' id='word_1_538' title='bbox 2383 1246 2698 1304; x_wconf 84' lang='lat' dir='ltr'><strong>desiderare</strong></span> <span class='ocrx_word' id='word_1_539' title='bbox 2728 1256 2934 1302; x_wconf 82' lang='lat' dir='ltr'><strong>tantum</strong></span> <span class='ocrx_word' id='word_1_540' title='bbox 2962 1257 3219 1318; x_wconf 82' lang='lat' dir='ltr'><strong>quantum</strong></span> <span class='ocrx_word' id='word_1_541' title='bbox 3249 1249 3365 1304; x_wconf 86' lang='lat' dir='ltr'><strong>usui</strong></span> <span class='ocrx_word' id='word_1_542' title='bbox 3395 1249 3524 1302; x_wconf 85' lang='lat' dir='ltr'><strong>satis</strong></span> <span class='ocrx_word' id='word_1_543' title='bbox 3546 1249 3653 1302; x_wconf 92' lang='lat' dir='ltr'><strong>sint</strong></span> <span class='ocrx_word' id='word_1_544' title='bbox 3671 1291 3687 1313; x_wconf 83' lang='lat'><strong>,</strong></span> 
     </span>
    </p>
   </div>
   <div class='ocr_carea' id='block_1_72' title="bbox 2089 1337 3691 1409">
    <p class='ocr_par' dir='ltr' id='par_1_72' title="bbox 2089 1337 3691 1409">
     <span class='ocr_line' id='line_1_72' title="bbox 2089 1337 3691 1409; baseline 0.001 -17"><span class='ocrx_word' id='word_1_545' title='bbox 2089 1342 2149 1392; x_wconf 85' lang='lat' dir='ltr'><strong>et</strong></span> <span class='ocrx_word' id='word_1_546' title='bbox 2176 1351 2239 1392; x_wconf 90' lang='lat' dir='ltr'><strong>ea</strong></span> <span class='ocrx_word' id='word_1_547' title='bbox 2278 1352 2397 1406; x_wconf 69' lang='lat' dir='ltr'><strong>qua:</strong></span> <span class='ocrx_word' id='word_1_548' title='bbox 2439 1353 2594 1393; x_wconf 89' lang='lat' dir='ltr'><strong>usum</strong></span> <span class='ocrx_word' id='word_1_549' title='bbox 2625 1337 2924 1402; x_wconf 86' lang='lat' dir='ltr'><strong>excedunt,</strong></span> <span class='ocrx_word' id='word_1_550' title='bbox 2974 1347 3118 1394; x_wconf 79' lang='lat' dir='ltr'><strong>recte</strong></span> <span class='ocrx_word' id='word_1_551' title='bbox 3143 1338 3478 1407; x_wconf 83' lang='lat' dir='ltr'><strong>dispensare.</strong></span> <span class='ocrx_word' id='word_1_552' title='bbox 3504 1339 3691 1409; x_wconf 84' lang='lat' dir='ltr'><strong>Neque</strong></span> 
     </span>
    </p>
   </div>
   <div class='ocr_carea' id='block_1_73' title="bbox 2091 1427 3690 1499">
    <p class='ocr_par' dir='ltr' id='par_1_73' title="bbox 2091 1427 3690 1499">
     <span class='ocr_line' id='line_1_73' title="bbox 2091 1427 3690 1499; baseline 0.004 -20"><span class='ocrx_word' id='word_1_553' title='bbox 2091 1427 2231 1480; x_wconf 90' lang='lat' dir='ltr'><strong>enim</strong></span> <span class='ocrx_word' id='word_1_554' title='bbox 2256 1427 2343 1482; x_wconf 90' lang='lat' dir='ltr'><strong>ille</strong></span> <span class='ocrx_word' id='word_1_555' title='bbox 2361 1428 2451 1498; x_wconf 92' lang='lat' dir='ltr'><strong>qui</strong></span> <span class='ocrx_word' id='word_1_556' title='bbox 2481 1427 2580 1483; x_wconf 88' lang='lat' dir='ltr'><strong>hoc</strong></span> <span class='ocrx_word' id='word_1_557' title='bbox 2607 1428 2754 1495; x_wconf 80' lang='lat' dir='ltr'><strong>facit,</strong></span> <span class='ocrx_word' id='word_1_558' title='bbox 2783 1428 3020 1498; x_wconf 85' lang='lat' dir='ltr'><strong>inopiam</strong></span> <span class='ocrx_word' id='word_1_559' title='bbox 3052 1429 3240 1484; x_wconf 89' lang='lat' dir='ltr'><strong>timere</strong></span> <span class='ocrx_word' id='word_1_560' title='bbox 3268 1430 3484 1498; x_wconf 73' lang='lat' dir='ltr'><strong>poterit,</strong></span> <span class='ocrx_word' id='word_1_561' title='bbox 3511 1445 3690 1499; x_wconf 75' lang='lat' dir='ltr'><strong>neque</strong></span> 
     </span>
    </p>
   </div>
   <div class='ocr_carea' id='block_1_74' title="bbox 2091 1519 3686 1591">
    <p class='ocr_par' dir='ltr' id='par_1_74' title="bbox 2091 1519 3686 1591">
     <span class='ocr_line' id='line_1_74' title="bbox 2091 1519 3686 1591; baseline 0.001 -19"><span class='ocrx_word' id='word_1_562' title='bbox 2091 1519 2394 1574; x_wconf 86' lang='lat' dir='ltr'><strong>molestiam</strong></span> <span class='ocrx_word' id='word_1_563' title='bbox 2439 1520 2762 1586; x_wconf 86' lang='lat' dir='ltr'><strong>sustinebit,</strong></span> <span class='ocrx_word' id='word_1_564' title='bbox 2811 1535 2986 1591; x_wconf 88' lang='lat' dir='ltr'><strong>neque</strong></span> <span class='ocrx_word' id='word_1_565' title='bbox 3025 1520 3384 1575; x_wconf 82' lang='lat' dir='ltr'><strong>turbationem</strong></span> <span class='ocrx_word' id='word_1_566' title='bbox 3434 1522 3628 1576; x_wconf 88' lang='lat' dir='ltr'><strong>sentiet</strong></span> <span class='ocrx_word' id='word_1_567' title='bbox 3671 1537 3686 1574; x_wconf 87' lang='lat'><strong>:</strong></span> 
     </span>
    </p>
   </div>
   <div class='ocr_carea' id='block_1_75' title="bbox 2089 1610 3680 1677">
    <p class='ocr_par' dir='ltr' id='par_1_75' title="bbox 2089 1610 3680 1677">
     <span class='ocr_line' id='line_1_75' title="bbox 2089 1610 3680 1677; baseline 0.001 -13"><span class='ocrx_word' id='word_1_568' title='bbox 2089 1610 2182 1664; x_wconf 86' lang='lat' dir='ltr'><strong>sed</strong></span> <span class='ocrx_word' id='word_1_569' title='bbox 2210 1621 2264 1664; x_wconf 89' lang='lat' dir='ltr'><strong>et</strong></span> <span class='ocrx_word' id='word_1_570' title='bbox 2291 1620 2438 1665; x_wconf 83' lang='lat' dir='ltr'><strong>extra</strong></span> <span class='ocrx_word' id='word_1_571' title='bbox 2480 1611 2799 1666; x_wconf 87' lang='lat' dir='ltr'><strong>calumniam</strong></span> <span class='ocrx_word' id='word_1_572' title='bbox 2827 1612 2964 1677; x_wconf 90' lang='lat' dir='ltr'><strong>erit,</strong></span> <span class='ocrx_word' id='word_1_573' title='bbox 3015 1619 3070 1668; x_wconf 92' lang='lat' dir='ltr'><strong>et</strong></span> <span class='ocrx_word' id='word_1_574' title='bbox 3097 1611 3410 1666; x_wconf 87' lang='lat' dir='ltr'><strong>liberabitur</strong></span> <span class='ocrx_word' id='word_1_575' title='bbox 3446 1611 3515 1666; x_wconf 90' lang='lat' dir='ltr'><strong>ab</strong></span> <span class='ocrx_word' id='word_1_576' title='bbox 3547 1612 3680 1666; x_wconf 80' lang='lat' dir='ltr'><strong>iusi-</strong></span> 
     </span>
    </p>
   </div>
   <div class='ocr_carea' id='block_1_76' title="bbox 2089 1699 3683 1772">
    <p class='ocr_par' dir='ltr' id='par_1_76' title="bbox 2089 1699 3683 1772">
     <span class='ocr_line' id='line_1_76' title="bbox 2089 1699 3683 1772; baseline 0 -18"><span class='ocrx_word' id='word_1_577' title='bbox 2089 1699 2380 1766; x_wconf 86' lang='lat' dir='ltr'><strong>diantibus,</strong></span> <span class='ocrx_word' id='word_1_578' title='bbox 2425 1711 2587 1771; x_wconf 68' lang='lat' dir='ltr'><strong>atque</strong></span> <span class='ocrx_word' id='word_1_579' title='bbox 2635 1711 2693 1756; x_wconf 93' lang='lat' dir='ltr'><strong>ut</strong></span> <span class='ocrx_word' id='word_1_580' title='bbox 2736 1702 3044 1757; x_wconf 88' lang='lat' dir='ltr'><strong>summatim</strong></span> <span class='ocrx_word' id='word_1_581' title='bbox 3087 1701 3297 1768; x_wconf 86' lang='lat' dir='ltr'><strong>dicam,</strong></span> <span class='ocrx_word' id='word_1_582' title='bbox 3323 1703 3374 1756; x_wconf 92' lang='lat' dir='ltr'><strong>in</strong></span> <span class='ocrx_word' id='word_1_583' title='bbox 3427 1713 3683 1772; x_wconf 80' lang='lat' dir='ltr'><strong>perpetua</strong></span> 
     </span>
    </p>
   </div>
   <div class='ocr_carea' id='block_1_77' title="bbox 2090 1793 3682 1865">
    <p class='ocr_par' dir='ltr' id='par_1_77' title="bbox 2090 1793 3682 1865">
     <span class='ocr_line' id='line_1_77' title="bbox 2090 1793 3682 1865; baseline 0.001 -19"><span class='ocrx_word' id='word_1_584' title='bbox 2090 1793 2467 1862; x_wconf 87' lang='lat' dir='ltr'><strong>tranquillitate</strong></span> <span class='ocrx_word' id='word_1_585' title='bbox 2493 1794 2628 1859; x_wconf 92' lang='lat' dir='ltr'><strong>erit,</strong></span> <span class='ocrx_word' id='word_1_586' title='bbox 2652 1802 2706 1848; x_wconf 90' lang='lat' dir='ltr'><strong>et</strong></span> <span class='ocrx_word' id='word_1_587' title='bbox 2731 1793 2910 1863; x_wconf 86' lang='lat' dir='ltr'><strong>quiete</strong></span> <span class='ocrx_word' id='word_1_588' title='bbox 2930 1795 3148 1864; x_wconf 77' lang='lat' dir='ltr'><strong>otioque</strong></span> <span class='ocrx_word' id='word_1_589' title='bbox 3173 1793 3378 1849; x_wconf 76' lang='lat' dir='ltr'><strong>fruetur</strong></span> <span class='ocrx_word' id='word_1_590' title='bbox 3408 1813 3418 1846; x_wconf 95' lang='lat'>:</span> <span class='ocrx_word' id='word_1_591' title='bbox 3450 1807 3515 1850; x_wconf 87' lang='lat' dir='ltr'><strong>ac</strong></span> <span class='ocrx_word' id='word_1_592' title='bbox 3539 1794 3682 1865; x_wconf 88' lang='lat' dir='ltr'><strong>quod</strong></span> 
     </span>
    </p>
   </div>
   <div class='ocr_carea' id='block_1_78' title="bbox 2086 1882 3687 1953">
    <p class='ocr_par' dir='ltr' id='par_1_78' title="bbox 2086 1882 3687 1953">
     <span class='ocr_line' id='line_1_78' title="bbox 2086 1882 3687 1953; baseline 0.001 -17"><span class='ocrx_word' id='word_1_593' title='bbox 2086 1882 2258 1952; x_wconf 82' lang='lat' dir='ltr'><strong>majus</strong></span> <span class='ocrx_word' id='word_1_594' title='bbox 2275 1889 2356 1937; x_wconf 87' lang='lat' dir='ltr'><strong>est</strong></span> <span class='ocrx_word' id='word_1_595' title='bbox 2379 1882 2650 1948; x_wconf 87' lang='lat' dir='ltr'><strong>omnibus,</strong></span> <span class='ocrx_word' id='word_1_596' title='bbox 2671 1893 2936 1953; x_wconf 88' lang='lat' dir='ltr'><strong>caputque</strong></span> <span class='ocrx_word' id='word_1_597' title='bbox 2957 1883 3242 1949; x_wconf 88' lang='lat' dir='ltr'><strong>bonorum,</strong></span> <span class='ocrx_word' id='word_1_598' title='bbox 3275 1883 3438 1939; x_wconf 88' lang='lat' dir='ltr'><strong>Deum</strong></span> <span class='ocrx_word' id='word_1_599' title='bbox 3468 1883 3687 1938; x_wconf 80' lang='lat' dir='ltr'><strong>habebit</strong></span> 
     </span>
    </p>
   </div>
   <div class='ocr_carea' id='block_1_79' title="bbox 2083 1973 3684 2044">
    <p class='ocr_par' dir='ltr' id='par_1_79' title="bbox 2083 1973 3684 2044">
     <span class='ocr_line' id='line_1_79' title="bbox 2083 1973 3684 2044; baseline 0.002 -18"><span class='ocrx_word' id='word_1_600' title='bbox 2083 1973 2373 2043; x_wconf 81' lang='lat' dir='ltr'><strong>prepitium</strong></span> <span class='ocrx_word' id='word_1_601' title='bbox 2393 2015 2407 2039; x_wconf 90' lang='lat'><strong>,</strong></span> <span class='ocrx_word' id='word_1_602' title='bbox 2432 1981 2490 2028; x_wconf 77' lang='lat' dir='ltr'><strong>et</strong></span> <span class='ocrx_word' id='word_1_603' title='bbox 2514 1988 2745 2043; x_wconf 86' lang='lat' dir='ltr'><strong>superna</strong></span> <span class='ocrx_word' id='word_1_604' title='bbox 2793 1973 2999 2028; x_wconf 79' lang='lat' dir='ltr'><strong>fruetur</strong></span> <span class='ocrx_word' id='word_1_605' title='bbox 3021 1973 3192 2044; x_wconf 87' lang='lat' dir='ltr'><strong>gratia</strong></span> <span class='ocrx_word' id='word_1_606' title='bbox 3212 2014 3228 2040; x_wconf 94' lang='lat'><strong>,</strong></span> <span class='ocrx_word' id='word_1_607' title='bbox 3282 1983 3464 2044; x_wconf 84' lang='lat' dir='ltr'><strong>utpote</strong></span> <span class='ocrx_word' id='word_1_608' title='bbox 3509 1973 3684 2030; x_wconf 76' lang='lat' dir='ltr'><strong>ï¬delis</strong></span> 
     </span>
    </p>
   </div>
   <div class='ocr_carea' id='block_1_80' title="bbox 2086 2063 3679 2134">
    <p class='ocr_par' dir='ltr' id='par_1_80' title="bbox 2086 2063 3679 2134">
     <span class='ocr_line' id='line_1_80' title="bbox 2086 2063 3679 2134; baseline 0.001 -16"><span class='ocrx_word' id='word_1_609' title='bbox 2086 2063 2256 2120; x_wconf 79' lang='lat' dir='ltr'><strong>lactus</strong></span> <span class='ocrx_word' id='word_1_610' title='bbox 2281 2065 2618 2134; x_wconf 86' lang='lat' dir='ltr'><strong>dispensator</strong></span> <span class='ocrx_word' id='word_1_611' title='bbox 2639 2065 2984 2134; x_wconf 84' lang='lat' dir='ltr'><strong>pecuniarum</strong></span> <span class='ocrx_word' id='word_1_612' title='bbox 3013 2065 3242 2120; x_wconf 84' lang='lat' dir='ltr'><strong>Domini.</strong></span> <span class='ocrx_word' id='word_1_613' title='bbox 3271 2064 3460 2121; x_wconf 84' lang='lat' dir='ltr'><strong>Beatus</strong></span> <span class='ocrx_word' id='word_1_614' title='bbox 3513 2065 3679 2131; x_wconf 87' lang='lat' dir='ltr'><strong>enim,</strong></span> 
     </span>
    </p>
   </div>
   <div class='ocr_carea' id='block_1_81' title="bbox 2087 2157 3682 2228">
    <p class='ocr_par' dir='ltr' id='par_1_81' title="bbox 2087 2157 3682 2228">
     <span class='ocr_line' id='line_1_81' title="bbox 2087 2157 3682 2228; baseline -0.001 -16"><span class='ocrx_word' id='word_1_615' title='bbox 2087 2158 2276 2228; x_wconf 86' lang='lat' dir='ltr'><strong>inquit,</strong></span> <span class='ocrx_word' id='word_1_616' title='bbox 2303 2173 2475 2212; x_wconf 80' lang='lat' dir='ltr'><strong>servus</strong></span> <span class='ocrx_word' id='word_1_617' title='bbox 2501 2158 2588 2211; x_wconf 79' lang='lat' dir='ltr'><strong>ille</strong></span> <span class='ocrx_word' id='word_1_618' title='bbox 2612 2199 2625 2224; x_wconf 93' lang='lat'><strong>,</strong></span> <span class='ocrx_word' id='word_1_619' title='bbox 2653 2173 2801 2228; x_wconf 79' lang='lat' dir='ltr'><strong>quem</strong></span> <span class='ocrx_word' id='word_1_620' title='bbox 2821 2174 2936 2210; x_wconf 82' lang='lat' dir='ltr'><strong>cum</strong></span> <span class='ocrx_word' id='word_1_621' title='bbox 2966 2157 3153 2211; x_wconf 76' lang='lat' dir='ltr'><strong>venerit</strong></span> <span class='ocrx_word' id='word_1_622' title='bbox 3179 2157 3415 2210; x_wconf 82' lang='lat' dir='ltr'><strong>dominus</strong></span> <span class='ocrx_word' id='word_1_623' title='bbox 3433 2196 3448 2222; x_wconf 90' lang='lat'><strong>,</strong></span> <span class='ocrx_word' id='word_1_624' title='bbox 3478 2159 3682 2211; x_wconf 80' lang='lat' dir='ltr'><strong>invene-</strong></span> 
     </span>
    </p>
   </div>
   <div class='ocr_carea' id='block_1_82' title="bbox 2084 2244 3678 2318">
    <p class='ocr_par' dir='ltr' id='par_1_82' title="bbox 2084 2244 3678 2318">
     <span class='ocr_line' id='line_1_82' title="bbox 2084 2244 3678 2318; baseline 0 -17"><span class='ocrx_word' id='word_1_625' title='bbox 2084 2250 2147 2309; x_wconf 88' lang='lat' dir='ltr'><strong>rit</strong></span> <span class='ocrx_word' id='word_1_626' title='bbox 2177 2249 2250 2303; x_wconf 86' lang='lat' dir='ltr'><strong>sic</strong></span> <span class='ocrx_word' id='word_1_627' title='bbox 2275 2249 2545 2318; x_wconf 78' lang='lat' dir='ltr'><strong>facientem</strong></span> <span class='ocrx_word' id='word_1_628' title='bbox 2589 2246 2743 2318; x_wconf 82' lang='lat' dir='ltr'><strong>(Luc.</strong></span> <span class='ocrx_word' id='word_1_629' title='bbox 2777 2246 2859 2301; x_wconf 73' lang='lat' dir='ltr'><strong>l2.</strong></span> <span class='ocrx_word' id='word_1_630' title='bbox 2905 2244 3034 2318; x_wconf 69' lang='grc'><strong>45),</strong></span> <span class='ocrx_word' id='word_1_631' title='bbox 3079 2255 3136 2302; x_wconf 86' lang='lat' dir='ltr'><strong>et</strong></span> <span class='ocrx_word' id='word_1_632' title='bbox 3159 2247 3238 2302; x_wconf 87' lang='lat' dir='ltr'><strong>sic</strong></span> <span class='ocrx_word' id='word_1_633' title='bbox 3279 2247 3678 2316; x_wconf 86' lang='lat' dir='ltr'><strong>dispensantem</strong></span> 
     </span>
    </p>
   </div>
   <div class='ocr_carea' id='block_1_83' title="bbox 2079 2339 3682 2409">
    <p class='ocr_par' dir='ltr' id='par_1_83' title="bbox 2079 2339 3682 2409">
     <span class='ocr_line' id='line_1_83' title="bbox 2079 2339 3682 2409; baseline -0.001 -13"><span class='ocrx_word' id='word_1_634' title='bbox 2079 2343 2378 2408; x_wconf 83' lang='lat' dir='ltr'><strong>conservis,</strong></span> <span class='ocrx_word' id='word_1_635' title='bbox 2408 2350 2465 2396; x_wconf 90' lang='lat' dir='ltr'><strong>et</strong></span> <span class='ocrx_word' id='word_1_636' title='bbox 2490 2356 2598 2395; x_wconf 87' lang='lat' dir='ltr'><strong>non</strong></span> <span class='ocrx_word' id='word_1_637' title='bbox 2622 2341 2800 2408; x_wconf 88' lang='lat' dir='ltr'><strong>januis</strong></span> <span class='ocrx_word' id='word_1_638' title='bbox 2821 2340 3168 2409; x_wconf 82' lang='lat' dir='ltr'><strong>vectibusque</strong></span> <span class='ocrx_word' id='word_1_639' title='bbox 3198 2339 3555 2395; x_wconf 89' lang='lat' dir='ltr'><strong>includentem</strong></span> <span class='ocrx_word' id='word_1_640' title='bbox 3580 2381 3598 2407; x_wconf 91' lang='lat'><strong>,</strong></span> <span class='ocrx_word' id='word_1_641' title='bbox 3628 2351 3682 2394; x_wconf 88' lang='lat' dir='ltr'><strong>et</strong></span> 
     </span>
    </p>
   </div>
   <div class='ocr_carea' id='block_1_84' title="bbox 2083 2431 3680 2502">
    <p class='ocr_par' dir='ltr' id='par_1_84' title="bbox 2083 2431 3680 2502">
     <span class='ocr_line' id='line_1_84' title="bbox 2083 2431 3680 2502; baseline 0 -16"><span class='ocrx_word' id='word_1_642' title='bbox 2083 2433 2354 2489; x_wconf 88' lang='lat' dir='ltr'><strong>vermibus</strong></span> <span class='ocrx_word' id='word_1_643' title='bbox 2379 2447 2558 2488; x_wconf 87' lang='lat' dir='ltr'><strong>escam</strong></span> <span class='ocrx_word' id='word_1_644' title='bbox 2588 2431 2701 2487; x_wconf 85' lang='lat' dir='ltr'><strong>lieri</strong></span> <span class='ocrx_word' id='word_1_645' title='bbox 2739 2431 3139 2502; x_wconf 81' lang='lat' dir='ltr'><strong>permittentem</strong></span> <span class='ocrx_word' id='word_1_646' title='bbox 3165 2448 3180 2485; x_wconf 90' lang='lat'><strong>:</strong></span> <span class='ocrx_word' id='word_1_647' title='bbox 3209 2431 3302 2486; x_wconf 90' lang='lat' dir='ltr'><strong>sed</strong></span> <span class='ocrx_word' id='word_1_648' title='bbox 3327 2431 3544 2501; x_wconf 90' lang='lat' dir='ltr'><strong>inopum</strong></span> <span class='ocrx_word' id='word_1_649' title='bbox 3576 2433 3680 2486; x_wconf 85' lang='lat' dir='ltr'><strong>mi-</strong></span> 
     </span>
    </p>
   </div>
   <div class='ocr_carea' id='block_1_85' title="bbox 2083 2521 3680 2593">
    <p class='ocr_par' dir='ltr' id='par_1_85' title="bbox 2083 2521 3680 2593">
     <span class='ocr_line' id='line_1_85' title="bbox 2083 2521 3680 2593; baseline -0.001 -14"><span class='ocrx_word' id='word_1_650' title='bbox 2083 2524 2275 2579; x_wconf 89' lang='lat' dir='ltr'><strong>seriam</strong></span> <span class='ocrx_word' id='word_1_651' title='bbox 2302 2523 2680 2578; x_wconf 83' lang='lat' dir='ltr'><strong>sublevantem</strong></span> <span class='ocrx_word' id='word_1_652' title='bbox 2702 2565 2716 2590; x_wconf 93' lang='lat'><strong>,</strong></span> <span class='ocrx_word' id='word_1_653' title='bbox 2747 2523 3051 2592; x_wconf 84' lang='lat' dir='ltr'><strong>bonumque</strong></span> <span class='ocrx_word' id='word_1_654' title='bbox 3079 2531 3133 2577; x_wconf 89' lang='lat' dir='ltr'><strong>et</strong></span> <span class='ocrx_word' id='word_1_655' title='bbox 3159 2521 3370 2578; x_wconf 83' lang='lat' dir='ltr'><strong>ï¬delem</strong></span> <span class='ocrx_word' id='word_1_656' title='bbox 3398 2522 3680 2593; x_wconf 82' lang='lat' dir='ltr'><strong>dispensa-</strong></span> 
     </span>
    </p>
   </div>
   <div class='ocr_carea' id='block_1_86' title="bbox 2084 2616 3676 2688">
    <p class='ocr_par' dir='ltr' id='par_1_86' title="bbox 2084 2616 3676 2688">
     <span class='ocr_line' id='line_1_86' title="bbox 2084 2616 3676 2688; baseline -0.001 -18"><span class='ocrx_word' id='word_1_657' title='bbox 2084 2625 2251 2672; x_wconf 90' lang='lat' dir='ltr'><strong>torem</strong></span> <span class='ocrx_word' id='word_1_658' title='bbox 2277 2616 2474 2672; x_wconf 82' lang='lat' dir='ltr'><strong>factum</strong></span> <span class='ocrx_word' id='word_1_659' title='bbox 2501 2631 2688 2672; x_wconf 89' lang='lat' dir='ltr'><strong>eorum</strong></span> <span class='ocrx_word' id='word_1_660' title='bbox 2708 2632 2826 2686; x_wconf 75' lang='lat' dir='ltr'><strong>qua:</strong></span> <span class='ocrx_word' id='word_1_661' title='bbox 2853 2631 2883 2670; x_wconf 90' lang='lat' dir='ltr'><strong>a</strong></span> <span class='ocrx_word' id='word_1_662' title='bbox 2913 2616 3142 2671; x_wconf 87' lang='lat' dir='ltr'><strong>Domino</strong></span> <span class='ocrx_word' id='word_1_663' title='bbox 3161 2617 3499 2688; x_wconf 83' lang='lat' dir='ltr'><strong>suppeditata</strong></span> <span class='ocrx_word' id='word_1_664' title='bbox 3518 2626 3644 2672; x_wconf 84' lang='lat' dir='ltr'><strong>sunt</strong></span> <span class='ocrx_word' id='word_1_665' title='bbox 3664 2636 3676 2669; x_wconf 90' lang='lat'><strong>:</strong></span> 
     </span>
    </p>
   </div>
   <div class='ocr_carea' id='block_1_87' title="bbox 2083 2708 3677 2779">
    <p class='ocr_par' dir='ltr' id='par_1_87' title="bbox 2083 2708 3677 2779">
     <span class='ocr_line' id='line_1_87' title="bbox 2083 2708 3677 2779; baseline -0.001 -16"><span class='ocrx_word' id='word_1_666' title='bbox 2083 2718 2138 2763; x_wconf 92' lang='lat' dir='ltr'><strong>ut</strong></span> <span class='ocrx_word' id='word_1_667' title='bbox 2162 2717 2215 2763; x_wconf 86' lang='lat' dir='ltr'><strong>et</strong></span> <span class='ocrx_word' id='word_1_668' title='bbox 2239 2709 2475 2779; x_wconf 80' lang='lat' dir='ltr'><strong>pulchrae</strong></span> <span class='ocrx_word' id='word_1_669' title='bbox 2494 2708 2652 2778; x_wconf 84' lang='lat' dir='ltr'><strong>hujus</strong></span> <span class='ocrx_word' id='word_1_670' title='bbox 2672 2709 3092 2778; x_wconf 85' lang='lat' dir='ltr'><strong>dispensationis</strong></span> <span class='ocrx_word' id='word_1_671' title='bbox 3106 2723 3352 2779; x_wconf 83' lang='lat' dir='ltr'><strong>magnam</strong></span> <span class='ocrx_word' id='word_1_672' title='bbox 3375 2708 3677 2765; x_wconf 86' lang='lat' dir='ltr'><strong>mercedem</strong></span> 
     </span>
    </p>
   </div>
   <div class='ocr_carea' id='block_1_88' title="bbox 2080 2799 3678 2871">
    <p class='ocr_par' dir='ltr' id='par_1_88' title="bbox 2080 2799 3678 2871">
     <span class='ocr_line' id='line_1_88' title="bbox 2080 2799 3678 2871; baseline 0.001 -18"><span class='ocrx_word' id='word_1_673' title='bbox 2080 2800 2314 2871; x_wconf 87' lang='lat' dir='ltr'><strong>assequi,</strong></span> <span class='ocrx_word' id='word_1_674' title='bbox 2349 2808 2405 2855; x_wconf 93' lang='lat' dir='ltr'><strong>et</strong></span> <span class='ocrx_word' id='word_1_675' title='bbox 2426 2801 2685 2870; x_wconf 86' lang='lat' dir='ltr'><strong>promissa</strong></span> <span class='ocrx_word' id='word_1_676' title='bbox 2732 2801 2872 2856; x_wconf 84' lang='lat' dir='ltr'><strong>bona</strong></span> <span class='ocrx_word' id='word_1_677' title='bbox 2917 2799 3164 2856; x_wconf 88' lang='lat' dir='ltr'><strong>obtinere</strong></span> <span class='ocrx_word' id='word_1_678' title='bbox 3187 2811 3478 2867; x_wconf 87' lang='lat' dir='ltr'><strong>mereatur,</strong></span> <span class='ocrx_word' id='word_1_679' title='bbox 3509 2803 3678 2871; x_wconf 89' lang='lat' dir='ltr'><strong>gratia</strong></span> 
     </span>
    </p>
   </div>
   <div class='ocr_carea' id='block_1_89' title="bbox 2080 2890 3676 2962">
    <p class='ocr_par' dir='ltr' id='par_1_89' title="bbox 2080 2890 3676 2962">
     <span class='ocr_line' id='line_1_89' title="bbox 2080 2890 3676 2962; baseline -0.001 -16"><span class='ocrx_word' id='word_1_680' title='bbox 2080 2899 2134 2946; x_wconf 88' lang='lat' dir='ltr'><strong>et</strong></span> <span class='ocrx_word' id='word_1_681' title='bbox 2158 2892 2484 2962; x_wconf 85' lang='lat' dir='ltr'><strong>benignitate</strong></span> <span class='ocrx_word' id='word_1_682' title='bbox 2528 2892 2736 2947; x_wconf 88' lang='lat' dir='ltr'><strong>Domini</strong></span> <span class='ocrx_word' id='word_1_683' title='bbox 2783 2893 2954 2948; x_wconf 84' lang='lat' dir='ltr'><strong>nostri</strong></span> <span class='ocrx_word' id='word_1_684' title='bbox 3007 2891 3134 2947; x_wconf 71' lang='lat' dir='ltr'><strong>lusu</strong></span> <span class='ocrx_word' id='word_1_685' title='bbox 3160 2890 3398 2959; x_wconf 83' lang='lat' dir='ltr'><strong>Christi,</strong></span> <span class='ocrx_word' id='word_1_686' title='bbox 3430 2893 3514 2946; x_wconf 90' lang='lat' dir='ltr'><strong>cui</strong></span> <span class='ocrx_word' id='word_1_687' title='bbox 3555 2906 3676 2946; x_wconf 88' lang='lat' dir='ltr'><strong>cum</strong></span> 
     </span>
    </p>
   </div>
   <div class='ocr_carea' id='block_1_90' title="bbox 2080 2983 3676 3057">
    <p class='ocr_par' dir='ltr' id='par_1_90' title="bbox 2080 2983 3676 3057">
     <span class='ocr_line' id='line_1_90' title="bbox 2080 2983 3676 3057; baseline 0.001 -19"><span class='ocrx_word' id='word_1_688' title='bbox 2080 2985 2238 3040; x_wconf 87' lang='lat' dir='ltr'><strong>Patre</strong></span> <span class='ocrx_word' id='word_1_689' title='bbox 2259 2993 2319 3040; x_wconf 88' lang='lat' dir='ltr'><strong>et</strong></span> <span class='ocrx_word' id='word_1_690' title='bbox 2344 2995 2528 3040; x_wconf 88' lang='lat' dir='ltr'><strong>sancto</strong></span> <span class='ocrx_word' id='word_1_691' title='bbox 2557 2985 2758 3055; x_wconf 90' lang='lat' dir='ltr'><strong>Spiritu</strong></span> <span class='ocrx_word' id='word_1_692' title='bbox 2787 2985 2857 3041; x_wconf 91' lang='lat' dir='ltr'><strong>sit</strong></span> <span class='ocrx_word' id='word_1_693' title='bbox 2896 2985 3061 3057; x_wconf 84' lang='lat' dir='ltr'><strong>gloria</strong></span> <span class='ocrx_word' id='word_1_694' title='bbox 3081 3027 3096 3051; x_wconf 94' lang='lat'><strong>,</strong></span> <span class='ocrx_word' id='word_1_695' title='bbox 3125 2986 3432 3056; x_wconf 86' lang='lat' dir='ltr'><strong>imperium,</strong></span> <span class='ocrx_word' id='word_1_696' title='bbox 3483 2983 3676 3047; x_wconf 79' lang='lat' dir='ltr'><strong>hortor,</strong></span> 
     </span>
    </p>
   </div>
   <div class='ocr_carea' id='block_1_91' title="bbox 2080 3077 3566 3145">
    <p class='ocr_par' dir='ltr' id='par_1_91' title="bbox 2080 3077 3566 3145">
     <span class='ocr_line' id='line_1_91' title="bbox 2080 3077 3566 3145; baseline 0 -15"><span class='ocrx_word' id='word_1_697' title='bbox 2080 3091 2220 3130; x_wconf 89' lang='lat' dir='ltr'><strong>nunc</strong></span> <span class='ocrx_word' id='word_1_698' title='bbox 2246 3085 2301 3130; x_wconf 89' lang='lat' dir='ltr'><strong>et</strong></span> <span class='ocrx_word' id='word_1_699' title='bbox 2330 3091 2566 3145; x_wconf 87' lang='lat' dir='ltr'><strong>semper,</strong></span> <span class='ocrx_word' id='word_1_700' title='bbox 2595 3085 2654 3131; x_wconf 90' lang='lat' dir='ltr'><strong>et</strong></span> <span class='ocrx_word' id='word_1_701' title='bbox 2685 3077 2742 3144; x_wconf 84' lang='lat' dir='ltr'><strong>in</strong></span> <span class='ocrx_word' id='word_1_702' title='bbox 2768 3077 2960 3131; x_wconf 57' lang='lat' dir='ltr'><strong>saecula</strong></span> <span class='ocrx_word' id='word_1_703' title='bbox 2987 3077 3329 3130; x_wconf 62' lang='lat' dir='ltr'><strong>sarculorum.</strong></span> <span class='ocrx_word' id='word_1_704' title='bbox 3371 3079 3566 3131; x_wconf 82' lang='lat' dir='ltr'><strong>Amen.</strong></span> 
     </span>
    </p>
   </div>
   <div class='ocr_carea' id='block_1_92' title="bbox 2567 3186 3190 3242">
    <p class='ocr_par' dir='ltr' id='par_1_92' title="bbox 2567 3186 3190 3242">
     <span class='ocr_line' id='line_1_92' title="bbox 2567 3186 3190 3242; baseline -0.002 -1"><span class='ocrx_word' id='word_1_705' title='bbox 2567 3186 2848 3242; x_wconf 69' lang='lat' dir='ltr'><strong>HOMILIA</strong></span> <span class='ocrx_word' id='word_1_706' title='bbox 2890 3186 3190 3242; x_wconf 64' lang='lat' dir='ltr'><strong>XXXVI&quot;.</strong></span> 
     </span>
    </p>
   </div>
   <div class='ocr_carea' id='block_1_93' title="bbox 2081 3277 3675 3346">
    <p class='ocr_par' dir='ltr' id='par_1_93' title="bbox 2081 3277 3675 3346">
     <span class='ocr_line' id='line_1_93' title="bbox 2081 3277 3675 3346; baseline 0.001 -14"><span class='ocrx_word' id='word_1_707' title='bbox 2081 3277 2216 3332; x_wconf 83' lang='lat' dir='ltr'><strong>Sara</strong></span> <span class='ocrx_word' id='word_1_708' title='bbox 2241 3287 2409 3331; x_wconf 75' lang='lat' dir='ltr'><strong>autem</strong></span> <span class='ocrx_word' id='word_1_709' title='bbox 2431 3319 2445 3343; x_wconf 88' lang='lat'><strong>,</strong></span> <span class='ocrx_word' id='word_1_710' title='bbox 2472 3293 2606 3346; x_wconf 72' lang='lat' dir='ltr'><strong>uxor</strong></span> <span class='ocrx_word' id='word_1_711' title='bbox 2627 3277 2838 3342; x_wconf 79' lang='lat' dir='ltr'><strong>Abram,</strong></span> <span class='ocrx_word' id='word_1_712' title='bbox 2867 3294 2968 3331; x_wconf 84' lang='lat' dir='ltr'><strong>non</strong></span> <span class='ocrx_word' id='word_1_713' title='bbox 3003 3278 3192 3346; x_wconf 78' lang='lat' dir='ltr'><strong>peperit</strong></span> <span class='ocrx_word' id='word_1_714' title='bbox 3226 3279 3271 3332; x_wconf 86' lang='lat' dir='ltr'><strong>ei</strong></span> <span class='ocrx_word' id='word_1_715' title='bbox 3303 3294 3321 3332; x_wconf 89' lang='lat'><strong><em>:</em></strong></span> <span class='ocrx_word' id='word_1_716' title='bbox 3348 3279 3438 3332; x_wconf 83' lang='lat' dir='ltr'><strong>sed</strong></span> <span class='ocrx_word' id='word_1_717' title='bbox 3462 3280 3675 3334; x_wconf 73' lang='lat' dir='ltr'><strong>habebat</strong></span> 
     </span>
    </p>
   </div>
   <div class='ocr_carea' id='block_1_94' title="bbox 2151 3345 3599 3422">
    <p class='ocr_par' dir='ltr' id='par_1_94' title="bbox 2151 3345 3599 3422">
     <span class='ocr_line' id='line_1_94' title="bbox 2151 3345 3599 3422; baseline 0.001 -22"><span class='ocrx_word' id='word_1_718' title='bbox 2151 3347 2392 3401; x_wconf 69' lang='lat' dir='ltr'><strong>ancillari:</strong></span> <span class='ocrx_word' id='word_1_719' title='bbox 2438 3345 2779 3418; x_wconf 54' lang='lat' dir='ltr'><strong>(Egyptians,</strong></span> <span class='ocrx_word' id='word_1_720' title='bbox 2815 3345 3017 3401; x_wconf 80' lang='lat' dir='ltr'><strong>nomine</strong></span> <span class='ocrx_word' id='word_1_721' title='bbox 3045 3345 3185 3419; x_wconf 71' lang='lat' dir='ltr'><strong>Agar</strong></span> <span class='ocrx_word' id='word_1_722' title='bbox 3219 3348 3368 3420; x_wconf 80' lang='lat' dir='ltr'><strong>(Gen.</strong></span> <span class='ocrx_word' id='word_1_723' title='bbox 3402 3351 3492 3405; x_wconf 78' lang='lat' dir='ltr'><strong>l6.</strong></span> <span class='ocrx_word' id='word_1_724' title='bbox 3527 3351 3599 3422; x_wconf 83' lang='grc' dir='ltr'><strong>Î™).</strong></span> 
     </span>
    </p>
   </div>
   <div class='ocr_carea' id='block_1_95' title="bbox 2153 3458 3676 3531">
    <p class='ocr_par' dir='ltr' id='par_1_95' title="bbox 2153 3458 3676 3531">
     <span class='ocr_line' id='line_1_95' title="bbox 2153 3458 3676 3531; baseline 0.002 -16"><span class='ocrx_word' id='word_1_725' title='bbox 2153 3461 2202 3515; x_wconf 81' lang='lat' dir='ltr'><strong>i.</strong></span> <span class='ocrx_word' id='word_1_726' title='bbox 2249 3460 2422 3515; x_wconf 84' lang='lat' dir='ltr'><strong>Etiam</strong></span> <span class='ocrx_word' id='word_1_727' title='bbox 2446 3458 2704 3515; x_wconf 88' lang='lat' dir='ltr'><strong>hodierna</strong></span> <span class='ocrx_word' id='word_1_728' title='bbox 2731 3461 2893 3516; x_wconf 80' lang='lat' dir='ltr'><strong>leCtio</strong></span> <span class='ocrx_word' id='word_1_729' title='bbox 2933 3460 3167 3531; x_wconf 87' lang='lat' dir='ltr'><strong>linguam</strong></span> <span class='ocrx_word' id='word_1_730' title='bbox 3204 3472 3442 3516; x_wconf 91' lang='lat' dir='ltr'><strong>nostram</strong></span> <span class='ocrx_word' id='word_1_731' title='bbox 3498 3462 3676 3518; x_wconf 88' lang='lat' dir='ltr'><strong>denuo</strong></span> 
     </span>
    </p>
   </div>
   <div class='ocr_carea' id='block_1_96' title="bbox 2077 3554 3676 3625">
    <p class='ocr_par' dir='ltr' id='par_1_96' title="bbox 2077 3554 3676 3625">
     <span class='ocr_line' id='line_1_96' title="bbox 2077 3554 3676 3625; baseline 0.003 -18"><span class='ocrx_word' id='word_1_732' title='bbox 2077 3554 2130 3608; x_wconf 93' lang='lat' dir='ltr'><strong>in</strong></span> <span class='ocrx_word' id='word_1_733' title='bbox 2162 3555 2473 3608; x_wconf 86' lang='lat' dir='ltr'><strong>memoriam</strong></span> <span class='ocrx_word' id='word_1_734' title='bbox 2499 3554 2814 3624; x_wconf 75' lang='lat' dir='ltr'><strong>patriarcha:</strong></span> <span class='ocrx_word' id='word_1_735' title='bbox 2836 3562 2990 3610; x_wconf 87' lang='lat' dir='ltr'><strong>vocat</strong></span> <span class='ocrx_word' id='word_1_736' title='bbox 3021 3571 3033 3607; x_wconf 91' lang='lat'><strong>:</strong></span> <span class='ocrx_word' id='word_1_737' title='bbox 3067 3569 3242 3625; x_wconf 84' lang='lat' dir='ltr'><strong>neque</strong></span> <span class='ocrx_word' id='word_1_738' title='bbox 3270 3571 3365 3610; x_wconf 89' lang='lat' dir='ltr'><strong>vos</strong></span> <span class='ocrx_word' id='word_1_739' title='bbox 3389 3554 3676 3612; x_wconf 88' lang='lat' dir='ltr'><strong>admiratio</strong></span> 
     </span>
    </p>
   </div>
   <div class='ocr_carea' id='block_1_97' title="bbox 2078 3644 3674 3716">
    <p class='ocr_par' dir='ltr' id='par_1_97' title="bbox 2078 3644 3674 3716">
     <span class='ocr_line' id='line_1_97' title="bbox 2078 3644 3674 3716; baseline 0.004 -19"><span class='ocrx_word' id='word_1_740' title='bbox 2078 3652 2275 3710; x_wconf 89' lang='lat' dir='ltr'><strong>teneat,</strong></span> <span class='ocrx_word' id='word_1_741' title='bbox 2305 3644 2444 3714; x_wconf 91' lang='lat' dir='ltr'><strong>quod</strong></span> <span class='ocrx_word' id='word_1_742' title='bbox 2475 3660 2596 3700; x_wconf 85' lang='lat' dir='ltr'><strong>cum</strong></span> <span class='ocrx_word' id='word_1_743' title='bbox 2625 3654 2702 3699; x_wconf 93' lang='lat' dir='ltr'><strong>tot</strong></span> <span class='ocrx_word' id='word_1_744' title='bbox 2729 3645 2919 3701; x_wconf 88' lang='lat' dir='ltr'><strong>diebus</strong></span> <span class='ocrx_word' id='word_1_745' title='bbox 2947 3644 3223 3700; x_wconf 75' lang='lat' dir='ltr'><strong>historiam</strong></span> <span class='ocrx_word' id='word_1_746' title='bbox 3246 3645 3485 3716; x_wconf 83' lang='lat' dir='ltr'><strong>ejusdem</strong></span> <span class='ocrx_word' id='word_1_747' title='bbox 3517 3648 3674 3703; x_wconf 78' lang='lat' dir='ltr'><strong>toties</strong></span> 
     </span>
    </p>
   </div>
   <div class='ocr_carea' id='block_1_98' title="bbox 2077 3737 3672 3804">
    <p class='ocr_par' dir='ltr' id='par_1_98' title="bbox 2077 3737 3672 3804">
     <span class='ocr_line' id='line_1_98' title="bbox 2077 3737 3672 3804; baseline 0.004 -12"><span class='ocrx_word' id='word_1_748' title='bbox 2077 3738 2128 3794; x_wconf 92' lang='lat' dir='ltr'><strong>in</strong></span> <span class='ocrx_word' id='word_1_749' title='bbox 2184 3737 2416 3793; x_wconf 91' lang='lat' dir='ltr'><strong>medium</strong></span> <span class='ocrx_word' id='word_1_750' title='bbox 2471 3737 2811 3793; x_wconf 84' lang='lat' dir='ltr'><strong>attulerimus</strong></span> <span class='ocrx_word' id='word_1_751' title='bbox 2832 3778 2849 3804; x_wconf 91' lang='lat'><strong>,</strong></span> <span class='ocrx_word' id='word_1_752' title='bbox 2879 3753 2979 3793; x_wconf 89' lang='lat' dir='ltr'><strong>nec</strong></span> <span class='ocrx_word' id='word_1_753' title='bbox 3009 3737 3170 3794; x_wconf 90' lang='lat' dir='ltr'><strong>hodie</strong></span> <span class='ocrx_word' id='word_1_754' title='bbox 3213 3739 3358 3793; x_wconf 89' lang='lat' dir='ltr'><strong>illam</strong></span> <span class='ocrx_word' id='word_1_755' title='bbox 3388 3740 3672 3798; x_wconf 75' lang='lat' dir='ltr'><strong>absolvere</strong></span> 
     </span>
    </p>
   </div>
   <div class='ocr_carea' id='block_1_99' title="bbox 2077 3829 3675 3902">
    <p class='ocr_par' dir='ltr' id='par_1_99' title="bbox 2077 3829 3675 3902">
     <span class='ocr_line' id='line_1_99' title="bbox 2077 3829 3675 3902; baseline 0.002 -17"><span class='ocrx_word' id='word_1_756' title='bbox 2077 3830 2428 3901; x_wconf 85' lang='lat' dir='ltr'><strong>potuerimus.</strong></span> <span class='ocrx_word' id='word_1_757' title='bbox 2458 3829 2644 3900; x_wconf 80' lang='lat' dir='ltr'><strong>Magna</strong></span> <span class='ocrx_word' id='word_1_758' title='bbox 2663 3829 2810 3883; x_wconf 87' lang='lat' dir='ltr'><strong>enim</strong></span> <span class='ocrx_word' id='word_1_759' title='bbox 2835 3831 2992 3899; x_wconf 89' lang='lat' dir='ltr'><strong>copia</strong></span> <span class='ocrx_word' id='word_1_760' title='bbox 3037 3838 3121 3884; x_wconf 87' lang='lat' dir='ltr'><strong>est</strong></span> <span class='ocrx_word' id='word_1_761' title='bbox 3153 3830 3408 3886; x_wconf 89' lang='lat' dir='ltr'><strong>virtutum</strong></span> <span class='ocrx_word' id='word_1_762' title='bbox 3426 3833 3555 3902; x_wconf 90' lang='lat' dir='ltr'><strong>justi</strong></span> <span class='ocrx_word' id='word_1_763' title='bbox 3581 3876 3597 3901; x_wconf 93' lang='lat'><strong>,</strong></span> <span class='ocrx_word' id='word_1_764' title='bbox 3621 3845 3675 3888; x_wconf 86' lang='lat' dir='ltr'><strong>et</strong></span> 
     </span>
    </p>
   </div>
   <div class='ocr_carea' id='block_1_100' title="bbox 2075 3921 3672 3990">
    <p class='ocr_par' dir='ltr' id='par_1_100' title="bbox 2075 3921 3672 3990">
     <span class='ocr_line' id='line_1_100' title="bbox 2075 3921 3672 3990; baseline -0.001 -13"><span class='ocrx_word' id='word_1_765' title='bbox 2075 3922 2267 3978; x_wconf 86' lang='lat' dir='ltr'><strong>eximia</strong></span> <span class='ocrx_word' id='word_1_766' title='bbox 2293 3930 2418 3975; x_wconf 88' lang='lat' dir='ltr'><strong>sunt</strong></span> <span class='ocrx_word' id='word_1_767' title='bbox 2444 3921 2584 3974; x_wconf 91' lang='lat' dir='ltr'><strong>illius</strong></span> <span class='ocrx_word' id='word_1_768' title='bbox 2611 3921 2750 3975; x_wconf 87' lang='lat' dir='ltr'><strong>bona</strong></span> <span class='ocrx_word' id='word_1_769' title='bbox 2777 3935 2960 3990; x_wconf 88' lang='lat' dir='ltr'><strong>opera,</strong></span> <span class='ocrx_word' id='word_1_770' title='bbox 2992 3921 3129 3976; x_wconf 88' lang='lat' dir='ltr'><strong>adeo</strong></span> <span class='ocrx_word' id='word_1_771' title='bbox 3157 3929 3212 3976; x_wconf 92' lang='lat' dir='ltr'><strong>ut</strong></span> <span class='ocrx_word' id='word_1_772' title='bbox 3238 3937 3452 3976; x_wconf 90' lang='lat' dir='ltr'><strong>omnem</strong></span> <span class='ocrx_word' id='word_1_773' title='bbox 3483 3923 3672 3977; x_wconf 85' lang='lat' dir='ltr'><strong>huma-</strong></span> 
     </span>
    </p>
   </div>
   <div class='ocr_carea' id='block_1_101' title="bbox 1996 4011 3670 4083">
    <p class='ocr_par' dir='ltr' id='par_1_101' title="bbox 1996 4011 3670 4083">
     <span class='ocr_line' id='line_1_101' title="bbox 1996 4011 3670 4083; baseline 0.002 -17"><span class='ocrx_word' id='word_1_774' title='bbox 1996 4043 2007 4055; x_wconf 69' lang='grc' dir='ltr'><em>Î¹</em></span> <span class='ocrx_word' id='word_1_775' title='bbox 2073 4028 2196 4067; x_wconf 90' lang='lat' dir='ltr'><strong>nam</strong></span> <span class='ocrx_word' id='word_1_776' title='bbox 2220 4012 2452 4083; x_wconf 89' lang='lat' dir='ltr'><strong>linguam</strong></span> <span class='ocrx_word' id='word_1_777' title='bbox 2475 4013 2707 4066; x_wconf 90' lang='lat' dir='ltr'><strong>vincant.</strong></span> <span class='ocrx_word' id='word_1_778' title='bbox 2737 4011 2905 4079; x_wconf 86' lang='lat' dir='ltr'><strong>Quem</strong></span> <span class='ocrx_word' id='word_1_779' title='bbox 2929 4011 3070 4067; x_wconf 85' lang='lat' dir='ltr'><strong>enim</strong></span> <span class='ocrx_word' id='word_1_780' title='bbox 3092 4011 3230 4066; x_wconf 84' lang='lat' dir='ltr'><strong>Deus</strong></span> <span class='ocrx_word' id='word_1_781' title='bbox 3256 4025 3489 4081; x_wconf 91' lang='lat' dir='ltr'><strong>superne</strong></span> <span class='ocrx_word' id='word_1_782' title='bbox 3515 4029 3670 4069; x_wconf 90' lang='lat' dir='ltr'><strong>coro-</strong></span> 
     </span>
    </p>
   </div>
   <div class='ocr_carea' id='block_1_102' title="bbox 2074 4102 3673 4174">
    <p class='ocr_par' dir='ltr' id='par_1_102' title="bbox 2074 4102 3673 4174">
     <span class='ocr_line' id='line_1_102' title="bbox 2074 4102 3673 4174; baseline 0.001 -14"><span class='ocrx_word' id='word_1_783' title='bbox 2074 4106 2219 4160; x_wconf 86' lang='lat' dir='ltr'><strong>navit</strong></span> <span class='ocrx_word' id='word_1_784' title='bbox 2247 4115 2303 4160; x_wconf 90' lang='lat' dir='ltr'><strong>et</strong></span> <span class='ocrx_word' id='word_1_785' title='bbox 2329 4104 2600 4160; x_wconf 83' lang='lat' dir='ltr'><strong>celebrem</strong></span> <span class='ocrx_word' id='word_1_786' title='bbox 2631 4102 2774 4167; x_wconf 82' lang='lat' dir='ltr'><strong>fecit,</strong></span> <span class='ocrx_word' id='word_1_787' title='bbox 2807 4104 2928 4173; x_wconf 88' lang='lat' dir='ltr'><strong>quis</strong></span> <span class='ocrx_word' id='word_1_788' title='bbox 2963 4102 3239 4158; x_wconf 82' lang='lat' dir='ltr'><strong>hominum</strong></span> <span class='ocrx_word' id='word_1_789' title='bbox 3265 4104 3424 4174; x_wconf 87' lang='lat' dir='ltr'><strong>digne</strong></span> <span class='ocrx_word' id='word_1_790' title='bbox 3452 4104 3673 4162; x_wconf 87' lang='lat' dir='ltr'><strong>laudare</strong></span> 
     </span>
    </p>
   </div>
   <div class='ocr_carea' id='block_1_103' title="bbox 2071 4191 3668 4266">
    <p class='ocr_par' dir='ltr' id='par_1_103' title="bbox 2071 4191 3668 4266">
     <span class='ocr_line' id='line_1_103' title="bbox 2071 4191 3668 4266; baseline 0 -16"><span class='ocrx_word' id='word_1_791' title='bbox 2071 4195 2310 4266; x_wconf 79' lang='lat' dir='ltr'><strong>poterit?</strong></span> <span class='ocrx_word' id='word_1_792' title='bbox 2339 4199 2609 4261; x_wconf 79' lang='lat' dir='ltr'><strong>Attamen,</strong></span> <span class='ocrx_word' id='word_1_793' title='bbox 2636 4194 2740 4250; x_wconf 88' lang='lat' dir='ltr'><strong>etsi</strong></span> <span class='ocrx_word' id='word_1_794' title='bbox 2768 4193 2924 4265; x_wconf 85' lang='lat' dir='ltr'><strong>longe</strong></span> <span class='ocrx_word' id='word_1_795' title='bbox 2951 4191 3232 4248; x_wconf 81' lang='lat' dir='ltr'><strong>inferiores</strong></span> <span class='ocrx_word' id='word_1_796' title='bbox 3257 4208 3439 4248; x_wconf 90' lang='lat' dir='ltr'><strong>sumus</strong></span> <span class='ocrx_word' id='word_1_797' title='bbox 3459 4237 3474 4260; x_wconf 91' lang='lat'><strong>,</strong></span> <span class='ocrx_word' id='word_1_798' title='bbox 3508 4210 3668 4265; x_wconf 87' lang='lat' dir='ltr'><strong>quam</strong></span> 
     </span>
    </p>
   </div>
   <div class='ocr_carea' id='block_1_104' title="bbox 2071 4284 3669 4356">
    <p class='ocr_par' dir='ltr' id='par_1_104' title="bbox 2071 4284 3669 4356">
     <span class='ocr_line' id='line_1_104' title="bbox 2071 4284 3669 4356; baseline -0.002 -14"><span class='ocrx_word' id='word_1_799' title='bbox 2071 4295 2362 4356; x_wconf 78' lang='lat' dir='ltr'><strong>exposcam</strong></span> <span class='ocrx_word' id='word_1_800' title='bbox 2420 4286 2560 4340; x_wconf 90' lang='lat' dir='ltr'><strong>illius</strong></span> <span class='ocrx_word' id='word_1_801' title='bbox 2611 4285 2824 4352; x_wconf 87' lang='lat' dir='ltr'><strong>merita,</strong></span> <span class='ocrx_word' id='word_1_802' title='bbox 2854 4301 2950 4354; x_wconf 89' lang='lat' dir='ltr'><strong>pro</strong></span> <span class='ocrx_word' id='word_1_803' title='bbox 2984 4284 3184 4339; x_wconf 87' lang='lat' dir='ltr'><strong>nostris</strong></span> <span class='ocrx_word' id='word_1_804' title='bbox 3233 4285 3421 4339; x_wconf 88' lang='lat' dir='ltr'><strong>saltem</strong></span> <span class='ocrx_word' id='word_1_805' title='bbox 3447 4287 3669 4350; x_wconf 88' lang='lat' dir='ltr'><strong>viribus,</strong></span> 
     </span>
    </p>
   </div>
   <div class='ocr_carea' id='block_1_105' title="bbox 2069 4374 3669 4450">
    <p class='ocr_par' dir='ltr' id='par_1_105' title="bbox 2069 4374 3669 4450">
     <span class='ocr_line' id='line_1_105' title="bbox 2069 4374 3669 4450; baseline -0.001 -18"><span class='ocrx_word' id='word_1_806' title='bbox 2069 4395 2190 4450; x_wconf 78' lang='lat' dir='ltr'><strong>qua:</strong></span> <span class='ocrx_word' id='word_1_807' title='bbox 2217 4379 2284 4434; x_wconf 83' lang='lat' dir='ltr'><strong>de</strong></span> <span class='ocrx_word' id='word_1_808' title='bbox 2332 4379 2426 4434; x_wconf 91' lang='lat' dir='ltr'><strong>illo</strong></span> <span class='ocrx_word' id='word_1_809' title='bbox 2467 4377 2662 4449; x_wconf 83' lang='lat' dir='ltr'><strong>scripta</strong></span> <span class='ocrx_word' id='word_1_810' title='bbox 2696 4385 2820 4432; x_wconf 88' lang='lat' dir='ltr'><strong>sunt</strong></span> <span class='ocrx_word' id='word_1_811' title='bbox 2869 4376 2924 4430; x_wconf 90' lang='lat' dir='ltr'><strong>in</strong></span> <span class='ocrx_word' id='word_1_812' title='bbox 2977 4376 3212 4430; x_wconf 90' lang='lat' dir='ltr'><strong>medium</strong></span> <span class='ocrx_word' id='word_1_813' title='bbox 3263 4374 3569 4438; x_wconf 78' lang='lat' dir='ltr'><strong>aï¬‚â€˜erentes.</strong></span> <span class='ocrx_word' id='word_1_814' title='bbox 3601 4378 3669 4432; x_wconf 90' lang='lat' dir='ltr'><strong>ad</strong></span> 
     </span>
    </p>
   </div>
   <div class='ocr_carea' id='block_1_106' title="bbox 2070 4468 3671 4527">
    <p class='ocr_par' dir='ltr' id='par_1_106' title="bbox 2070 4468 3671 4527">
     <span class='ocr_line' id='line_1_106' title="bbox 2070 4468 3671 4527; baseline -0.001 0"><span class='ocrx_word' id='word_1_815' title='bbox 2070 4471 2432 4527; x_wconf 67' lang='lat' dir='ltr'><strong>aemulandum</strong></span> <span class='ocrx_word' id='word_1_816' title='bbox 2455 4481 2514 4526; x_wconf 86' lang='lat' dir='ltr'><strong>et</strong></span> <span class='ocrx_word' id='word_1_817' title='bbox 2540 4469 2856 4525; x_wconf 88' lang='lat' dir='ltr'><strong>imitandum</strong></span> <span class='ocrx_word' id='word_1_818' title='bbox 2876 4470 3126 4524; x_wconf 83' lang='lat' dir='ltr'><strong>virtutem</strong></span> <span class='ocrx_word' id='word_1_819' title='bbox 3148 4468 3296 4523; x_wconf 89' lang='lat' dir='ltr'><strong>illius</strong></span> <span class='ocrx_word' id='word_1_820' title='bbox 3310 4469 3671 4526; x_wconf 85' lang='lat' dir='ltr'><strong>vosinduccre</strong></span> 
     </span>
    </p>
   </div>
   <div class='ocr_carea' id='block_1_107' title="bbox 2068 4560 3672 4632">
    <p class='ocr_par' dir='ltr' id='par_1_107' title="bbox 2068 4560 3672 4632">
     <span class='ocr_line' id='line_1_107' title="bbox 2068 4560 3672 4632; baseline -0.001 -14"><span class='ocrx_word' id='word_1_821' title='bbox 2068 4565 2332 4632; x_wconf 88' lang='lat' dir='ltr'><strong>cupimus.</strong></span> <span class='ocrx_word' id='word_1_822' title='bbox 2354 4561 2562 4618; x_wconf 77' lang='lat' dir='ltr'><strong>Sufï¬cit</strong></span> <span class='ocrx_word' id='word_1_823' title='bbox 2591 4561 2734 4617; x_wconf 88' lang='lat' dir='ltr'><strong>enim</strong></span> <span class='ocrx_word' id='word_1_824' title='bbox 2761 4560 2919 4629; x_wconf 87' lang='lat' dir='ltr'><strong>hujus</strong></span> <span class='ocrx_word' id='word_1_825' title='bbox 2945 4561 3040 4614; x_wconf 91' lang='lat' dir='ltr'><strong>viri</strong></span> <span class='ocrx_word' id='word_1_826' title='bbox 3066 4560 3401 4630; x_wconf 83' lang='lat' dir='ltr'><strong>philosophia</strong></span> <span class='ocrx_word' id='word_1_827' title='bbox 3421 4560 3488 4614; x_wconf 89' lang='lat' dir='ltr'><strong>ad</strong></span> <span class='ocrx_word' id='word_1_828' title='bbox 3511 4576 3672 4616; x_wconf 89' lang='lat' dir='ltr'><strong>omne</strong></span> 
     </span>
    </p>
   </div>
   <div class='ocr_carea' id='block_1_108' title="bbox 2068 4649 3671 4725">
    <p class='ocr_par' dir='ltr' id='par_1_108' title="bbox 2068 4649 3671 4725">
     <span class='ocr_line' id='line_1_108' title="bbox 2068 4649 3671 4725; baseline -0.001 -17"><span class='ocrx_word' id='word_1_829' title='bbox 2068 4653 2347 4708; x_wconf 87' lang='lat' dir='ltr'><strong>hominum</strong></span> <span class='ocrx_word' id='word_1_830' title='bbox 2378 4668 2546 4725; x_wconf 88' lang='lat' dir='ltr'><strong>genus</strong></span> <span class='ocrx_word' id='word_1_831' title='bbox 2571 4651 2930 4708; x_wconf 89' lang='lat' dir='ltr'><strong>erudiendum</strong></span> <span class='ocrx_word' id='word_1_832' title='bbox 2954 4693 2971 4718; x_wconf 91' lang='lat'><strong>,</strong></span> <span class='ocrx_word' id='word_1_833' title='bbox 3001 4660 3057 4706; x_wconf 87' lang='lat' dir='ltr'><strong>et</strong></span> <span class='ocrx_word' id='word_1_834' title='bbox 3096 4649 3165 4706; x_wconf 87' lang='lat' dir='ltr'><strong>ad</strong></span> <span class='ocrx_word' id='word_1_835' title='bbox 3210 4651 3525 4707; x_wconf 89' lang='lat' dir='ltr'><strong>alliciendos</strong></span> <span class='ocrx_word' id='word_1_836' title='bbox 3575 4667 3671 4707; x_wconf 84' lang='lat' dir='ltr'><strong>eos</strong></span> 
     </span>
    </p>
   </div>
   <div class='ocr_carea' id='block_1_109' title="bbox 2066 4744 3666 4817">
    <p class='ocr_par' dir='ltr' id='par_1_109' title="bbox 2066 4744 3666 4817">
     <span class='ocr_line' id='line_1_109' title="bbox 2066 4744 3666 4817; baseline 0 -18"><span class='ocrx_word' id='word_1_837' title='bbox 2066 4745 2158 4816; x_wconf 88' lang='lat' dir='ltr'><strong>qui</strong></span> <span class='ocrx_word' id='word_1_838' title='bbox 2204 4744 2488 4814; x_wconf 86' lang='lat' dir='ltr'><strong>diligenter</strong></span> <span class='ocrx_word' id='word_1_839' title='bbox 2533 4745 2870 4817; x_wconf 71' lang='lat' dir='ltr'><strong>auscultant,</strong></span> <span class='ocrx_word' id='word_1_840' title='bbox 2913 4753 2972 4798; x_wconf 92' lang='lat' dir='ltr'><strong>ut</strong></span> <span class='ocrx_word' id='word_1_841' title='bbox 3007 4745 3190 4800; x_wconf 89' lang='lat' dir='ltr'><strong>ineant</strong></span> <span class='ocrx_word' id='word_1_842' title='bbox 3247 4745 3460 4800; x_wconf 90' lang='lat' dir='ltr'><strong>virtutis</strong></span> <span class='ocrx_word' id='word_1_843' title='bbox 3505 4745 3666 4800; x_wconf 90' lang='lat' dir='ltr'><strong>viam.</strong></span> 
     </span>
    </p>
   </div>
   <div class='ocr_carea' id='block_1_110' title="bbox 2068 4833 3770 4906">
    <p class='ocr_par' dir='ltr' id='par_1_110' title="bbox 2068 4833 3770 4906">
     <span class='ocr_line' id='line_1_110' title="bbox 2068 4833 3770 4906; baseline 0 -17"><span class='ocrx_word' id='word_1_844' title='bbox 2068 4834 2334 4889; x_wconf 81' lang='lat' dir='ltr'><strong>Caeterum</strong></span> <span class='ocrx_word' id='word_1_845' title='bbox 2364 4834 2591 4889; x_wconf 88' lang='lat' dir='ltr'><strong>obsecro</strong></span> <span class='ocrx_word' id='word_1_846' title='bbox 2612 4842 2671 4888; x_wconf 91' lang='lat' dir='ltr'><strong>ut</strong></span> <span class='ocrx_word' id='word_1_847' title='bbox 2699 4833 2985 4889; x_wconf 86' lang='lat' dir='ltr'><strong>attendatis</strong></span> <span class='ocrx_word' id='word_1_848' title='bbox 3015 4835 3099 4889; x_wconf 87' lang='lat' dir='ltr'><strong>his</strong></span> <span class='ocrx_word' id='word_1_849' title='bbox 3123 4849 3244 4904; x_wconf 64' lang='lat' dir='ltr'><strong>qua</strong></span> <span class='ocrx_word' id='word_1_850' title='bbox 3268 4833 3536 4902; x_wconf 89' lang='lat' dir='ltr'><strong>dicuntur,</strong></span> <span class='ocrx_word' id='word_1_851' title='bbox 3559 4851 3670 4906; x_wconf 88' lang='lat' dir='ltr'><strong>quo</strong></span> <span class='ocrx_word' id='word_1_852' title='bbox 3767 4855 3770 4858; x_wconf 61' lang='grc'><strong>â€™</strong></span> 
     </span>
    </p>
   </div>
   <div class='ocr_carea' id='block_1_111' title="bbox 2067 4927 3672 4999">
    <p class='ocr_par' dir='ltr' id='par_1_111' title="bbox 2067 4927 3672 4999">
     <span class='ocr_line' id='line_1_111' title="bbox 2067 4927 3672 4999; baseline 0 -15"><span class='ocrx_word' id='word_1_853' title='bbox 2067 4929 2224 4986; x_wconf 87' lang='lat' dir='ltr'><strong>liceat</strong></span> <span class='ocrx_word' id='word_1_854' title='bbox 2263 4929 2424 4983; x_wconf 88' lang='lat' dir='ltr'><strong>etiam</strong></span> <span class='ocrx_word' id='word_1_855' title='bbox 2458 4943 2524 4982; x_wconf 90' lang='lat' dir='ltr'><strong>ex</strong></span> <span class='ocrx_word' id='word_1_856' title='bbox 2559 4941 2724 4998; x_wconf 86' lang='lat' dir='ltr'><strong>nuper</strong></span> <span class='ocrx_word' id='word_1_857' title='bbox 2753 4927 3056 4998; x_wconf 88' lang='lat' dir='ltr'><strong>lectisjusti</strong></span> <span class='ocrx_word' id='word_1_858' title='bbox 3093 4928 3483 4999; x_wconf 84' lang='lat' dir='ltr'><strong>philosOphiam</strong></span> <span class='ocrx_word' id='word_1_859' title='bbox 3514 4929 3672 4984; x_wconf 89' lang='lat' dir='ltr'><strong>addi-</strong></span> 
     </span>
    </p>
   </div>
   <div class='ocr_carea' id='block_1_112' title="bbox 2068 5019 3666 5078">
    <p class='ocr_par' dir='ltr' id='par_1_112' title="bbox 2068 5019 3666 5078">
     <span class='ocr_line' id='line_1_112' title="bbox 2068 5019 3666 5078; baseline -0.001 0"><span class='ocrx_word' id='word_1_860' title='bbox 2068 5037 2234 5078; x_wconf 89' lang='lat' dir='ltr'><strong>scere.</strong></span> <span class='ocrx_word' id='word_1_861' title='bbox 2256 5022 2440 5077; x_wconf 80' lang='lat' dir='ltr'><strong>Potest</strong></span> <span class='ocrx_word' id='word_1_862' title='bbox 2467 5020 2611 5076; x_wconf 91' lang='lat' dir='ltr'><strong>enim</strong></span> <span class='ocrx_word' id='word_1_863' title='bbox 2640 5020 2726 5074; x_wconf 91' lang='lat' dir='ltr'><strong>hic</strong></span> <span class='ocrx_word' id='word_1_864' title='bbox 2753 5019 2903 5075; x_wconf 91' lang='lat' dir='ltr'><strong>locus</strong></span> <span class='ocrx_word' id='word_1_865' title='bbox 2932 5019 3130 5076; x_wconf 86' lang='lat' dir='ltr'><strong>docere</strong></span> <span class='ocrx_word' id='word_1_866' title='bbox 3156 5031 3208 5075; x_wconf 89' lang='lat' dir='ltr'><strong>et</strong></span> <span class='ocrx_word' id='word_1_867' title='bbox 3235 5022 3384 5076; x_wconf 88' lang='lat' dir='ltr'><strong>viros</strong></span> <span class='ocrx_word' id='word_1_868' title='bbox 3407 5030 3457 5076; x_wconf 90' lang='lat' dir='ltr'><strong>et</strong></span> <span class='ocrx_word' id='word_1_869' title='bbox 3478 5022 3666 5076; x_wconf 85' lang='lat' dir='ltr'><strong>mulie-</strong></span> 
     </span>
    </p>
   </div>
   <div class='ocr_carea' id='block_1_113' title="bbox 2065 5112 3666 5184">
    <p class='ocr_par' dir='ltr' id='par_1_113' title="bbox 2065 5112 3666 5184">
     <span class='ocr_line' id='line_1_113' title="bbox 2065 5112 3666 5184; baseline -0.001 -14"><span class='ocrx_word' id='word_1_870' title='bbox 2065 5131 2172 5180; x_wconf 87' lang='lat' dir='ltr'><strong>res,</strong></span> <span class='ocrx_word' id='word_1_871' title='bbox 2199 5123 2253 5168; x_wconf 90' lang='lat' dir='ltr'><strong>ut</strong></span> <span class='ocrx_word' id='word_1_872' title='bbox 2283 5129 2470 5183; x_wconf 85' lang='lat' dir='ltr'><strong>magna</strong></span> <span class='ocrx_word' id='word_1_873' title='bbox 2504 5113 2643 5168; x_wconf 91' lang='lat' dir='ltr'><strong>inter</strong></span> <span class='ocrx_word' id='word_1_874' title='bbox 2686 5125 2745 5167; x_wconf 88' lang='lat' dir='ltr'><strong>se</strong></span> <span class='ocrx_word' id='word_1_875' title='bbox 2771 5112 3056 5168; x_wconf 90' lang='lat' dir='ltr'><strong>concordia</strong></span> <span class='ocrx_word' id='word_1_876' title='bbox 3091 5112 3272 5168; x_wconf 86' lang='lat' dir='ltr'><strong>vivant</strong></span> <span class='ocrx_word' id='word_1_877' title='bbox 3293 5155 3305 5177; x_wconf 88' lang='lat'><strong>,</strong></span> <span class='ocrx_word' id='word_1_878' title='bbox 3335 5124 3389 5168; x_wconf 89' lang='lat' dir='ltr'><strong>et</strong></span> <span class='ocrx_word' id='word_1_879' title='bbox 3434 5115 3666 5184; x_wconf 87' lang='lat' dir='ltr'><strong>conjugii</strong></span> 
     </span>
    </p>
   </div>
   <div class='ocr_carea' id='block_1_114' title="bbox 2065 5205 3672 5276">
    <p class='ocr_par' dir='ltr' id='par_1_114' title="bbox 2065 5205 3672 5276">
     <span class='ocr_line' id='line_1_114' title="bbox 2065 5205 3672 5276; baseline -0.003 -12"><span class='ocrx_word' id='word_1_880' title='bbox 2065 5208 2334 5264; x_wconf 89' lang='lat' dir='ltr'><strong>vinculum</strong></span> <span class='ocrx_word' id='word_1_881' title='bbox 2365 5207 2737 5262; x_wconf 88' lang='lat' dir='ltr'><strong>indissolutum</strong></span> <span class='ocrx_word' id='word_1_882' title='bbox 2767 5215 2982 5262; x_wconf 90' lang='lat' dir='ltr'><strong>servent</strong></span> <span class='ocrx_word' id='word_1_883' title='bbox 3011 5222 3024 5260; x_wconf 91' lang='lat'>:</span> <span class='ocrx_word' id='word_1_884' title='bbox 3057 5215 3110 5260; x_wconf 90' lang='lat' dir='ltr'><strong>et</strong></span> <span class='ocrx_word' id='word_1_885' title='bbox 3127 5221 3300 5276; x_wconf 87' lang='lat' dir='ltr'><strong>neque</strong></span> <span class='ocrx_word' id='word_1_886' title='bbox 3330 5205 3672 5275; x_wconf 79' lang='lat' dir='ltr'><strong>virinsurgat</strong></span> 
     </span>
    </p>
   </div>
   <div class='ocr_carea' id='block_1_115' title="bbox 2067 5298 3670 5374">
    <p class='ocr_par' dir='ltr' id='par_1_115' title="bbox 2067 5298 3670 5374">
     <span class='ocr_line' id='line_1_115' title="bbox 2067 5298 3670 5374; baseline -0.001 -17"><span class='ocrx_word' id='word_1_887' title='bbox 2067 5303 2326 5358; x_wconf 88' lang='lat' dir='ltr'><strong>adversus</strong></span> <span class='ocrx_word' id='word_1_888' title='bbox 2358 5301 2668 5368; x_wconf 89' lang='lat' dir='ltr'><strong>mulierem,</strong></span> <span class='ocrx_word' id='word_1_889' title='bbox 2703 5301 2797 5356; x_wconf 89' lang='lat' dir='ltr'><strong>sed</strong></span> <span class='ocrx_word' id='word_1_890' title='bbox 2825 5309 2883 5354; x_wconf 92' lang='lat' dir='ltr'><strong>ut</strong></span> <span class='ocrx_word' id='word_1_891' title='bbox 2915 5300 3028 5355; x_wconf 90' lang='lat' dir='ltr'><strong>vasi</strong></span> <span class='ocrx_word' id='word_1_892' title='bbox 3078 5299 3358 5355; x_wconf 74' lang='lat' dir='ltr'><strong>infirmiori</strong></span> <span class='ocrx_word' id='word_1_893' title='bbox 3387 5298 3464 5374; x_wconf 73' lang='grc' dir='ltr'><strong>(Î±)</strong></span> <span class='ocrx_word' id='word_1_894' title='bbox 3495 5302 3670 5371; x_wconf 84' lang='lat' dir='ltr'><strong>majo-</strong></span> 
     </span>
    </p>
   </div>
   <div class='ocr_carea' id='block_1_116' title="bbox 2067 5393 3666 5464">
    <p class='ocr_par' dir='ltr' id='par_1_116' title="bbox 2067 5393 3666 5464">
     <span class='ocr_line' id='line_1_116' title="bbox 2067 5393 3666 5464; baseline -0.003 -13"><span class='ocrx_word' id='word_1_895' title='bbox 2067 5412 2180 5451; x_wconf 89' lang='lat' dir='ltr'><strong>rem</strong></span> <span class='ocrx_word' id='word_1_896' title='bbox 2214 5395 2287 5449; x_wconf 88' lang='lat' dir='ltr'><strong>illi</strong></span> <span class='ocrx_word' id='word_1_897' title='bbox 2322 5396 2532 5449; x_wconf 88' lang='lat' dir='ltr'><strong>veniam</strong></span> <span class='ocrx_word' id='word_1_898' title='bbox 2565 5395 2791 5460; x_wconf 88' lang='lat' dir='ltr'><strong>tribuat;</strong></span> <span class='ocrx_word' id='word_1_899' title='bbox 2835 5409 3011 5464; x_wconf 90' lang='lat' dir='ltr'><strong>neque</strong></span> <span class='ocrx_word' id='word_1_900' title='bbox 3037 5393 3233 5449; x_wconf 90' lang='lat' dir='ltr'><strong>mulier</strong></span> <span class='ocrx_word' id='word_1_901' title='bbox 3269 5394 3383 5449; x_wconf 90' lang='lat' dir='ltr'><strong>viro</strong></span> <span class='ocrx_word' id='word_1_902' title='bbox 3410 5407 3470 5449; x_wconf 89' lang='lat' dir='ltr'><strong>se</strong></span> <span class='ocrx_word' id='word_1_903' title='bbox 3492 5408 3666 5464; x_wconf 88' lang='lat' dir='ltr'><strong>oppo-</strong></span> 
     </span>
    </p>
   </div>
   <div class='ocr_carea' id='block_1_117' title="bbox 2067 5485 3668 5555">
    <p class='ocr_par' dir='ltr' id='par_1_117' title="bbox 2067 5485 3668 5555">
     <span class='ocr_line' id='line_1_117' title="bbox 2067 5485 3668 5555; baseline -0.002 -12"><span class='ocrx_word' id='word_1_904' title='bbox 2067 5499 2179 5555; x_wconf 90' lang='lat' dir='ltr'><strong>nat,</strong></span> <span class='ocrx_word' id='word_1_905' title='bbox 2204 5497 2294 5540; x_wconf 89' lang='lat' dir='ltr'><strong>aut</strong></span> <span class='ocrx_word' id='word_1_906' title='bbox 2315 5487 2381 5542; x_wconf 87' lang='lat' dir='ltr'><strong>ab</strong></span> <span class='ocrx_word' id='word_1_907' title='bbox 2406 5501 2473 5542; x_wconf 92' lang='lat' dir='ltr'><strong>eo</strong></span> <span class='ocrx_word' id='word_1_908' title='bbox 2502 5485 2779 5554; x_wconf 88' lang='lat' dir='ltr'><strong>dissideat,</strong></span> <span class='ocrx_word' id='word_1_909' title='bbox 2814 5485 2908 5541; x_wconf 90' lang='lat' dir='ltr'><strong>sed</strong></span> <span class='ocrx_word' id='word_1_910' title='bbox 2935 5495 2993 5541; x_wconf 88' lang='lat' dir='ltr'><strong>ut</strong></span> <span class='ocrx_word' id='word_1_911' title='bbox 3018 5485 3254 5540; x_wconf 84' lang='lat' dir='ltr'><strong>vicissim</strong></span> <span class='ocrx_word' id='word_1_912' title='bbox 3283 5485 3420 5541; x_wconf 87' lang='lat' dir='ltr'><strong>alter</strong></span> <span class='ocrx_word' id='word_1_913' title='bbox 3444 5486 3668 5541; x_wconf 86' lang='lat' dir='ltr'><strong>alterius</strong></span> 
     </span>
    </p>
   </div>
   <div class='ocr_carea' id='block_1_118' title="bbox 2067 5574 3670 5649">
    <p class='ocr_par' dir='ltr' id='par_1_118' title="bbox 2067 5574 3670 5649">
     <span class='ocr_line' id='line_1_118' title="bbox 2067 5574 3670 5649; baseline -0.002 -15"><span class='ocrx_word' id='word_1_914' title='bbox 2067 5594 2229 5634; x_wconf 88' lang='lat' dir='ltr'><strong>onera</strong></span> <span class='ocrx_word' id='word_1_915' title='bbox 2266 5574 2403 5634; x_wconf 75' lang='lat' dir='ltr'><strong>ferre</strong></span> <span class='ocrx_word' id='word_1_916' title='bbox 2445 5586 2684 5643; x_wconf 89' lang='lat' dir='ltr'><strong>certent,</strong></span> <span class='ocrx_word' id='word_1_917' title='bbox 2707 5576 3169 5649; x_wconf 89' lang='lat' dir='ltr'><strong>domesticamque</strong></span> <span class='ocrx_word' id='word_1_918' title='bbox 3201 5593 3387 5648; x_wconf 87' lang='lat' dir='ltr'><strong>pacem</strong></span> <span class='ocrx_word' id='word_1_919' title='bbox 3418 5578 3670 5633; x_wconf 89' lang='lat' dir='ltr'><strong>omnibus</strong></span> 
     </span>
    </p>
   </div>
   <div class='ocr_carea' id='block_1_119' title="bbox 2129 5689 3667 5756">
    <p class='ocr_par' dir='ltr' id='par_1_119' title="bbox 2129 5689 3667 5756">
     <span class='ocr_line' id='line_1_119' title="bbox 2129 5689 3667 5756; baseline -0.003 -14"><span class='ocrx_word' id='word_1_920' title='bbox 2129 5693 2204 5753; x_wconf 85' lang='grc' dir='ltr'><strong>(Î±)</strong></span> <span class='ocrx_word' id='word_1_921' title='bbox 2236 5693 2308 5741; x_wconf 87' lang='lat' dir='ltr'><strong>sic</strong></span> <span class='ocrx_word' id='word_1_922' title='bbox 2331 5696 2384 5740; x_wconf 89' lang='lat' dir='ltr'><strong>et</strong></span> <span class='ocrx_word' id='word_1_923' title='bbox 2407 5691 2662 5756; x_wconf 76' lang='lat' dir='ltr'><strong>intlegula</strong></span> <span class='ocrx_word' id='word_1_924' title='bbox 2695 5692 2929 5743; x_wconf 77' lang='lat' dir='ltr'><strong>Pachomii</strong></span> <span class='ocrx_word' id='word_1_925' title='bbox 2976 5691 3214 5756; x_wconf 86' lang='lat' dir='ltr'><strong>mulieres</strong></span> <span class='ocrx_word' id='word_1_926' title='bbox 3240 5705 3370 5756; x_wconf 73' lang='lat' dir='ltr'><strong>vasa</strong></span> <span class='ocrx_word' id='word_1_927' title='bbox 3392 5689 3667 5756; x_wconf 75' lang='lat' dir='ltr'><strong>inï¬rmiora</strong></span> 
     </span>
    </p>
   </div>
   <div class='ocr_carea' id='block_1_120' title="bbox 2069 5751 3664 5816">
    <p class='ocr_par' dir='ltr' id='par_1_120' title="bbox 2069 5751 3664 5816">
     <span class='ocr_line' id='line_1_120' title="bbox 2069 5751 3664 5816; baseline -0.002 -14"><span class='ocrx_word' id='word_1_928' title='bbox 2069 5751 2318 5802; x_wconf 78' lang='lat' dir='ltr'><strong>vocantur.</strong></span> <span class='ocrx_word' id='word_1_929' title='bbox 2345 5753 2472 5816; x_wconf 74' lang='lat' dir='ltr'><strong>Apud</strong></span> <span class='ocrx_word' id='word_1_930' title='bbox 2498 5751 2678 5803; x_wconf 67' lang='lat' dir='ltr'><strong>Livium</strong></span> <span class='ocrx_word' id='word_1_931' title='bbox 2701 5762 2867 5805; x_wconf 87' lang='lat' dir='ltr'><strong>autem</strong></span> <span class='ocrx_word' id='word_1_932' title='bbox 2909 5755 3214 5816; x_wconf 65' lang='lat' dir='ltr'><strong>ceterosque</strong></span> <span class='ocrx_word' id='word_1_933' title='bbox 3239 5751 3493 5802; x_wconf 79' lang='lat' dir='ltr'><strong>historicos</strong></span> <span class='ocrx_word' id='word_1_934' title='bbox 3512 5751 3664 5815; x_wconf 71' lang='lat' dir='ltr'><strong>impe-</strong></span> 
     </span>
    </p>
   </div>
   <div class='ocr_carea' id='block_1_121' title="bbox 2066 5813 2638 5878">
    <p class='ocr_par' dir='ltr' id='par_1_121' title="bbox 2066 5813 2638 5878">
     <span class='ocr_line' id='line_1_121' title="bbox 2066 5813 2638 5878; baseline -0.003 -12"><span class='ocrx_word' id='word_1_935' title='bbox 2066 5816 2280 5868; x_wconf 74' lang='lat' dir='ltr'><strong>dt&#39;menla</strong></span> <span class='ocrx_word' id='word_1_936' title='bbox 2315 5813 2638 5878; x_wconf 77' lang='lat' dir='ltr'><strong>appellantur.</strong></span> 
     </span>
    </p>
   </div>
  </div>
