4054 6324
326 440 426 496 351

336 552 484 607 bouis
507 549 808 620 prmferant.
837 544 905 597 At
923 552 1096 610 opera:
1121 534 1346 605 pretium
1375 529 1530 584 fuerit
1546 525 1728 581 audire
1741 519 1904 576 verba

338 643 470 711 ipsa,
504 616 563 696 ut
594 640 684 693 ﬁat
709 636 862 692 nobis
901 628 1143 687 doctrina
1181 621 1530 679 manifestior.
1559 619 1611 672 l.
1646 616 1781 671 Sara
1818 628 1910 666 au-

333 704 466 798 tem,
484 731 675 800 inquit,
699 742 826 781 uxor
851 722 1000 777 Abrc
1016 735 1114 772 non
1143 714 1334 786 Pepm.‘
1357 713 1402 766 εί
1432 729 1450 766 ³
1491 716 1723 800 “uerum

335 821 417 874 bat
438 791 684 873 anei-llam
712 812 1015 884 (Egyptians
1038 847 1054 876 ,
1083 805 1166 861 cui
1199 819 1378 858 nomen
1424 801 1560 870 Agar
1604 797 1742 867 (cap.
1799 791 1908 884 ω).

388 910 564 965 -ινίαοι
584 883 803 962 Abralue
819 883 1029 975 quanta.
1053 927 1125 940 —
1142 894 1456 957 Considera,
1488 886 1787 975 carissime,
1808 883 1914 975 hoc

338 1001 456 1054 loco
511 972 840 1053 ineﬂ'abilem‘
857 991 950 1046 Dei
980 986 1315 1044 tolerantiam
1353 990 1405 1036 et
1449 977 1700 1034 eximiam
1756 972 1911 1027 ﬁdem

335 1103 650 1162 gratumque
676 1087 910 1141 animum
937 1081 1089 1152 justi,
1113 1092 1271 1150 quem
1297 1074 1435 1130 datis
1467 1069 1569 1127 sibi
1600 1065 1912 1140 promissio-

340 1156 493 1237 nibus
508 1156 814 1235 declaravit.
845 1172 978 1230 Cum
1002 1171 1142 1227 enim
1164 1167 1318 1222 toties
1340 1160 1666 1233 promisisset
1693 1156 1835 1211 Deus
1858 1167 1916 1208 se

336 1272 583 1325 daturum
613 1265 806 1322 semini
833 1264 951 1333 ejus
975 1271 1189 1325 terram,
1210 1266 1263 1312 et
1290 1254 1344 1308 in
1370 1260 1516 1308 tanto
1533 1247 1916 1318 multiplicatu-

337 1376 456 1416 rum
483 1373 707 1414 numero
730 1399 743 1423 ,
774 1369 832 1410 ut
857 1349 1176 1409 multitudini
1205 1347 1475 1402 stellarum
1498 1342 1867 1411 adaequaretur
1896 1353 1909 1390 :

339 1448 746 1504 videns-nullam
770 1443 1180 1517 promissionem
1202 1450 1374 1507 opere
1409 1433 1637 1505 impleri,
1667 1444 1830 1500 seque
1853 1443 1918 1481 ex

342 1540 782 1612 promissionibus
802 1536 930 1591 nihil
957 1542 1311 1606 praeterquam
1339 1527 1497 1582 verba
1524 1524 1782 1593 accipere,
1812 1534 1917 1573 non

342 1609 654 1685 turbabatur
702 1629 929 1692 ratione,
959 1639 1065 1678 non
1119 1617 1552 1677 commovebatur
1597 1619 1798 1677 mente,
1825 1609 1920 1664 sed

345 1722 536 1776 mansit
558 1722 809 1776 immotus
829 1727 884 1772 et
905 1715 1147 1779 inﬂexus,
1169 1710 1391 1767 credens
1426 1707 1674 1778 potentiae
1697 1702 1921 1774 promit-

346 1812 525 1866 tentis.
569 1811 632 1865 Et
657 1809 853 1864 idcirco
878 1806 1034 1862 etiam
1056 1804 1142 1858 hic
1186 1802 1236 1856 id
1279 1798 1596 1870 signiﬁcavit
1647 1795 1922 1864 Scriptura

346 1903 522 1958 divina
546 1901 728 1956 dicens
759 1916 774 1953 :
799 1897 935 1953 Sara
978 1905 1178 1958 autent,
1211 1909 1340 1947 uxor
1364 1892 1511 1945 Abrae
1531 1929 1548 1956 ,
1591 1905 1691 1943 non
1736 1889 1926 1959 peperit

346 1994 410 2058 ei,
436 1993 582 2063 quasi
612 1992 711 2045 hoc
735 1989 887 2044 nobis
906 1987 1186 2042 declarans
1215 2001 1229 2038 :
1255 1984 1380 2038 Post
1406 1982 1520 2037 bzec
1557 1982 1738 2036 omnia
1758 2020 1774 2046 ,
1806 1989 1927 2049 post

346 2094 500 2154 pacta
535 2099 654 2138 cum
706 2097 771 2138 eo
810 2081 959 2147 inita,
988 2087 1109 2150 post
1149 2076 1586 2147 pollicitationem
1633 2073 1928 2128 innumera:

351 2176 703 2234 multitudinis
726 2190 790 2232 ex
820 2189 886 2231 eo
906 2169 1248 2244 procreandae
1265 2167 1396 2223 nihil
1417 2165 1703 2222 fluctuabat
1721 2178 1927 2228 secum,

349 2271 538 2326 videns
559 2269 686 2323 nihil
715 2268 976 2322 dictorum
1000 2278 1162 2334 opere
1191 2260 1399 2330 impleri
1426 2301 1441 2326 ,
1469 2258 1563 2315 sed
1590 2257 1767 2312 omnia
1797 2271 1929 2310 con-

351 2363 514 2418 trario
570 2360 728 2415 modo
777 2371 896 2414 sese
949 2357 1161 2412 habere.
1213 2354 1502 2423 Propterea
1537 2349 1668 2405 dicit
1694 2358 1811 2419 post
1840 2348 1928 2401 illa

353 2453 547 2517 omnia,
578 2451 733 2517 Sara,
765 2464 893 2505 uxor
918 2449 1045 2518 eius,
1075 2462 1175 2500 non
1205 2443 1396 2516 peperit
1427 2443 1474 2497 ei
1499 2457 1517 2496 :
1547 2448 1606 2495 ut
1640 2439 1818 2494 discas
1844 2438 1928 2492 ni-

355 2541 425 2596 hil
449 2542 523 2596 illi
552 2541 839 2598 accessisse
868 2547 986 2610 post
1015 2547 1188 2591 tantas
1219 2532 1600 2605 promissiones
1619 2571 1633 2597 ,
1664 2531 1763 2584 etsi
1791 2527 1933 2598 quod

355 2634 487 2690 Sara
527 2635 725 2690 sterilis
763 2641 816 2687 et
850 2640 1003 2686 utero
1029 2635 1274 2683 emortuo
1297 2631 1435 2688 esset
1463 2665 1478 2689 ,
1510 2623 1564 2677 in
1607 2631 1787 2676 mente
1807 2619 1934 2689 justi

357 2725 576 2781 multam
605 2721 990 2778 hzesilationem
1024 2720 1336 2788 ingenerare
1373 2722 1572 2785 posset.
1605 2711 1798 2767 Verum
1841 2723 1930 2778 pa-

359 2815 589 2872 triarcha
617 2828 723 2868 non
754 2809 1028 2882 spectabat
1055 2808 1121 2863 ad
1153 2805 1528 2877 impedimenta
1575 2810 1813 2864 naturae;
1842 2797 1937 2853 sed

358 2906 670 2977 sapientiam
710 2901 918 2957 Domini
945 2913 1275 2970 cognoscens
1295 2937 1308 2959 ,
1342 2896 1429 2966 qui
1453 2908 1574 2948 eum
1606 2900 1808 2946 natura:
1833 2890 1936 2944 Do-

355 2999 536 3054 minus
563 3005 619 3053 et
639 2994 896 3051 Conditor
918 2994 1007 3060 sit,
1034 2991 1171 3044 viam
1201 2989 1255 3043 in
1283 2987 1438 3042 inviis
1466 2993 1640 3055 potest
1667 2981 1904 3038 invenire
1922 3021 1938 3048 ,

363 3091 498 3146 sicut
521 3099 700 3160 gratus
725 3101 912 3141 servus
941 3100 1048 3138 non
1078 3081 1268 3151 qumrit
1297 3079 1506 3132 curiose
1521 3075 1736 3130 modum
1758 3088 1940 3130 eorum

363 3195 484 3250 quae
529 3178 694 3244 ﬁunt,
744 3174 836 3231 sed
878 3171 1131 3241 relinquit
1173 3164 1692 3235 incomprehensibili
1736 3161 1944 3218 Domini

367 3265 735 3339 providentiae,
765 3272 819 3319 et
853 3261 1076 3318 credidit
1121 3259 1295 3315 dicris.
1335 3255 1535 3310 Idcirco
1565 3253 1734 3325 inquit
1764 3270 1779 3307 :
1812 3252 1948 3308 Sara

367 3368 556 3422 auum,
586 3363 706 3426 post
749 3361 921 3408 tantas
964 3349 1369 3420 promissiones,
1393 3363 1491 3399 non
1522 3345 1712 3415 peperit
1734 3345 1799 3397 ei.
1838 3341 1950 3395 Ha-

367 3448 508 3503 bebat
535 3456 702 3500 autem
726 3443 962 3496 ancillam
993 3437 1317 3511 (Egyptiam,
1334 3437 1416 3489 cui
1441 3450 1622 3489 nomen
1645 3432 1802 3504 Agar.
1830 3431 1947 3486 Non

375 3539 579 3608 absque
613 3549 772 3591 causa
799 3533 958 3589 etiam
997 3531 1099 3586 hoc
1123 3529 1243 3583 loco
1289 3525 1560 3596 Scriptura
1589 3523 1767 3578 divina
1796 3522 1950 3577 nobis

372 3631 575 3686 ancillrc
597 3626 906 3683 memoriam
929 3622 1073 3688 fecit,
1101 3619 1195 3675 sed
1223 3629 1279 3674 ut
1302 3618 1532 3673 sciamus
1554 3614 1691 3670 unde
1707 3613 1954 3668 habuerit

374 3723 539 3778 illam.
571 3719 704 3774 Nam
731 3715 929 3771 idcirco
955 3712 1149 3782 adjecit
1171 3725 1287 3766 eam
1311 3706 1612 3778 Egyptiam
1631 3719 1770 3771 esse,
1801 3713 1858 3758 ut
1885 3702 1952 3757 ad

376 3814 704 3884 superiorem
731 3808 1006 3871 historiam
1032 3817 1400 3866 recurramus;
1427 3799 1566 3871 quod
1590 3813 1780 3867 nempe
1797 3796 1955 3853 fuerit

376 3921 444 3962 ex
474 3917 697 3960 numero
719 3916 904 3957 eorum
930 3915 1046 3969 qua:
1062 3897 1264 3951 Pharao
1281 3895 1436 3948 Abrae
1455 3892 1766 3962 dopaverat,
1785 3903 1958 3969 quan-

379 3997 450 4052 do
475 4004 618 4051 tanta
649 3993 847 4047 ultione
875 3967 1204 4045 ah—omnium
1234 3986 1340 4041 Deo
1358 3985 1556 4053 potitus
1580 3993 1683 4048 est,
1710 3967 1958 4052 quodque

381 4083 656 4141 redeundo
686 4077 1137 4148 banc“acceperit
1161 4075 1308 4131 Sara.
1350 4072 1598 4128 Studiose
1635 4071 1775 4125 enim
1805 4069 1961 4123 nobis

386 4185 440 4232 et
468 4189 662 4230 nomen
691 4181 746 4227 et
769 4179 981 4241 gentem
1006 4165 1316 4236 signiﬁcavit
1343 4163 1520 4217 divina
1539 4160 1832 4230 Scriptura.
1858 4158 1962 4213 Ve-

385 4283 503 4323 rum
532 4266 752 4321 ulterius
773 4263 858 4317 hic
882 4258 1182 4323 considera,
1205 4255 1473 4325 quomodo
1499 4253 1646 4309 Sorte
1671 4266 1823 4306 mens
1848 4250 1966 4321 phi-

387 4357 672 4428 losoplticis
699 4352 919 4425 praedita
941 4350 1094 4405 fuerit
1113 4347 1370 4414 moribus,
1396 4355 1449 4401 et
1467 4347 1656 4400 mirum
1676 4346 1726 4398 in
1749 4343 1964 4400 modum

385 4449 678 4512 continens,
712 4454 870 4515 atque
897 4457 1052 4514 quam
1074 4439 1231 4495 fuerit
1259 4439 1371 4509 ipse
1399 4435 1784 4507 patriarchailli
1805 4434 1964 4489 obse-

390 4554 558 4611 quens
585 4547 637 4592 et
662 4537 805 4592 dicto
834 4533 1073 4589 audiens.
1100 4531 1156 4585 2.
1182 4529 1322 4584 Dixit
1358 4517 1525 4582 autem
1554 4527 1690 4582 Sara
1711 4569 1726 4592 ,
1759 4525 1962 4596 inquit,

392 4632 537 4687 Alme
561 4632 614 4684 in
642 4641 775 4682 terra
817 4627 1062 4682 Chanaan
1093 4639 1111 4678 :
1140 4621 1272 4675 Ecce
1299 4619 1543 4674 conclusit
1572 4634 1650 4671 me
1677 4617 1924 4670 Dominus
1948 4654 1963 4680 ,

394 4742 453 4779 ne
481 4735 748 4793 parerem:
777 4716 1034 4787 ingredere
1066 4714 1220 4782 igitur
1247 4711 1313 4764 ad
1345 4707 1583 4762 ancillam
1615 4721 1799 4771 meam,
1830 4714 1883 4757 ut
1909 4720 1972 4758 ex

397 4834 454 4871 ea
482 4817 669 4885 prolem
698 4810 967 4880 suscipias.
1023 4806 1158 4862 Vide
1185 4802 1422 4859 mulieris
1449 4799 1784 4870 probitatem.
1833 4795 1973 4851 Nihil

397 4908 499 4962 tale
525 4906 676 4970 dixit,
698 4903 854 4972 quale
879 4899 1112 4970 posthaec
1132 4895 1328 4952 Rachel
1359 4891 1529 4962 inquit
1559 4891 1624 4945 ad
1654 4888 1819 4944 Jacob
1849 4905 1863 4941 :
1895 4887 1976 4940 Da

397 4998 521 5051 mihi
549 4995 716 5064 ﬁlios;
745 4992 942 5063 quodsi
983 4990 1165 5051 minus,
1197 4986 1386 5039 morior
1423 4999 1513 5053 ego
1559 4981 1711 5054 (Gen.
1756 4980 1846 5035 50.
1899 4979 1972 5046 l).

398 5088 506 5144 Sed
557 5085 682 5157 quid
720 5082 883 5138 dicit?
911 5081 1040 5134 Ecce
1081 5075 1324 5132 conclusit
1363 5089 1441 5130 me
1475 5073 1752 5136 Dominus,
1781 5087 1843 5123 ne
1881 5085 1976 5138 pa-

397 5196 581 5236 rerem.
640 5178 705 5232 Et
749 5174 892 5245 quia.
946 5171 1134 5242 inquit,
1186 5167 1423 5224 sterilem
1474 5180 1561 5220 me
1608 5164 1732 5219 fecit
1777 5170 1978 5217 natura:

399 5273 679 5339 Conditor,
708 5278 761 5324 et
787 5266 1010 5337 privavit
1039 5278 1124 5318 me
1154 5261 1380 5316 ﬁliorum
1401 5257 1767 5329 procreationc
1788 5296 1801 5319 ,
1831 5264 1887 5308 ut
1913 5268 1980 5308 ne

403 5374 623 5435 propter
647 5375 820 5417 meam
845 5357 1177 5413 sterilitatem
1199 5395 1211 5416 ,
1236 5367 1357 5406 cum
1387 5349 1436 5404 in
1456 5357 1749 5403 extremam
1769 5343 1982 5400 veneris

405 5432 694 5516 senectam,
723 5456 905 5518 postea
933 5457 1152 5499 maneas
1179 5440 1376 5509 absque
1401 5438 1600 5498 liberis.
1619 5433 1891 5505 Ingredere
1914 5432 1982 5485 ad

409 5543 652 5598 ancillam
683 5553 865 5599 meam,
892 5544 947 5589 ut
986 5550 1047 5587 ea:
1078 5548 1136 5586 ea
1162 5529 1294 5598 ﬁlios
1327 5543 1573 5598 procrees.
1615 5522 1880 5594 Multiplex
1931 5532 1984 5576 et

413 5633 692 5688 ineﬁ'abilis
717 5627 953 5683 mulieris
973 5623 1228 5694 probitas.
1261 5619 1391 5686 Qum
1429 5617 1570 5672 enim
1598 5629 1848 5685 umquam
1877 5629 1985 5668 mu-

411 5724 509 5778 lier
555 5721 658 5775 hoc
706 5717 992 5772 sustineret
1040 5712 1250 5777 facere,
1279 5708 1365 5764 vel
1409 5707 1523 5763 viro
1567 5705 1864 5772 consulere,
1903 5703 1985 5760 vel

409 5811 615 5870 ancillae
638 5806 906 5879 coniugali
935 5815 1054 5862 toro
1075 5801 1268 5860 cedere
1291 5800 1316 5857 ἳ

1063 423 1125 478 ‘S.
1166 413 1444 475 JO.\NNIS
1481 401 1952 471 CllRYSOSTOMI
1994 395 2309 458 ARCHIEP.
2351 379 2882 448 CONSTANTINOP.

3493 373 3596 428 552

2088 503 2338 561 9..Vidisti
2369 497 2636 572 quomodo
2664 495 2732 550 ab
2765 491 2910 549 omni
2945 489 3224 546 aﬂ'ectionc
3249 487 3448 542 fuerint
3471 487 3600 541 alie-

2020 600 2115 654 nil
2138 597 2284 653 Unus
2309 603 2422 650 erat
2443 591 2520 648 eis
2547 602 2762 659 sc0pus,
2785 601 2852 641 ne
2874 584 3077 655 absque
3104 580 3286 637 liberis
3299 580 3421 634 hinc
3440 577 3600 633 dece-

2015 692 2207 747 derent
2231 705 2246 755 ;
2276 686 2370 744 sed
2394 683 2704 756 spectabant
2726 676 2996 750 quomodo
3023 675 3182 730 etiam
3219 673 3367 728 illinc
3404 684 3600 725 conso-

2019 781 2272 837 lationem
2298 778 2631 848 acquirerent
2652 813 2668 837 ,
2695 781 2749 827 et
2774 767 3142 824 lndissolubile
3164 763 3309 836 pacis
3335 761 3601 816 vinculum

2021 880 2319 928 servatent.
2370 868 2603 924 Observa
2640 863 2786 919 enim
2839 860 2926 914 hic
2979 855 3296 928 patriarchas
3343 851 3602 920 insignem

2018 961 2420 1024 continentiam,
2435 953 2905 1020 admirabilemque
2921 944 3409 1005 mansuetudinem.
3424 941 3605 1011 Neque

2020 1055 2164 1109 enim
2185 1051 2425 1120 asperior
2451 1046 2549 1102 fuit
2577 1043 2750 1107 uxori,
2781 1039 2923 1112 quod
2965 1039 3165 1094 liberos
3205 1049 3309 1090 non
3361 1033 3601 1094 haberet,

2021 1153 2079 1201 ut
2111 1143 2421 1213 insipientes
2447 1136 2723 1200 nonnulli;
2756 1147 2930 1205 neque
2949 1146 3101 1186 amor
3127 1129 3245 1200 ejus
3270 1141 3395 1195 erga
3421 1125 3607 1181 malie-

2023 1250 2137 1291 rem
2162 1234 2471 1288 imminutus
2499 1241 2600 1284 est.
2632 1227 2795 1282 Scitis
2818 1224 2983 1290 enim,
3012 1222 3166 1293 plane
3214 1218 3364 1274 scitis
3411 1217 3608 1272 multos

2023 1328 2160 1382 hanc
2186 1323 2522 1394 potissimum
2550 1320 2622 1374 ob
2649 1333 2864 1373 causam
2891 1314 3142 1370 mulieres
3157 1309 3449 1380 despicere,
3472 1308 3608 1362 sicut

2023 1418 2092 1474 ob
2114 1414 2434 1473 contrariam
2459 1410 2727 1468 adamare.
2779 1408 3073 1474 Utrumque
3102 1399 3294 1457 stolide
3317 1407 3373 1454 et
3412 1398 3607 1468 impru-

2023 1509 2213 1565 denter
2238 1514 2421 1577 agunt,
2452 1505 2540 1575 qui
2565 1501 2819 1557 uxoribus
2841 1497 3151 1553 adscribunt
3167 1491 3499 1547 sterilitatem
3525 1489 3610 1544 vel

2026 1597 2421 1660 fecunditatem,
2449 1594 2599 1665 quasi
2645 1591 2945 1646 nescientes
2996 1603 3025 1641 a
3076 1597 3280 1641 natura:
3322 1580 3610 1638 Contlitore

2027 1686 2324 1759 dispensari
2380 1685 2646 1748 universa,
2675 1690 2731 1737 et
2781 1693 2955 1747 neque
3000 1678 3223 1744 coitum,
3242 1691 3418 1748 neque
3467 1672 3611 1730 aliud

2027 1779 2274 1852 quiddam
2308 1777 2373 1832 ad
2419 1774 2773 1848 procreandos
2816 1771 3012 1827 liberos
3058 1768 3303 1825 conferre
3326 1810 3346 1837 ,
3374 1767 3475 1823 nisi
3517 1781 3613 1821 co-

2030 1881 2281 1941 operetur
2307 1881 2496 1923 manus
2522 1879 2772 1934 superna,
2803 1878 2922 1933 qua:
2954 1870 3193 1915 naturam
3224 1858 3291 1914 ad
3332 1872 3614 1929 procrean-

2030 1964 2157 2018 dum
2182 1962 2400 2017 excitet.
2432 1959 2563 2024 Qua:
2588 1971 2710 2012 cum
2735 1955 2903 2026 probe
2933 1952 3302 2023 nossetjustus
3329 1951 3438 2016 ille,
3457 1949 3614 2005 uxori

2032 2053 2364 2111 sterilitatem
2393 2064 2498 2104 non
2532 2045 2826 2116 imputabat
2858 2063 2873 2100 :
2905 2043 2999 2100 sed
3036 2051 3421 2112 congruentem
3447 2041 3617 2094 honoo

2033 2161 2147 2200 rem
2173 2157 2386 2212 semper
2409 2141 2458 2195 ei
2495 2137 2778 2194 tribuebat.
2806 2137 2979 2204 Atque
2999 2135 3136 2188 hanc
3163 2133 3233 2187 ob
3251 2146 3465 2187 causam
3504 2130 3615 2199 ipsa

2034 2237 2089 2292 in
2128 2235 2287 2291 ofﬁcii
2317 2233 2484 2288 vicem
2506 2218 2842 2298 ,Volensque
2873 2226 3146 2281 declarare
3192 2231 3391 2294 quanto
3437 2234 3618 2275 amore

2033 2344 2156 2400 erga
2183 2329 2352 2382 virum
2376 2323 2665 2389 afﬁciatur,
2697 2335 2804 2375 non
2834 2317 2974 2389 quod
3015 2316 3097 2372 sui
3123 2316 3287 2386 ipsius
3316 2320 3468 2378 erat,
3493 2326 3618 2381 spe-

2034 2423 2232 2487 ctabat,
2262 2417 2354 2476 sed
2376 2414 2645 2488 quomodo
2671 2413 2746 2467 illi
2774 2410 3194 2467 consolationem
3220 2406 3501 2477 quamdam
3528 2418 3618 2457 or-

2037 2514 2217 2569 bitatis
2267 2511 2561 2567 liberorum
2612 2505 2986 2576 excogitaret,
3031 2502 3182 2572 quasi
3229 2498 3472 2555 manibus
3513 2498 3625 2552 suis

2038 2613 2310 2674 acceptam
2332 2601 2559 2671 puellam
2580 2595 2882 2668 Egyptlam
2905 2594 2958 2649 in
2986 2593 3180 2648 lectum
3201 2605 3355 2646 suum
3378 2588 3584 2645 induxit
3605 2606 3621 2647 :

2039 2694 2168 2765 quin
2193 2702 2248 2749 et
2272 2691 2450 2747 verbis
2479 2688 2607 2759 ipsis
2631 2684 2890 2751 ostendit,
2912 2698 3014 2755 qua
3035 2682 3103 2738 de
3125 2695 3282 2737 causa
3307 2680 3360 2735 id
3382 2679 3624 2746 faciat,et

2040 2786 2160 2856 quis
2201 2785 2318 2855 ejus
2361 2783 2433 2838 sit
2461 2792 2675 2849 scopas.
2720 2777 2856 2846 Quia
2887 2789 3020 2845 ego,
3050 2772 3258 2842 inquit,
3286 2769 3490 2826 inutilis
3517 2769 3626 2822 visa

2042 2893 2186 2943 sum,
2219 2885 2275 2932 et
2308 2874 2376 2930 ad
2403 2870 2765 2945 generandum
2795 2882 2898 2923 non
2935 2865 3128 2921 idonea
3160 2860 3454 2918 :Conclusit
3487 2860 3630 2916 enim

2043 2984 2125 3022 me
2164 2965 2435 3030 Dominus,
2463 2979 2526 3016 ne
2577 2975 2823 3032 parerent.
2846 2954 2977 3010 Vide
3015 2952 3328 3024 prudentem
3375 2947 3630 3013 animam,

2044 3057 2312 3131 quomodo
2363 3054 2492 3109 nihil
2539 3065 2788 3120 asperum
2834 3046 3098 3116 loquitur,
3144 3043 3477 3099 sterilitatem
3527 3055 3630 3093 non

2047 3129 2288 3222 deplorat
2317 3166 2330 3202 :
2358 3145 2451 3202 sed
2479 3143 2650 3199 solum
2689 3141 2790 3195 hoc
2819 3137 2972 3193 nobis
3014 3135 3290 3191 declarare
3315 3133 3426 3187 vult
3449 3170 3464 3193 ,
3493 3129 3632 3200 quod

2050 3253 2252 3298 natura:
2273 3236 2500 3294 Domino
2527 3231 2704 3302 opiﬁci
2734 3229 2838 3284 hoc
2866 3227 3178 3284 adscribens
3198 3265 3213 3288 ,
3245 3222 3435 3278 leniter
3460 3229 3514 3275 et
3535 3235 3633 3289 ge-

2051 3345 2245 3389 nerose
2271 3327 2426 3392 ferat,
2459 3323 2660 3379 malens
2685 3317 2825 3389 quod
2855 3317 2966 3372 Deo
2988 3315 3264 3385 placebat,
3301 3325 3459 3381 quam
3494 3306 3633 3378 quod

2053 3425 2165 3494 ipsa
2190 3415 2626 3487 concupiscebat,
2659 3421 2712 3468 et
2740 3412 2841 3466 hoc
2866 3423 3026 3464 unum
3054 3414 3301 3477 spectans
3327 3447 3344 3472 ,
3373 3413 3431 3458 ut
3468 3405 3634 3456 virum

2052 3513 2334 3569 solaretur.
2396 3505 2692 3574 Quoniam,
2719 3501 2923 3572 inquit,
2957 3498 3204 3552 Dominus
3237 3512 3318 3549 me
3359 3493 3633 3555 conclusit,

2054 3619 2118 3657 ne
2137 3613 2381 3672 parerent.
2404 3596 2613 3663 Quanta
2649 3591 2809 3661 hujus
2846 3589 2994 3646 verbi
3033 3585 3305 3657 emphasis
3337 3586 3458 3639 est?
3483 3597 3640 3653 quam

2057 3692 2373 3753 inelfabilem
2395 3686 2627 3744 ostendit
2659 3685 2752 3740 Dei
2798 3681 3086 3753 potentiam
3132 3688 3185 3732 et
3215 3674 3641 3753 providentiam?

2056 3751 2216 3855 Quasi
2243 3782 2447 3838 diceret
2475 3797 2489 3832 :
2517 3777 2666 3832 Sicut
2695 3751 2810 3830 nos
2824 3772 3097 3844 aperimus
3123 3776 3178 3825 et
3215 3751 3514 3823 claudiinas
3549 3762 3642 3819 do-

2060 3889 2225 3938 mum,
2258 3874 2327 3928 ita
2371 3881 2426 3927 et
2477 3869 2738 3923 Dominus
2774 3865 2826 3918 in
2875 3871 3062 3916 natura
3109 3867 3381 3929 operatur,
3441 3864 3496 3911 et
3546 3868 3646 3909 suo

2059 3973 2328 4039 praecepto
2355 3959 2574 4026 claudit,
2601 3966 2654 4012 et
2682 3956 2875 4011 iterum
2902 3951 3120 4023 quando
3147 3950 3260 4004 vult
3284 3948 3480 4018 aperit,
3501 3946 3645 4015 etju-

2063 4037 2152 4112 bet
2180 4063 2419 4109 naturam
2447 4048 2587 4121 quod
2626 4060 2782 4101 suum
2819 4051 2904 4098 est
2932 4041 3162 4112 operari.
3197 4039 3463 4108 Quoniam
3493 4037 3646 4108 igitur

2067 4145 2320 4201 Conclusit
2377 4157 2455 4196 me
2500 4139 2747 4193 Dominus
2769 4175 2786 4202 ,
2843 4150 2906 4188 ne
2957 4148 3186 4203 parerem
3206 4173 3222 4198 ,
3280 4128 3543 4201 ingredere
3583 4125 3649 4180 ad

2067 4236 2305 4290 ancillam
2330 4247 2519 4296 meam,
2551 4239 2605 4282 ut
2658 4243 2722 4282 ea:
2768 4243 2828 4281 ea
2864 4224 3057 4296 prolem
3100 4237 3347 4295 procrees.
3401 4220 3524 4274 Seio
3566 4233 3654 4272 me

2069 4326 2312 4384 orbitatis
2337 4336 2553 4378 causam
2589 4334 2742 4384 esse;
2771 4327 3052 4387 propterea
3093 4315 3217 4369 nolo
3243 4322 3294 4366 te
3321 4311 3533 4380 privare
3560 4309 3656 4363 illo

2071 4419 2282 4474 solatio.
2306 4412 2574 4468 Fortassis
2601 4418 2778 4464 autem
2807 4407 2969 4462 etiam
2996 4403 3361 4474 suspicabatur
3379 4401 3512 4456 Sara
3544 4407 3654 4454 ste-

2071 4510 2320 4565 rilitatem
2349 4505 2490 4559 illam
2517 4517 2625 4555 non
2669 4516 2700 4554 a
2737 4515 2797 4555 se
2822 4499 2933 4554 sola
2962 4511 3080 4553 esse
3105 4537 3121 4560 ,
3153 4493 3248 4549 sed
3273 4493 3435 4549 etiam
3463 4506 3528 4547 ex
3558 4505 3656 4562 pa-

2073 4599 2302 4654 triarcha
2333 4611 2348 4649 :
2377 4595 2500 4649 ideo
2521 4591 2711 4647 volens
2736 4599 2885 4645 certo
2909 4585 3274 4656 experimento
3308 4583 3362 4638 id
3388 4581 3655 4652 comperi-

2075 4704 2154 4754 re,
2187 4687 2392 4742 ancilla:
2411 4683 2574 4749 cedit,
2605 4690 2660 4737 et
2689 4681 2832 4736 illam
2852 4679 2903 4732 in
2929 4677 3123 4731 lectum
3153 4675 3292 4729 illius
3316 4673 3482 4738 ducit,
3514 4681 3571 4727 ut
3599 4687 3660 4727 re

2078 4781 2188 4848 ipsa
2216 4778 2386 4832 discat
2411 4790 2478 4829 an
2505 4772 2615 4828 sola
2638 4772 2707 4827 sit
2725 4772 2777 4824 in
2803 4781 2984 4833 causa,
3011 4765 3220 4834 sibique
3245 4763 3343 4819 solt
3369 4764 3438 4818 sit
3461 4763 3660 4817 adscri-

2080 4868 2252 4924 benda
2280 4866 2553 4922 sterilitas.
2604 4859 2834 4917 Obedivit
2885 4866 3071 4920 autem,
3106 4855 3296 4924 inquit,
3324 4853 3511 4907 Abram
3555 4853 3661 4906 coci

2083 4960 2246 5014 Sane.
2275 4957 2456 5026 Magna
2478 4953 2607 5024 justi
2635 4947 2984 5021 philosophia.
3015 4945 3069 5000 ld
3095 4945 3238 5001 enim
3259 4943 3400 5014 quod
3417 4942 3542 5006 dixi,
3563 4941 3665 4996 hoc

2081 5059 2134 5102 et
2155 5062 2294 5103 nunc
2320 5045 2440 5101 dico
2472 5061 2485 5096 :
2516 5043 2666 5097 illum
2695 5055 2802 5094 non
2832 5033 3064 5108 priorem
3095 5036 3197 5090 hoc
3217 5032 3495 5089 consilium
3519 5032 3666 5086 iniis-

2084 5154 2162 5205 se,
2193 5137 2437 5208 quamvis
2468 5135 2520 5190 in
2567 5141 2807 5188 extrema
2857 5134 3132 5183 senectute
3179 5133 3358 5191 esset,
3387 5134 3440 5179 et
3468 5139 3606 5178 nunc
3636 5137 3666 5177 a

2086 5230 2216 5284 Sara
2236 5227 2561 5283 admonitum
2589 5228 2835 5292 prompte
2879 5217 3205 5284 obedivisse,
3250 5225 3306 5271 ut
3351 5215 3569 5270 doceret
3611 5229 3668 5269 se

2088 5334 2193 5374 non
2222 5334 2291 5373 ex
2314 5311 2738 5385 concupiscentia
2767 5309 2852 5364 vel
2889 5307 3108 5363 libidine
3136 5305 3390 5377 congredi
3426 5320 3546 5359 eum
3580 5303 3666 5358 illa

2092 5411 2342 5474 voluisse,
2361 5407 2452 5464 sed
2474 5415 2530 5461 ut
2567 5402 2789 5460 seminis
2817 5399 3145 5470 relinqueret
3169 5396 3581 5454 successionem.
3615 5394 3668 5449 3.

2094 5503 2158 5558 Et
2179 5501 2293 5556 tulit
2321 5501 2455 5556 Sara
2479 5513 2605 5552 uxor
2643 5496 2794 5548 Abrae
2830 5493 3050 5563 Agarem
3091 5489 3397 5560 Egyptiam
3433 5487 3671 5542 ancillam

2093 5612 2235 5652 suam
2257 5635 2274 5660 ,
2307 5601 2569 5661 postquam
2593 5587 2761 5641 decem
2791 5599 2953 5637 annos
2980 5581 3251 5636 habitasset
3297 5596 3413 5634 cum
3437 5580 3543 5634 viro
3579 5594 3676 5633 suo

2093 5689 2146 5742 in
2166 5685 2454 5742 Chananwa
2475 5683 2553 5753 (a)
2580 5691 2626 5737 et
2647 5680 2782 5736 dedit
2803 5695 2917 5736 eam
2942 5679 3095 5734 Abrae
3118 5678 3224 5732 uiro
3253 5693 3344 5733 suo
3362 5677 3416 5731 in
3441 5690 3676 5731 uxorem.

2162 5799 2237 5865 (a)
2269 5801 2350 5850 me
2370 5799 2553 5850 variant
2570 5791 2872 5858 exemplaria
2892 5791 3201 5855 septuaginta
3224 5794 3565 5854 tnterpretum,
3594 5786 3681 5836 ubi
