4054 6324
308 355 416 412 Σῖὧὸ

315 470 574 536 Attende,
629 471 886 536 obsecro,
933 466 1219 536 Scripturte
1249 462 1574 534 diligentiam
1605 477 1619 514 :
1645 467 1714 517 ἰιι
1754 458 1896 512 enim

310 564 578 618 discamus
604 563 751 617 illum
768 575 873 616 non
905 573 1024 614 mox
1053 567 1175 627 post
1203 555 1316 610 bmc
1343 553 1501 608 verba
1529 565 1646 622 quae
1675 549 1741 605 ad
1775 563 1896 603 eum

310 653 440 708 dixit
489 652 647 717 Sara,
672 653 724 706 in
769 664 904 720 opus
952 646 1283 719 prosiluisse,
1314 645 1435 700 ideo
1485 643 1617 698 dicit
1646 660 1659 695 :
1689 639 1758 695 Et
1783 640 1898 694 tulit

309 743 442 800 Sara
489 759 622 798 staor
649 741 799 796 Abrae
823 741 1040 812 Agerent
1075 737 1376 809 Egyptians
1419 734 1658 789 ancillam
1702 748 1846 786 suam
1879 747 1898 786 :

305 833 455 904 queis
475 832 777 889 subindicat
803 831 956 888 nobis
983 831 1255 899 Scriptura
1295 827 1480 883 divina
1504 841 1627 881 eum
1660 838 1884 880 uxorem

303 938 456 979 suam
481 924 899 986 wnsolaturum,
921 930 975 976 et
998 922 1048 976 ei
1072 919 1293 992 obsequi
1314 918 1602 980 volentem,
1627 914 1764 970 hanc
1780 928 1895 968 rem

302 1011 521 1069 fecisse.
554 1012 688 1068 Nam
717 1021 775 1068 ut
799 1012 1074 1067 evidenter
1103 1011 1240 1065 scias
1270 1007 1584 1080 patriarchae
1605 1005 1892 1061 continen-

304 1106 429 1157 tiam
451 1111 508 1159 et
533 1103 782 1158 eximiam
811 1100 1220 1172 temperantiam
1244 1141 1259 1166 ,
1290 1098 1418 1153 dicit
1451 1113 1466 1151 :
1499 1093 1775 1166 Postquam
1799 1095 1889 1148 de-

298 1209 408 1250 cem
437 1193 890 1248 annis-habitasset
941 1207 1054 1245 eam
1105 1190 1326 1244 Abramo
1373 1189 1482 1242 viro
1520 1204 1613 1243 suo
1658 1187 1711 1240 in
1756 1194 1891 1241 terra

293 1281 566 1339 Chanaan.
593 1283 710 1339 Non
739 1284 940 1353 absque
966 1296 1128 1337 eiusa
1153 1290 1359 1350 tempus
1384 1279 1693 1349 assignavit,
1713 1277 1807 1332 sed
1829 1284 1891 1332 ut

298 1376 438 1430 scire
467 1374 730 1444 possimus
755 1382 885 1444 quot
909 1373 1063 1428 annis
1089 1371 1265 1441 justus
1292 1370 1503 1426 fortiter
1527 1367 1886 1425 infecundita-

296 1475 404 1520 tem
437 1465 635 1531 tulerit,
665 1475 722 1520 et
746 1464 1021 1520 affectibus
1052 1463 1300 1533 superior
1320 1476 1566 1532 magnam
1585 1459 1888 1517 exhibuerit

293 1557 677 1613 continentiam
707 1574 725 1612 :
760 1573 930 1628 neque
959 1556 1060 1612 hoc
1079 1557 1276 1620 solum,
1299 1554 1393 1611 sed
1420 1564 1478 1610 ut
1497 1563 1550 1609 et
1570 1544 1711 1609 aliud
1734 1552 1885 1624 quid.

291 1647 416 1701 dam
463 1646 586 1702 inde
633 1647 919 1702 discamus.
972 1645 1096 1702 Ideo
1141 1649 1287 1702 enim
1340 1643 1573 1714 adjecit:
1605 1642 1883 1712 Postquam

289 1740 463 1792 decent
481 1738 628 1792 annis
653 1738 925 1792 habitasset
945 1754 1061 1792 cum
1081 1737 1189 1791 uiro
1214 1751 1310 1791 suo
1337 1737 1391 1790 in
1419 1744 1553 1790 terra
1589 1733 1836 1788 Chanaan
1862 1749 1884 1788 :

287 1843 398 1882 non
426 1829 568 1882 enim
599 1842 759 1883 omne
779 1835 989 1898 tempus
1008 1825 1422 1882 cohabitationis
1459 1823 1614 1879 nobis
1638 1822 1878 1878 declara-

290 1921 382 1984 vit,
406 1921 500 1975 sed
524 1920 654 1976 illud
673 1921 846 1974 solum
887 1918 1028 1990 quod
1069 1920 1124 1972 in
1167 1917 1465 1973 Chananwa
1507 1924 1878 1986 consumptum

285 2021 386 2066 est.
416 2012 593 2080 Quare
621 2012 723 2067 hoc
745 2052 763 2077 ,
792 2019 847 2066 et
875 2025 1034 2079 quam
1065 2010 1134 2064 ob
1156 2008 1425 2064 causam?
1453 2008 1584 2074 Quia
1615 2007 1794 2061 statim
1823 2016 1879 2060 ut

286 2103 432 2156 venit
451 2104 504 2156 in
521 2101 897 2167 Chananeam,
919 2100 1178 2171 benignus
1198 2099 1451 2154 Dominus
1466 2096 1876 2168 promissionem

283 2194 410 2249 fecit
439 2193 519 2248 his
547 2195 728 2250 verbis
756 2209 770 2248 :
805 2192 1003 2248 Semini
1025 2199 1116 2245 tuo
1138 2190 1269 2244 dabo
1296 2198 1481 2243 terram
1502 2189 1633 2241 hanc
1653 2204 1671 2242 :
1691 2194 1744 2242 ct
1760 2195 1878 2256 post

279 2282 401 2338 inec
429 2299 640 2353 quoque
667 2282 835 2340 semel
853 2283 1012 2353 atque
1032 2282 1224 2336 iterum
1248 2277 1627 2350 promissiones
1639 2276 1872 2347 repetiit,

281 2381 342 2428 nt
368 2373 540 2438 scias,
572 2372 805 2440 dilecte,
831 2373 1075 2443 quamvis
1129 2378 1279 2427 tanto
1324 2379 1565 2439 tempore
1621 2367 1875 2424 Dominus

276 2464 565 2529 distulerit,
596 2474 654 2521 et
695 2465 959 2535 promissa
1007 2479 1114 2520 non
1158 2462 1480 2534 impleverit,
1517 2461 1872 2532 potriarcham

275 2564 456 2611 tamen
501 2573 607 2612 non
639 2556 804 2612 fuisse
851 2557 1038 2611 animo
1086 2555 1380 2621 turbatum,
1436 2553 1530 2609 sed
1575 2554 1873 2610 ratiociniis

277 2647 390 2702 suis
435 2646 612 2702 divina
643 2647 783 2703 dicta
826 2648 1144 2718 prmlulisse.
1204 2647 1494 2715 Propterea
1538 2646 1687 2712 dicit,
1729 2645 1873 2700 Post-

276 2752 431 2804 quam
456 2737 626 2792 decem
649 2754 812 2792 annos
837 2737 990 2792 simul
1019 2738 1328 2792 habitassent
1356 2737 1411 2790 in
1438 2746 1572 2790 terra
1599 2734 1868 2792 Chanaan.

278 2826 466 2882 Vidisti
513 2828 718 2884 virilem
767 2828 1046 2884 animum?
1086 2827 1265 2883 vidisti
1318 2827 1671 2898 philosophia:
1715 2825 1873 2895 hujus

274 2918 753 2974 exercitationem?
791 2918 1063 2990 quomodo
1103 2919 1360 2974 Dominus
1416 2927 1475 2973 ut
1517 2933 1634 2972 eam
1685 2917 1872 2971 reddat

273 3007 639 3072 illustriorem,
666 3019 841 3065 cesset
869 3025 933 3065 ac
971 3009 1219 3064 differat?
1257 3009 1388 3064 Nam
1420 3010 1543 3079 quia
1577 3008 1868 3078 plurimum

269 3104 321 3158 ei
348 3117 493 3156 cura:
527 3112 649 3157 sunt
681 3101 864 3157 famuli
891 3103 1014 3167 sui,
1046 3117 1154 3157 non
1201 3101 1270 3156 ita
1321 3102 1635 3171 simpliciter
1685 3101 1738 3154 in
1775 3115 1870 3154 eos

270 3190 520 3246 ooxtl'erre
545 3191 822 3259 beneficia,
851 3191 946 3247 sed
979 3191 1136 3246 simul
1157 3192 1318 3246 etiam
1336 3191 1652 3262 conspicuos
1672 3189 1868 3246 redde-

271 3296 354 3344 re,
385 3279 654 3351 ﬁdemque
673 3282 934 3352 ’ipsorum
965 3282 1212 3337 omnibus
1236 3281 1514 3337 declarare
1562 3281 1770 3353 satagit.
1810 3279 1868 3336 Si

270 3371 415 3424 enim
433 3372 613 3426 statim
637 3381 693 3427 ut
713 3374 958 3443 promisit
977 3387 1036 3429 se
1060 3373 1310 3429 daturum
1333 3375 1524 3430 semini
1537 3375 1863 3445 ejusterram

270 3460 431 3525 hanc,
473 3461 768 3531 aperuisset
819 3463 966 3519 Sara:
1016 3464 1252 3531 vulvam,
1294 3473 1349 3520 et
1397 3465 1595 3520 liberos
1631 3463 1868 3520 dedisset

270 3564 634 3620 successores,
665 3567 837 3624 neque
862 3563 966 3608 tam
989 3569 1237 3624 magnum
1277 3554 1608 3612 exhibuisset
1633 3555 1862 3610 miracu-

271 3643 404 3706 lum,
434 3659 608 3714 neque
636 3655 740 3700 tam
763 3647 905 3702 clara
934 3647 1072 3717 apud
1095 3662 1284 3703 omnes
1311 3648 1498 3703 fuisset
1523 3648 1649 3718 justi
1674 3650 1862 3702 virtus.

270 3731 453 3788 Virtus
481 3735 623 3789 enim
666 3735 760 3792 Dei
787 3744 842 3791 et
871 3745 994 3791 tunc
1041 3737 1322 3793 manifesta
1375 3737 1590 3807 quidem
1642 3738 1862 3793 fuisset:

269 3839 394 3877 nam
426 3834 724 3881 emortuam
753 3836 959 3882 natura:
983 3826 1274 3894 officinam,
1303 3837 1357 3883 et
1386 3828 1626 3884 inutilem
1645 3831 1711 3883 ad
1739 3844 1865 3898 pro-

268 3916 531 3971 creandos
556 3916 698 3972 ﬁlios
730 3917 940 3984 factam,
977 3933 1074 3973 suo
1102 3929 1370 3987 praecepto
1413 3919 1603 3973 iterum
1625 3929 1864 3990 vegetam

270 4008 486 4064 fecisset
514 4023 532 4061 :
563 4018 617 4062 at
640 4025 744 4063 non
772 4010 841 4063 ita
874 4024 1090 4064 suarum
1114 4010 1325 4063 laudum
1357 4025 1555 4064 corona
1581 4011 1864 4068 redimitus

269 4098 458 4151 fuisset
487 4098 808 4167 patriarcha,
844 4108 898 4152 ut
927 4114 1070 4154 nunc
1094 4114 1215 4154 cum
1239 4109 1388 4154 tanto
1425 4111 1664 4170 tempore
1700 4102 1866 4171 ipsius

270 4189 492 4258 probata
517 4198 598 4246 est
627 4190 813 4252 virtus,
845 4200 899 4244 et
926 4190 1163 4260 quotidie
1187 4191 1324 4246 facta
1352 4199 1436 4246 est
1462 4192 1682 4248 clarior.

337 4283 393 4338 5.
446 4282 511 4336 Et
539 4293 596 4336 ut
624 4283 760 4336 scias
808 4283 972 4336 Deum
1003 4298 1108 4338 non
1140 4284 1314 4339 solum
1343 4284 1599 4340 beneﬁcia
1627 4295 1682 4340 et
1725 4285 1864 4341 dona

265 4391 365 4429 sua
411 4374 659 4429 conferre
688 4375 844 4438 velle,
879 4375 971 4430 sed
999 4376 1213 4429 solitum
1263 4368 1384 4431 esse
1433 4376 1684 4431 beneficia
1715 4393 1864 4434 acce-

271 4479 458 4537 pturos
485 4466 711 4522 reddere
732 4468 1009 4534 clariores,
1041 4467 1161 4522 vide
1191 4469 1335 4522 illum
1369 4468 1471 4523 hoc
1498 4479 1546 4523 et
1581 4469 1632 4523 in
1660 4469 1867 4524 Chana-

268 4574 384 4614 ιιειξι
414 4559 502 4614 illa
536 4560 731 4627 facere,
764 4568 817 4614 et
863 4559 1063 4613 idcirco
1087 4575 1299 4615 cessare
1326 4573 1387 4613 ac
1415 4557 1647 4624 diﬂerre,
1675 4569 1734 4615 ut
1759 4576 1865 4617 non

267 4648 440 4702 solum
473 4649 780 4719 petitionem
823 4649 964 4704 illius
1012 4649 1260 4704 exaudiat
1289 4648 1501 4719 (Matth.
1552 4647 1662 4721 l5),
1695 4649 1786 4705 sed
1814 4661 1868 4706 ct

268 4749 326 4794 ut
353 4739 498 4795 illam
529 4740 696 4811 ipsam
729 4742 781 4794 in
811 4749 922 4795 toto
941 4741 1069 4795 orbe
1090 4742 1354 4796 celebrem
1383 4740 1588 4796 reddat.
1617 4739 1869 4806 Quando-

265 4831 483 4902 quidem
524 4836 645 4885 cum
692 4831 1011 4900 supplicaret
1046 4847 1121 4886 ac
1162 4831 1360 4886 diceret
1393 4849 1406 4885 :
1442 4831 1682 4886 Miserere
1725 4833 1822 4888 mei
1848 4875 1863 4900 ,

271 4923 512 4990 Domine,
531 4924 648 4993 quia
678 4921 786 4992 ﬁlia
810 4938 920 4974 mea
943 4921 1074 4975 male
1091 4938 1122 4974 a
1143 4921 1392 4975 daemonio
1415 4931 1671 4990 torquetur
1701 4920 1861 4987 (Ibid.

271 5029 315 5066 υ.
348 5009 445 5082 22)
489 5029 502 5064 :
535 5027 708 5080 neque
746 5025 1006 5080 reSpouso
1043 5026 1162 5066 eam
1207 5011 1452 5081 dignatur
1480 5014 1784 5068 misericors
1810 5023 1868 5069 et

269 5101 720 5166 clementissimus
759 5102 1014 5156 Dominus
1053 5102 1166 5173 (a),
1195 5103 1388 5173 alioqui
1441 5120 1626 5174 preces
1657 5115 1865 5163 nostras

267 5207 486 5263 semper
515 5184 867 5263 praeveniens.
901 5193 967 5246 Et
1016 5192 1258 5261 discipuli
1304 5194 1518 5263 quidem
1564 5196 1866 5251 nescientes

269 5283 398 5354 quid
445 5281 677 5337 futurum
708 5293 871 5351 esset,
919 5293 972 5338 et
999 5300 1120 5339 eum
1166 5299 1348 5339 curam
1393 5301 1550 5356 agere
1573 5288 1817 5343 mulieris
1845 5331 1858 5354 ,

275 5447 609 5524 legituripterit.
626 5450 740 5498 δέκα
762 5451 842 5524 ξτη
862 5449 947 5524 rei}
985 5451 1212 5524 οἰκῆσαι-
1234 5451 1428 5524 ’ξΛϐραάξἶ
1456 5455 1503 5502 ἐν
1535 5462 1600 5523 ’γῇ
1644 5458 1852 5524 Χαναάγ,

271 5512 612 5569 t;hrysostomi
640 5524 755 5559 vero
777 5512 1044 5560 lectionem
1068 5527 1163 5562 non
1190 5512 1344 5563 fuisse
1383 5512 1688 5567 librariorum
1723 5520 1857 5570 ausi-

274 5573 366 5642 lius
393 5578 703 5642 temeratam,
729 5574 842 5622 hinc
871 5574 1107 5642 liquidum
1134 5583 1228 5634 est,
1252 5577 1381 5639 quod
1413 5580 1585 5626 eadem
1620 5578 1720 5642 ipsa
1746 5579 1855 5631 sine

272 5632 562 5700 discrimine
588 5633 664 5700 bis
687 5632 977 5700 repetantur
1005 5633 1144 5700 infra.

337 5693 410 5765 (Va)
442 5695 562 5765 Quae
587 5693 665 5741 hie
690 5693 755 5765 de
780 5697 1046 5765 tjhananafa
1068 5698 1318 5765 dicuntur,
1343 5699 1515 5765 eadem
1544 5698 1644 5762 ipsa
1679 5715 1856 5765 perse-

276 5758 378 5814 guit
393 5768 449 5802 ur
473 5755 849 5817 Cbrgsostomm
870 5756 1052 5807 Homil.
1084 5759 1142 5807 55
1168 5759 1216 5808 iu
1250 5755 1546 5814 maltbazum.

1240 347 1308 404 IN
1343 345 1498 404 CAP.
1540 341 1679 400 XVI.
1724 337 1970 398 GENES.
2013 338 2242 396 HOHIL.
2284 336 2571 397 XXXVI".

3501 347 3614 402 354

2010 454 2262 524 nolleque
2287 455 2596 510 thesaurum
2640 452 2758 523 ejus
2786 453 2976 521 latere,
3004 463 3165 525 atque
3209 455 3332 512 ideo
3378 472 3484 514 non
3517 475 3606 514 re-

2006 543 2296 614 spondere,
2324 545 2475 614 quasi
2505 544 2708 614 majore
2736 545 3204 600 commiseratione
3233 546 3400 615 ducti,
3429 564 3610 605 acces-

2003 643 2189 690 serunt
2229 644 2287 691 et
2326 635 2681 691 obsecrabant
2729 651 2851 691 eum
2889 635 3136 693 dicentes
3169 657 3181 693 :
3215 637 3424 694 Dimitte
3450 657 3560 695 eam
3587 685 3610 711 ,

2000 729 2120 798 quia
2133 727 2444 798 clamatmost
2469 744 2561 782 nos
2577 727 2788 799 (Matth.
2811 729 2896 784 l5.
2919 727 3014 799 23)
3037 731 3218 799 :quasi
3246 740 3610 790 monstrarent

2001 834 2059 873 se
2077 817 2189 888 jam
2217 834 2325 874 non
2365 817 2504 875 ferre
2530 819 2672 874 illius
2696 820 3023 876 molestiam.
3052 820 3265 876 Dimitte
3287 823 3430 879 enim
3455 839 3568 879 eam
3584 867 3606 892 ,

2000 909 2268 980 inquiunt,
2300 925 2405 966 non
2447 911 2568 982 quia
2595 919 2703 966 tam
2730 926 3035 968 enimnon
3063 921 3166 980 est,
3198 928 3304 968 non
3335 914 3458 984 quia
3486 929 3582 984 pre

1998 1015 2091 1056 ces
2118 1001 2234 1071 ejus
2263 1002 2611 1058 rationabiles
2637 1012 2781 1068 sunt,
2810 1003 2904 1058 sed
2934 1003 3068 1072 Quia
3109 1005 3296 1060 clamat
3347 1017 3461 1078 post
3489 1025 3604 1064 nos.

1998 1091 2137 1159 Quid
2182 1093 2342 1162 igitur
2371 1091 2670 1149 Dominus?
2701 1093 2899 1151 Volens
2927 1103 2982 1150 et
3010 1095 3266 1164 paulatim
3299 1097 3444 1152 illius
3490 1098 3631 1154 the-.

1994 1198 2214 1240 saurum
2265 1183 2549 1255 detegere,
2598 1194 2655 1241 et
2699 1186 2897 1242 docere
2944 1197 3199 1258 quantum
3247 1189 3492 1260 discipuli
3538 1191 3606 1246 ab

1993 1273 2329 1332 humanitate
2374 1291 2470 1331 sua
2512 1277 2783 1344 abessent,
2833 1293 3149 1348 responsum
3197 1279 3309 1348 dat,
3360 1281 3506 1352 quod
3544 1291 3607 1339 et

1994 1369 2236 1424 mulieris
2265 1383 2537 1424 occaecare
2563 1378 2823 1435 mentem,
2847 1370 2950 1425 nisi
2972 1379 3119 1426 tanto
3141 1371 3324 1427 fuisset
3342 1386 3604 1430 succensa

1996 1460 2264 1516 desiderio
2314 1461 2696 1531 alacritateque
2753 1461 3045 1532 viguisset,
3092 1470 3149 1518 et
3195 1463 3488 1535 discipulos
3534 1465 3605 1521 ab

1996 1551 2425 1622 interpellatione
2473 1553 2749 1608 deterrere
2799 1554 3078 1623 potuisset.
3127 1553 3250 1607 Non
3291 1571 3408 1609 sum
3454 1555 3600 1610 enim

1989 1646 2192 1711 missus,
2226 1645 2432 1716 inquit,
2459 1644 2560 1699 nisi
2587 1645 2656 1699 ad
2685 1661 2802 1700 oves
2837 1646 3020 1700 domus
3046 1645 3234 1712 Israel,
3279 1662 3393 1715 qtae
3428 1647 3602 1716 perie-

1989 1745 2106 1791 runt
2132 1734 2295 1806 (Ibid.
2329 1753 2377 1793 ν.
2407 1735 2521 1808 24).
2551 1735 2618 1791 Et
2644 1736 2744 1792 hoc
2769 1737 2982 1807 quidem
3018 1736 3220 1792 dictum
3244 1736 3362 1791 illos
3388 1737 3600 1792 abster-

1986 1829 2116 1896 ruit,
2150 1844 2217 1884 ne
2249 1843 2345 1899 pro
2371 1828 2600 1885 muliere
2626 1827 3061 1896 intercederent;
3094 1826 3186 1882 sed
3219 1828 3361 1882 illam
3386 1829 3601 1899 segnio—

1986 1935 2100 1975 rem
2137 1936 2243 1975 non
2272 1918 2416 1986 fecit,
2449 1921 2557 1974 imo
2581 1919 2638 1975 in
2661 1933 2821 1976 causa
2849 1918 2944 1975 iuit
2976 1928 3032 1974 ut
3059 1919 3230 1990 magis
3260 1926 3493 1990 urgeret.
3521 1918 3597 1972 ita

1983 2013 2125 2068 enim
2151 2027 2211 2068 se
2237 2012 2396 2069 habet
2423 2013 2601 2067 anima
2630 2011 2841 2078 dolens,
2871 2019 2928 2067 et
2952 2009 3181 2066 ferventi
3205 2010 3400 2066 affectu
3425 2025 3600 2077 (acce-

1981 2102 2153 2157 dens:
2184 2103 2316 2158 nihil
2341 2103 2569 2158 attendit
2603 2116 2791 2159 eorum
2834 2116 2954 2174 quae
2981 2101 3270 2168 dicuntur;
3301 2099 3396 2156 sed
3421 2116 3593 2156 unum

1983 2193 2158 2248 solum
2190 2201 2418 2264 spectat,
2443 2193 2715 2264 quomodo
2745 2207 2808 2248 ea
2836 2208 2956 2263 quae
2997 2192 3100 2247 sibi
3127 2207 3271 2247 cura:
3301 2200 3428 2247 sunt
3451 2206 3599 2248 asse-

1981 2293 2175 2354 quatur
2205 2301 2219 2338 :
2252 2283 2307 2337 id
2330 2283 2470 2354 quod
2500 2291 2554 2337 et
2571 2284 2672 2337 ista
2700 2282 2845 2337 fecit.
2873 2282 3081 2336 Auditis
3096 2283 3243 2337 enim
3266 2281 3372 2348 his,
3403 2281 3598 2336 iterum

1984 2375 2173 2445 inquit,
2207 2375 2451 2428 Adorattit
2497 2389 2631 2439 eum,
2681 2374 2854 2428 dicens
2885 2389 2904 2427 :
2937 2372 3180 2428 Miserere
3228 2374 3347 2438 mei,
3381 2372 3601 2428 Domine

1981 2464 2143 2535 (Ibid.
2176 2480 2224 2519 υ.
2250 2463 2369 2536 25).
2406 2462 2620 2520 Sciebat
2643 2463 2859 2518 Domini
2903 2463 3349 2526 misericordiam,
3383 2471 3439 2518 et
3470 2479 3597 2534 pro-

1980 2554 2105 2611 inde
2130 2569 2322 2626 magna
2355 2552 2673 2609 assiduitate
2702 2552 2969 2609 utebatur.
2993 2551 3104 2608 Sed
3149 2552 3272 2608 vide
3299 2553 3598 2623 sapiente-

1979 2648 2130 2704 illum
2160 2658 2216 2705 et
2253 2647 2531 2715 solertem,
2579 2645 2853 2719 quomodo
2898 2661 3076 2717 neque
3113 2646 3193 2701 sic
3232 2654 3454 2712 annuat,
3500 2644 3597 2701 sed

1982 2741 2226 2812 asperius
2252 2748 2308 2795 et
2335 2739 2712 2796 vehementius
2742 2738 2885 2792 illam
2925 2737 3242 2792 concutiens
3272 2748 3596 2807 responsum

1977 2832 2085 2886 det.
2118 2829 2332 2887 Sciebat
2376 2832 2519 2886 enim
2572 2828 2939 2886 fortitudinem
2985 2827 3250 2893 mulieris,
3297 2835 3354 2882 et
3380 2825 3598 2883 volebat

1977 2937 2094 2976 eam
2127 2936 2232 2975 non
2263 2919 2474 2976 occulte
2501 2919 2749 2988 accipere
2777 2916 3095 2973 beneﬁcium
3119 2933 3136 2983 ;
3167 2917 3238 2972 ita
3260 2925 3320 2972 ut
3344 2914 3597 2988 discipuli

1975 3012 2246 3068 discerent
2283 3027 2348 3067 ex
2391 3010 2532 3066 facto
2582 3009 2854 3065 dilationis
2896 3023 3135 3074 causam,
3167 3018 3223 3064 et
3269 3008 3358 3062 alii
3404 3021 3597 3063 omnes

1976 3103 2324 3167 docerentur,
2350 3107 2550 3170 quanta
2600 3099 2670 3153 sit
2719 3097 3051 3153 assiduitatis
3077 3106 3133 3152 et
3177 3097 3597 3167 perseverantia

1981 3194 2237 3264 potentia,
2267 3201 2321 3248 et
2348 3191 2590 3247 mulieris
2621 3191 2810 3245 virtus.
2841 3190 2974 3243 Nam
3021 3190 3153 3245 dicit
3186 3208 3199 3243 :
3235 3188 3360 3244 Non
3399 3197 3470 3244 est
3508 3190 3597 3244 bo-

1977 3301 2099 3338 num
2130 3299 2328 3338 sumere
2365 3297 2547 3352 panem
2583 3280 2831 3350 ﬁliorum,
2863 3289 2911 3333 et
2939 3280 3157 3347 objicere
3183 3279 3397 3334 canibus
3425 3277 3589 3352 (Ibid.

1973 3393 2019 3430 υ.
2047 3375 2175 3447 26)."
2212 3375 2332 3441 llic,
2365 3373 2612 3437 obsecro,
2645 3371 3012 3428 animadverte
3061 3370 3305 3426 mulieris
3333 3379 3593 3426 constan-

1975 3469 2124 3534 tiam,
2172 3474 2372 3537 quanta
2419 3465 2694 3520 alacritate
2744 3478 3006 3520 succensa
3061 3462 3238 3530 fuerit,
3294 3472 3493 3532 quanta
3538 3463 3593 3518 ia

1974 3560 2140 3613 Deum
2169 3558 2272 3614 llde
2293 3556 2506 3612 incitata
2537 3555 2712 3618 fuerit.
2742 3569 2864 3610 eum
2888 3554 3100 3610 interim
3129 3553 3334 3609 viscera
3366 3553 3503 3622 ipsa.
3534 3563 3595 3609 ut

1973 3655 2042 3707 ita
2072 3651 2270 3716 dicam,
2320 3665 2428 3721 pra:
2456 3648 2646 3705 dolore
2689 3648 3108 3710 dissecarentur,
3153 3655 3210 3702 et
3253 3647 3417 3700 multa
3465 3646 3593 3702 lilia:

1971 3745 2441 3801 commiseratione
2473 3751 2745 3798 teneretur
2779 3759 2793 3794 :
2828 3756 2933 3796 non
2959 3750 3238 3795 aversatur
3258 3783 3273 3806 ,
3305 3755 3406 3795 nec
3445 3748 3592 3794 retro

1972 3837 2114 3894 cedit
2141 3837 2211 3892 ob
2233 3835 2377 3892 verbi
2400 3834 2780 3890 contumeliam
2805 3849 2819 3898 ;
2851 3832 2944 3887 sed
2969 3832 3150 3886 audito
3171 3832 3320 3886 canis
3347 3831 3589 3896 nomine,

1971 3931 2096 3986 boni
2147 3929 2396 3994 consulit,
2447 3939 2502 3982 et
2528 3927 2724 3981 fatetur
2752 3941 2812 3981 se
2841 3924 3120 3988 catellum,
3153 3933 3215 3980 ut
3242 3939 3271 3977 a
3304 3938 3496 3978 canum
3529 3924 3592 3977 li-

1972 4022 2189 4076 beretur
2237 4019 2472 4084 feritate,
2508 4027 2563 4073 et
2594 4018 2646 4071 in
2677 4017 2911 4071 ﬁliorum
2950 4016 3130 4070 statim
3158 4014 3421 4085 allegatur
3445 4013 3593 4069 ordi-

1973 4129 2117 4169 nem.
2152 4112 2288 4167 Audi
2323 4111 2540 4165 tandem
2588 4107 2717 4179 quid
2765 4107 2831 4163 ad
2878 4106 2994 4164 hate
3043 4107 3239 4161 mulier
3284 4105 3504 4172 dixerit,
3534 4115 3592 4160 ut

1971 4205 2148 4259 discas
2177 4214 2434 4273 quantum
2465 4217 2528 4256 ex
2563 4200 3044 4270 procrastinatione
3091 4197 3186 4251 Dei
3218 4197 3425 4252 lucrum
3454 4212 3591 4252 con—

1970 4289 2210 4344 cedatur.
2242 4287 2358 4341 Non
2389 4286 2564 4342 solum
2591 4286 2734 4340 enim
2759 4299 2866 4338 non
2895 4283 3079 4353 abegit
3104 4281 3386 4336 mulierem
3415 4281 3590 4336 dicto-

1971 4396 2091 4434 rum
2119 4381 2402 4449 asperitas,
2433 4377 2528 4434 sed
2557 4378 2609 4433 in
2634 4377 2895 4447 majorem
2924 4374 3255 4430 alacritatem
3287 4373 3542 4427 excitavit
3571 4390 3586 4427 :

1972 4486 2165 4540 nempe
2191 4477 2474 4540 postquam
2527 4468 2730 4522 audivit
2759 4467 2876 4521 haec
2903 4465 3089 4530 verba,
3120 4463 3291 4533 inquit
3327 4481 3338 4518 :
3374 4461 3546 4516 Etiam
3570 4504 3587 4528 ,

1976 4562 2228 4625 Domine;
2257 4577 2376 4615 nam
2419 4569 2466 4614 et
2506 4557 2676 4612 catelli
2704 4561 2858 4610 edunt
2909 4556 2973 4610 de
3001 4555 3144 4610 micis
3186 4569 3301 4625 quae
3337 4553 3528 4608 cadunt
3559 4571 3591 4608 ιι

1973 4669 2146 4707 mensa
2175 4652 2503 4708 dominorum
2533 4665 2741 4705 suorum
2769 4647 2931 4719 (Ibid.
2957 4663 3004 4702 υ.
3037 4645 3152 4717 27).

2051 4743 2357 4800 Chanaan
2393 4743 2521 4810 ﬁdes
2547 4738 3078 4795 laudatum—Vidisti
3109 4753 3277 4810 quare
3306 4738 3587 4808 hucusque

1971 4834 2281 4891 distulerit?
2311 4833 2382 4890 Ut
2403 4848 2498 4904 per
2524 4833 2685 4888 verba
2709 4830 2950 4886 mulieris
2974 4829 3133 4885 ﬁdem
3164 4829 3304 4884 illius
3331 4829 3586 4885 eximiam

1971 4929 2262 4982 discamus.
2317 4925 2447 4982 Vide
2490 4925 2632 4980 enim
2678 4923 2947 4994 quomodo
2992 4923 3171 4979 statim
3203 4938 3323 4979 eam
3353 4922 3590 4979 laudavit

1972 5031 2022 5076 ct
2051 5020 2327 5075 coronavit
2372 5019 2632 5073 Dominus
2653 5059 2666 5080 ,
2698 5017 2885 5072 dicens
2915 5033 2929 5072 ε
2961 5015 3007 5070 0
3057 5016 3260 5083 mulier,
3291 5032 3478 5087 magna
3517 5025 3590 5070 est

1972 5116 2098 5184 ﬁdes
2129 5124 2214 5166 tua
2239 5112 2397 5186 (Ibid.
2425 5127 2475 5165 υ.
2493 5110 2610 5181 28).
2638 5109 2809 5177 Quam
2839 5107 3100 5178 principio
3121 5123 3297 5177 neque
3326 5121 3589 5178 responso

1971 5205 2311 5274 dignabatur,
2358 5219 2482 5258 cum
2538 5202 2891 5256 admiratione
2938 5208 2992 5256 et
3049 5199 3297 5253 laudibus
3345 5199 3586 5254 dimittit.

1975 5295 2188 5366 Magna,
2219 5293 2407 5364 inquit,
2439 5302 2512 5348 est
2535 5292 2661 5362 ﬁdes
2684 5301 2794 5345 tua.
2826 5290 2956 5345 Erat
2979 5291 3124 5346 enim
3152 5305 3340 5345 revera
3367 5303 3584 5360 magna,

1972 5387 2113 5457 quod
2146 5402 2266 5442 cum
2295 5387 2500 5441 videret
2525 5385 2694 5440 semel
2717 5394 2877 5454 atque
2907 5389 3102 5440 iterum
3133 5392 3188 5439 et
3212 5384 3409 5452 saepius
3434 5397 3587 5436 aven

1971 5491 2176 5533 saniem
2202 5493 2412 5548 preces,
2444 5494 2549 5531 non
2583 5480 2792 5546 segnior
2821 5475 2958 5530 facta
2992 5476 3171 5542 fuerit,
3204 5490 3380 5544 neque
3407 5481 3584 5527 retro-

1969 5572 2215 5637 cesserit,
2264 5569 2357 5624 sed
2405 5569 2822 5639 perseverantia:
2863 5567 3176 5622 assiduitate
3217 5564 3588 5636 provoeaverit

1972 5661 2280 5724 Dominum,
2313 5661 2382 5714 ita
2425 5670 2481 5713 ut
2522 5661 2628 5714 voti
2660 5674 2882 5728 compos
2931 5658 3099 5711 lieret.
3135 5655 3255 5709 Fiat
3285 5655 3427 5710 enim
3459 5651 3580 5714 tibi,

1968 5756 2300 5828 inquit,sicut
2329 5755 2419 5809 vis.
2451 5755 2637 5809 Vidisti
2668 5753 2936 5824 quomodo
2957 5751 3044 5819 qui
3071 5751 3217 5816 prius
3242 5750 3383 5805 illam
3407 5761 3584 5818 neque
