4054 6324
505 408 610 463 855

505 528 758 589 responso
786 513 1032 586 dignatus
1080 512 1268 580 fuerat,
1297 523 1437 566 nunc
1480 508 1846 580 largitionibus
1869 503 2080 562 certati

504 609 618 665 Non
648 606 790 662 enim
817 604 1132 675 simpliciter
1160 602 1344 658 annuit
1370 600 1612 672 precibus
1637 598 1798 665 illius,
1829 596 1923 652 sed
1954 611 2086 665 pra:-

502 698 697 754 tlicavit
723 707 778 754 et
820 696 1111 754 celebravit
1137 694 1299 750 illam.
1345 693 1473 748 Nam
1503 690 1752 756 dicendo,
1783 688 1828 742 Ο
1868 685 2085 753 mulier,

505 785 841 854 monstravit,
868 787 1137 859 quomodo
1159 785 1314 840 ﬁdem
1334 782 1450 855 ejus
1473 780 1812 852 Obstupescat
1828 796 1843 834 :
1861 775 2086 832 dicendo

507 887 702 943 autem,
735 875 928 948 Magna
969 886 1041 931 est
1069 875 1196 946 ﬁdes
1237 886 1344 938 tua,
1372 871 1587 928 divitias
1613 884 1822 941 quoque
1851 866 2087 923 mulieris

507 966 752 1023 ostendit.
785 965 984 1021 Deinde
1029 964 1199 1034 inquit
1230 981 1243 1016 :
1277 962 1397 1017 Fiat
1437 962 1524 1016 tibi
1547 960 1674 1014 sicut
1703 959 1794 1013 vis.
1822 956 2085 1024 Quantum

501 1063 603 1128 vis,
635 1066 885 1131 quantum
909 1058 1094 1114 animo
1114 1057 1375 1126 concipis,
1407 1063 1608 1109 tantum
1655 1050 1890 1122 prmbeo.
1920 1049 2084 1103 Tanta

500 1151 643 1205 enim
680 1160 764 1204 tua
793 1147 1191 1221 perseverantia
1232 1146 1448 1217 dignam
1476 1153 1529 1200 te
1554 1141 1844 1198 declaravit
1884 1149 1970 1193 tua
1999 1152 2090 1207 pe-

505 1240 713 1295 titione.
741 1238 958 1294 Vidistis
984 1237 1222 1293 mulieris
1247 1232 1601 1291 constantiam
1621 1232 1648 1285 τ
1670 1229 1872 1285 vidistis
1897 1226 2087 1281 divinas

505 1330 773 1386 dilationis
821 1342 1067 1395 causam,
1111 1326 1362 1382 videlicet
1405 1333 1464 1378 ut
1504 1320 1776 1376 mulierem
1807 1318 2086 1373 clariorem

507 1418 791 1473 redderet?
819 1416 1118 1472 Redeamus
1147 1425 1347 1480 autem,
1374 1413 1419 1468 si
1449 1411 1640 1483 placet,
1669 1408 1736 1464 ad
1765 1406 2086 1479 propositam

504 1509 798 1575 historiam,
828 1518 879 1563 et
907 1508 1176 1562 discamus
1209 1513 1426 1576 propter
1463 1501 1590 1557 nihil
1614 1499 1752 1553 aliud
1783 1496 2091 1568 promissio-

506 1615 600 1656 nes
642 1598 960 1670 patriarcha:
992 1598 1158 1653 iactas
1203 1605 1306 1666 tot,
1328 1594 1480 1648 annis
1511 1590 1730 1663 implere
1773 1587 2042 1643 distulisse
2069 1627 2085 1652 ,

509 1706 666 1762 quant
699 1700 755 1745 ut
781 1691 942 1745 multa
973 1704 1092 1745 cum
1140 1687 1305 1755 gloria
1330 1699 1422 1740 eas
1453 1683 1526 1738 illi
1552 1681 1889 1745 concederet,
1918 1677 2091 1733 omni-

505 1783 708 1853 busque
738 1789 1055 1838 monstraret
1064 1778 1194 1848 justi
1223 1776 1403 1831 (idern.
1428 1775 1629 1830 Idcirco
1650 1773 1795 1837 dicit,
1817 1770 2088 1841 Postquam

503 1875 674 1927 decem
718 1888 876 1927 annos
924 1872 1078 1925 simul
1121 1871 1390 1924 habitasset
1430 1869 1484 1922 in
1532 1876 1664 1920 terra
1719 1864 1959 1920 Chanaan
1989 1878 2007 1916 :
2033 1869 2091 1916 ut

507 1963 681 2019 discas
705 1970 960 2032 quantum
993 1960 1334 2032 prtcteriisset
1363 1956 1618 2028 temporis
1642 1971 1706 2010 ex
1735 1970 1838 2025 quo
1867 1952 2094 2024 promis-

503 2055 685 2110 siones
703 2054 1014 2123 accepisset.
1037 2052 1224 2107 Statim
1241 2050 1382 2104 enim
1407 2058 1464 2102 ut
1483 2048 1629 2102 venit
1645 2047 1696 2100 in
1713 2046 2088 2106 Chananaaam,

504 2145 706 2199 audivit
736 2161 752 2198 :
781 2143 974 2198 Semini
993 2153 1079 2198 tuo
1109 2142 1238 2196 dabo
1266 2153 1448 2195 terram
1475 2142 1604 2192 hanc
1629 2155 1649 2192 :
1679 2147 1732 2193 et
1755 2147 1900 2191 tanto
1927 2136 2091 2190 inter-

511 2238 652 2291 vallo
679 2235 934 2306 temporis
962 2233 1164 2303 absque
1192 2232 1372 2286 liberis
1419 2236 1707 2295 manserat,
1737 2226 2091 2296 sterilitasque

505 2328 653 2380 Sara:
684 2326 896 2380 interim
935 2324 1241 2393 augebatur.
1271 2318 1337 2374 Et
1362 2320 1519 2388 dedit,
1562 2317 1750 2388 inquit,
1783 2317 1920 2388 Agar
1945 2315 2092 2369 Abrae

506 2416 612 2468 viro
640 2430 731 2469 suo
761 2415 811 2468 in
838 2428 1065 2467 uxorem.

576 2507 633 2561 4.
668 2506 800 2559 Vide
824 2513 1018 2575 quanta
1041 2503 1200 2558 etiam
1222 2501 1349 2557 olim
1369 2498 1698 2570 philosophia
1729 2496 1867 2568 apud
1887 2504 2093 2555 veteres

508 2597 890 2660 exercebatur;
931 2594 1199 2664 quomodo
1250 2601 1303 2646 et
1345 2593 1446 2646 viri
1493 2598 1849 2660 temperantes
1899 2595 2090 2651 erant,

509 2703 860 2758 magnamque
905 2685 1247 2741 continentiae
1278 2683 1541 2739 habebant
1587 2685 1864 2746 rationem,
1893 2696 1955 2736 ac
1979 2696 2094 2734 mu-

510 2781 666 2835 lieres
695 2777 970 2850 zelotypiae
998 2778 1247 2833 carebant
1267 2776 1414 2830 vitio.
1447 2774 1625 2829 Dedita
1647 2773 1788 2827 enim
1811 2785 1973 2842 Opera
1994 2785 2092 2825 sw-

509 2874 627 2943 pius
655 2872 785 2927 dicit
804 2873 1070 2939 Scriptura
1098 2888 1110 2923 :
1136 2869 1202 2923 Et
1226 2879 1278 2922 ut
1300 2869 1415 2921 tulit
1443 2867 1577 2921 Sara
1593 2865 1809 2937 Agarem
1829 2863 2092 2917 ancillam:

505 2971 559 3015 et
588 2962 776 3014 iterum
807 2977 819 3012 :
853 2958 1007 3013 Dedit
1036 2975 1146 3012 eam
1167 2959 1219 3012 in
1262 2974 1471 3012 uxorem
1504 2973 1520 3010 :
1551 2965 1608 3010 ut
1635 2957 1808 3009 discas
1831 2952 2094 3023 quomodo

505 3053 705 3120 absque
730 3050 889 3103 animi
916 3048 1230 3117 aegritudine
1257 3048 1526 3116 negotium
1550 3046 1738 3115 egerit,
1765 3053 1819 3098 et
1843 3053 2095 3113 quantum

507 3143 649 3214 apud
679 3157 772 3197 eos
802 3152 944 3196 esset
977 3141 1183 3195 virtutis
1227 3139 1481 3194 studium.
1508 3139 1561 3194 4.
1594 3135 1660 3191 Et
1690 3139 1942 3208 ingressus
1986 3145 2092 3201 est,

507 3232 698 3302 inquit,
729 3232 804 3306 ad?
837 3231 993 3302 Agar,
1046 3241 1095 3286 et
1140 3231 1385 3298 concepit.
1443 3228 1575 3284 Vide
1623 3227 1894 3299 quomodo
1941 3227 2099 3282 discit

507 3328 661 3391 Sara,
692 3340 798 3378 non
823 3323 1024 3394 justum
1053 3323 1105 3377 in
1133 3337 1289 3376 causa
1321 3321 1503 3386 fuisse,
1530 3321 1670 3390 quod
1692 3327 1934 3374 carerent
1954 3319 2094 3385 ﬁliis,

507 3415 603 3470 sed
651 3429 745 3469 sua
794 3414 972 3483 potius
1019 3413 1272 3467 sterilitas
1304 3430 1317 3467 :
1345 3411 1522 3466 statim
1565 3412 1708 3471 enim
1752 3425 2097 3480 congressum

511 3521 634 3560 cum
661 3505 852 3559 ancilla
901 3503 1224 3572 subsequuta
1252 3511 1334 3559 est
1363 3503 1659 3572 conceptio.
1688 3501 1950 3557 Cancrum
1978 3501 2099 3556 vide

507 3608 565 3654 et
590 3596 795 3652 ancillae
827 3598 1092 3668 ingratum
1128 3596 1365 3649 animum
1387 3636 1399 3657 ,
1430 3604 1484 3650 et
1513 3594 1781 3650 muliebris
1824 3609 1983 3649 sexus
2013 3594 2098 3648 iu-

511 3690 814 3744 tlrmitatem
848 3707 860 3744 :
888 3699 947 3744 ut
972 3688 1150 3743 discas
1187 3688 1351 3744 etiam
1379 3688 1479 3742 hoc
1509 3688 1626 3741 loco
1653 3686 1963 3757 patriarchae
1995 3685 2098 3740 mi-

510 3797 626 3836 ram
652 3782 943 3837 lenitatem.
979 3781 1044 3835 Et
1083 3781 1226 3846 vidit,
1258 3781 1448 3848 inquit,
1480 3781 1614 3850 quod
1644 3789 1838 3833 uterum
1869 3789 2095 3851 gereret,

510 3880 560 3924 et
584 3880 865 3941 contempta
907 3880 980 3925 est
1025 3869 1230 3925 domina
1275 3886 1447 3923 coram
1485 3887 1561 3924 ea.
1614 3871 1703 3924 llle
1750 3871 1891 3925 enim
1935 3870 2100 3925 ferme

510 3975 786 4016 servorum
817 3978 934 4016 mos
985 3971 1088 4029 est,
1140 3970 1198 4016 ut
1236 3976 1356 4015 cum
1404 3976 1589 4030 parum
1635 3962 1996 4030 prosperitatis
2023 3962 2101 4015 eis

513 4055 819 4120 accesserit,
852 4063 1119 4124 nequeant
1147 4053 1284 4108 intra
1328 4067 1454 4108 suos
1484 4052 1680 4106 limites
1724 4066 1976 4118 manere;
2009 4051 2101 4106 sed

515 4146 696 4199 statim
725 4145 805 4197 sui
834 4145 1037 4198 ordinis
1068 4145 1467 4208 obliviscantur,
1502 4153 1556 4199 et
1586 4144 1774 4214 ingrati
1801 4145 1953 4198 facile
1977 4158 2101 4199 eva-

515 4234 644 4288 dant
675 4251 689 4288 :
719 4233 769 4288 id
802 4233 941 4304 quod
975 4244 1028 4288 et
1076 4235 1199 4289 huic
1240 4235 1444 4290 ancilla:
1487 4235 1698 4291 accidit.
1728 4235 1858 4290 Nam
1891 4244 1947 4290 ut
1976 4236 2105 4292 vidit

516 4326 651 4382 uteri
684 4326 965 4392 sarcinam,
1002 4341 1173 4395 neque
1203 4327 1434 4381 dominre
1465 4327 1832 4382 admirabilem
1862 4327 2102 4397 philoso-

520 4417 716 4486 phiam,
749 4433 922 4489 neque
953 4432 1062 4471 suae
1087 4416 1406 4471 conditionis
1431 4417 1686 4472 vilitatem
1711 4418 1988 4488 cogitavit:
2009 4418 2102 4474 sed

518 4508 695 4564 inﬂata
726 4517 779 4562 et
808 4508 1120 4580 superbiens
1150 4508 1469 4577 contempsit
1501 4509 1789 4575 dominam,
1818 4525 1935 4580 quae
1962 4510 2102 4564 illam

520 4611 624 4654 tam
650 4600 1074 4656 commendatam
1105 4599 1361 4665 habebat,
1393 4610 1452 4654 ut
1494 4610 1548 4654 et
1594 4602 1645 4654 in
1674 4602 1770 4655 viri
1817 4602 2103 4658 thalamum

519 4690 840 4744 admitteret.
888 4689 1025 4754 Quid
1075 4690 1235 4760 igitur
1275 4690 1449 4744 Sara?
1485 4691 1537 4744 5.
1582 4689 1757 4756 Dixit,
1807 4693 1996 4761 inquit,
2040 4694 2107 4746 ad

521 4783 706 4836 Abram
731 4798 748 4836 :
780 4780 983 4849 Iniuria
1012 4800 1043 4835 a
1064 4793 1110 4837 te
1138 4784 1344 4855 aﬂicior.
1382 4783 1513 4837 Ecce
1540 4784 1655 4837 dedi
1682 4783 1920 4836 ancillam
1946 4801 2108 4838 meant

519 4878 570 4928 in
594 4876 760 4929 sinum
791 4884 930 4927 tuum
962 4889 979 4927 :
1009 4890 1120 4946 qua:
1143 4875 1260 4943 quia
1289 4874 1411 4928 vidit
1434 4874 1568 4944 quod
1589 4885 1784 4927 uterum
1807 4876 1955 4945 gerit,
1983 4891 2106 4929 con-

521 4964 731 5034 temptui
748 4979 919 5016 coram
935 4980 992 5016 ea
1010 4964 1178 5016 habita
1197 4980 1326 5015 sunt.
1350 4962 1552 5016 Judicet
1572 4961 1703 5018 Deus
1723 4963 1852 5017 inter
1869 4981 1948 5019 me
1972 4975 2018 5018 et
2039 4975 2107 5021 te.

523 5053 636 5118 llic,
669 5067 872 5121 quaeso,
899 5054 1262 5108 animadverte
1291 5054 1656 5109 incredibilem
1697 5055 2027 5111 tolerantiam
2056 5067 2110 5111 et

524 5145 876 5199 reverentiam
902 5145 1051 5213 justi,
1085 5160 1240 5216 quam
1286 5159 1407 5216 erga
1439 5145 1625 5200 Saram
1665 5147 1973 5213 declaravit,
2015 5163 2106 5201 ve-

524 5237 664 5289 niam
707 5236 774 5289 ah
819 5251 882 5290 ea
926 5245 1113 5304 petens
1153 5246 1256 5290 tam
1304 5237 1569 5292 immerito
1615 5238 1804 5306 objecti
1847 5239 2105 5294 criminis.

519 5329 649 5391 Quae
688 5326 826 5381 enim
858 5327 1102 5380 manibus
1133 5327 1378 5381 ancillam
1401 5329 1512 5382 viro
1543 5328 1850 5396 tradiderat,
1879 5338 1931 5383 et
1957 5329 2107 5384 dixe-

524 5427 605 5471 rat
640 5436 652 5470 :
683 5416 957 5486 Ingredere
985 5418 1054 5471 ad
1080 5419 1320 5472 ancillam
1364 5435 1565 5483 meam;
1612 5435 1730 5489 qute
1756 5437 1783 5473 a
1825 5422 2108 5490 semetipsa

525 5519 579 5562 et
605 5524 696 5561 sua
726 5519 913 5578 sponte
935 5509 998 5562 ad
1029 5525 1373 5580 congressum
1397 5511 1602 5564 hortata
1633 5511 1820 5580 fuerat,
1845 5514 1939 5567 ista
1969 5529 2108 5568 nunc

523 5609 722 5652 mutato
753 5601 932 5654 animo
965 5601 1152 5670 inquit,
1189 5600 1391 5671 Injuria
1429 5619 1460 5654 a
1485 5611 1530 5655 te
1568 5603 1774 5670 aﬂicior.
1807 5603 1850 5658 0
1876 5603 2063 5657 mulier
2089 5643 2105 5669 ,

524 5688 775 5758 numquid
804 5691 914 5758 ipse
940 5691 1002 5744 ad
1026 5692 1229 5746 ancilla:
1252 5708 1596 5762 congressum
1621 5693 1930 5748 festinavit?
1958 5709 2108 5749 num-

524 5775 646 5846 rinid
697 5781 1100 5849 intemperantia
1153 5782 1482 5854 impellente,
1535 5786 1598 5841 ad
1646 5801 1754 5842 rem
1809 5785 2105 5842 habendam

1232 397 1289 455 S.
1327 392 1604 455 JOANNIS
1640 388 2113 452 CIIRYSOSTOMI
2157 387 2470 446 ARCHIEP.
2511 387 3039 446 CONSTANTINOP.

3663 389 3773 445 556

2197 517 2320 559 cum
2348 502 2538 558 ancilla
2563 503 2922 560 acceleravit?
2949 506 2988 559 Α
3020 512 3071 560 te
3098 517 3385 575 persuasus
3410 514 3465 559 et
3495 515 3586 562 tuo
3614 521 3769 561 nian-

2191 598 2316 651 dato
2361 595 2754 666 obtemperans,
2786 597 2892 652 hoc
2930 596 3142 652 tandem
3192 597 3333 652 fecit.
3373 596 3485 663 Qua
3517 608 3569 652 te
3613 597 3772 668 igitur

2191 688 2383 757 injuria
2425 688 2645 742 maritus
2685 686 2901 741 sll‘ecitl
2942 686 3077 742 Ecce
3099 687 3220 742 dedi
3260 688 3497 742 ancillam
3527 704 3689 741 meum
3716 690 3775 742 in

2191 778 2358 831 sinum
2386 788 2544 832 tum.
2572 776 2626 832 Si
2660 777 2820 847 igitur
2846 776 3028 832 fateris
3053 787 3106 833 te
3129 779 3363 846 dedisse,
3395 795 3492 834 nec
3519 779 3633 849 ipse
3653 792 3772 835 eam

2191 881 2285 922 sua
2311 879 2501 938 sponte
2537 869 2819 938 acceperit,
2859 883 3024 939 quare
3063 870 3370 940 injustitiam
3400 871 3770 943 improperas?

2191 957 2383 1023 Etiam,
2418 959 2623 1029 inquit;
2662 975 2782 1014 nam
2810 961 3050 1030 quamvis
3075 976 3175 1030 ego
3195 961 3452 1024 dederim,
3474 963 3567 1017 sed
3588 961 3775 1018 videns

2191 1048 2308 1117 ejus
2331 1050 2702 1116 temeritatem,
2733 1050 2964 1105 debebas
3000 1050 3253 1105 cohibere
3290 1061 3522 1106 mentem
3549 1061 3653 1107 tam
3682 1068 3777 1122 pe-

2193 1139 2470 1194 tulantem.
2513 1137 2652 1192 Nam
2697 1149 2751 1192 ut
2789 1140 2910 1193 vidit
2938 1156 2992 1193 se
3028 1151 3224 1194 uterum
3261 1156 3448 1210 gerere,
3477 1144 3776 1212 contempsit

2192 1245 2288 1281 me.
2315 1227 2518 1282 Judicet
2566 1227 2701 1282 Deus
2728 1228 2860 1282 inter
2909 1246 2990 1284 me
3033 1240 3080 1284 et
3107 1240 3171 1284 te.
3205 1230 3338 1286 Vere
3377 1231 3492 1286 haac
3536 1231 3778 1285 mulieris

2192 1319 2352 1374 verba
2379 1328 2520 1382 sunt,
2559 1328 2610 1375 et
2655 1319 2847 1373 inﬁrmi
2889 1320 3028 1375 illius
3053 1336 3209 1376 sexus
3236 1339 3250 1387 ;
3283 1322 3364 1376 his
3393 1324 3532 1378 enim
3572 1323 3683 1379 fere
3713 1325 3778 1379 il-

2193 1409 2301 1464 lum
2323 1410 2641 1480 alloquitur:
2667 1411 2778 1481 Ego
2811 1411 3022 1482 quidem
3048 1413 3289 1468 volebam
3319 1425 3461 1468 tuum
3489 1432 3778 1472 maerorem

2192 1501 2371 1566 solari,
2403 1516 2557 1571 quem
2585 1501 2750 1556 habes
2775 1517 2838 1557 ex
2869 1503 3029 1571 prolis
3067 1503 3242 1574 inopia
3268 1522 3282 1569 ;
3334 1515 3438 1559 tam
3479 1507 3780 1562 ofﬁciosam

2192 1605 2254 1645 ea
2283 1592 2334 1644 in
2365 1606 2423 1646 re
2451 1606 2536 1646 me
2565 1592 2791 1662 prmbui.
2836 1600 2894 1648 ut
2919 1602 2974 1648 et
3009 1595 3256 1650 ancillam
3293 1612 3465 1651 meam
3492 1598 3624 1652 meis
3663 1614 3779 1651 rna-

2193 1681 2347 1736 nibus
2392 1682 2693 1748 traderem,
2741 1693 2794 1739 et
2842 1685 2907 1740 ad
2948 1700 3291 1756 congressum
3340 1689 3649 1745 cohortarer
3679 1709 3694 1744 :
3721 1701 3778 1746 tu

2193 1781 2368 1828 autem
2402 1773 2588 1829 videns
2630 1774 2766 1831 hanc
2809 1775 2932 1831 inde
2971 1775 3085 1831 ﬁeri
3129 1779 3532 1849 petulantiorem
3561 1792 3782 1851 propter

2194 1862 2328 1916 uteri
2355 1865 2640 1931 sarcinam,
2670 1876 2725 1921 et
2746 1881 2938 1937 magno
2975 1867 3327 1933 fastu-inﬂari,
3355 1884 3474 1924 cum
3503 1871 3782 1927 debuisses

2194 1954 2485 2022 reprimere
2513 1963 2565 2009 et
2605 1956 2786 2011 ulcisci
2834 1957 2952 2025 ejus
2987 1958 3038 2012 in
3067 1973 3152 2013 me
3195 1959 3430 2028 injurias,
3459 1962 3511 2016 id
3552 1978 3656 2016 non
3704 1963 3782 2019 ἴεν

2195 2044 2315 2099 cisti
2341 2062 2354 2109 ;
2386 2044 2479 2100 sed
2501 2048 2648 2116 quasi
2679 2049 2912 2102 omnium
2940 2049 3172 2118 priorum
3199 2051 3416 2118 oblitus,
3439 2068 3526 2108 me
3549 2053 3784 2124 despicis

2196 2135 2354 2189 etiam
2397 2144 2472 2204 tu,
2517 2152 2603 2190 me
2629 2152 2747 2205 quze
2791 2147 2964 2192 tecum
3011 2149 3086 2193 tot
3122 2140 3568 2210 annis,habitavi,
3615 2155 3670 2199 et
3713 2145 3785 2199 ab

2195 2224 2442 2295 Egyptia
2495 2226 2683 2280 ancilla
2727 2243 2843 2282 mea
2873 2238 3204 2286 contemnor.
3237 2230 3442 2286 Iudice:
3485 2232 3616 2289 Deus
3653 2235 3784 2289 inter

2196 2332 2274 2368 me
2300 2324 2346 2368 et
2371 2327 2437 2370 te.
2470 2315 2706 2371 Dolentis
2733 2319 2922 2373 anima:
2951 2321 3132 2375 verba.
3162 2320 3227 2376 Et
3255 2323 3355 2378 nisi
3387 2326 3546 2380 tantis
3575 2326 3781 2381 virtuti-

2197 2405 2296 2461 bus
2324 2406 2577 2476 prwditus
2602 2406 2787 2462 fuisset
2812 2410 3130 2479 patriarcha,
3158 2421 3212 2466 et
3237 2413 3288 2467 in
3316 2422 3456 2468 tanta
3485 2419 3783 2474 reverentia

2198 2495 2383 2558 Saram
2414 2497 2702 2562 habuisset,
2731 2513 2872 2567 aegre
2900 2499 3109 2554 tulisset
3150 2500 3263 2556 haec
3292 2505 3478 2568 verba,
3516 2516 3571 2561 et
3603 2523 3670 2560 ex
3697 2507 3783 2564 di-

2197 2596 2403 2642 ctorum
2434 2589 2718 2659 asperitate
2755 2590 2995 2646 dolorem
3025 2594 3374 2664 concepisset.
3421 2597 3615 2654 Verum
3666 2601 3784 2658 esi-

2196 2679 2333 2735 mius
2363 2679 2454 2736 ille
2493 2681 2559 2734 ad
2601 2695 2760 2736 sexus
2800 2682 3134 2754 fragilitatem
3179 2695 3448 2757 spectans,
3491 2705 3702 2747 omnem
3734 2694 3786 2751 ei

2197 2772 2405 2824 veniam
2454 2771 2619 2826 dedit.
2669 2771 2874 2827 Judicet
2921 2773 3061 2829 Deus
3105 2778 3234 2832 inter
3283 2796 3362 2834 me
3396 2791 3444 2834 et
3486 2792 3551 2836 te.
3599 2782 3784 2854 Cogita

2197 2873 2447 2933 quantam
2483 2881 2596 2919 rem
2625 2867 2844 2937 egerim,
2879 2877 2936 2922 ut
2964 2876 3014 2923 te
3038 2870 3365 2938 consolarer,
3396 2873 3579 2929 volens
3609 2884 3662 2930 te
3703 2877 3786 2932 vel

2199 2954 2251 3008 in
2283 2965 2556 3011 senectute
2580 2967 2784 3026 patrem
2814 2961 3012 3024 vocari,
3042 2962 3286 3016 ancillam
3326 2979 3498 3018 meam
3531 2965 3582 3019 in
3618 2966 3786 3037 digni-

2201 3053 2362 3100 tatem
2391 3061 2566 3101 meam
2594 3047 2738 3103 erexi
2770 3066 2782 3102 2
2813 3058 2865 3103 tu
2895 3060 3070 3105 autem
3096 3052 3281 3108 videns
3308 3054 3450 3109 illam
3481 3065 3586 3110 tam
3613 3058 3793 3128 ingra-

2204 3147 2331 3204 tam,
2366 3154 2474 3194 non
2501 3140 2643 3195 ultus
2672 3155 2752 3206 es,
2786 3157 2892 3196 non
2921 3144 3211 3212 rependisti
3239 3146 3368 3200 mihi
3398 3147 3541 3203 vices
3565 3151 3786 3206 benevo

2202 3231 2378 3286 lentiae
2403 3247 2559 3302 quam
2587 3233 2638 3286 in
2670 3242 2720 3289 te
2754 3233 3038 3289 declaravi.
3065 3237 3273 3291 Judicet
3313 3238 3450 3294 Deus
3474 3242 3602 3294 inter
3638 3259 3716 3297 nte
3743 3255 3793 3298 ct

2202 3332 2267 3376 te.
2303 3322 2416 3387 llle,
2448 3323 2639 3394 inquit,
2686 3325 2775 3395 qui
2820 3327 3127 3382 absc0ndita
3156 3331 3393 3385 omnium
3419 3334 3658 3390 cordium
3689 3352 3789 3390 no-

2203 3413 2299 3477 vit,
2327 3412 2442 3482 ipse
2469 3414 2571 3468 erit
2596 3414 2755 3483 judex
2801 3417 2941 3473 inter
2969 3432 3068 3472 nos
3099 3437 3114 3473 ε
3143 3429 3196 3474 et
3235 3423 3502 3491 quomodo
3529 3439 3630 3494 ego
3668 3427 3791 3496 qui-

2201 3503 2321 3558 dem
2352 3504 2506 3559 vietis
2529 3507 2775 3562 omnibus
2815 3509 3179 3566 affectionibus
3206 3520 3346 3567 tuam
3369 3516 3793 3573 consolationem

2203 3609 2336 3648 meae
2375 3595 2608 3663 praetuli,
2645 3606 2698 3650 et
2725 3597 2775 3651 in
2815 3598 3007 3653 lectum
3036 3615 3214 3656 meum
3238 3604 3485 3660 ancillam
3511 3621 3682 3661 meam
3713 3608 3792 3662 in-

2202 3683 2328 3739 duxi
2364 3703 2378 3739 :
2411 3686 2522 3755 ipse
2543 3697 2720 3742 autem
2741 3687 2874 3743 nihil
2902 3703 3086 3745 eorum
3111 3707 3229 3761 qua:
3251 3707 3279 3746 a
3307 3709 3393 3749 me
3415 3693 3549 3750 facta
3569 3706 3712 3763 sunt,
3738 3700 3791 3752 in

2205 3787 2439 3832 mentem
2490 3781 2794 3849 accipiens,
2843 3784 3106 3851 permittis
3147 3784 3220 3838 illi
3283 3797 3339 3841 ut
3383 3800 3570 3844 contra
3616 3805 3792 3847 meam

2207 3870 2446 3940 insurgat
2491 3871 2800 3926 lenitatem:
2834 3889 2935 3929 nec
2979 3874 3251 3931 audaciam
3299 3881 3562 3948 reprimis,
3619 3898 3796 3952 neque

2207 3962 2463 4032 ingratam
2494 3965 2738 4034 castigas.
2772 3965 2908 4033 Quid
2934 3967 3093 4036 igitur
3133 3970 3351 4025 adamas
3382 3972 3488 4036 ille,
3521 3972 3674 4028 fortis
3705 3974 3794 4030 ille

2209 4056 2303 4110 Dei
2328 4056 2546 4123 athleta,
2577 4058 2664 4127 qui
2691 4059 2922 4130 undique
2945 4074 3171 4116 coronas
3198 4062 3300 4116 sibi
3331 4063 3630 4133 plectebat?
3655 4067 3794 4121 Mon-

2207 4157 2383 4204 strans
2410 4149 2570 4206 etiam
2602 4151 2653 4204 in
2699 4151 2798 4205 hoc
2841 4166 2991 4207 suam
3019 4153 3289 4220 virtutem,
3330 4155 3450 4210 vide
3489 4157 3614 4225 quid
3651 4158 3795 4213 dicat

2207 4239 2256 4294 ei
2292 4259 2303 4292 :
2334 4240 2386 4295 6.
2421 4240 2554 4295 Ecce
2604 4244 2792 4296 ancilla
2835 4252 2922 4297 tua
2967 4245 3020 4298 in
3065 4247 3296 4300 manibus
3324 4249 3420 4300 tuis
3444 4263 3462 4301 :
3488 4258 3627 4302 utere
3653 4267 3710 4303 ea
3740 4263 3794 4305 ut

2210 4332 2297 4385 tibi
2321 4331 2512 4385 libitum
2540 4334 2707 4402 riterit.
2744 4333 2932 4402 lugens
2965 4336 3110 4404 justo
3135 4338 3341 4392 virtutis
3379 4338 3631 4404 studium,
3659 4341 3793 4395 mira

2208 4423 2502 4478 tolerantia:
2519 4423 2974 4479 excellentia.Non
2992 4426 3158 4479 solum
3176 4431 3436 4487 enimnon
3449 4431 3791 4500 asgretulitea

2207 4529 2324 4584 qua:
2351 4512 2478 4569 Sara
2501 4515 2728 4580 dixerat,
2758 4515 2850 4570 sed
2875 4526 2929 4569 et
2955 4517 3242 4570 admodum
3270 4528 3544 4574 mansuete
3572 4535 3795 4590 respon-

2210 4607 2286 4660 dit
2323 4616 2380 4660 et
2407 4608 2576 4675 inquit
2600 4625 2612 4660 :
2642 4607 2939 4676 Suspicaris
2966 4623 3051 4664 me
3071 4617 3341 4663 auctorem
3372 4624 3491 4666 esse
3514 4621 3795 4670 contume-

2211 4699 2396 4752 liarum
2457 4699 2646 4768 quibus
2674 4699 2860 4753 all'ecta
2888 4714 2968 4765 es,
3000 4710 3051 4754 et
3083 4708 3237 4770 putas
3259 4714 3344 4755 me
3369 4700 3624 4756 obiectari
3653 4701 3707 4757 in
3730 4702 3796 4760 iis

2211 4804 2328 4858 qum
2370 4789 2556 4842 ancilla
2604 4788 2883 4843 adversum
2934 4799 2986 4844 te
3027 4804 3155 4844 ausa
3201 4789 3320 4859 fuit,
3352 4792 3598 4861 quoniam
3627 4794 3794 4850 semel

2211 4880 2621 4933 communicavit
2647 4880 2773 4934 mihi
2817 4883 2867 4934 in
2915 4881 3054 4934 lecto
3084 4881 3267 4936 :disce
3308 4897 3395 4937 me
3425 4892 3479 4937 et
3521 4879 3796 4953 primum,

2211 4971 2311 5024 nisi
2354 4970 2453 5025 hoc
2495 4973 2847 5040 suscepissem
2888 4981 2947 5024 nt
2990 4972 3080 5026 tibi
3119 4972 3465 5041 gratificarer,
3507 4989 3793 5044 numquam

2211 5061 2566 5114 admissurum
2597 5061 2758 5115 fuisse
2783 5061 3026 5115 armillam
3056 5063 3105 5114 in
3135 5062 3327 5117 lectum
3360 5073 3504 5117 tuum
3538 5081 3552 5117 :
3586 5079 3796 5119 verum-

2213 5158 2387 5203 tamen
2435 5161 2575 5204 utre
2605 5150 2716 5220 ipsa
2757 5153 2955 5205 certior
3003 5153 3116 5217 tias,
3161 5167 3287 5206 ecce
3331 5155 3382 5207 in
3422 5154 3663 5210 manibus
3695 5156 3798 5211 tuis

2213 5250 2292 5291 cst
2318 5254 2331 5300 ;
2360 5248 2508 5293 utere
2552 5255 2613 5296 ea
2646 5250 2701 5293 ut
2729 5241 2818 5293 tibi
2865 5240 3140 5308 placuerit.
3169 5241 3302 5295 Num
3333 5243 3452 5312 quis
3477 5252 3796 5312 potestatem

2215 5339 2355 5382 tuum
2403 5331 2631 5384 minuit?
2663 5348 2785 5385 num
2830 5331 3122 5386 dominium
3169 5333 3220 5386 itt
3253 5349 3370 5387 eam
3397 5349 3425 5388 a
3472 5344 3524 5389 te
3561 5337 3797 5392 ablatum

2213 5421 2337 5476 est?
2367 5421 2494 5475 Nam
2537 5424 2658 5476 licet
2700 5439 2818 5476 cum
2866 5438 2926 5477 ea
2956 5438 3272 5493 congressus
3305 5425 3516 5491 luerim,
3548 5427 3692 5481 salva
3721 5439 3798 5481 ta—

2214 5512 2534 5565 metradhuc
2561 5523 2640 5566 est
2671 5513 2722 5566 in
2745 5528 2861 5566 eam
2893 5523 3125 5582 potestas
3152 5525 3260 5579 tua,
3289 5515 3400 5585 ipsa
3428 5517 3528 5572 sub
3553 5518 3799 5572 manibus

2214 5604 2318 5657 tuis
2363 5615 2441 5658 est
2468 5621 2480 5670 ;
2508 5605 2655 5674 puni,
2704 5607 2923 5675 castiga,
2968 5606 3180 5676 increpa
3211 5623 3223 5659 :
3258 5616 3316 5661 ut
3365 5607 3593 5663 volueris
3622 5619 3677 5663 et
3705 5610 3799 5664 tibi

2216 5697 2494 5767 placuerit,
2533 5699 2608 5752 sic
2640 5699 2796 5751 tacito
2825 5714 2945 5752 cum
2969 5713 3029 5754 ea
3057 5716 3072 5763 ;
3117 5708 3318 5754 tantum
3345 5715 3411 5754 ne
3439 5712 3758 5754 succenseas
3781 5740 3798 5762 ,

2215 5796 2417 5842 tantum
2451 5805 2514 5843 ne
2545 5790 2670 5844 mihi
2702 5792 2924 5860 imputes
2967 5807 3081 5862 qua:
3112 5792 3195 5848 illa
3226 5793 3517 5862 petulanter
3546 5793 3670 5863 egit.
3693 5788 3798 5845 Ne-
