4054 6324
105 415 228 472 δετ

101 544 220 599 que
264 527 416 584 enim
465 526 604 583 meis
650 523 1020 581 alieetionibus
1064 523 1315 578 incitatus
1353 534 1469 576 rem
1509 533 1631 574 cum
1657 532 1720 571 ea

104 618 299 683 habui,
333 630 392 674 ut
438 633 562 688 erga
592 633 708 673 eam
735 619 813 672 sic
834 613 1058 680 afﬁciar,
1101 624 1160 667 ut
1187 622 1374 669 contra
1414 611 1720 682 aequitatem

100 715 161 766 ei
203 711 542 782 patrociner.
572 711 697 767 Scio
722 725 880 780 quem
911 709 1001 763 tibi
1029 706 1255 764 debeam
1287 705 1586 771 honorem;
1617 719 1725 759 non

101 802 306 872 ignoro
335 801 655 857 famulorum
683 805 946 872 Ingratum
976 800 1235 855 animum.
1256 797 1410 853 Nulla
1448 795 1579 852 mihi
1609 795 1726 866 ejus

101 894 189 949 rei
234 907 369 949 cura
401 893 483 949 vel
514 892 651 946 ratio
681 909 694 946 :
731 906 895 947 unum
930 899 1134 946 tantum
1160 897 1245 946 est
1280 889 1368 944 cui
1409 887 1622 954 studeo,
1669 894 1728 955 ut,

103 993 162 1036 ιιι
199 997 440 1038 mairore
469 995 654 1038 careas
697 989 752 1038 et
781 981 1105 1048 turbatione,
1133 994 1198 1036 ac
1241 979 1295 1035 in
1326 979 1474 1034 omni
1521 978 1596 1034 sis
1629 976 1729 1033 ho-

105 1091 268 1129 nore.
1640 1089 1644 1114 ³

197 1163 256 1220 5.
299 1163 591 1237 Conjugum
635 1165 818 1236 σωρεία.
849 1193 922 1206 -
946 1163 1060 1219 Hoc
1086 1171 1171 1218 est
1213 1176 1399 1218 verum
1429 1160 1722 1218 contubero

99 1253 290 1322 nium,
324 1254 431 1312 hoc
476 1255 655 1310 mariti
683 1255 943 1320 officium,
967 1253 1184 1326 quando
1216 1270 1332 1319 non
1372 1269 1565 1326 magna
1604 1253 1728 1310 dili-

101 1347 302 1417 gentia
348 1345 417 1401 ad
464 1345 708 1403 mulieris
757 1355 963 1419 spectat
1008 1345 1194 1413 verba,
1228 1345 1325 1403 sed
1369 1345 1725 1403 imbecillitati

102 1451 283 1492 sexus
313 1437 484 1492 venia:
526 1437 771 1492 nonnihil
813 1437 1079 1504 concedit,
1114 1437 1218 1495 hoc
1257 1452 1422 1493 unum
1452 1446 1722 1509 satagens,

103 1537 170 1581 ut
199 1542 236 1584 e
263 1527 446 1584 medio
490 1529 710 1585 tollatur
745 1529 982 1597 tristitia,
1008 1538 1068 1587 et
1102 1545 1206 1602 pax
1235 1539 1398 1602 atque
1438 1530 1726 1587 concordia

104 1617 560 1688 eonstringantur
606 1619 828 1674 arctius.
887 1619 1121 1675 Audiant
1169 1620 1290 1688 viri,
1341 1629 1397 1676 et
1449 1621 1727 1688 imitentur

105 1707 244 1776 justi
272 1708 573 1778 leuitatem,
616 1717 672 1765 et
712 1719 917 1766 tantum
962 1711 1225 1768 honorem
1267 1727 1333 1769 ac
1366 1715 1724 1770 reverentiam

107 1799 438 1857 mulieribus
489 1801 745 1867 tribuant,
789 1810 844 1858 et
886 1811 1157 1874 tamquam
1205 1803 1458 1861 imbecilli
1505 1806 1727 1862 vasculo

107 1899 368 1958 parcant,
411 1900 472 1946 ut
514 1892 821 1950 concordia:
869 1895 1142 1951 vinculum
1193 1895 1402 1952 firmius
1443 1897 1721 1952 consistat.

109 1980 230 2037 illa:
260 1982 405 2037 enim
433 1998 575 2038 vera:
595 1994 722 2038 sunt
746 1983 970 2048 divitiae,
997 1985 1104 2041 illae
1128 1986 1379 2042 maxime
1413 1995 1539 2042 sunt
1560 1987 1726 2042 facul-

110 2081 284 2141 tates,
309 2072 358 2128 si
386 2073 467 2128 vir
487 2087 610 2130 cum
638 2073 864 2130 muliere
886 2089 992 2130 non
1021 2074 1313 2141 discordet,
1336 2075 1431 2132 sed
1448 2076 1723 2148 conjuncti

103 2164 229 2218 sint
256 2171 317 2218 ut
348 2178 543 2233 corpus
572 2180 758 2220 tinum.
784 2161 950 2219 Erunt
975 2167 1144 2229 enim,
1173 2166 1366 2238 inquit,
1385 2166 1488 2222 duo
1513 2169 1568 2223 in
1604 2183 1720 2222 car-

106 2270 236 2308 nem
265 2270 421 2307 unam
453 2252 607 2323 (Gen.
626 2253 682 2311 Ξ.
705 2255 823 2326 24).
856 2255 1016 2311 Tales
1041 2257 1144 2312 etsi
1176 2257 1229 2312 in
1258 2268 1573 2329 paupertate
1592 2259 1721 2324 sint,

107 2345 222 2400 etsi
253 2345 308 2400 in
340 2345 562 2414 vilitate,
601 2348 847 2404 omnium
872 2357 999 2404 sunt
1039 2348 1356 2419 beatissimi,
1383 2365 1568 2407 veram
1597 2367 1722 2424 per-

105 2436 327 2506 cipiunt
351 2436 702 2508 voluptatem,
725 2448 782 2495 et
815 2437 869 2494 in
906 2441 1158 2496 continua
1187 2440 1391 2513 degunt
1424 2445 1724 2515 tranquilli~

108 2536 267 2584 tate:
294 2527 436 2586 sicut
453 2539 640 2585 contra
665 2531 757 2601 qui
787 2530 887 2587 hac
914 2546 1021 2587 non
1052 2533 1323 2602 fruuntur,
1342 2533 1441 2590 sed
1459 2535 1725 2609 selotypia

108 2620 389 2685 laborant,
420 2628 475 2675 et
520 2621 720 2677 bonum
765 2624 913 2693 pacis
958 2625 1229 2691 amittunt,
1255 2626 1469 2682 etiamsi
1518 2630 1727 2699 magnis

107 2708 348 2766 amusnt
372 2709 590 2778 divitiis,
614 2713 825 2770 etiamsi
855 2723 1199 2785 sumptuosas
1225 2715 1457 2774 habeant
1485 2734 1723 2789 mensas,

108 2799 339 2856 ethmsi
383 2800 512 2856 clari
543 2801 744 2859 fuerint
773 2819 838 2861 ac
887 2806 1116 2875 nobiles,
1147 2808 1437 2865 miserrimi
1481 2810 1724 2868 omnium

108 2900 249 2945 sunt
282 2908 297 2943 :
329 2892 514 2973 turbas
542 2904 596 2949 et
625 2893 820 2951 ﬂuctus
845 2896 948 2951 sibi
980 2897 1219 2969 quotidie
1245 2900 1574 2973 excogitant,
1601 2916 1726 2960 sese

110 2981 355 3036 invicem
409 2969 689 3053 suspectos
735 2983 972 3054 habent,
1033 2987 1344 3059 nullamque
1385 2969 1722 3060 voluptatem

111 3073 330 3130 habere
373 3087 617 3146 possunt,
647 3080 860 3136 interno
916 3080 1060 3138 bello
1104 3083 1285 3138 omnia
1336 3084 1723 3156 confundente,

110 3163 456 3236 multamque
504 3167 584 3222 eis
622 3170 1033 3232 amaritudinem
1079 3172 1386 3230 invehente.
1413 3177 1611 3232 Verum
1637 3177 1727 3234 hic

111 3254 258 3310 nihil
291 3250 431 3324 tale;
460 3256 556 3312 sed
588 3260 890 3328 patriarcha
912 3261 1332 3333 indignationem
1353 3267 1728 3325 matrisJami-

111 3347 222 3404 lias
249 3362 349 3403 sua
379 3349 608 3418 placavit
633 3350 884 3420 lenitate,
924 3363 980 3409 et
1013 3354 1136 3410 data
1166 3355 1216 3412 ei
1245 3366 1431 3413 contra
1471 3360 1722 3417 ancillam

114 3446 413 3506 potestate,
433 3439 650 3497 domum
670 3457 803 3512 pace
827 3444 1070 3514 replevit.
1088 3444 1160 3500 Et
1179 3447 1357 3519 amisit
1378 3465 1510 3519 eam,
1531 3451 1723 3522 inquit,

113 3528 282 3596 Sara,
306 3530 574 3602 etaufugit
614 3549 647 3587 a
683 3535 814 3604 facie
839 3537 970 3606 ejus.
1009 3537 1295 3610 Postquam
1324 3541 1545 3599 domina
1584 3545 1726 3603 illius

113 3621 332 3690 punivit
359 3621 720 3692 insolentiam,
752 3625 927 3697 fugam
959 3627 1078 3684 iniit
1105 3631 1320 3686 ancilla.
1353 3632 1497 3691 Talis
1520 3638 1724 3694 scilicet

113 3726 403 3767 servorum
433 3729 552 3770 mos
583 3725 666 3772 est
695 3733 709 3771 :
740 3717 956 3788 quando
977 3734 1083 3775 non
1114 3723 1442 3790 permittitur
1468 3727 1548 3781 eis
1574 3743 1723 3784 more

111 3817 217 3860 suo
253 3818 436 3875 agere,
477 3802 580 3862 sed
617 3808 982 3879 impediuntur
1021 3826 1212 3868 eorum
1253 3825 1496 3882 conatus,
1543 3819 1721 3875 statim

113 3891 470 3952 dominorum
497 3899 672 3970 ruptis
691 3899 878 3969 frenis,
908 3901 1083 3974 fugam
1113 3915 1420 3974 capessunt.
1454 3906 1719 3965 (Ia-terum

112 3985 225 4040 hoc
255 3985 417 4041 etiam
447 3986 587 4053 vide,
610 3989 880 4058 quomodo
908 3993 1118 4048 ancilla:
1143 4007 1435 4064 supernum
1464 3998 1718 4053 auxilium

109 4090 225 4131 non
255 4073 417 4140 desit,
435 4077 652 4147 objusti
687 4078 939 4135 videlicet
967 4081 1250 4138 honorem.
1281 4083 1414 4140 Nam
1444 4088 1567 4156 quia
1589 4087 1718 4157 justi

111 4180 307 4222 semen
338 4166 474 4222 intra
514 4182 574 4224 se
605 4169 849 4238 gerebat,
882 4170 1002 4226 ideo
1026 4181 1080 4226 ct
1112 4174 1288 4245 angeli
1319 4187 1594 4245 aspectum
1637 4180 1718 4234 vi-

111 4255 251 4311 dere
275 4257 489 4311 meruit.
513 4257 565 4312 7.
593 4256 792 4314 Invenit
818 4261 962 4315 enim
991 4279 1126 4327 eam,
1157 4265 1348 4335 inquit,
1374 4269 1585 4339 angelus
1613 4269 1717 4324 Do-

113 4347 247 4401 inini
287 4363 447 4418 prope
480 4351 671 4420 fontem
713 4366 862 4421 aqua
911 4352 965 4406 in
1012 4354 1303 4422 solitudine,
1349 4357 1402 4411 in
1455 4359 1536 4412 via
1588 4359 1716 4417 Sur.

110 4437 417 4498 Considera
463 4439 848 4511 benignitatem
898 4442 1146 4510 Domini,
1190 4446 1462 4514 quomodo
1513 4449 1716 4504 nullum

112 4526 401 4597 deSpiciat,
421 4527 516 4583 sed
540 4529 752 4585 etiamsi
773 4545 961 4586 servus
980 4532 1049 4587 sit
1075 4532 1155 4588 vel
1176 4535 1390 4602 ancilla,
1413 4551 1564 4592 suam
1591 4554 1716 4610 erga

111 4633 244 4673 eum
271 4618 510 4674 declaret
539 4619 948 4689 providentiam,
969 4637 1075 4677 non
1104 4623 1171 4679 ad
1197 4624 1516 4696 dignitatum
1546 4631 1718 4701 respi-

112 4712 270 4766 ciens
299 4709 681 4780 dill‘erentiam,
725 4712 820 4769 sed
864 4713 930 4769 ad
976 4715 1169 4771 animae
1213 4717 1572 4776 affectionem.
1621 4722 1719 4778 llic

112 4813 302 4858 autem
333 4818 438 4858 non
468 4816 688 4874 propter
710 4806 924 4860 ancilla:
956 4808 1208 4863 meritum
1244 4811 1466 4880 angelus
1492 4813 1712 4880 assistit,

113 4893 213 4950 sed
244 4893 316 4949 ob
336 4891 596 4950 honorem
621 4895 773 4965 justi.
803 4894 934 4950 Nam
956 4897 1092 4952 sient
1117 4897 1247 4964 dixi,
1276 4901 1433 4972 digna
1458 4911 1577 4958 erat
1594 4921 1715 4976 qua:

111 4999 224 5039 non
279 4984 657 5055 negligeretur,
689 5001 755 5042 eo
782 4986 923 5057 quod
955 4987 1112 5058 digna
1157 4989 1345 5046 fuisset
1378 5008 1497 5062 qua:
1527 5010 1712 5052 semen

106 5075 248 5144 justi
276 5077 591 5146 susciperet.
621 5076 674 5132 8.
712 5075 775 5132 Et
802 5085 856 5130 ut
880 5094 992 5132 eam
1011 5077 1198 5133 invenit
1221 5081 1452 5152 angelus,
1480 5085 1610 5140 dixit
1632 5088 1714 5143 ei:

79 5231 86 5237 ί
114 5170 260 5238 Agar
280 5167 469 5220 ancilla
495 5165 663 5231 Sorte,
683 5167 816 5222 unde
837 5169 992 5233 venis,
1015 5179 1063 5224 et
1089 5186 1187 5239 quo
1210 5172 1349 5227 vadis
1367 5174 1393 5226 ?
1425 5173 1555 5231 Vide
1581 5191 1716 5246 quo-

113 5259 282 5314 modo
311 5267 366 5312 et
405 5261 579 5334 angeli
609 5260 749 5315 dicta
779 5276 898 5316 eam
931 5262 981 5316 in
1025 5264 1338 5319 memoriam
1383 5281 1492 5322 sua:
1521 5268 1714 5322 condi-

115 5351 283 5406 tionis
332 5350 607 5406 inducant.
655 5351 787 5408 Nam
836 5365 894 5409 ut
941 5355 1281 5411 attentiorem
1332 5373 1450 5412 eam
1501 5360 1710 5425 reddat,

114 5441 301 5495 statim
330 5441 744 5511 appellationem
773 5445 1006 5500 nominis
1035 5447 1150 5514 ejus
1182 5448 1234 5501 in
1271 5448 1505 5503 medium
1536 5451 1710 5518 all'ert,

115 5540 166 5584 ct
196 5531 330 5584 dicit
356 5547 368 5584 :
410 5532 568 5602 Agar.
597 5533 841 5588 Solemus
865 5537 1008 5590 enim
1040 5536 1348 5608 diligentius
1383 5543 1709 5612 auscultare,

115 5621 334 5687 quando
380 5622 684 5678 nominibus
733 5626 931 5680 nostris
991 5642 1258 5684 vocamur.
1312 5631 1512 5687 Deinde
1559 5633 1709 5702 dicit,

119 5707 322 5764 Ancilla
343 5710 529 5768 Sane:
556 5730 664 5785 quo
698 5717 967 5773 recordari
997 5735 1114 5774 eam
1134 5721 1286 5792 jubet
1310 5725 1546 5779 domina:
1574 5743 1709 5794 sum,

118 5807 172 5852 ut
212 5799 353 5855 sciat
392 5819 470 5874 se,
503 5806 625 5862 licet
667 5809 933 5879 particeps
979 5809 1134 5868 luerit
1177 5813 1356 5871 herilis
1402 5817 1542 5887 lecti,
1577 5828 1714 5874 atta-

1123 405 1187 460 ῙΝ
1226 403 1379 463 CAP.
1422 402 1559 462 XVI.
1603 394 1852 458 GENES.
1899 393 2125 452 ﬂO‘MlL.
2171 389 2455 450 XXXVIII.

3327 387 3436 447 358

1837 524 1960 565 men
1991 508 2263 566 dominam
2305 520 2600 579 agnoscere
2638 505 2839 564 debere
2876 505 3089 564 Soram.
3116 503 3250 562 Vide
3276 504 3438 580 igitur

1832 599 2084 671 angelum
2113 600 2557 671 interrogantem,
2591 608 2649 653 ut
2688 613 2806 654 eam
2834 597 2901 654 ad
2930 596 3293 669 respondendi
3338 613 3436 653 ne-

1831 693 2137 747 cessitatem
2165 700 2406 762 cogeret.
2440 688 2609 754 Unde,
2631 689 2824 761 inquit,
2845 703 2988 745 nunc
3012 688 3063 745 in
3090 687 3437 744 solitudinem

1834 773 1978 840 hanc
2026 783 2315 854 advenisti,
2347 796 2401 840 et
2429 799 2538 854 quo
2561 781 2886 840 muniendis?
2935 783 3115 854 Atque
3138 783 3210 838 ob
3239 782 3342 838 hoc
3385 784 3438 838 in

1833 873 1934 930 hac
1959 874 2252 931 solitudine
2279 883 2561 946 comparet
2584 877 2828 946 angelus,
2847 882 2907 931 ut
2933 889 3000 931 ne
3026 883 3177 946 putet
3204 875 3439 945 aliquem

1833 981 1901 1022 ex
1947 967 2255 1037 vulgaribus
2301 967 2599 1022 viatoribus
2643 982 2766 1023 eum
2809 981 2932 1023 esse
2973 965 3064 1037 qui
3110 965 3444 1037 interrogat:

1833 1057 2069 1112 solitudo
2093 1051 2235 1113 enim
2265 1069 2402 1126 erat,
2431 1065 2487 1114 et
2517 1057 2695 1114 nullus
2738 1057 2878 1113 alius
2919 1057 3108 1114 aderat
3137 1054 3242 1113 z'ut
3283 1060 3444 1130 igitur

1833 1146 1973 1202 scire
2000 1149 2168 1217 possit
2195 1165 2302 1204 non
2331 1163 2454 1205 esse
2485 1149 2765 1220 vulgarem
2795 1148 3054 1220 aliquem,
3075 1149 3167 1220 qui
3197 1149 3297 1205 sibi
3326 1151 3444 1207 eol-

1834 1234 2091 1308 loquitur,
2119 1248 2406 1310 eapropter
2451 1237 2503 1293 in
2527 1253 2714 1295 eremo
2742 1240 3011 1310 apparuit,
3042 1248 3097 1294 et
3139 1240 3444 1296 sciscitatus

1833 1322 1980 1380 illam
2011 1336 2095 1383 est
2127 1346 2140 1382 :
2188 1327 2252 1382 Et
2277 1328 2442 1397 inquit
2471 1327 2558 1383 illa
2591 1347 2605 1382 :
2640 1329 2682 1382 Α
2713 1329 2846 1401 facie
2871 1329 3022 1384 Sara:
3049 1329 3279 1385 domina
3317 1345 3446 1386 mea

1831 1433 1925 1490 ego
1951 1419 2118 1491 fugio.
2143 1416 2310 1476 Vides
2337 1418 2611 1490 quomodo
2648 1433 2754 1474 non
2782 1428 2942 1490 negat
2961 1419 3317 1487 dominatum,
3344 1420 3442 1476 sed

1831 1510 2120 1565 OOIIﬂleltll‘
2146 1525 2273 1566 vere
2294 1511 2515 1565 omnia?
2541 1509 2658 1566 Non
2684 1519 2789 1576 est,
2820 1510 3014 1579 inquit,
3042 1504 3205 1566 homo
3233 1512 3324 1581 qui
3355 1511 3441 1567 ln-

1833 1607 2090 1670 terrogat,
2140 1611 2197 1655 ut
2229 1601 2442 1672 possim
2470 1600 2743 1672 decipere.
2779 1600 3018 1656 Primum
3063 1601 3200 1657 dixit
3244 1617 3442 1659 nomen

1833 1704 2036 1759 meum,
2061 1701 2118 1747 et
2144 1689 2378 1746 domina:
2399 1706 2537 1746 mete
2564 1690 2812 1746 meminit
2841 1709 2854 1745 :
2886 1707 2983 1762 par
3003 1700 3087 1747 est
3113 1693 3275 1764 igitur
3297 1703 3355 1746 ut
3387 1703 3446 1748 et

1831 1793 1933 1850 ego
1961 1780 2142 1836 omnia
2169 1795 2298 1836 vere
2333 1781 2529 1836 dicam.
2554 1781 2596 1835 Α
2625 1781 2777 1853 facie,
2805 1781 2998 1852 inquit,
3033 1781 3185 1838 Sara:
3223 1785 3445 1839 domina

1831 1887 1958 1926 mete
1985 1889 2075 1944 ego
2114 1873 2277 1945 fugio.
2322 1872 2455 1929 Vide
2483 1874 2755 1944 quomodo
2799 1874 2933 1930 citra
2965 1873 3150 1929 odium
3196 1876 3445 1932 meminit

1831 1964 2086 2021 dominae.
2113 1964 2230 2023 Non
2266 1968 2423 2036 dixit,
2452 1968 2536 2024 Me
2565 1968 2758 2025 afﬂixit
2789 1988 2802 2024 :
2837 1986 2943 2026 non
2988 1970 3145 2035 dixit,
3177 1972 3261 2029 Me
3301 1973 3444 2028 male

1833 2058 2137 2128 mulctavit,
2167 2075 2274 2116 non
2308 2074 2525 2131 possum
2549 2062 2692 2118 ferre
2732 2064 3036 2120 molestiam
3058 2065 3198 2136 ejus,
3230 2075 3286 2122 et
3313 2066 3445 2124 ideo

1830 2147 2012 2221 fugam
2042 2151 2134 2208 inii
2160 2171 2177 2208 ι
2209 2153 2341 2209 nihil
2369 2169 2621 2225 asperum
2652 2155 2871 2227 loquuta
2896 2167 3000 2226 est,
3029 2158 3125 2214 sed
3157 2159 3332 2214 solum
3359 2174 3446 2216 se.

1831 2240 2004 2310 ipsam
2031 2251 2090 2297 ut
2110 2242 2385 2314 fugitivam
2416 2245 2916 2303 accusavit.Vidisti
2936 2249 3053 2316 ejus
3083 2250 3445 2319 probitatem?

1833 2328 1970 2388 Vide
1995 2332 2124 2403 quid
2145 2333 2352 2390 .iterum
2390 2335 2614 2406 angelus
2639 2336 2690 2392 ei
2730 2336 2888 2393 dixit.
2931 2337 2985 2393 9.
3020 2337 3166 2394 Dixit
3199 2350 3369 2404 autem
3399 2344 3446 2398 ei

1830 2422 2045 2494 angelus
2090 2422 2339 2480 Domini:
2375 2424 2645 2482 Revertere
2670 2427 2740 2482 ad
2782 2427 3044 2484 dominam
3083 2441 3243 2498 tuam,
3275 2442 3322 2488 et
3348 2434 3446 2488 liu-

1833 2514 2155 2578 miliarersub
2181 2516 2418 2572 manibus
2444 2518 2576 2589 ejus.
2603 2518 2687 2574 Ad
2717 2519 2819 2576 hoc
2847 2520 3090 2592 quidem,
3109 2523 3252 2592 quod
3271 2525 3443 2581 dixit:

1831 2605 1876 2659 Α
1904 2607 2039 2678 facie
2062 2608 2286 2664 domina
2314 2624 2440 2664 meai
2464 2611 2628 2682 fugio,
2658 2611 2852 2682 inquit,
2880 2611 3169 2681 Revertere,
3193 2624 3249 2670 ct
3276 2632 3346 2672 ne
3368 2618 3447 2673 sis

1835 2695 2040 2768 ingrata
2084 2713 2212 2769 erga
2257 2699 2532 2756 dominam
2584 2710 2752 2767 tuam,
2779 2717 2899 2774 qua:
2936 2705 3007 2760 de
3054 2714 3107 2761 te
3152 2719 3260 2762 tam
3308 2708 3448 2765 bene

1831 2789 2024 2845 merita
2055 2800 2160 2847 est.
2192 2791 2417 2859 Deinde,
2445 2794 2570 2865 quia
2614 2810 2683 2851 ex
2710 2794 2849 2852 fastu
2878 2807 2934 2852 et
2960 2797 3212 2870 superbia
3249 2803 3448 2858 mentis

1830 2877 2106 2936 dominam
2134 2896 2286 2938 suam
2316 2885 2368 2937 in
2415 2885 2550 2938 iram
2572 2885 2926 2955 excitaverat,
2958 2888 3150 2958 inquit,
3180 2888 3248 2943 Ει
3275 2891 3448 2947 humi-

1831 2970 1960 3026 liore
2001 2973 2096 3028 sub
2133 2975 2366 3030 manibus
2406 2979 2540 3047 ejus,
2567 2978 2809 3048 subjecta
2850 2989 2971 3035 esto
3007 2982 3056 3037 ei
3090 3001 3105 3038 :
3155 2983 3260 3039 hoc
3297 2986 3442 3041 enim

1831 3062 1928 3119 tibi
1952 3064 2214 3135 proderit.
2243 3069 2492 3139 Agnosce
2532 3072 2878 3139 servitutem,
2908 3087 2976 3128 ne
3015 3074 3230 3145 ignores
3271 3076 3448 3134 domi-

1833 3154 2005 3222 nium,
2030 3155 2163 3211 nihil
2191 3158 2422 3216 sublime
2451 3161 2649 3230 sapito,
2675 3177 2742 3217 ne
2768 3163 2890 3232 plus
2917 3163 2988 3219 de
3015 3173 3069 3221 te
3091 3181 3252 3237 quam
3283 3184 3447 3241 opor-

1834 3257 1912 3304 tet
1965 3251 2218 3307 sentias:
2269 3249 2564 3308 Humiliare
2604 3255 2697 3309 sub
2742 3256 2974 3312 manibus
3015 3258 3147 3328 ejus,
3197 3275 3444 3332 magnam

1832 3355 1944 3413 prae
1980 3351 2032 3398 te
2058 3343 2136 3399 fer
2165 3343 2552 3400 obedientiam.
2581 3345 2727 3402 Satis
2753 3348 2872 3417 ejus
2901 3348 3138 3405 animam
3166 3351 3445 3411 demulse-

1836 3440 1961 3487 rant
1987 3434 2162 3506 angeli
2185 3434 2348 3504 dicta,
2376 3444 2538 3508 atque
2559 3439 2678 3508 ejus
2707 3439 2956 3510 spiritum
2984 3455 3444 3514 compresserant,

1833 3524 1966 3579 satis
2003 3525 2347 3582 frenavcrant
2372 3528 2489 3599 ejus
2525 3529 2882 3600 iracundiam,
2911 3532 3134 3590 multam
3163 3536 3218 3591 in
3244 3535 3449 3610 cogita-

1831 3615 2069 3672 tionibus
2097 3619 2450 3674 serenitatem
2469 3619 2726 3676 fecerant.

1904 3711 1957 3766 6.
2003 3710 2204 3768 Deinde
2230 3728 2299 3768 ne
2326 3723 2476 3784 putet
2504 3725 2710 3772 temere
2740 3726 2795 3774 et
2818 3718 3028 3791 absque
3053 3735 3217 3778 causa
3246 3737 3308 3780 se
3344 3723 3446 3780 hu-

1824 3799 2063 3871 jusmodi
2113 3804 2452 3874 providentia
2499 3806 2773 3878 dignatam
2821 3824 2975 3878 esse,
3026 3813 3125 3868 sed
3167 3813 3342 3870 discat
3382 3827 3447 3872 se

1831 3903 2052 3964 propter
2076 3910 2264 3951 semen
2298 3898 2430 3967 justi
2475 3907 2680 3954 tantam
2709 3901 3142 3957 benevolentiam
3183 3919 3447 3976 assequu—

1832 3994 1940 4039 tam
1979 4000 2122 4053 esse,
2155 3987 2277 4043 vide
2301 3988 2574 4058 quomodo
2607 4005 2728 4045 eam
2758 3992 3092 4060 consolatur,
3121 4003 3179 4049 et
3204 4005 3442 4053 mentem

1830 4075 1950 4145 ejus
1972 4077 2156 4148 erigit,
2188 4086 2242 4132 et
2270 4079 2700 4136 consolationem
2729 4081 2843 4147 dat,
2867 4098 2991 4153 qua:
3030 4084 3249 4142 abunde
3290 4089 3444 4144 sum-

1829 4166 1958 4231 ciat,
1977 4181 2097 4223 cum
2123 4167 2193 4222 ita
2221 4169 2525 4240 subjmigit:
2546 4170 2730 4250 ίοκΕι
2749 4173 2944 4229 diaihei
2963 4177 3177 4246 angelus
3197 4176 3411 4236 Domini
3423 4198 3444 4237 :

1835 4257 2193 4329 Mulliplicans
2219 4261 2571 4330 multiplicabo
2599 4279 2770 4317 semen
2801 4273 2965 4330 tuum,
2999 4274 3048 4319 et
3071 4283 3180 4335 pra
3212 4271 3445 4325 multitu-

1832 4353 1953 4406 dine
1975 4368 2076 4406 non
2105 4353 2471 4416 numerabitur.
2503 4354 2567 4409 Et
2599 4355 2716 4422 tibi,
2745 4355 2940 4426 inquit,
2969 4357 3204 4428 praedico
3232 4368 3440 4417 tantum

1837 4440 1954 4497 fore
1998 4457 2184 4499 semen
2235 4453 2403 4510 tuum,
2437 4453 2494 4499 ut
2536 4460 2713 4516 neque
2744 4462 2974 4503 numero
3015 4448 3312 4520 subjaceat.
3363 4453 3444 4510 Ne

1838 4531 2000 4602 igitur
2038 4542 2232 4588 maesta
2277 4535 2373 4600 sis,
2405 4550 2582 4605 neque
2610 4536 2961 4606 suceumbas,
2994 4555 3170 4610 neque
3207 4543 3444 4601 lnrberis

1837 4623 2042 4691 animo,
2075 4624 2168 4680 sed
2198 4640 2308 4696 pra:
2337 4634 2388 4682 te
2419 4625 2498 4681 fer
2521 4642 2739 4683 omnem
2778 4629 3164 4687 obedientiam.
3189 4633 3276 4689 il.
3306 4633 3445 4691 Ecce

1838 4718 1973 4771 enim
2001 4727 2202 4772 uterum
2243 4719 2394 4788 geris,
2424 4727 2471 4772 et
2497 4721 2666 4788 paries
2707 4721 2893 4789 ﬁlium,
2924 4732 2973 4776 et
3011 4724 3214 4780 vocabis
3256 4743 3442 4783 nomen

1824 4810 1938 4880 ejus
1981 4807 2196 4865 Ismael.
2227 4809 2375 4876 ideo,
2403 4809 2596 4880 inquit,
2626 4820 2683 4868 et
2713 4820 2925 4882 partum
2957 4813 3057 4870 tibi
3087 4815 3351 4885 praedico,
3383 4829 3440 4873 et

1824 4917 2021 4958 nomen
2042 4903 2154 4971 jam
2192 4901 2416 4972 impono
2444 4916 2612 4972 puero
2636 4903 2727 4973 qui
2759 4915 3032 4970 nascetur,
3053 4916 3114 4960 ut
3145 4919 3206 4961 re
3231 4908 3437 4964 certius

1822 5003 2122 5062 comperta,
2142 4991 2220 5046 sic
2243 4991 2589 5063 regrediaris,
2608 5002 2664 5047 et
2683 4993 2939 5050 emendes
2959 4994 3104 5064 quod
3126 4995 3434 5067 deliquisti:

1826 5083 1959 5151 Quia
2000 5082 2193 5136 audivit
2226 5081 2473 5136 Dominus
2498 5084 2834 5138 humilitatem
2863 5093 3025 5140 tuam.

1899 5176 2160 5241 Quantum
2203 5191 2548 5229 aerumnarum
2593 5177 2813 5231 lucrum.
2840 5206 2912 5217 -—
2957 5176 3094 5233 llinc
3133 5177 3432 5238 discamus.

1823 5278 2081 5338 quantum
2113 5267 2182 5321 sit
2213 5266 2266 5322 in
2297 5265 2684 5322 afﬂictionibus
2722 5268 2952 5333 lucrum,
2988 5279 3187 5341 quanta
3217 5271 3440 5327 calami-

1826 5364 1950 5417 tatis
1982 5359 2205 5414 utilitas.
2247 5359 2535 5430 Postquam
2567 5362 2711 5415 enim
2752 5363 3000 5427 secessit,
3040 5374 3093 5417 et
3133 5363 3288 5420 dolor
3329 5379 3430 5419 ano

1827 5462 1947 5508 ctus
1969 5462 2079 5519 est,
2096 5451 2382 5520 multisque
2409 5451 2739 5507 circumdata
2766 5465 2848 5509 est
2875 5454 3224 5510 afﬂictionum
3257 5457 3433 5512 mole—

1829 5547 1967 5610 Stiis,
2001 5547 2053 5598 in
2097 5544 2405 5609 solitudine,
2438 5545 2490 5599 in
2520 5545 2738 5602 deserto
2783 5558 2835 5604 et
2881 5549 3140 5620 angustiis
3185 5566 3443 5620 versnns,

1826 5646 1949 5707 post
1999 5643 2201 5689 tantam
2249 5635 2696 5705 prosperitatcm,
2726 5650 2781 5693 et
2827 5649 3107 5710 postquam
3157 5643 3209 5696 in
3248 5659 3442 5713 parem

1828 5742 1950 5781 cum
1999 5725 2214 5780 domina
2274 5742 2368 5780 sua
2425 5727 2742 5796 dignitatem
2794 5742 2979 5786 evecta
3037 5730 3263 5799 fuisset;
3312 5733 3447 5790 ideo

1831 5820 2188 5876 accclcratum
2242 5830 2392 5876 nacta
2448 5829 2531 5893 est
2591 5823 2906 5879 subsidium.
2971 5825 3095 5882 llaec
3147 5825 3446 5884 enimtib'a
