4054 6324
688 367 793 423 359

687 489 867 547 erunt,
887 477 1079 549 inquit,
1097 491 1215 550 quae
1237 473 1478 548 promisi,
1497 483 1548 528 et
1579 472 1756 543 paries
1781 471 1967 536 filium,
1995 477 2050 523 et
2076 483 2260 525 semen

691 583 839 628 tuum
865 570 1250 629 innumerabile
1287 567 1410 633 erit,
1446 565 1577 635 Quia
1619 565 1872 619 exaudivit
1901 562 2143 617 Dominus
2168 560 2265 613 lus-

685 666 951 720 militatem
977 674 1134 717 tuam.
1159 657 1237 717 Ne
1261 659 1419 730 igitur
1439 657 1700 728 gravatim
1739 655 1990 719 feramus,
2022 653 2065 706 si
2097 652 2265 707 mole-

685 758 802 810 stiis
836 754 1193 827 prementibus
1222 751 1580 807 humiliemur.
1609 749 1752 804 Nihil
1784 749 1926 803 enim
1973 748 2043 801 ita
2068 757 2266 800 nostra:

689 859 892 902 natum
935 843 1204 910 conducit,
1235 853 1293 899 ut
1335 858 1453 898 sese
1497 841 1840 905 submittere,
1885 849 1939 895 et
1986 837 2267 893 humiliore

686 936 974 1008 superbum
1017 935 1286 1005 spiritum,
1313 942 1368 989 et
1410 933 1643 989 inﬂatam
1684 941 1916 986 mentem
1943 928 2263 1000 deprimere.

684 1030 831 1084 Tunc
871 1031 1013 1082 enim
1062 1044 1158 1082 nos
1190 1028 1354 1097 magis
1398 1025 1546 1079 audit
1580 1025 1858 1087 Dominus,
1903 1022 2116 1093 quando
2143 1035 2264 1075 eum

679 1119 867 1173 dolore
914 1118 1109 1170 animae
1139 1125 1192 1170 et
1233 1114 1395 1170 corde
1433 1115 1667 1169 contrito
1715 1114 1886 1183 ipsum
1938 1112 2263 1176 invocamus,

686 1207 940 1278 majorem
987 1209 1036 1261 in
1082 1206 1330 1276 precibus
1355 1204 1719 1259 assiduitatem
1749 1203 2099 1257 adhibentes:
2134 1198 2268 1266 Quia

683 1297 871 1351 audiuit
918 1296 1168 1351 Dominus
1215 1296 1549 1348 humilitatem
1583 1305 1745 1366 tuam.
1797 1293 1984 1347 Postea
2031 1290 2268 1361 praedicit

683 1389 834 1461 pueri
859 1389 948 1459 qui
983 1390 1286 1443 nasciturus
1303 1397 1416 1440 erat
1443 1385 1696 1440 studium.
1719 1385 1804 1437 l2.
1829 1382 1926 1436 llic
1941 1383 2055 1449 erit,
2076 1383 2262 1451 inquit,

682 1480 891 1549 agrestis
936 1478 1085 1532 homo
1129 1493 1147 1532 :
1197 1493 1373 1529 manus
1413 1475 1521 1544 ejus
1565 1481 1741 1526 contra
1787 1488 1979 1536 omnes,
2009 1482 2052 1524 et
2087 1488 2268 1525 manus

687 1572 912 1625 omnium
940 1580 1116 1623 contra
1145 1583 1293 1622 eum:
1323 1577 1367 1620 et
1396 1574 1570 1618 contra
1602 1565 1779 1635 faciem
1808 1563 2029 1616 onmium
2050 1564 2265 1634 fratrum

684 1678 891 1716 suorum
921 1659 1182 1713 habitabit.
1213 1655 1457 1712 l’rtedicit
1482 1657 1552 1722 ei,
1575 1655 1720 1708 illum
1749 1654 1952 1708 virilem
1982 1663 2036 1708 et
2077 1654 2264 1707 fortem

685 1754 915 1807 futurum
946 1766 1089 1817 esse,
1132 1749 1468 1811 bellatorem,
1501 1763 1563 1801 ac
1595 1757 1749 1802 terra:
1777 1745 2016 1800 colenda:
2055 1754 2267 1798 vacatu-

684 1842 1030 1898 rum.Vidisti
1053 1859 1117 1898 ex
1145 1842 1207 1896 iis
1240 1857 1356 1910 quae
1379 1841 1429 1895 in
1461 1840 1708 1894 ancillam
1739 1852 1884 1909 gesta
1910 1847 2267 1907 sunt,quanto

683 1935 735 1986 in
770 1933 974 1987 honore
998 1942 1143 1987 esset
1186 1931 1528 2000 patriarcha?
1559 1928 1824 1998 Quidquid
1868 1928 2008 1982 enim
2053 1928 2125 1981 illi
2165 1928 2266 1980 im—

684 2038 908 2091 pensum
938 2030 1041 2087 est,
1076 2013 1285 2075 Domini
1319 2021 1372 2073 in
1405 2020 1607 2087 justum
1638 2018 2062 2074 benevolentiam
2087 2026 2270 2070 osten-

682 2113 778 2165 dit.
816 2111 940 2166 llaec
984 2112 1069 2165 ubi
1098 2111 1317 2179 angelus
1343 2109 1608 2163 consuluit
1632 2116 1684 2161 et
1717 2107 1883 2161 felicia
1934 2106 2268 2159 annuntiavit

684 2203 865 2271 Agari,
895 2205 1144 2255 recessit.
1166 2201 1429 2254 Caeterum
1459 2197 1580 2253 vide
1620 2199 1810 2252 iterum
1843 2197 2047 2251 ancilla:
2087 2197 2267 2268 probi-

683 2302 868 2347 tatem.
919 2293 1006 2347 13.
1041 2291 1105 2344 Et
1140 2290 1356 2354 vocavit,
1414 2289 1613 2359 inquit,
1669 2304 1847 2342 nomen
1899 2286 2129 2353 Domini,
2184 2288 2268 2357 qui

681 2380 974 2452 loquebatur
999 2381 1093 2433 sibi
1115 2396 1133 2433 :
1154 2377 1232 2433 Tu
1260 2396 1311 2433 es
1334 2377 1492 2444 Deus,
1515 2380 1599 2447 qui
1626 2378 1790 2431 vidisti
1821 2395 1899 2431 me
1928 2394 1946 2431 :
1968 2379 2085 2447 quia
2106 2379 2267 2432 dixit:

681 2471 886 2526 Ftenint
916 2489 1086 2525 coram
1117 2472 1218 2525 vidi
1243 2488 1356 2525 eum
1382 2471 1466 2540 qui
1496 2471 1730 2538 apparuit
1759 2470 1900 2523 mihi.
1931 2471 2014 2524 Η.
2047 2469 2268 2540 Propter

688 2567 774 2617 l'oc
807 2564 994 2617 uocauit
1017 2573 1242 2632 puteum,
1267 2562 1481 2615 Puteum
1505 2563 1587 2615 ubi
1609 2579 1778 2615 coram
1805 2561 1926 2624 vidi,
1947 2563 2076 2613 inter
2101 2559 2265 2615 Cades

679 2667 726 2709 et
753 2657 880 2710 inter
900 2653 1122 2708 Baraeh.
1143 2654 1278 2710 Vide
1299 2655 1567 2724 quomodo
1593 2663 1644 2707 et
1673 2654 1786 2706 inec
1807 2653 1933 2707 velit
1956 2663 2264 2724 perpetuam

682 2748 993 2801 memoriam
1042 2745 1229 2800 indere
1276 2747 1392 2800 loco
1449 2759 1540 2814 per
1567 2745 1809 2798 vocabuli
1849 2745 2262 2814 impositionem.

685 2837 908 2890 Vocavit
936 2837 1076 2889 enim
1124 2837 1319 2902 locum,
1358 2834 1577 2888 Puteum
1603 2834 1687 2889 ubi
1731 2852 1900 2888 coram
1927 2837 2048 2889 uidi.
2074 2835 2266 2891 Vidisti

679 2940 730 2983 et
763 2928 1013 2981 ancillam
1059 2928 1310 2995 paulatim
1351 2942 1416 2981 ex
1447 2927 1827 2980 afﬂictionibus
1867 2927 2141 2996 aliquanto
2169 2942 2265 2981 ca-

689 3017 1050 3086 stigatioribus
1091 3016 1328 3070 moribus
1360 3016 1495 3083 ficri,
1519 3026 1573 3070 et
1595 3026 1802 3086 gratum
1831 3017 2066 3070 animum
2112 3031 2264 3070 suum

678 3108 950 3161 declarare
976 3121 1100 3176 erga
1142 3104 1401 3160 beneficia
1445 3105 1641 3174 quibus
1684 3107 1948 3159 cumulata
1998 3105 2188 3171 fuerat,
2213 3113 2269 3159 et

679 3200 904 3268 gratiam
939 3199 1131 3267 quibus
1161 3198 1351 3266 potuit,
1393 3195 1597 3250 referre
1629 3196 1980 3264 providentia:
2006 3211 2126 3265 qua:
2153 3205 2270 3248 tan-

682 3300 789 3342 tum
838 3287 1003 3356 ipsius
1031 3295 1270 3356 gesserat
1313 3285 1535 3340 curam?
1586 3285 1673 3340 l5.
1705 3283 1772 3338 Et
1819 3287 2030 3356 peperit,
2076 3285 2266 3355 inquit,

685 3381 821 3450 Agar
846 3379 992 3434 Abrat
1021 3379 1212 3446 ﬁlium,
1247 3389 1292 3432 et
1317 3379 1508 3431 vocavit
1539 3378 1725 3430 Abram
1752 3393 1930 3431 nomen
1963 3378 2091 3447 ejus,
2120 3394 2264 3447 quem

690 3471 880 3543 peperit
909 3470 1002 3525 sibi
1032 3471 1188 3540 Agar,
1221 3469 1429 3522 lsmael.

750 3566 806 3619 7.
870 3564 1169 3618 Exhortatio
1230 3562 1299 3614 ad
1356 3561 1683 3631 patientiam,
1746 3560 2175 3614 mansuetudinem
2222 3571 2268 3613 et

678 3656 1020 3710 concordiam.
1056 3653 1200 3710 Uxor
1219 3653 1446 3723 adjutria:
1470 3653 1562 3706 οἱτί
1587 3651 2084 3719 quomodo.—lline
2105 3651 2265 3704 disci-

683 3761 801 3799 mus
829 3754 1082 3815 quantum
1117 3745 1311 3798 bonum
1349 3745 1414 3798 sit
1444 3742 1814 3807 mansuetudo,
1847 3752 2099 3812 quantmn
2140 3742 2268 3796 lucri

683 3835 916 3900 habeat,
966 3844 1018 3888 et
1063 3834 1244 3904 quanti
1295 3834 1496 3888 fructus
1541 3848 1605 3887 ex
1654 3832 2029 3887 afﬂictionibus
2075 3848 2269 3902 prove-

671 3928 845 3981 niant.
878 3925 1008 3980 Nam
1037 3924 1445 3978 mansuetudine
1489 3923 1787 3991 patriarcha
1827 3925 2052 3992 placavit
2079 3924 2266 3978 Suram

677 4013 1171 4084 indignabundam,
1219 4024 1274 4067 et
1331 4013 1536 4084 famulae
1601 4021 1917 4082 potestatem
1978 4012 2026 4066 ei
2092 4010 2268 4078 dedit,

691 4105 1015 4174 domumque
1057 4121 1188 4173 pace
1237 4105 1490 4173 replevit,
1523 4105 1821 4159 afllietionis
1850 4114 2027 4159 autem
2072 4103 2271 4159 fruetus

685 4199 741 4250 in
768 4198 957 4253 ancilla
989 4197 1169 4251 videre
1213 4198 1353 4251 licet.
1386 4197 1518 4263 Quia
1567 4209 1840 4266 postquam
1883 4197 1951 4252 ab
1983 4199 2108 4252 hera
2137 4197 2273 4252 afﬂi-

681 4296 765 4340 «ιω
794 4287 953 4357 fugit,
980 4295 1034 4340 et
1074 4289 1295 4339 multum
1333 4301 1630 4342 a-rumnosa
1682 4286 1808 4352 fuit,
1845 4301 1908 4340 ac
1951 4301 2071 4340 cum
2106 4288 2268 4341 animi

681 4377 866 4431 dolore
917 4377 1194 4431 Dominum
1246 4375 1542 4441 invocavit,
1611 4377 1787 4429 statim
1827 4391 2109 4446 supernam
2138 4378 2266 4432 visi-

684 4469 933 4524 tationem
965 4480 1246 4538 assequnta
1273 4477 1373 4522 est.
1402 4468 1466 4522 Ut
1494 4468 1636 4521 enim
1681 4467 1847 4519 discat
1872 4481 1930 4521 se
1968 4481 2061 4534 per
2087 4467 2264 4521 humi-

683 4561 885 4616 litatem
930 4570 984 4614 et
1016 4560 1356 4615 afﬂictionem
1415 4568 1555 4612 tanta
1615 4557 1945 4626 providentia
1997 4557 2266 4627 dignatam

681 4666 802 4705 esse
821 4691 836 4715 ,
865 4650 993 4705 dicit
1013 4651 1234 4720 angelus
1259 4651 1305 4704 ei
1332 4666 1346 4703 :
1383 4648 1588 4704 Uterum
1609 4650 1742 4719 geris
1761 4690 1775 4710 ,
1806 4659 1853 4702 et
1876 4650 2043 4718 paries
2069 4651 2263 4717 ﬁlium,

682 4751 728 4794 et
754 4742 948 4795 vocabis
977 4758 1154 4795 nomen
1181 4743 1289 4811 ejus
1331 4740 1521 4794 Ismael
1541 4782 1553 4804 ,
1586 4742 1822 4808 quoniam
1860 4742 2052 4794 audivit
2090 4741 2266 4796 Domi-

687 4847 780 4884 nus
821 4831 1151 4884 humilitatem
1183 4841 1338 4882 tuam.
1373 4830 1551 4899 Itaque
1575 4870 1589 4894 ,
1621 4829 1836 4894 dilecti,
1883 4847 2004 4886 cum
2036 4832 2266 4888 sciamus

688 4936 785 4974 nos
808 4963 822 4985 ,
858 4922 900 4973 si
950 4921 1338 4990 vigilavcrimus
1359 4963 1373 4986 ,
1402 4936 1466 4974 ex
1497 4921 1751 4976 terumnis
1779 4923 1948 4992 magis
1973 4924 2040 4978 ad
2082 4925 2264 4978 Domi-

686 5027 810 5065 num
843 5025 1152 5065 accessuros
1173 5052 1187 5075 ,
1227 5020 1282 5066 et
1319 5011 1432 5080 ejus
1457 5013 1676 5080 gratiam
1698 5014 1853 5067 nobis
1879 5023 1987 5083 tum
2019 5016 2267 5070 concilia-

683 5112 859 5166 tnros,
904 5115 1024 5155 cum
1076 5101 1289 5156 dolente
1339 5104 1514 5157 anima
1558 5112 1608 5158 ct
1657 5103 1872 5161 fervidis
1915 5107 2164 5177 laerymis
2199 5108 2264 5163 ad

684 5196 854 5262 ipsum
886 5194 1266 5249 accesserimus
1297 5213 1308 5248 :
1341 5211 1406 5249 ne
1445 5195 1723 5251 doleamus
1752 5199 1803 5251 in
1852 5199 2227 5256 afﬂictionibus
2249 5244 2262 5266 ,

687 5284 778 5337 sed
803 5285 1008 5338 lucrum
1031 5283 1172 5352 quod
1194 5300 1256 5338 ex
1279 5284 1653 5341 afﬂictiooibus
1677 5290 1919 5356 provenit
1944 5292 2264 5360 cogitantes,

686 5376 858 5429 omnia
905 5390 1022 5445 quas
1058 5374 1212 5429 nobis
1257 5379 1504 5432 eveniunt
1535 5379 1737 5448 placido
1785 5379 2019 5437 feramus
2067 5385 2264 5450 animo,

692 5475 749 5517 et
783 5464 1047 5520 discamus
1089 5463 1301 5520 humani
1331 5482 1450 5523 esse
1499 5479 1551 5524 et
1603 5475 1864 5526 mansueti
1917 5489 2039 5544 erga
2083 5491 2269 5534 omnes

686 5553 944 5622 quidem,
985 5559 1213 5613 maxime
1257 5567 1433 5612 autem
1477 5574 1598 5630 erga
1647 5577 1842 5616 uxores
1895 5575 2102 5621 nostras
2142 5583 2158 5620 :
2207 5582 2270 5622 ac

687 5659 1025 5713 summopere
1054 5663 1299 5704 curemus
1321 5691 1335 5715 ,
1370 5658 1425 5703 ιιι
1446 5651 1563 5706 sive
1584 5652 1726 5721 juste
1751 5694 1766 5719 ,
1795 5655 1907 5710 sive
1950 5657 2142 5725 injuste
2171 5673 2270 5713 nos

685 5743 933 5806 arguant,
989 5751 1057 5790 ne
1088 5737 1155 5792 ita
1212 5749 1461 5796 accurate
1507 5748 1841 5802 excutiamus
1894 5762 2121 5803 causas:
2173 5749 2267 5805 sed

1458 360 1516 418 S.
1556 354 1829 415 JO.\t\'.\'iS
1867 347 2335 413 CIIRYSOSTOMI
2375 349 2690 408 ARCllli-ZP.
2731 352 3257 412 CONSTANTINOP.

3864 351 3971 410 360

2373 467 2526 522 unius
2552 471 2630 523 rei
2664 468 2816 525 nobis
2859 482 2985 525 cura
3031 470 3119 537 sit,
3151 478 3208 523 ut
3237 467 3464 524 tristitia:
3507 481 3665 524 causa
3709 483 3741 523 e
3785 469 3973 524 medio

2372 559 2621 625 tollatur,
2646 569 2959 632 crescatque
3002 575 3064 615 ac
3092 562 3371 616 robtnctur
3396 573 3494 628 pax
3541 559 3838 614 domestica
3867 578 3879 612 :
3913 569 3974 614 ut

2369 661 2423 706 et
2451 651 2537 706 illa
2567 650 2634 706 ad
2680 651 2851 706 virum
2893 665 3050 706 suum
3099 651 3293 706 habeat
3320 651 3726 707 conversionem
3748 693 3764 724 ρ
3799 661 3856 705 et
3888 653 3974 704 vir

2369 743 2439 797 ah
2484 742 2720 797 externis
2767 757 2830 799 ac
2857 739 3158 797 forensibus
3200 743 3428 813 negotiis
3470 753 3522 797 et
3569 735 3973 797 turbationibus

2371 835 2437 890 ad
2483 850 2600 891 eam
2631 835 2780 906 quasi
2823 834 2890 888 ad
2919 844 3130 905 portum
3174 835 3493 906 confugere,
3522 845 3578 890 et
3623 834 3968 904 omnigeuam

2374 928 2611 984 invenire
2660 931 2826 999 possit
2872 930 3314 985 consolationem.
3358 930 3414 984 In
3445 929 3767 1000 adjutorium
3817 928 3968 983 enim

2372 1019 2494 1074 data
2543 1031 2626 1076 est
2656 1037 2825 1087 uxor,
2859 1032 2917 1076 ut
2965 1032 3244 1078 contentus
3284 1022 3400 1092 ejus
3446 1023 3853 1089 consolatione,
3889 1023 3973 1074 vir

2372 1111 2626 1166 adversus
2666 1113 2957 1183 ingruentia
3002 1114 3137 1168 mala
3190 1129 3248 1168 re
3280 1114 3442 1169 istere
3489 1113 3680 1168 valeat.
3735 1110 3874 1168 Nam
3928 1114 3974 1166 si

2374 1201 2527 1255 fuerit
2554 1210 2739 1256 ornata
2787 1203 3073 1257 virtutibus
3104 1213 3158 1258 et
3183 1213 3492 1266 mansueta,
3523 1219 3627 1258 non
3652 1202 3828 1258 solum
3854 1203 3976 1256 viro

2373 1307 2470 1346 suo
2499 1293 2769 1347 societatis
2798 1295 3222 1348 conSolationcm
3243 1336 3260 1358 ,
3301 1295 3394 1350 sed
3412 1304 3466 1349 et
3494 1296 3546 1349 in
3572 1295 3692 1349 aliis
3715 1294 3975 1348 omnibus

2373 1383 2597 1436 multum
2629 1384 2732 1438 erit
2759 1384 2902 1438 utilis
2929 1400 2942 1435 :
2973 1383 3152 1438 omnia
3181 1383 3260 1437 illi
3285 1384 3421 1438 levia
3445 1394 3499 1440 et
3533 1385 3706 1439 facilia
3739 1384 3935 1440 reddet
3955 1427 3970 1447 ,

2372 1484 2426 1529 et
2449 1475 2721 1545 percipere
2744 1492 2848 1530 non
2877 1476 3016 1530 sinet
3039 1476 3187 1530 illum
3219 1484 3308 1530 aut
3351 1476 3600 1531 externas
3621 1485 3712 1530 aut
3731 1491 3827 1529 eas
3848 1492 3971 1545 qua:

2371 1566 2607 1636 quotidie
2651 1566 2799 1622 domi
2857 1575 3148 1622 nascuntur
3196 1566 3582 1622 difficultates:
3633 1565 3768 1633 sed,
3815 1567 3971 1636 quasi

2370 1660 2694 1728 gubernator
2734 1660 2967 1728 optimus
2991 1701 3006 1724 ,
3036 1673 3251 1713 omnem
3279 1658 3443 1714 animi
3490 1666 3865 1728 tempestatem
3918 1659 3972 1710 iu

2373 1752 2717 1807 serenitatem
2777 1767 2870 1806 sua
2919 1752 3179 1822 sapientia
3225 1761 3530 1814 convertet,
3577 1751 3974 1820 prudentiaque

2371 1859 2466 1897 sua
2498 1860 2740 1914 magnam
2789 1843 3032 1898 conferet
3069 1843 3512 1898 consolationem.
3546 1843 3839 1896 Enimvero
3879 1845 3972 1911 qui

2371 1937 2450 1990 sic
2513 1936 2782 2005 conjuncti
2845 1934 3081 1999 fuerint,
3127 1952 3156 1988 a
3224 1935 3368 1990 nulla
3424 1949 3604 1989 rerum
3652 1933 3974 1988 difﬁcultate

2373 2026 2510 2081 male
2551 2025 2842 2080 habebunt.
2870 2025 3095 2093 Quando
3137 2027 3278 2081 enim
3326 2025 3635 2092 concordia,
3667 2034 3722 2079 et
3749 2040 3852 2095 pax
3875 2067 3890 2088 ,
3920 2035 3977 2079 et

2377 2117 2647 2171 vinculum
2699 2117 3003 2172 dilectionis
3064 2132 3186 2173 cum
3232 2117 3455 2171 muliere
3495 2126 3550 2171 et
3589 2118 3703 2170 viro
3769 2117 3969 2179 fuerit,

2371 2212 2548 2264 omnia
2591 2211 2748 2265 simul
2776 2209 2996 2266 afﬂuent
3023 2210 3158 2265 bona
3183 2251 3196 2274 ,
3223 2221 3275 2263 et
3309 2209 3470 2263 nullis
3501 2209 3708 2263 insidiis
3733 2209 3972 2276 expositi

2371 2313 2559 2365 erunt,
2591 2318 2782 2373 magno
2806 2311 2859 2357 et
2885 2302 3280 2374 inexpugnabili
3306 2302 3537 2372 quodam
3565 2317 3720 2356 muro
3746 2303 3974 2356 circum.

2371 2395 2500 2457 dati,
2535 2394 2636 2449 hoc
2661 2405 2763 2459 est,
2797 2411 2862 2449 ex
2904 2410 2966 2448 ea
3016 2411 3134 2465 qua:
3180 2395 3475 2449 secundum
3522 2395 3686 2448 Deum
3727 2407 3808 2448 est
3838 2409 3973 2447 con-

2369 2485 2569 2539 cordia.
2607 2485 2717 2538 lloc
2745 2484 3026 2539 adamante
3056 2484 3350 2551 firmiores,
3399 2483 3502 2539 hoc
3546 2483 3686 2538 ferro
3719 2483 3974 2538 fortiores

2369 2590 2462 2630 eos
2491 2574 2680 2629 reddet
2701 2617 2714 2638 ,
2748 2574 2847 2629 hoc
2868 2576 3120 2630 omnibus
3143 2575 3338 2630 divitiis
3363 2586 3416 2629 et
3441 2575 3768 2632 abundantia
3799 2577 3973 2646 magis

2372 2663 2745 2733 locupletabit,
2773 2663 2876 2741 hoc
2897 2664 2962 2718 ad
2997 2679 3279 2735 supernam
3304 2666 3525 2735 gloriam
3556 2666 3676 2721 illos
3700 2665 3969 2730 deducet,

2372 2754 2472 2808 hoc
2513 2764 2567 2809 et
2626 2755 2714 2809 Dei
2761 2755 3189 2810 benevolentiam
3239 2756 3317 2810 eis
3361 2757 3589 2811 ubertim
3637 2757 3970 2812 conciliabit.

2372 2846 2600 2900 Proinde
2627 2860 2721 2900 oro
2741 2887 2755 2909 ,
2789 2861 2857 2900 ne
2881 2846 3006 2914 quid
3030 2846 3104 2900 illi
3134 2847 3522 2916 praeferendum
3549 2849 3925 2904 existimemus
3952 2869 3968 2903 :

2370 2938 2463 2991 sed
2511 2938 2688 2990 omnia
2735 2937 2986 2991 faciamus
3030 2945 3085 2992 et
3128 2953 3388 3008 agamus,
3435 2949 3493 2994 ut
3537 2941 3897 3010 tranquillitas
3917 2953 3975 2996 et

2373 3043 2473 3096 pax
2519 3029 2589 3082 sit
2637 3028 2782 3081 inter
2828 3026 3221 3082 cohabitantes.
3266 3027 3415 3082 Tunc
3463 3028 3606 3083 enim
3655 3040 3709 3086 et
3759 3030 3852 3085 filii
3881 3034 3972 3101 qui

2372 3129 2663 3175 nascuntur
2691 3128 2972 3189 parentum
3024 3121 3274 3174 virtutem
3320 3130 3612 3190 sequentur
3638 3140 3654 3188 ;
3685 3137 3824 3193 quos
3853 3125 3973 3178 imi-

2377 3210 2632 3264 labuntur
2661 3217 2717 3262 et
2739 3209 2902 3273 serti,
2932 3219 2984 3262 et
3013 3209 3247 3279 undique
3275 3209 3466 3265 domus
3495 3212 3688 3268 virtute
3719 3211 3936 3270 ﬂorehit
3957 3256 3970 3277 ,

2372 3303 2582 3372 eritque
2629 3299 2903 3370 multiplex
2950 3316 3129 3355 rerum
3177 3304 3523 3374 prosperitas.
3570 3303 3796 3372 Quando
3823 3306 3972 3361 enim

2374 3393 2553 3448 divina
2578 3392 2787 3446 cteteris
2815 3391 3148 3460 prteferimus
3169 3434 3181 3455 ,
3207 3391 3359 3447 facile
3385 3393 3486 3448 alia
3509 3395 3688 3450 omnia
3712 3410 3976 3467 prospere

2373 3484 2530 3539 nobis
2570 3483 2895 3548 succedent,
2950 3493 3004 3537 et
3041 3484 3237 3538 nullam
3294 3487 3584 3540 sentiemus
3628 3488 3970 3556 moles:iam,

2370 3575 2745 3645 suppeditante
2791 3576 2946 3629 nobis
2997 3577 3172 3629 omnia
3222 3577 3441 3646 largiter
3484 3579 3660 3633 divina
3706 3581 3970 3639 bonitate.

2373 3668 2444 3724 Ut
2470 3669 2626 3739 igitur
2651 3669 2810 3722 etiam
2840 3668 2939 3736 ipsi
2965 3667 3164 3737 absque
3194 3668 3404 3722 tristitia
3443 3680 3498 3726 et
3528 3673 3785 3740 temporis
3815 3675 3973 3731 istius

2373 3760 2534 3813 vitam
2567 3760 2918 3830 transigamns
2941 3801 2954 3823 ,
2987 3770 3039 3814 et
3069 3760 3327 3828 majorem
3379 3762 3587 3817 Domini
3635 3764 3972 3822 benevitlen-

2375 3853 2500 3906 tiam
2547 3851 2715 3922 magis
2756 3867 2818 3906 ac
2865 3852 3032 3921 magis
3082 3852 3234 3906 nobis
3281 3853 3666 3922 conciliemus,
3713 3857 3968 3916 virtutem

2373 3954 2672 4007 sectemur,
2715 3943 3054 3998 concordiam
3094 3952 3149 3997 et
3176 3958 3357 4012 pacem
3399 3945 3450 4000 in
3474 3944 3693 4003 domum
3725 3959 3967 4007 nostram

2376 4032 2708 4088 introducere
2735 4047 3026 4097 conemur;
3058 4049 3201 4087 curre
3231 4034 3385 4088 nobis
3419 4036 3524 4090 sint
3554 4036 3802 4094 educatio
3831 4041 3967 4097 libe-

2375 4136 2555 4175 rorum
2583 4137 2863 4190 moresque
2884 4122 3219 4185 famulorum,
3241 4132 3298 4176 ut
3312 4138 3408 4192 pro
3422 4125 3670 4181 omnibus
3699 4129 3868 4201 largis
3883 4148 3969 4187 ac-

2372 4213 2540 4280 ceptis
2558 4213 3093 4278 remunerationibus,
3115 4228 3417 4268 mereamur
3433 4225 3489 4270 et
3513 4220 3776 4285 promissa
3806 4224 3965 4287 bona,

2370 4304 2538 4370 gratia
2567 4311 2621 4356 et
2657 4301 2982 4372 benignitate
3010 4304 3216 4357 Domini
3246 4307 3411 4360 nostri
3441 4305 3566 4361 Jesu
3613 4308 3812 4366 Christi
3834 4355 3851 4378 ,
3885 4319 3968 4370 cui

2369 4405 2490 4444 eum
2522 4391 2675 4444 Patre
2703 4401 2755 4444 et
2781 4399 2966 4445 sancto
2988 4391 3210 4462 Spiritu,
3238 4395 3308 4448 sit
3333 4395 3501 4464 gloria
3522 4439 3537 4461 ,
3571 4397 3860 4468 imperium
3881 4445 3895 4469 ,
3919 4416 3970 4460 et

2372 4484 2560 4547 honor,
2582 4499 2721 4537 nunc
2737 4494 2790 4538 et
2806 4499 3041 4553 semper,
3063 4495 3116 4539 et
3145 4491 3194 4539 in
3209 4488 3398 4541 smcula
3421 4489 3960 4552 smculorum..'tmcn.

2873 4623 3153 4679 HOMILIA
3196 4623 3440 4680 XXXIX.

2374 4774 2591 4843 Quando
2613 4787 2780 4830 autem
2803 4778 2968 4848 factus
2994 4785 3066 4831 est
3087 4777 3272 4831 Abram
3299 4781 3575 4851 nonaginta
3610 4799 3788 4838 norem
3808 4803 3968 4841 anita-

2615 4884 2748 4931 rum,
2774 4869 3012 4937 apparuit
3032 4870 3077 4921 ei
3106 4867 3243 4922 Deus
3274 4869 3442 4939 (Gen.
3480 4874 3565 4926 Π.
3595 4875 3617 4927 i
3642 4875 3686 4945 ).

2442 5020 2491 5073 Ι.
2538 5019 2773 5083 Vidistis,
2797 5019 3149 5086 dilectissimi,
3169 5023 3435 5091 quomodo
3463 5023 3594 5080 nihil
3616 5028 3686 5082 sit
3705 5031 3883 5087 otiose
3920 5035 3965 5085 in

2371 5110 2546 5166 divina
2591 5111 2863 5182 Scriptura
2886 5113 3163 5184 positum?
3192 5114 3400 5170 vidistis
3421 5127 3678 5186 quantum
3724 5123 3966 5177 utilitatis

2373 5200 2483 5255 heri
2514 5204 2868 5272 percepimus,
2899 5219 3018 5258 cum
3065 5205 3132 5261 de
3153 5207 3296 5277 Agar
3325 5209 3516 5262 ancilla
3547 5210 3763 5279 fugitiva
3793 5213 3965 5267 disse-

2374 5293 2658 5348 reremus?
2694 5293 2983 5348 Didicimus
3007 5297 3150 5349 enim
3182 5298 3496 5365 patriarcha:
3523 5299 3824 5365 lenitatem,
3858 5306 3964 5359 exi-

2375 5399 2532 5438 miam
2570 5386 2972 5451 continentiam,
3007 5390 3359 5443 reverentiam
3389 5406 3548 5460 quam
3596 5407 3722 5462 erga
3779 5394 3962 5449 Saram

2373 5477 2632 5543 exhibuit,
2661 5485 2714 5532 et
2729 5478 2999 5547 quomodo
3016 5481 3355 5535 concordiam
3381 5481 3535 5538 bonis
3560 5485 3813 5542 onmibns
3836 5502 3964 5557 prae

2375 5571 2646 5625 ferendam
2675 5571 2907 5626 duxerit.
2940 5571 3184 5628 Vidimus
3230 5575 3324 5628 Dei
3364 5574 3686 5631 ineffabilem
3723 5577 3960 5650 beaigni-

2377 5670 2562 5727 tatem,
2595 5661 2868 5731 quomodo
2894 5671 2946 5716 ct
2972 5663 3022 5716 in
3052 5662 3310 5718 honorem
3335 5666 3461 5732 justi
3483 5682 3589 5720 non
3619 5668 3794 5723 solum
3816 5671 3957 5723 redu-

2378 5753 2452 5805 xit
2486 5753 2624 5821 Agar
2645 5785 2662 5816 ,
2686 5768 2799 5821 qua:
2836 5753 2886 5808 in
2915 5755 3200 5811 solitudine
3231 5756 3471 5824 errabat,
3504 5767 3558 5813 ct
3596 5758 3664 5814 ob
3713 5760 3953 5816 timorem
