4054 6324
120 331 219 386 εει»

1194 321 1259 377 ΙΝ
1292 320 1447 378 CAP.
1495 320 1613 377 XVI
1676 319 1925 379 GENES.
1971 319 2208 380 IIOMIL.
2252 318 2492 377 XXXIX.

3509 322 3618 372 δία)

119 443 177 497 rb
207 440 431 514 σπέρμα
466 457 568 496 σου
601 439 838 511 ἀριθμοῦ
868 439 1108 509 κρεῖττον
1137 436 1291 491 ἔσται
1313 477 1328 503 ,
1351 439 1475 492 Ὅτι
1506 436 1816 506 ἐπήκουσε
1928 436 2015 491 ἵνα
2038 436 2131 491 καὶ
2164 438 2348 509 ἐκείνη
2369 437 2468 509 ἔχῃ
2490 433 2627 508 πρὸς
2662 434 2751 488 τὸν
2778 432 2946 506 ἄνδρα
2970 432 3069 505 τήν
3090 428 3449 505 ἐπιστροφὴν,
3473 434 3567 488 καὶ
3587 432 3619 487 ὁ

119 530 337 600 Κύριος
385 528 463 601 τῇ
518 527 879 584 ταπεινώσει
918 543 1056 581 σου.
1088 527 1180 600 Μὴ
1230 528 1410 581 τοίνυν
1459 525 1596 598 μηδέ
1652 527 1815 601 ήμεῖς

112 617 499 689 ἀσχάλλωμεν,
530 619 758 674 ἐπειδάν
800 617 910 671 ἀπό
955 632 1099 679 τινος
1128 613 1504 687 περιστάσεως
1535 612 1645 667 τῶν
1672 630 1814 685 πρα-

111 704 342 775 γμάτων
377 704 834 775 ταπεινωθῶμεν.
858 702 1025 755 Οὐδὲν
1055 702 1165 774 7&9
1194 700 1351 773 ήμῶν
1384 703 1451 772 τῇ
1483 699 1645 770 φύσει
1667 698 1810 754 οὕτω

112 793 487 862 συμϐάλλεται
507 832 523 856 ,
576 792 653 855 ὡς
720 790 781 844 rb
848 788 1229 843 συστέλλεσθαι
1279 787 1374 842 καὶ
1424 784 1812 841 ταπεινοῦσθαι

109 878 271 947 ήμῶν
294 877 364 932 rb
402 879 684 950 φρόνημα,
720 876 811 930 καὶ
848 876 909 929 τὸ
933 876 1161 948 φύσημα
1184 875 1283 946 τῆς
1301 874 1482 947 ψυχῆς
1508 873 1809 928 καταστέλ-

109 964 324 1019 λεσθαι.
366 965 504 1018 Τότε
543 962 654 1035 7&9
692 961 850 1033 ήμῶν
892 960 1095 1034 μᾶλλον
1139 961 1169 1014 ό
1204 960 1483 1031 Δεσπότης
1525 957 1809 1023 ἐπακούει,

108 1050 237 1104 ὅταν
300 1051 449 1123 μετά
496 1036 839 1121 ὀδυνωμένης
878 1049 1058 1120 ψυχῆς
1088 1048 1185 1102 καὶ
1211 1046 1679 1119 συντετριμμένης
1707 1046 1810 1118 τῆς

107 1137 349 1208 καρδίας
372 1137 537 1191 αὑτὸν
564 1136 840 1207 καλῶμεν,
863 1134 1065 1207 πολλὴν
1086 1134 1185 1206 τὴν
1206 1133 1536 1206 προσεδρίαν
1556 1134 1684 1209 περί
1705 1135 1808 1197 τὰς

104 1225 359 1288 ἱκετείας
398 1223 738 1295 ποιούμενοι.
777 1223 908 1277 Ὀτι
936 1220 1265 1288 ἐπήκουσε,
1290 1221 1446 1292 φησὶ,
1477 1222 1698 1290 Κύριος
1729 1219 1809 1289 τῇ

104 1309 473 1365 ταπεινώσει
509 1324 648 1364 σου.
694 1304 830 1363 Εἶτα
861 1307 1116 1380 προλέγει
1156 1307 1250 1361 τοῦ
1293 1307 1580 1379 μέλλοντος
1625 1308 1808 1361 τίκτε-

105 1397 233 1451 σθαι
259 1397 462 1460 παιδὸς
491 1396 553 1449 rb
586 1395 941 1467 ἐπιτήδευμα.
972 1390 1161 1461 οὗτος
1184 1395 1378 1460 ἔσται,
1403 1395 1589 1465 φησὶν,
1613 1392 1808 1464 ιῖῃεοι⁸

104 1500 214 1548 κος
247 1482 602 1551 ἄνθρωπος’
638 1487 699 1537 αι
731 1482 926 1551 χεῖρες
950 1481 1138 1537 αὐτοῦ
1180 1480 1281 1536 ἐπὶ
1317 1482 1570 1549 πάντας,
1606 1482 1703 1536 καί
1745 1483 1805 1536 al

104 1570 304 1639 χεῖρες
328 1570 577 1624 πάντων
606 1570 700 1623 ἐπ’
731 1571 921 1624 αὐτόν
939 1585 955 1599 ’
989 1568 1087 1622 καὶ
1116 1568 1269 1622 κατὰ
1299 1570 1631 1637 πρόσωπον
1660 1569 1806 1624 πάνι-

104 1673 225 1709 rw
256 1655 388 1710 τῶν
413 1654 699 1725 ἀδελφῶν
715 1654 903 1711 αὑτοῦ
925 1655 1294 1721 κατοικήσει.
1323 1655 1638 1727 Προμηνύει
1662 1656 1801 1729 αὐτῇ

100 1744 184 1795 ὃτι
226 1742 484 1815 ἀνδρεῖος
509 1742 683 1805 ἔσται,
722 1743 805 1796 ὅτι
837 1742 1116 1813 πολέμιος.
1160 1743 1242 1796 ὅτι
1277 1743 1413 1815 πρὸς
1437 1742 1538 1814 τὴν
1563 1743 1665 1816 τῆς
1698 1745 1802 1815 γῆς

102 1826 434 1899 ἐπιμέλειαν
464 1827 633 1882 πολὺν
660 1827 751 1883 τὸν
790 1828 953 1883 πόνον
986 1827 1335 1895 ἐπιδείξεται.
1367 1825 1521 1893 Εῐδες
1565 1829 1655 1884 διά
1692 1829 1802 1883 τῶν

99 1917 181 1979 είς
207 1914 317 1985 τὴν
352 1915 649 1986 παιδίσκην
676 1914 1058 1985 γεγενημένοιν
1082 1916 1184 1985 τὴν
1209 1916 1292 1980 εἰς
1328 1915 1419 1969 τὸν
1458 1916 1803 1989 πατριάρχην

100 2002 321 2073 τιμήν;
367 2001 433 2054 Ἠ
473 2000 585 2073 7&9
633 2002 762 2071 περί
792 2001 999 2071 ταύτην
1037 2000 1267 2071 πρόνοια
1294 2001 1534 2057 δείκνυσι
1577 2003 1675 2075 τὴν
1718 2003 1804 2058 εύ-

99 2105 255 2144 νοιαν
303 2085 404 2142 τοῦ
453 2086 747 2152 Δεσπότου,
778 2088 847 2159 ήν
880 2087 1017 2161 πρὸς
1048 2087 1139 2143 τὸν
1170 2087 1379 2144 δίκαιον
1408 2089 1796 2145 ἐπιδείκνυται.

96 2174 293 2228 Ταῦτα
320 2172 735 2245 συμϐουλεύσας
755 2174 786 2227 ό
811 2172 1062 2243 ἄγγελος,
1095 2174 1188 2228 καὶ
1217 2175 1710 2247 εὐαγγελισάμενος
1732 2180 1797 2249 τῇ

97 2261 318 2333 ’Δγαρ,
343 2258 711 2333 ἀνεχώρησεν.
733 2260 874 2333 Ἀλλ’
889 2261 993 2332 δρα
1018 2261 1182 2316 πάλιν
1200 2261 1299 2333 τῆς
1323 2262 1617 2333 παιδίσκης
1646 2262 1797 2335 [393]

95 2347 197 2420 τήν
229 2346 681 2419 εὐγνωμοσύνην.
715 2346 821 2400 Καὶ
860 2345 1140 2413 ἐκάλεσε,
1173 2348 1329 2418 φησί,
1359 2347 1426 2403 τὸ
1464 2348 1653 2419 ὄνομα
1674 2353 1799 2405 Κυ-

93 2435 235 2503 ρίου
267 2433 379 2488 τοῦ
401 2432 742 2499 λαλοῦντος
773 2432 924 2503 πρὸς
952 2433 1181 2501 αὐτήν
1229 2433 1315 2489 Σὺ
1342 2437 1377 2491 ό
1410 2435 1577 2503 Θεὸς,
1621 2438 1655 2490 ό
1701 2436 1799 2489 ἐπ-

95 2519 249 2575 ιδών
271 2537 354 2591 με
370 2537 386 2553 ο
422 2519 514 2574 ὅτι
562 2516 693 2575 εἶπε
713 2537 728 2552 ⁶
759 2521 867 2575 Καί
908 2520 1020 2591 τὰρ
1044 2522 1303 2577 ἐνώπιον
1332 2518 1497 2577 εἶδον
1540 2524 1798 2593 ὀφθέντα

93 2608 484 2675 μοι.”Ενεκεν
511 2608 729 2662 τούτου
766 2606 1023 2663 ἐκάλεσε
1043 2607 1110 2661 τὸ
1140 2608 1349 2679 φρέαρ,
1378 2609 1572 2679 Φρέαρ
1602 2606 1675 2666 οὗ
1701 2610 1798 2665 ﬁr-

92 2695 289 2750 ώπιον
336 2688 522 2757 εἶδον,
552 2692 671 2748 ἀνὰ
700 2692 897 2764 μέσον
933 2694 1136 2763 Κάδης
1173 2695 1273 2749 καί
1304 2696 1421 2751 ἀνὰ
1454 2696 1655 2765 μέσον
1678 2699 1793 2750 Ba-

92 2777 236 2848 ρὰχ.
267 2779 469 2835 Σκόπει
488 2778 609 2843 πῶς
638 2780 731 2834 καὶ
757 2779 896 2851 αὐτὴ
918 2779 1171 2851 βούλεται
1197 2782 1418 2854 διηνεκῆ
1441 2782 1540 2855 τήν
1573 2784 1796 2855 μνήμην

93 2865 465 2922 ἀναπυθέσθαι
510 2866 589 2937 τῷ
635 2865 785 2938 τόπῳ
828 2865 917 2919 διὰ
961 2867 1060 2938 τῆς
1111 2869 1501 2941 προσηγορίας.
1538 2870 1796 2925 Ἐκάλεσε

94 2954 233 3025 γάρ,
258 2952 552 3025 φησὶ,.τὺν
583 2953 767 3019 τόπον,
809 2952 1000 3024 Φρέαρ
1034 2950 1107 3011 οὗ
1143 2956 1403 3012 ἐνώπιον
1429 2952 1611 3012 είδον.
1642 2955 1795 3023 Εἶδες

98 3040 203 3113 τήν
236 3039 532 3110 παιδίσκην
558 3038 700 3095 κατά
746 3040 945 3112 μικρὸν
974 3041 1039 3094 ἐκ
1075 3042 1178 3112 τῆς
1223 3043 1590 3117 περιεχούσης
1624 3044 1796 3117 αὐτὴν

102 3126 345 3198 θλίψεως
374 3126 817 3199 φιλοσοφωτέραν
843 3127 1157 3198 γινομένην,
1181 3129 1274 3183 καὶ
1295 3128 1499 3203 πολλὴν
1516 3131 1796 3202 εύγνωμο·

95 3212 271 3283 σύνην
304 3211 434 3283 περί
459 3209 559 3283 τὴν
586 3212 960 3283 γεγενημένην
1000 3214 1080 3276 εἰς
1108 3214 1278 3285 αὐτὴν
1303 3215 1625 3286 εὐεργεσίαν
1676 3218 1796 3271 ἐπι-

98 3297 486 3370 δεικνυμένην,
511 3299 605 3351 κα)⁸
629 3293 712 3363 οἷς
737 3299 987 3370 ἐνόμισεν
1004 3300 1374 3372 ἀμειϐομένην
1401 3301 1499 3375 τὴν
1526 3304 1795 3375 τοσαύτης

98 3386 274 3457 αὑτὴν
315 3384 627 3450 ἀξιώσασαν
655 3385 1017 3458 κηδεμονίας;
1052 3386 1161 3441 Καὶ
1193 3384 1383 3453 ἔτεκε,
1415 3390 1794 3462 (Mdv/A1119

97 3472 183 3539 τῷ
211 3473 442 3543 Ἀϐραμ
483 3470 638 3540 υιὸν,
679 3473 804 3526 καί.
829 3471 1090 3529 ἐκάλεσε
1139 3474 1203 3529 τὸ
1252 3474 1441 3546 ὄνομα
1475 3479 1685 3546 αὐτοῦ,
1721 3479 1795 3532 ὃν

103 3558 317 3614 έτεκεν
341 3557 505 3625 αὐτῷ
535 3560 745 3629 Ἅγαρ,
760 3558 1028 3629 Ἰσμαήλ.

173 3665 243 3729 ζ’.
278 3662 559 3717 Ἐντεῦθεν
584 3664 924 3736 μανθάνομεν
942 3664 1065 3719 ὅσον
1087 3666 1235 3720 ἐστὶν
1256 3666 1460 3736 ἀγαθὸν
1497 3669 1788 3737 ἐπιείκεια,

101 3752 229 3805 ὅσον
276 3749 394 3804 ἐστὶ
442 3750 635 3823 κέρδος
676 3750 773 3806 καὶ
814 3751 924 3804 ἀπὸ
952 3750 1059 3805 τῶν
1102 3750 1335 3823 θλίψεων
1366 3754 1787 3827 καρπώσασθαι.

104 3838 219 3892 Καὶ
238 3837 337 3910 τὴν
366 3838 466 3909 μὶν
496 3839 818 3907 ἐπιείκειαν,
859 3839 920 3905 έξ
941 3831 1016 3893 ῶν
1039 3840 1069 3894 ό
1102 3842 1447 3915 πατριάρχης
1478 3844 1792 3911 ἐπεδείξατο

103 3924 501 3997 καταπραΰνας
519 3924 616 3995 τῆς
646 3926 828 3997 Σάρας
854 3924 952 3998 τὴν
975 3927 1370 3999 ἀγανάκτησιν,
1395 3931 1491 3985 καὶ
1523 3930 1621 4003 τὴν
1648 3932 1792 3999 ἐξου·

108 4012 231 4065 σίαν
263 4012 360 4082 τῆς
390 4010 683 4083 παιδίσκης
703 4013 843 4085 αὐτῇ
876 4013 1145 4081 δεδωκὼς,
1176 4018 1273 4071 καὶ
1299 4016 1389 4071 διά
1414 4016 1608 4072 τούτου
1641 4021 1761 4092 είρή

102 4114 207 4167 νης
236 4096 522 4169 ἐμπλήσας
557 4098 657 4170 τὴν
686 4098 885 4162 οἰκίαν,
925 4100 986 4153 rb
1011 4102 1069 4154 δέ
1096 4101 1284 4172 κέρδος
1309 4102 1418 4157 τῶν
1448 4102 1679 4173 θλίψεων
1724 4108 1789 4160 ἐκ

105 4182 216 4237 τῶν
239 4183 382 4236 κατά
401 4182 501 4253 τήν
534 4182 829 4256 παιδίσκην
859 4184 1004 4239 εστιν
1043 4186 1192 4242 ἰδεῖν.
1211 4187 1430 4260 Ἐπειδὴ
1458 4188 1569 4261 7&9
1604 4208 1788 4244 κακω-

108 4268 262 4322 θεῖσα
290 4267 395 4321 ὑπὸ
436 4267 534 4340 τῆς
566 4268 854 4342 δεσποίνης
880 4271 1111 4343 ἀπέδρα,
1144 4272 1242 4327 καὶ
1283 4274 1483 4347 πολλὴν
1525 4277 1785 4347 ύπέμεινε

106 4441 200 4493 τὸν
241 4440 537 4511 Δεσπότην,
578 4441 783 4505 εὐθέως
824 4442 924 4512 τῆς
961 4444 1169 4498 ἀνωθεν
1204 4446 1513 4517 ἐπισκοπῆς
1548 4448 1777 4522 ⁴ἰγξιώθη.

111 4528 230 4581 ἰνα
259 4526 366 4597 γάρ
398 4526 569 4601 μάθῃ,
587 4528 669 4582 δτι
696 4527 784 4581 διά
803 4529 863 4583 rb
883 4531 1285 4602 ταπεινωθῆναι
1323 4535 1418 4588 καὶ
1455 4536 1787 4609 συσταλῆναι

110 4614 210 4685 τῆς
231 4613 499 4687 τοσαύτης
529 4615 773 4683 ἀξιοῦται
794 4616 1142 4688 κηδεμονίας,
1165 4622 1329 4691 φησιν
1348 4623 1377 4674 ό
1397 4622 1628 4692 ἀγγελος
1651 4625 1787 4697 πρὸς

110 4700 297 4769 αὐτήν·
315 4702 412 4756 Ἐν
435 4703 646 4773 γαστρί
676 4703 859 4772 ἅχεις,
888 4704 987 4758 καὶ
1013 4704 1157 4775 τέξῃ
1185 4707 1341 4774 υιὸν,
1373 4710 1472 4763 καὶ
1504 4711 1787 4780 καλέσεις

111 4787 182 4841 τὸ
222 4786 405 4857 ὄνομα
435 4789 624 4844 αὑτοῦ
664 4790 929 4859 Ἰσραὴλ,
975 4790 1066 4845 ὅτι
1108 4792 1418 4862 ἐπήκουσε
1462 4798 1676 4866 Κύριος
1712 4799 1788 4867 τῇ

112 4873 459 4929 ταπεινώσει
492 4889 631 4930 σου.
667 4875 882 4941 Εἰδότες
908 4877 1111 4942 τοίνυν,
1142 4880 1439 4953 ἀγαπητοὶ,
1465 4883 1547 4937 δτι
1575 4886 1671 4939 ὲάν
1688 4887 1787 4957 νή-

114 4978 320 5034 φωμεν,
346 4963 402 5015 αἰ
428 4960 638 5033 θλίψεις
673 4963 874 5034 μᾶλλον
913 4967 1062 5036 ήμᾶς
1099 4968 1359 5023 οἰκειοῦσι
1394 4970 1474 5041 τῷ
1512 4973 1785 5046 Δεσπότῃ,

115 5051 211 5105 καὶ
247 5048 365 5102 τότε
403 5048 747 5120 δυνησόμεθα
786 5050 887 5123 τὴν
925 5054 1055 5123 παρ’
1073 5054 1241 5108 αὐτοῦ
1280 5056 1455 5128 ῥοπὴν
1479 5059 1789 5115 ἐπισπάσας

118 5135 261 5201 σθαι,
282 5135 410 5189 ὅταν
438 5134 578 5207 μετά
600 5134 945 5208 όδυνωμένης
980 5138 1160 5211 ψυχῆς
1183 5142 1278 5196 καὶ
1296 5143 1513 5214 θερμῶν
1535 5145 1788 5217 δακρύων

115 5220 260 5293 αὐτῷ
280 5221 613 5293 προσίωμεν,
647 5222 724 5295 μὴ
750 5223 1005 5295 ἀλγῶμεν
1024 5228 1118 5281 ἐπὶ
1139 5231 1258 5291 ταῖς
1282 5229 1546 5299 θλίψεσιν,
1569 5233 1708 5289 ἀλλά
1726 5235 1789 5289 rb

117 5310 183 5363 ἐκ
204 5307 309 5363 τῶν
336 5307 567 5378 θλίψεων
587 5309 779 5381 κέρδος
813 5310 1150 5383 λογιζόμενοι
1173 5315 1349 5371 πάντα
1378 5317 1571 5388 πράως
1609 5321 1790 5393 φέρω-

121 5412 216 5468 μιν
251 5394 316 5450 τά
345 5396 746 5467 συμπίπτοντα,
788 5400 883 5453 καὶ
922 5401 1306 5474 παιδευώμεθα
1347 5408 1609 5473 ἐπιεικεῖς
1648 5407 1787 5465 εῖναι

119 5482 209 5535 καὶ
240 5482 431 5553 ἥμεροι
461 5482 599 5554 πρὸς
632 5484 839 5548 πάντας
860 5487 979 5557 μὲν,
1013 5488 1247 5559 μάλιστα
1281 5490 1338 5545 δὲ
1376 5493 1504 5565 περὶ
1529 5495 1627 5559 τάς
1656 5496 1785 5551 ἐαυ-

119 5567 224 5622 τῶν
243 5570 523 5637 γυναῖκας,
555 5570 651 5651 καὶ
677 5570 880 5642 πολλὴν
908 5574 1179 5629 ποιεῖσθαι
1210 5578 1465 5651 σπουδὴν,
1491 5580 1654 5649 ὥστε,
1681 5585 1786 5639 κᾶν

119 5656 348 5724 δικαίως,
377 5657 497 5739 κάη
525 5650 727 5724 ἀδίκως
779 5660 1122 5732 μέμψωνται,
1171 5665 1246 5737 μὴ
1286 5650 1782 5741 ἀκριϐολογεῖσθαι,

122 5745 229 5799 ἀλλ’
255 5745 367 5810 ἐνὸς
399 5745 563 5816 μόνου
584 5746 850 5816 γίνεσθαι,
874 5748 966 5803 τοῦ
1002 5754 1070 5804 τὰ
1090 5754 1191 5825 τῆς
1225 5754 1402 5827 λύπης
1437 5758 1586 5813 αῖτια
1616 5761 1782 5818 ἐκπο-

121 5829 223 5888 δὼν
245 5833 432 5902 ποιεῖν,
452 5831 548 5887 καί
568 5831 791 5905 βαθεῖαν
823 5835 1045 5908 εἰρήνην
1075 5842 1505 5908 κατασκευάζειν
1523 5848 1589 5919 τῇ
1610 5848 1777 5923 οἰκίᾳ,

1923 526 2063 597 ἀνὴρ
2091 525 2167 588 ὡς
2209 524 2290 589 είς
2318 525 2513 596 λιμένα
2546 524 2627 586 εἰς
2662 521 2830 593 αὐτὴν
2861 521 2960 594 ἔχῃ
2996 520 3363 590 καταφεύγειν
3404 523 3471 575 ἐκ
3506 521 3618 576 τῶν

1922 611 2123 677 ἔξωθεν
2159 611 2412 683 ταραχῶν
2461 612 2555 665 καὶ
2595 609 2705 663 τῶν
2745 608 3013 681 θορύϐων,
3054 608 3150 662 καὶ
3200 608 3379 662 πᾶσαν
3404 605 3617 661 ἐκεῖθεν

1921 697 2198 770 εὑρίσκειν
2243 697 2343 769 τὴν
2379 697 2750 770 παραμυθίαν.
2792 697 2936 770 Πρὸς
2976 696 3229 768 βοήθειαν
3271 693 3382 766 7&9
3410 697 3444 767 ή
3474 695 3613 765 γυνὴ

1919 784 2099 856 ἐδόθη,
2120 786 2207 839 ῖνα
2240 785 2578 857 ἀρκούμενος
2604 786 2672 856 τῇ
2696 783 2904 855 ταύτης
2939 783 3284 855 παρακλήσει
3319 781 3567 853 ἀντέχειν
3585 782 3616 835 ὀ

1919 872 2060 945 ἀνὴρ
2085 872 2308 945 δύνηται
2338 872 2476 944 πρὸς
2504 871 2573 926 τά
2614 871 2836 925 ἐπιόντα
2864 870 3031 941 αὐτῷ.
3050 869 3177 923 Ἐάν
3199 867 3311 940 7&9
3408 870 3616 938 κοσμία

1920 960 2012 1015 καί
2046 959 2318 1031 ἐπιεικὴς,
2338 960 2399 1013 ού
2431 960 2592 1030 μόνον
2622 958 2723 1029 τὴν
2758 957 2867 1012 ἀπὸ
2893 958 2994 1029 τῆς
3026 957 3313 1021 κοινωνίας
3354 974 3615 1028 παραμυ-

1917 1047 2040 1102 θίαν
2074 1046 2299 1118 παρέξει
2332 1046 2411 1118 τῷ
2442 1046 2620 1118 ἀνδρὶ,
2666 1044 2803 1100 ἀλλά
2832 1044 2927 1099 καὶ
2969 1045 3029 1100 ἐν
3061 1046 3177 1110 τοῖς
3218 1044 3397 1109 ἀλλοις
3436 1044 3612 1098 ἅπασι

1916 1133 2120 1204 πολλὴν
2138 1132 2239 1206 τὴν
2258 1133 2456 1205 ἑαυτῆς
2475 1132 2667 1205 χρείαν
2687 1130 3038 1197 ἐπιδείξεται,
3061 1131 3242 1186 πάντα
3259 1129 3409 1201 αύτῷ
3430 1129 3613 1200 κοῦφα
3684 1200 3688 1204 ί

1915 1221 2012 1275 καὶ
2043 1220 2203 1292 ῥᾴδια
2242 1217 2747 1283 κατασκευάζουσα,
2784 1220 2879 1273 καί
2908 1219 3010 1273 οὐκ
3044 1220 3267 1288 ἀφιεῖσα
3291 1219 3489 1287 πεῖραν
3516 1215 3611 1270 λα-

1914 1306 2031 1361 ϐεῖν
2077 1306 2202 1361 οὔτε
2253 1306 2362 1360 τῶν
2412 1304 2629 1371 ἔξωθεν.
2669 1305 2791 1359 οὔτε
2833 1305 2939 1378 μὴν
2980 1304 3090 1360 τῶν
3132 1305 3274 1359 κατὰ
3302 1304 3401 1376 τήν
3428 1304 3609 1359 οἰκίαν

1912 1394 2249 1466 τικτομένων
2272 1393 2393 1447 καθ’
2414 1394 2652 1464 ἑκάστην
2673 1393 2887 1465 ήμέραν
2900 1389 3179 1465 δυσχερῶν
3194 1406 3221 1434 ι
3239 1410 3251 1422 ’
3270 1392 3608 1455 ἀλλά,καθά-

1913 1498 2021 1559 περ
2064 1481 2408 1554 κυϐερνήτης
2446 1480 2692 1553 ἀριστος,
2738 1478 2912 1544 οὕτως
2932 1478 3083 1551 αὐτῷ
3112 1479 3205 1533 τὸν
3236 1479 3486 1552 χειμῶνα
3506 1481 3606 1550 τῆς

1911 1567 2093 1638 ψυχῆς
2118 1567 2207 1621 διά
2240 1569 2341 1638 τῆς
2378 1567 2588 1631 οἰκείας
2624 1563 2777 1639 [594]
2808 1566 3003 1636 σοφίας
3039 1566 3120 1629 εἰς
3150 1565 3393 1639 γαλήνην
3436 1583 3598 1620 κατα.

1916 1654 2129 1726 στήσει.
2160 1654 2256 1709 καὶ
2304 1656 2372 1725 τῇ
2418 1655 2548 1724 παρ’
2583 1653 2781 1723 ἑαυτῆς
2815 1652 3027 1707 συνέσει
3062 1651 3262 1724 πολλὴν
3288 1651 3437 1723 αύτῷ
3462 1669 3606 1724 παρ-

1911 1740 2023 1807 έξει
2045 1741 2146 1813 τὴν
2168 1740 2543 1813 παραμυθίαν.
2576 1741 2715 1805 Τοὺς
2738 1741 2847 1812 7&9
2879 1740 3023 1795 οὕτω
3062 1740 3478 1812 συνδεδεμένους
3514 1740 3605 1793 οὑ-

1907 1826 1999 1882 δέν
2027 1826 2212 1882 λοιπὸν
2250 1827 2361 1881 τῶν
2405 1829 2464 1881 ἐν
2511 1827 2591 1897 τῷ
2621 1827 2849 1897 παρόντι
2889 1826 2991 1898 βίῳ
3017 1825 3257 1893 λυπῆσαι
3291 1826 3605 1898 δυνήσεται,

1908 1914 2032 1970 ούδέ
2051 1915 2152 1987 τὴν
2180 1913 2377 1987 ήδονὴν
2411 1915 2592 1969 αὐτῶν
2611 1913 3153 1986 λυμήνασθαι.⁶οταν
3181 1913 3289 1987 7&9
3322 1914 3542 1985 ὁμόνοια

1908 2003 2003 2056 καὶ
2024 2004 2218 2075 εἰρήνη
2240 2003 2335 2057 καὶ
2363 2002 2659 2072 σύνδεσμος
2686 2002 2909 2072 ἀγάπης
2936 2001 3077 2074 μετά
3095 2001 3357 2073 γυναικὸς
3378 2002 3474 2055 καί
3508 2003 3601 2057 ἀνο

1905 2088 2053 2161 δρὸς,
2079 2089 2199 2143 ἐκεῖ
2234 2089 2409 2143 πάντα
2447 2089 2640 2161 συρρεῖ
2661 2087 2729 2142 τά
2766 2087 2970 2157 ἀγαθά,
2993 2089 3088 2143 καὶ
3116 2087 3381 2143 ἀνάλωτοι
3419 2088 3606 2156 πάσης

1906 2176 2204 2248 ἐπιϐουλῆς
2224 2177 2569 2249 γενήσονται,
2608 2175 2832 2247 μεγάλῳ
2860 2175 2955 2229 καὶ
2986 2173 3271 2247 ἀχειρώτῳ
3295 2174 3467 2247 τείχει
3494 2175 3606 2229 τινὶ

1907 2264 2311 2335 πεφραγμένοι,
2340 2263 2646 2328 τοῦτ’ἐστι,
2685 2266 2752 2335 τῇ
2797 2262 2942 2317 κατά
2982 2262 3115 2316 Θεὸν
3161 2263 3401 2333 ὁμονοίᾳ.
3429 2262 3603 2318 Τοῦτο

1904 2350 2211 2421 ἀδάμαντος
2245 2350 2446 2415 αὐτοὺς
2476 2349 2863 2421 ἰσχυροτέρους
2888 2348 3292 2420 ἀπεργάσεται,
3330 2348 3494 2403 τοῦτο
3518 2365 3606 2403 σιο

1903 2436 2071 2508 δήρου
2104 2437 2493 2511 στερροτέρους
2533 2436 2889 2505 καταστήσει,
2926 2436 3088 2490 τοῦτο
3125 2433 3327 2500 παντὸς
3365 2434 3600 2490 πλούτου

1904 2524 1997 2578 καὶ
2018 2525 2340 2597 περιουσίας
2371 2524 2557 2587 αὐτοῖς
2588 2522 2950 2593 συμϐαλεῖται
2970 2520 3157 2590 πλέον,
3187 2521 3348 2576 τοῦτο
3383 2524 3465 2587 εἰς
3500 2524 3603 2594 τὴν

1904 2610 2170 2664 ἀνωτάτω
2188 2610 2548 2682 περιφάνειαν
2566 2610 2765 2673 αὐτοὺς
2786 2608 2995 2676 ἀνάξει,
3017 2608 3179 2663 τοῦτο
3199 2608 3296 2663 καὶ
3318 2608 3420 2680 τὴν
3446 2611 3604 2682 παρά
3691 2682 3694 2684 γ

1903 2696 1996 2750 τοῦ
2050 2696 2187 2751 Θεοῦ
2242 2695 2458 2752 εὔνοιαν
2504 2698 2690 2760 αὐτοῖς
2722 2696 3049 2769 προξενήσει
3085 2695 3222 2767 μετά
3263 2694 3467 2768 πολλῆς
3496 2696 3601 2767 τῆς
3686 2700 3689 2701 ⁷

1902 2784 2203 2855 δαψιλείας.
2235 2783 2328 2855 Μή
2360 2784 2563 2851 τοίνυν,
2611 2782 2936 2857 παρακαλῶ,
2980 2782 3174 2837 τούτου
3205 2784 3601 2855 προτιμότερόν

1902 2887 1959 2924 τι
1986 2870 2271 2942 ἡγώμεθα,
2305 2869 2443 2924 ἀλλά
2463 2870 2640 2925 πάντα
2661 2869 2906 2941 ποιῶμεν
2929 2870 3025 2924 καὶ
3050 2866 3600 2942 πραγματευώμεθα,

1903 2956 2044 3010 ὥστε
2076 2957 2320 3028 γαλήνην
2354 2957 2449 3011 καὶ
2486 2958 2713 3029 εἰρήνην
2756 2955 2895 3010 εἶναι
2948 2956 3154 3026 μεταξὺ
3201 2958 3303 3027 τῆς
3348 2959 3600 3029 συνοική-

1904 3059 2063 3108 σεως.
2099 3043 2232 3096 Τότε
2255 3043 2363 3115 7&9
2396 3046 2445 3097 οἰ
2475 3043 2784 3113 τικτόμενοι
2819 3043 3009 3106 παῖδες
3042 3045 3109 3113 τῇ
3136 3042 3244 3096 τῶν
3272 3043 3601 3115 γεγεννηκό-

1900 3147 2011 3183 των
2061 3130 2232 3201 ἀρετῇ
2283 3128 2838 3201 κατακολουθήσουσι,
2892 3128 2986 3183 καὶ
3040 3131 3090 3182 οῖ
3133 3130 3340 3184 οἰκέται
3388 3130 3600 3194 τούτοις

1900 3216 2145 3287 ἐψονται,
2174 3217 2269 3271 καὶ
2298 3216 2637 3287 πανταχόθεν
2664 3216 2732 3271 τά
2755 3216 2856 3287 τῆς
2879 3216 3060 3280 οἰκίας
3088 3217 3227 3287 πρὸς
3248 3218 3452 3289 ἀρετὴν
3477 3220 3599 3271 ἐπι-

1900 3303 2084 3371 δώσει,
2121 3305 2217 3359 καί⁵
2266 3303 2436 3375 πολλὴ
2486 3304 2594 3357 τῶν
2632 3304 2979 3376 πραγμάτων
3012 3303 3166 3358 ἔσται
3216 3306 3250 3377 ή
3300 3305 3594 3378 εὐημερία.

1903 3388 2074 3443 Ὅταν
2121 3388 2231 3460 7&9
2266 3387 2339 3441 τὰ
2381 3387 2476 3441 τοῦ
2511 3388 2646 3459 Θεοῦ
2698 3388 3077 3461 προτιμῶμεν,
3113 3389 3184 3443 τά
3230 3388 3367 3444 ἀλλα
3418 3390 3599 3445 πάντα

1901 3474 2044 3530 κατά
2092 3474 2220 3547 ῥοῦν
2250 3473 2370 3546 ήξει
2402 3476 2553 3547 ήμίν,
2606 3476 2702 3529 καὶ
2752 3476 2966 3540 οὐδενὸς
3006 3474 3260 3549 αἴσθησιν
3313 3474 3600 3549 ληψόμεθα

1899 3562 2169 3635 λυπηροῦ,
2187 3562 2289 3633 τῆς
2327 3562 2425 3616 τοῦ
2456 3562 2593 3617 Θεοῦ
2627 3562 2968 3636 ἀγαθότητος
2999 3562 3138 3634 μετά
3163 3563 3443 3634 δαψιλείας
3465 3566 3601 3635 ήμῖν

1900 3649 2118 3704 ἅπαντα
2148 3649 2640 3721 χορηγούσης.”1να
2663 3646 2757 3704 οὖν
2780 3651 2876 3705 καί
2902 3651 3060 3705 αὐτοὶ
3091 3650 3314 3715 ἀλύπως
3341 3651 3483 3706 κατά
3507 3652 3601 3705 τὸν

1904 3736 2151 3806 παρόντα
2181 3735 2296 3807 βίον
2327 3737 2626 3808 διάγωμεν,
2664 3737 2760 3791 καί⁵
2788 3738 2888 3810 τὴν
2919 3737 3074 3810 παρά
3097 3737 3194 3791 τοῦ
3219 3739 3495 3791 Δεσπότου
3517 3737 3597 3792 εῦ-

1898 3842 2047 3879 νοιαν
2078 3825 2173 3879 ἐπὶ
2195 3825 2357 3879 πλέον
2379 3824 2837 3896 ἐπισπασώμεθα,
2858 3824 3219 3897 ἀντεχώμεθα
3242 3826 3343 3897 τῆς
3365 3827 3596 3898 ἀρετῆς,

1895 3911 1997 3984 τὴν
2042 3912 2293 3983 ὁμόνοιαν
2339 3912 2432 3965 καὶ
2479 3912 2579 3983 τὴν
2628 3913 2854 3983 εἰρήνην
2880 3913 2959 3976 εἰς
2985 3913 3085 3982 τὴν
3127 3913 3307 3967 οἰκίαν
3353 3915 3598 3983 εἰσάγειν

1898 3998 2291 4070 σπουδάζωμεν
2335 3997 2433 4068 τὴν
2479 3998 2709 4063 ἑαυτῶν,
2748 3998 2847 4069 τῆς
2891 3996 3003 4051 τᾶν
3050 3998 3260 4053 τέκνων
3292 4001 3597 4070 εὐκοσμίας

1896 4085 2313 4158 ἐπιμελώμεθα,
2355 4084 2732 4157 φροντίζωμεν
2779 4085 2873 4139 τοῦ
2922 4085 3125 4157 τρόπου
3178 4088 3288 4141 τῶν
3337 4088 3598 4154 οἰκετῶν,

1895 4170 1983 4223 ῖνα
2026 4171 2171 4242 ὑπὲρ
2218 4170 2474 4225 ἀπάντων
2518 4170 2761 4241 δαψιλεῖς
2790 4170 2889 4234 τάς
2925 4171 3166 4243 ἀμοιϐάς
3209 4173 3599 4245 κομισάμενοι,

1895 4258 2323 4330 καταξαυθῶμεν
2352 4259 2446 4313 καὶ
2486 4259 2597 4312 τῶν
2646 4259 3075 4331 ἐπηγγελμένων
3119 4260 3363 4328 ἀγαθῶν,
3407 4261 3594 4335 χάριτι

1896 4346 1990 4399 καὶ
2036 4346 2419 4422 φιλανθρωπίᾳ
2464 4344 2560 4399 τοῦ
2610 4347 2817 4419 Κυρίου
2869 4347 3028 4420 ήμῶν
3074 4348 3249 4419 Ἰησοῦ
3305 4350 3548 4421 Χριστοῦ
3576 4394 3591 4415 ,

1898 4432 2017 4503 μεθ’
2048 4425 2110 4485 οὗ
2155 4432 2235 4502 τῷ
2280 4432 2476 4503 Πατρὶ,
2505 4432 2622 4503 ἃμα
2646 4431 2726 4503 τῷ
2753 4433 2895 4505 ἀγίῳ
2926 4434 3229 4506 Πνεύματι,
3270 4434 3419 4500 δόξα,
3455 4437 3594 4507 κρά-

1893 4534 2006 4584 τος,
2036 4516 2193 4589 τιμὴ,
2221 4518 2319 4572 νῦν
2349 4518 2445 4573 καὶ
2469 4519 2578 4587 ἀεὶ,
2600 4520 2695 4572 καὶ
2722 4520 2803 4585 είς
2832 4522 2959 4587 τοὺς
2986 4522 3192 4587 αἰῶνας
3223 4522 3334 4578 τῶν
3355 4524 3590 4581 αἰώνων.

1907 4605 2102 4677 ’Λμήν.

2541 4692 2787 4751 ΟΜῘΛῘΔ
2819 4696 2945 4751 AO’.

1907 4781 2118 4836 Ἦνίκα
2175 4781 2246 4836 δὲ
2300 4780 2539 4851 ἐγένετο
2581 4786 2616 4838 ὀ
2667 4786 2899 4857 ξἈϐραμ
2952 4784 3365 4853 ἐννενήκοντα
3410 4786 3592 4843 ἐννέα

2314 4868 2486 4937 ἐτῶν,
2515 4870 2684 4941 ὤφθη
2712 4871 2920 4939 αὐτῷὁ
2945 4875 3091 4939 Θεός
3112 4874 3163 4929 δ.

1963 4955 2035 5007 α’.
2054 4954 2260 5021 Είδετε,
2277 4957 2579 5029 ἀγαπητοὶ,
2590 4958 2709 5025 πῶς
2734 4959 2887 5013 οὐδὲν
2904 4960 3075 5030 ἀργὸν
3090 4961 3198 5015 τῶν
3213 4961 3365 5034 παρά
3381 4964 3447 5032 τῇ
3471 4961 3593 5033 θεία

1909 5043 2105 5116 Γραφῇ
2145 5046 2452 5117 κειμένων;
2489 5048 2662 5106 εἴδεα
2697 5048 2824 5120 χθές
2867 5050 2987 5114 πῶς
3013 5052 3076 5105 rb
3106 5053 3248 5106 κατά
3276 5053 3374 5124 τὴν
3407 5054 3591 5124 Ἅγαρ

1898 5132 1979 5197 εἰς
2007 5131 2171 5203 μέσον
2196 5136 2611 5205 παραγαγόντες
2635 5178 2650 5200 ,
2697 5139 2792 5191 καὶ
2823 5137 2921 5210 τὴν
2953 5139 3159 5211 ταύτης
3198 5140 3548 5213 ἀναχώρησιν
3569 5182 3589 5203 ,

1897 5216 2097 5289 πολλὴν
2154 5218 2427 5289 ὠφέλειαν
2474 5222 2688 5277 ἐκεῖθεν
2730 5224 3215 5297 ἐκαρπωσάμεθας
3279 5226 3594 5297 Ἐμάθομεν

1895 5302 2006 5375 γὰρ
2033 5302 2126 5357 τοῦ
2164 5307 2505 5378 πατριάρχου
2539 5307 2637 5379 τὴν
2664 5309 2864 5381 πολλὴν
2885 5311 3208 5378 ἐπιείκειαν,
3238 5311 3341 5383 τῆς
3371 5328 3590 5385 σωφρο-

1897 5388 2065 5460 σύνης
2100 5389 2199 5463 τήν
2224 5392 2532 5463 ὑπερϐολὴν
2554 5434 2568 5458 ,
2599 5394 2700 5464 τὴν
2724 5395 2858 5449 αἰδὼ
2876 5437 2892 5461 ,
2918 5397 2986 5468 ἦν
3012 5396 3279 5470 ἀπένειμε
3302 5400 3369 5469 τῇ
3396 5398 3549 5471 Σάρᾳ
3565 5440 3587 5465 ,

1892 5475 1995 5548 τήν
2035 5477 2169 5548 πρὸς
2212 5478 2384 5549 αὐτὴν
2414 5479 2667 5549 ὁμόνοιαν
2705 5484 2923 5538 πάντων
2963 5483 3270 5556 ήγούμενος
3319 5501 3589 5556 προτιμο-

1894 5563 2079 5635 τέραν.
2133 5563 2364 5635 Εἴδομεν
2394 5566 2505 5621 ⁴τοῦ
2556 5567 2695 5623 Θεοῦ
2741 5570 2840 5642 τὴν
2878 5571 3084 5641 ἀερατον
3133 5572 3544 5645 φιλανθρωπίαν
3566 5616 3586 5640 ,

1892 5650 2042 5715 ὅπως
2071 5651 2161 5706 διά
2181 5651 2280 5724 τὴν
2320 5654 2401 5718 εἰς
2426 5653 2517 5708 τὸν
2554 5655 2761 5711 δίκαιον
2787 5659 2953 5730 τιμὴν
2980 5658 3043 5712 ού
3075 5658 3238 5728 μόνον
3264 5660 3581 5731 ἐπανήγαγε

1959 5738 1987 5767 ⁸
2011 5737 2165 5807 8:ij
2226 5743 2279 5788 ει
2337 5740 2531 5799 aliquot
2606 5757 2725 5794 mss.
2749 5746 2894 5813 _)mm
2932 5746 3012 5794 ”ν.
3070 5744 3248 5795 Iorel.
3310 5747 3435 5811 δυσχ
3496 5750 3580 5801 ”ν.

1893 5798 1925 5839 ι
1947 5798 2063 5847 Hec
2100 5806 2170 5849 ιιε
2192 5801 2520 5851 εηιιιιιίεηιιιι·
2552 5805 2603 5853 in
2637 5804 2843 5855 Bibhis:
2876 5760 3092 5860 ’ἕΐένετο
3141 5808 3197 5857 δέ
3219 5806 3417 5860 Ἀϐοαυ.
3435 5763 3580 5860 Ὥιῶ

1992 5811 2063 5873 κιρ
2100 5801 2170 5849 iu
2192 5801 2615 5873 epuglianlprjq
2637 5803 2843 5873 Bibl-iis:
2876 5801 3092 5873 ’ξγένετρ
3141 5808 3197 5857 δι
3219 5801 3435 5873 Ἀϐραιῖ
3459 5801 3587 5861 kin

1891 5861 2198 5919 έννενήκοντα
2218 5863 2366 5913 έννέα·
2394 5864 2477 5914 καὶ
2519 5866 2652 5932 ὤφθη
2680 5866 2852 5934 Κύριος
2869 5861 2953 5935 τῷ’
2981 5867 3189 5936 Ἀϐραμ.
