4054 6324
493 478 593 550 τὴν
634 479 812 548 Ἅγαρ
854 477 996 531 κατά
1029 477 1126 546 τὴν
1168 476 1370 546 ἔρημον
1413 476 1800 546 πλανωμένην,
1831 476 1923 530 καὶ
1954 473 2040 526 διά
2068 474 2157 526 τὸν

490 566 592 636 τῆς
621 566 908 634 δεσποίνης
937 566 1096 633 φόϐον
1117 563 1520 633 ἀποδράσασαν,
1551 563 1686 615 ἀλλὰ
1707 563 1798 616 καὶ
1818 561 1909 614 τοῦ
1938 561 2159 630 Ίσμαὴλ

1217 363 1274 418 S.
1309 359 1590 417 JOANNIS
1628 357 2108 416 CIIRYSOSTOMI
2144 355 2464 414 ARCHIEP.
2504 356 3050 415 CONSTANTINOP.

3824 351 3937 411 33*2

2269 490 2390 544 χην,
2416 475 2508 527 ἐπὶ
2539 474 2808 527 τοσούτων
2835 474 2970 527 ἐτῶν
2995 471 3225 543 ἀριθμὸν
3252 471 3348 542 τὴν
3388 470 3595 524 οἰκείαν
3629 468 3934 523 ἐπιδείκνυ·-

2266 577 2353 612 ται
2410 561 2812 632 μακροθυμίαν,
2857 562 2951 615 καὶ
2992 564 3020 614 6
3069 561 3276 623 δίκαιος
3321 561 3380 612 οὐ
3439 558 3819 628 δυσχεραίνει,
3872 557 3937 610 οὐ

491 652 588 705 τὸν
627 651 782 705 τόκον
820 651 1147 721 ἐχαρίσατο,
1181 649 1380 717 πολλὴν
1421 648 1667 700 ἐντεῦθεν
1709 647 1786 718 τῷ
1826 646 2014 716 δικαίῳ
2062 645 2162 713 τὴν
2267 650 2443 718 ναρκᾷ
2496 648 2634 719 πρὸς
2676 649 2736 701 τὸ
2796 647 2992 718 μῆκος,
3049 648 3148 700 οὐκ
3200 646 3571 716 ἀπαγορεύει,
3634 643 3771 698 ἀλλά
3815 647 3938 706 ταῖς

497 739 852 810 παραμυθίαν
883 735 1110 789 ἐπινοῶν
1131 778 1144 798 ,
1171 737 1264 788 καὶ
1295 735 1395 804 τῆς
1427 732 1695 804 τοσαύτης
1724 732 1996 803 ὑπομονῆς
2023 733 2160 784 ἀπ).

504 826 678 889 διδοὺς
709 824 854 892 αὐτῷ
881 823 977 886 τὰς
1003 823 1253 894 ἀμοιϐάς.
1288 822 1397 875 Kal
1429 819 1612 890 ἐπειδὴ
1644 819 1832 890 ἐτέχθη
1855 821 1883 871 6
1913 817 2157 888 Ὶσμαὴλ,

497 911 790 981 βουλομένη
808 909 1012 974 διδάξαι
1029 912 1176 982 ἡμᾶς
1189 908 1342 983 [595]
1359 909 1390 978 ἡ
1407 907 1524 960 θεία
1542 908 1731 977 Γραφὴ
1748 908 1837 960 τὸν
1862 905 2050 977 χρόνον
2063 906 2156 958 τοῦ

495 997 854 1068 πατριάρχου,
869 997 1082 1050 καὶτῶν
1102 996 1237 1049 ἐτῶν
1252 996 1340 1047 τὸν
1356 993 1479 1064 ἀριθ
1488 994 1587 1064 μὸν
1616 996 1750 1064 ἡμῖν
1776 995 2159 1064 ἐπεσημήνατο

493 1082 738 1147 εἰποῦσα,
770 1084 851 1136 δτι
891 1084 1100 1138 Ἡνίιια
1145 1083 1354 1150 ἐτέχθη
1403 1083 1436 1133 ὁ
1491 1080 1780 1150 Ἰσραὴλ,
1813 1079 1961 1134 ιιι-ῶν
1987 1079 2155 1148 ὀγδο-

491 1170 790 1236 ,71:de
819 1167 897 1238 ἦν
923 1173 955 1223 ὀ
976 1171 1215 1236 Ἀϐραμ.
1239 1167 1465 1237 Ἰδωμεν
1491 1167 1548 1221 δέ
1577 1166 1765 1222 λοιπὸν
1794 1167 1862 1220 τά
1885 1167 2154 1230 ἐντεῦθεν,

494 1256 582 1310 Eva
610 1256 706 1309 καὶ
733 1256 796 1308 ἐκ
822 1255 930 1308 τῶν
955 1255 1086 1323 ἑξῆς
1119 1253 1380 1323 μάθωμεν
1407 1254 1571 1308 πάλιν
1590 1253 1800 1308 καὶτοῦ
1824 1253 2029 1307 δικαίου
2060 1253 2157 1323 τὴν

495 1342 695 1412 πολλὴν
727 1341 1033 1412 ὑπομονὴν,
1079 1341 1170 1392 καὶ
1212 1339 1306 1393 τοῦ
1354 1340 1626 1393 Δεσπότου
1670 1340 1764 1410 τὴν
1809 1339 2012 1408 ἀφατον
2062 1337 2157 1393 καὶ

497 1427 936 1496 ὑπερϐάλλουσαν
959 1426 1382 1495 φιλανθρωπίαν.
1415 1425 1684 1494 Είσόμεθα
1723 1425 1778 1476 δέ
1823 1425 1957 1493 μετά
1996 1427 2156 1495 ἀκρι-

499 1514 668 1577 ϐείας,
716 1513 810 1565 ἐάν
851 1512 1014 1565 πάλιν
1050 1511 1174 1574 τοὺς
1221 1513 1442 1581 χρόνους
1489 1510 1587 1578 τῆς
1632 1511 1774 1580 ζωῆς
1823 1509 1914 1562 τοῦ
1945 1511 2154 1564 δικαίου

497 1598 834 1668 καταμαθεῖν
857 1597 1193 1667 δυνηθῶμεν,
1224 1597 1314 1648 καί
1341 1599 1487 1658 ὅπως
1507 1597 1534 1648 6
1554 1595 1752 1663 ἀγαθὸς
1786 1594 1917 1657 Θεὸς
1939 1595 2006 1648 τά
2035 1600 2154 1650 κατ’

497 1683 660 1736 αὐτὸν
692 1681 956 1752 ᾠκονόμει
980 1722 994 1746 ,
1030 1681 1149 1734 καθ’
1176 1681 1401 1733 ἔκαστον
1437 1679 1625 1752 καιρὸν
1651 1680 1876 1751 δοκιμὴν
1903 1681 1996 1732 τοῦ
2026 1682 2153 1735 ἰδίου

491 1769 819 1838 θεράποντος
873 1765 1202 1836 λαμϐάνωνς
1265 1768 1358 1820 καὶ
1419 1767 1481 1819 τὸ
1533 1766 1774 1835 θεοφιλές
1831 1767 1996 1822 αὐτοῦ
2058 1770 2152 1839 τῆς

490 1854 713 1923 γνώμης
743 1853 944 1907 ἐκκαλύ
957 1872 1118 1907 πτων.
1148 1855 1318 1915 Αὐτὸς
1347 1853 1445 1923 μὲν
1471 1855 1577 1923 γάρ
1605 1849 1826 1924 προῇδει
1857 1853 2041 1922 σαφῶς
2061 1855 2152 1907 τοῦ

491 1940 622 1992 ἰδίου
656 1940 866 1992 οἰκέτου
900 1939 995 2010 τὴν
1022 1939 1473 2009 εὐγνωμοσύνην,
1517 1939 1610 1993 καὶ
1642 1939 1742 2007 τῆς
1783 1939 1959 2009 ψυχῆς
1987 1937 2149 1993 αὐτοῦ

489 2025 551 2078 τὸ
582 2023 776 2088 κάλλος
809 2026 1076 2094 ἠπίστατο
1097 2064 1111 2090 ,
1139 2025 1232 2078 καὶ
1261 2026 1352 2078 τὸν
1389 2024 1732 2095 μαργαρίτην
1767 2024 2008 2094 ἀκριϐῶς
2051 2023 2157 2091 ἐτί-

490 2128 697 2165 νωσκεν
721 2129 735 2145 ·
768 2111 882 2166 ἀλλ’
919 2111 1106 2182 ἐπειδὴ
1151 2111 1398 2166 ἐϐούλετο
1437 2113 1532 2166 καὶ
1563 2113 1694 2164 πᾶσι
1727 2114 1837 2176 τοῖς
1867 2113 1986 2165 τότε
2016 2127 2154 2182 πιρ-

487 2196 605 2248 οῦσι
642 2197 939 2267 κατάδηλον
986 2198 1148 2249 αὐτὸν
1193 2201 1452 2267 ποιῆσαι,
1504 2197 1594 2250 ἵνα
1637 2197 1729 2250 καὶ
1773 2199 1852 2259 εἰς
1885 2197 1983 2260 τὰς
2018 2199 2152 2267 μετά

490 2283 660 2336 ταῦτα
709 2283 902 2351 γενεάς
958 2285 991 2352 ἡ
1040 2282 1133 2336 τοῦ
1180 2283 1387 2336 δικαίου
1439 2283 1609 2353 ἀρετὴ
1666 2283 1800 2351 πρὸς
1857 2282 2014 2352 ζῆλον
2061 2284 2152 2336 καὶ

501 2369 731 2440 μίμησιν
769 2369 1061 2440 ἐφέλκηται
1107 2371 1232 2433 τοὺς
1276 2369 1628 2440 βουλομένους
1657 2411 1670 2431 ,
1704 2369 1791 2422 διὰ
1821 2369 1978 2422 τοῦτο
2009 2371 2151 2422 κατὰ

487 2455 685 2526 μικρὸν
715 2453 1044 2508 ἐκκαλύπτει
1065 2457 1155 2508 τὸν
1176 2456 1403 2509 πλοῦτον
1433 2457 1528 2526 τῆς
1555 2455 1646 2509 τοῦ
1667 2456 1873 2508 δικαίου
1903 2457 2149 2527 γνώμης,

487 2540 576 2594 ἴνα
605 2541 988 2611 παιδευώμεθα
1017 2544 1109 2595 καὶ
1126 2543 1285 2612 ἡμεῖς
1314 2543 1580 2614 μηδέποτε
1603 2542 1900 2595 διαπιστεῖν
1919 2546 2037 2606 ταῖς
2059 2543 2150 2596 τοῦ

483 2626 621 2680 Θεοῦ
656 2628 1008 2696 ἐπαγγελίαις
1037 2645 1051 2660 ο
1096 2630 1230 2700 μηδὲ
1276 2631 1647 2699 δυσχεραίνειν
1690 2629 1824 2700 πρὸς
1867 2628 1964 2698 τὴν
2019 2631 2149 2682 ἀναο

482 2714 667 2782 ϐολὴν,
717 2715 850 2769 ἀλλά
901 2715 1100 2784 μᾶλλον
1142 2716 1251 2768 τῶν
1296 2716 1582 2787 δρωμένων
1618 2716 1712 2767 καὶ
1753 2715 1861 2767 τῶν
1905 2718 1962 2767 ἐν
1995 2718 2150 2786 χερσί

484 2805 595 2867 τοῖς
620 2804 694 2872 μὴ
727 2801 1074 2873 βλεπομένοις
1105 2803 1324 2873 θαρρεῖν
1346 2843 1359 2865 ,
1393 2803 1610 2854 ἐπειδάν
1641 2804 1668 2855 6
1706 2803 1922 2856 πάντων
1950 2805 2151 2855 Δεσπό-

480 2907 582 2960 της
616 2892 963 2959 ὑπόσχηται·
986 2891 1080 2942 καὶ
1103 2892 1300 2944 εἰδέναι
1339 2890 1414 2953 ῶς
1461 2892 1559 2961 οὐχ
1607 2885 1717 2943 οἶόν
1762 2890 1821 2943 τέ
1868 2907 1995 2944 ποτε
2033 2891 2148 2944 δια-

483 2979 668 3029 πεσεῖν
728 2977 797 3029 τά
851 2976 1003 3045 παρά
1048 2976 1142 3028 τοῦ
1192 2977 1326 3029 Θεοῦ
1379 2976 1781 3044 ἐπαγγελθὲντα
1807 2992 1820 3005 ’
1862 2976 1998 3030 ἀλλά
2045 2979 2148 3030 κᾶν

487 3064 684 3132 χρόνου
736 3060 929 3114 πολλοῦ
978 3062 1426 3132 παραδραμόντος
1471 3061 1688 3114 ἐναντία
1731 3063 1847 3126 ταῖς
1881 3061 1973 3115 τοῦ
2012 3062 2146 3116 Θεοῦ

486 3149 813 3218 ὑποσχέσεσι
865 3147 1108 3218 γένηται,
1167 3148 1300 3219 μηδὲ
1355 3149 1496 3201 οῦτω
1549 3149 1865 3202 σαλεύεσθαι
1912 3148 2004 3202 τὸν
2057 3151 2146 3202 λο-

485 3235 703 3304 γισμδν,
749 3235 864 3288 ἀλλ’
896 3236 1092 3289 εἰδέναι
1123 3235 1216 3288 τοῦ
1247 3236 1714 3303 ἐπαγγειλαμένου
1760 3236 1819 3288 τδ
1845 3237 2149 3306 εὐμήχανον

485 3324 578 3375 καὶ
615 3323 712 3392 τὴν
757 3323 966 3392 ἄμαχον
1006 3321 1234 3391 δύναμιν
1259 3361 1273 3386 ,
1324 3322 1417 3375 καὶ
1449 3322 1529 3374 ὄτι
1556 3321 1772 3374 ἐπειδὰν
1796 3323 2028 3394 βουληθῇ
2070 3327 2148 3388 είς

481 3407 642 3479 ἔργον
675 3410 903 3475 ἀγαγεῖν
952 3407 1019 3460 τά
1068 3407 1388 3478 δεδογμένα,
1427 3408 1604 3461 πάντα
1651 3409 1786 3462 εῖκει
1828 3411 1920 3462 καὶ
1967 3427 2146 3481 παρα-

482 3498 664 3566 χωρεῖ.
713 3495 930 3564 Ἐπειδὴ
964 3493 1071 3564 γάρ
1106 3493 1307 3563 Κύριός
1336 3496 1453 3547 ἐστι
1513 3494 1613 3566 τῆς
1656 3495 1870 3564 φύσεως
1907 3499 1998 3550 καὶ
2048 3500 2146 3568 δη-

483 3582 773 3653 μιουργὸς,
816 3581 1040 3635 δυνατὸν
1067 3581 1214 3650 αὐτῷ
1246 3581 1339 3634 καὶ
1375 3581 1445 3634 τὰ
1485 3582 1624 3653 ὑπὲρ
1653 3582 1749 3653 τὴν
1779 3582 1938 3652 φύσιν
1970 3584 2146 3656 δωρὴο

479 3669 700 3723 σασθαι.
728 3668 819 3739 Μὴ
849 3667 1030 3722 τοίνυν
1057 3669 1195 3740 πρὸς
1225 3669 1323 3740 τὴν
1351 3668 1556 3723 οἰκείαν
1586 3670 1869 3725 ἀσθένειαν
1896 3673 2145 3744 ἀφορῶν-

482 3771 573 3819 τες
621 3755 1161 3826 πολυπραγμονῶμεν
1207 3755 1277 3809 τά
1328 3755 1477 3826 παρά
1517 3757 1612 3810 τοῦ
1656 3758 1792 3812 Θεοῦ
1842 3760 2102 3829 γινόμενα
2127 3801 2141 3825 ,

483 3839 617 3926 μηδὲ
649 3838 784 3926 πρὸς
815 3839 913 3910 τὴν
947 3839 1179 3910 φυσικὴν
1223 3841 1542 3895 ἀκολουθίαν
1581 3842 1976 3926 ἀποϐλέποντες
2026 3847 2143 3914 σχε-

371 3961 374 3966 -
481 3922 666 3995 ζωμεν
693 3925 782 3977 τὸν
811 3925 1099 3995 λογισμὸν,
1117 3926 1252 3978 ἀλλά
1278 3927 1529 3999 καθάπερ
1551 3922 1889 4001 εὐγνώμονες
1914 3932 2142 4000 οἰκέται,

474 4012 681 4074 εἰδότες
749 4012 844 4065 τοῦ
904 4005 1174 4082 ἡμετέρου
1235 4014 1505 4066 Δεσπότου
1559 4015 1660 4084 τὴν
1707 4017 2142 4086 ὑπερϐάλλουσαν

474 4096 744 4166 δύναμιν,
793 4097 1135 4166 πιστεύωμεν
1187 4099 1352 4151 αὐτοῦ
1411 4102 1532 4163 ταῖς
1592 4101 1983 4170 ὑποσχέσεσιν,
2049 4107 2144 4157 καὶ.

475 4181 741 4252 ἀνώτεροι
763 4182 1039 4252 γινώμεθα
1067 4183 1162 4254 τῆς
1191 4185 1428 4256 φυσικῆς
1451 4187 1752 4253 ἀσθενείας,
1793 4187 1876 4242 ἵνα
1903 4189 1996 4242 καὶ
2035 4191 2145 4243 τῶν

469 4268 917 4337 ἀπαγγελθέντων
970 4270 1412 4340 ἐπιτευξώμεθά,
1492 4276 1583 4327 καὶ
1641 4277 1740 4346 τῆς
1791 4276 1921 4345 παρ’
1980 4277 2141 4330 αὐτοῦ

472 4354 874 4427 ἀπολαύσωμεν
925 4358 1177 4424 εὐνοίας,
1237 4361 1330 4413 καὶ
1388 4361 1530 4414 κατὰ
1578 4361 1810 4433 δύναμιν
1861 4364 2143 4434 ἡμετέραν

474 4443 795 4512 τιμησωμεν
837 4444 930 4496 τὸν
981 4443 1134 4498 Θεόν.
1186 4445 1433 4516 Μεγίστη
1481 4447 1590 4519 γάρ
1637 4447 1775 4520 αὕτη
1827 4451 1959 4521 τιμὴ
2009 4450 2141 4520 παρ’

471 4528 633 4600 ἡμῶν
670 4529 749 4591 εἰς
791 4529 988 4593 αὐτὸν,
1027 4530 1087 4582 τὸ
1129 4530 1350 4601 θαρρεῖν
1396 4533 1566 4586 αὐτοῦ
1610 4537 1674 4604 τῇ
1728 4536 1987 4606 δυνάμει,
2033 4538 2139 4591 κάν

473 4614 695 4667 ἐναντία
782 4615 850 4668 τά
881 4618 994 4677 τοῖς
1025 4616 1320 4687 ὀφθαλμοῖς
1350 4618 1450 4688 τῆς
1491 4619 1690 4690 σαρκὸς
1724 4620 1994 4690 δρώμενα.
2032 4625 2140 4677 Kal

471 4701 528 4753 τί
573 4701 904 4771 θαυμάζεις,
952 4705 1000 4754 εἰ
1045 4705 1136 4755 ἐπὶ
1182 4703 1314 4757 Θεοῦ
1367 4705 1597 4776 μεγίστη
1645 4709 1761 4760 ἐστί
1801 4710 1934 4778 τιμὴ
1969 4710 2027 4762 τὸ
2063 4711 2139 4782 μὴ

471 4786 871 4856 ἀμφιϐάλλεινς
927 4789 1035 4840 Καὶ
1084 4789 1176 4841 ἐπὶ
1223 4789 1331 4842 τῶν
1378 4793 1685 4862 ὁμογενῶν,
1737 4795 1955 4847 ἐπειδάν
2007 4798 2139 4865 ἡμῖν

472 4874 818 4944 ὑπόσχωνταί
863 4891 917 4928 τι
975 4875 1085 4928 τῶν
1144 4877 1422 4948 ἐπικήρων
1482 4879 1685 4933 τούτων
1741 4881 1833 4933 καὶ
1886 4881 2138 4952 φθαρτῶν

472 4961 815 5030 πραγμάτων
841 5001 856 5025 ,
897 4960 962 5016 ἀν
990 4961 1065 5033 μὴ
1095 4963 1522 5034 ἀμφιϐάλλωμεν
1540 5005 1555 5028 ,
1597 4965 1732 5019 ἀλλά
1775 4967 2138 5040 θαρρήσωμεν

473 5045 554 5116 τῷ
577 5047 952 5117 ὑποσχομένῳ,
982 5051 1090 5111 πᾶς
1107 5066 1189 5111 τις
1209 5050 1389 5103 αὐτῶν
1408 5051 1680 5123 μεγίστην
1708 5054 1910 5126 ταύτην
1927 5059 2138 5127 ἡγεῖται

472 5136 794 5204 τετιμῆσθαι
824 5137 1008 5207 τιμὴν,
1036 5137 1096 5189 τὸ
1127 5137 1201 5207 μὴ
1232 5138 1497 5192 ἐνδοιάσαι
1527 5139 1765 5209 δηλονότι
1796 5145 1964 5214 ἡμᾶς,
2002 5148 2136 5202 ἀλλά

473 5220 746 5293 θαρρῆσαι
788 5223 950 5276 αὐτοῦ
997 5226 1118 5287 ταῖς
1162 5225 1536 5294 ὑποσχέσεσιν.
1588 5229 1649 5280 Εί
1690 5230 1868 5285 τοίνυν
1917 5235 2008 5287 καὶ
2051 5237 2137 5290 ἐπ’

469 5309 774 5381 ἀνθρώπων
797 5309 952 5362 τοῦτό
970 5311 1083 5363 ἐστι
1105 5311 1212 5365 τῶν
1235 5313 1327 5366 καὶ
1355 5314 1840 5385 μεταϐαλλομένων
1857 5320 2133 5389 πολλάκις,

474 5395 507 5466 ἡ
554 5397 621 5450 δι’
671 5397 955 5450 ἀσθένειαν
1011 5399 1085 5466 μὴ
1125 5398 1435 5470 δυναμένων
1478 5403 1558 5464 εἰς
1599 5401 1757 5474 ἔργον
1790 5408 2019 5476 ἀγαγεῖν
2067 5412 2135 5466 τά

472 5481 728 5546 δόξαντα,
777 5481 954 5552 πο)λῷ
991 5482 1191 5551 μᾶλλον
1225 5484 1317 5535 ἐπὶ
1349 5484 1442 5537 τοῦ
1480 5486 1614 5538 Θεοῦ
1645 5489 1931 5562 ὀφείλομεν
1968 5496 2133 5550 αὐτοῦ

471 5568 695 5639 θαρρεῖν
723 5572 789 5640 τῇ
820 5571 1123 5643 ἐπαγγελίᾳ
1148 5613 1161 5636 ,
1193 5573 1294 5626 κάν
1326 5576 1381 5626 ἐν
1413 5575 1488 5646 τῷ
1521 5579 1670 5649 μέσῳ
1710 5582 1873 5645 πολὺς
1913 5583 2133 5654 γένηται

471 5655 677 5724 χρόνος.
713 5655 898 5710 Ταῦτα
936 5657 992 5710 δέ
1049 5675 1138 5728 μοι
1190 5657 1283 5712 νῦν
1320 5661 1415 5730 οὐχ
1455 5662 1638 5728 ἀπλῶς
1697 5663 1848 5739 [596]
1897 5670 2133 5740 εἴρηται,

471 5740 587 5794 ἀλλ’
616 5740 702 5795 ἵνα
737 5743 932 5797 εἰδέναι
971 5745 1182 5816 ἔχωμεν
1202 5785 1218 5808 ,
1261 5747 1390 5800 ὅταν
1436 5749 1676 5821 ἔλθωμεν
1707 5753 1798 5806 ἐπὶ
1830 5755 1926 5826 τὴν
1956 5757 2130 5827 ἀρχὴν

467 5827 575 5880 τῶν
614 5829 851 5913 σήμερον
893 5833 1026 5901 ἡμῖν
1056 5834 1456 5902 προτεθέντων,
1501 5838 1647 5901 ὅπως
1685 5841 1714 5891 6
1756 5842 2132 5913 φιλάνθρωπος

465 5913 598 5977 Θεδς
624 5911 942 5984 βουλόμενος
962 5917 1163 5974 ἀπασιν
1191 5921 1460 5992 ἐπίσημον
1487 5924 1706 5996 ποιῆσαι
1742 5928 1831 5982 τὸν
1868 5911 2134 6006 πατριάρ-

2267 740 2525 805 χρηστσῖς
2559 736 2738 789 ἐλπίσι
2770 737 3110 807 τρεφόμενος
3129 736 3226 804 τὴν
3258 734 3500 803 φιλόθεον
3517 732 3682 786 αὑτοῦ
3708 732 3936 804 γνώμην

2264 799 2604 875 διὰ-πάντων
2633 799 3020 879 ἐπιδείκνυται.
3073 799 3340 892 Εἶσόμεθα
3363 821 3421 874 δέ
3441 819 3682 892 ἀκριϐῶς
3712 799 3935 877 ἀπα-σαν

2263 907 2356 960 τοῦ
2381 910 2721 980 πατριάρχου
2752 911 2852 980 τὴν
2879 911 3098 981 ἀρετὴν,
3129 910 3222 962 ἐάν
3252 909 3508 980 μάθωμεν
3539 908 3703 970 πόσος
3726 909 3933 978 μεταξύ

2258 994 2444 1064 ’διαγέγ
2457 1012 2540 1049 ονε
2569 997 2778 1066 χρόνος.
2810 999 2995 1051 Πάντα
3016 997 3125 1066 γάρ
3145 999 3290 1066 ἡμᾶς
3320 995 3494 1049 ταῦτα
3529 995 3713 1064 σαφῶς
3727 995 3936 1058 διδάξει

2263 1083 2290 1133 6
2351 1085 2617 1156 μακάριος
2677 1085 2916 1154 Μωῦσῆς
2962 1083 3066 1137 ὑπὸ
3126 1078 3220 1137 τοῦ
3274 1083 3586 1153 Πνεύματος
3635 1081 3727 1136 τοῦ
3771 1083 3935 1149 ἀγίου

2263 1169 2639 1240 ἐνηχούμενος.
2681 1171 2745 1224 Τί
2773 1167 2867 1224 οὖν
2897 1165 3050 1233 οὗτός
3080 1186 3270 1240 φησιν;
3315 1169 3508 1221 Ἦνίκα
3529 1171 3808 1238 ὑπήκουσε
3856 1167 3936 1235 τῷ

2264 1258 2647 1327 προστάγματι
2676 1257 2770 1311 τοῦ
2802 1256 2939 1311 Θεοῦ
2961 1297 2976 1321 ,
3017 1258 3110 1310 καὶ
3148 1256 3389 1318 ἀναστὰς
3416 1255 3524 1308 ἀπὸ
3561 1255 3660 1324 τῆς
3703 1255 3938 1324 Χαρράν

2264 1344 2356 1394 ἐπὶ
2374 1342 2470 1412 τὴν
2487 1344 2800 1397 Χαναναίαν
2825 1343 3084 1413 ὥρμησεν
3097 1383 3110 1404 ,
3137 1342 3273 1395 ἐτῶν
3289 1337 3356 1411 ἦν
3371 1341 3932 1411 ἑϐδομηκονταπέντε.

2263 1429 2372 1480 Kal
2404 1428 2564 1491 εὐθὺς
2598 1428 2952 1481 καταλαϐόντι
2993 1427 3091 1497 τὴν
3139 1427 3444 1481 Χαναναίαν
3481 1426 3747 1496 ὑπέσχετο
3781 1425 3936 1494 αὐτῷ

2262 1521 2355 1571 καὶ
2387 1519 2462 1587 τῷ
2491 1519 2767 1587 σπέρματι
2801 1515 2962 1570 αὐτοῦ
2993 1515 3186 1568 δώσειν
3223 1517 3401 1568 πᾶσαν
3431 1515 3530 1586 τὴν
3566 1515 3692 1584 γῆν,
3731 1516 3828 1567 καί
3853 1517 3934 1576 είς

2261 1606 2509 1658 τοσοῦτον
2550 1605 2754 1673 πλῆθος
2808 1605 3032 1674 ποιῆσαι
3072 1602 3389 1667 ἐπιδώσειν,
3431 1603 3504 1665 ώς
3557 1602 3933 1674 ἀναρίθμητον

2261 1689 2418 1753 εἷναι,
2452 1692 2706 1761 καθάπερ
2733 1690 2828 1760 τὴν
2851 1693 3034 1762 ἀμμον
3064 1691 3156 1743 καὶ
3183 1692 3306 1752 τούς
3335 1689 3590 1760 ἀστέρας.
3643 1690 3754 1742 Kal
3791 1689 3935 1756 μετὰ

2260 1779 2356 1848 την
2385 1778 2716 1845 ἐπαγγελίαν
2743 1777 2946 1846 ταύτην
2987 1776 3155 1830 πολλά
3193 1778 3250 1830 ἐν
3291 1776 3371 1846 τῷ
3405 1776 3559 1846 μέσῳ
3607 1773 3806 1844 συνέϐη
3851 1775 3933 1844 τῷ

2251 1868 2472 1938 δικαίῳ,
2527 1868 2559 1938 ἡ
2621 1866 2845 1930 κάθοδος
2891 1868 2927 1936 ἡ
2995 1868 3052 1918 ἐν
3101 1865 3360 1934 Αἰγύπτῳ
3406 1864 3494 1916 διά
3545 1863 3636 1916 τὸν
3671 1863 3854 1932 λιμὸν,
3895 1866 3929 1932 ἡ

2260 1953 2483 2025 ἀρπαγὴ
2506 1954 2602 2023 τῆς
2627 1954 2826 2022 Σάρας,
2847 1952 2941 2004 καὶ
2967 1953 3127 2015 εὐθὺς
3153 1954 3184 2022 ἡ
3215 1951 3363 2021 παρά
3392 1948 3487 2002 τοῦ
3510 1948 3645 2002 Θεοῦ
3675 1950 3925 2020 πρόνοια.

2259 2041 2369 2092 Kal
2403 2040 2563 2093 πάλιν
2603 2039 2742 2108 μετὰ
2771 2038 2868 2108 τὴν
2908 2038 3116 2092 ἐκεῖθεν
3150 2038 3406 2091 ἐπάνοδον
3443 2038 3476 2107 ἡ
3509 2035 3658 2106 παρά
3693 2037 3788 2089 τοῦ
3833 2037 3929 2106 βα-

2263 2122 2452 2184 σιλέως
2478 2122 2585 2175 τῶν
2614 2123 2867 2193 Γεράρων
2897 2125 3025 2192 περὶ
3057 2121 3156 2189 τὴν
3191 2121 3370 2190 Σάραν
3402 2120 3662 2190 ἐπήρεια,
3695 2120 3794 2171 καὶ
3834 2136 3931 2172 πα-

2259 2208 2515 2278 ραχρῆμα
2543 2209 2576 2276 ἡ
2609 2207 2758 2278 παρὰ
2783 2207 2876 2259 τοῦ
2901 2206 3035 2260 Θεοῦ
3063 2206 3362 2276 ἀντίληψις.
3386 2207 3496 2259 Kal
3517 2205 3690 2258 ταῦτα
3711 2205 3930 2259 ἀπάντα

2255 2291 2396 2362 δρῶν
2438 2295 2466 2346 6
2504 2293 2713 2356 δίκαιος
2745 2293 2881 2362 μετὰ
2912 2292 3010 2363 τὴν
3053 2293 3342 2362 ὑπόσχεσιν
3371 2290 3758 2360 ἐκείνηναύτῷ
3792 2308 3930 2359 συμ-

2257 2379 2506 2432 ϐαίνοντα
2527 2419 2541 2443 ,
2569 2380 2667 2432 οὐκ
2694 2379 2981 2433 ἐσαλεύετο
3008 2379 3100 2432 τὸν
3132 2378 3416 2447 λογισμὸν,
3451 2378 3570 2430 οὐδέ
3601 2378 3926 2447 περιειργά-

2257 2464 2399 2529 ζετο,
2445 2468 2587 2529 τίνος
2629 2468 2815 2520 ἔνεκεν
2863 2468 2891 2519 6
2943 2467 3197 2536 τοιαύτην
3243 2465 3575 2533 ἐπαγγελίαν
3630 2465 3928 2533 δεξάμενος

2254 2553 2527 2617 τοσούτοις
2600 2553 2692 2606 καὶ
2765 2553 3026 2617 τοιούτοις
3107 2553 3433 2622 πειρασμοῖς
3501 2549 3622 2603 καθ’
3687 2551 3927 2620 ἑκάστην

2256 2641 2595 2710 περιπίπτει,
2626 2642 2721 2693 καὶ
2748 2642 2806 2692 ἐν
2833 2640 3070 2712 τοσούτῳ
3102 2641 3278 2713 χρόνῳ
3305 2641 3363 2691 ἐν
3386 2638 3616 2708 ἀπαιδίᾳ
3636 2637 3887 2707 διαμένει
3906 2654 3924 2670 ·

2253 2727 2388 2780 ἀλλά
2423 2725 2666 2794 φιλόθεος
2694 2723 2768 2779 ῶν
2809 2729 2902 2780 καὶ
2932 2731 3031 2781 οὐκ
3061 2728 3384 2797 ἀνεχόμενος
3423 2727 3488 2795 τῇ
3521 2725 3780 2795 ἀσθενείᾳ
3819 2726 3927 2777 τῶν

2256 2814 2472 2866 οίκείων
2493 2814 2770 2884 λογισμῶν
2788 2814 3079 2866 ὑποϐαλεῖν
3100 2814 3164 2866 τά
3189 2812 3338 2881 παρά
3365 2811 3461 2864 τοῦ
3483 2810 3619 2863 Θεοῦ
3640 2813 3923 2881 γινόμενα.

2255 2901 2348 2952 καὶ
2401 2900 2663 2972 ἔστεργε,
2719 2901 2813 2953 καὶ
2864 2900 2983 2969 μεθ’
3041 2899 3235 2970 ἡδονῆς
3285 2899 3501 2968 ἐδέχετο
3549 2897 3618 2950 τά
3678 2897 3755 2969 τῷ
3808 2898 3926 2968 Θεῷ

2252 2983 2529 3038 δοκοῦντα.

2323 3069 2388 3140 β’.
2414 3071 2521 3124 Kal
2551 3073 2687 3138 μετά
2712 3071 2934 3125 δέκατον
2959 3070 3205 3126 ἐνιαυτὸν
3235 3070 3501 3140 λαμϐάνει
3532 3067 3623 3122 τὸν
3664 3068 3928 3140 Ἰσμαὴλ,

2252 3153 2343 3205 τὸν
2372 3154 2478 3207 ἀπὸ
2506 3156 2602 3224 τῆς
2637 3155 2927 3225 παιδίσκης
2953 3194 2967 3215 .
3018 3156 3114 3207 καὶ
3149 3155 3230 3217 είς
3269 3153 3458 3207 τοῦτον
3493 3151 3742 3222 ἐνόμιζεν
3776 3153 3928 3222 αὐτῷ

2253 3236 2436 3287 λοιπὸν
2478 3238 2547 3289 τά
2589 3238 2690 3307 τῆς
2738 3237 3071 3306 ἐπαγγελίας
3118 3236 3533 3308 πεπληρῶσθαι.
3572 3232 3682 3289 Ἦν
3736 3235 3853 3306 γὰρ
3901 3241 3928 3286 6

2255 3318 2616 3388 πατριάρχης,
2675 3319 2874 3388 φησὶν,
2920 3319 3082 3389 ἡνίκα
3136 3317 3328 3389 ἐτέχθη
3379 3319 3409 3371 6
3471 3317 3730 3388 Ἰσμαὴλ,
3787 3317 3927 3372 ἐτῶν

2253 3400 2580 3469 ὁγδοήκοντα
2619 3400 2698 3464 ἐξ.
2763 3399 2923 3453 Ἀλλά
2969 3401 3130 3453 πάλιν
3180 3401 3379 3470 ἐτέρων
3431 3401 3732 3471 δεκατριῶν
3787 3404 3926 3456 ἐτῶν

2251 3481 2486 3552 ἀριθμόν
2512 3482 2797 3552 γυμνάσας
2818 3484 2848 3535 6
2873 3482 3248 3554 φιλάνθρωπος
3279 3481 3414 3545 Θεὸς
3453 3481 3548 3535 τοῦ
3579 3483 3792 3537 δικαίου
3827 3486 3927 3553 τὴν

2253 3565 2546 3635 ὑπομονὴν,
2588 3565 2708 3618 τότε
2748 3565 2846 3636 τὴν
2892 3567 3097 3619 οἰκείαν
3140 3566 3435 3634 ὑπόσχεσιν
3473 3569 3550 3628 είς
3582 3568 3744 3636 ἔργον
3774 3566 3922 3634 ἀγα.

2263 3647 2480 3718 Ἐπειδὴ
2505 3649 2613 3718 γὰρ
2643 3645 2750 3700 εἶδε
2789 3646 2969 3710 καλῶς
3001 3659 3024 3686 ι
3059 3646 3310 3718 καθάπερ
3352 3650 3410 3700 ἐν
3453 3647 3809 3720 χωνευτηρίῳ
3839 3649 3924 3701 διά

2248 3727 2344 3782 τοῦ
2381 3730 2590 3800 μὴκους
2640 3727 2735 3782 τοῦ
2783 3729 2977 3799 χρόνου
3030 3727 3092 3780 τὸ
3141 3729 3362 3798 χρυσίον
3413 3728 3778 3800 ἐκκαθαρθέν,
3832 3730 3926 3782 καὶ

2249 3809 2639 3881 λαμπροτέραν
2675 3811 2771 3864 καὶ
2805 3809 3162 3880 φαιδροτέραν
3199 3809 3291 3862 τοῦ
3324 3810 3536 3862 δικαίου
3573 3811 3672 3880 τὴν
3719 3811 3925 3880 ἀρετὴν

2243 3892 2614 3960 ἀναφανεῖσαν
2639 3931 2655 3954 ,
2708 3892 2942 3954 Ἠνίκα,
2981 3893 3176 3962 φησὶν,
3236 3891 3472 3961 ἐγένετο
3507 3892 3723 3959 Ἀϐραμ
3768 3891 3922 3944 ἐτιῖδα

2247 3974 2846 4042 ἐννενηκονταεννέα,
2896 3976 3062 4043 ὤφθη
3106 3973 3267 4038 αὐτῷ
3301 3973 3486 4027 πάλιν
3524 3977 3555 4026 o'
3591 3975 3754 4038 Θεός.
3815 3975 3922 4026 Καὶ

2247 4060 2388 4123 τίνος
2416 4061 2600 4113 ἔνεκεν
2639 4061 2891 4113 τοσοῦτον
2921 4061 3111 4130 χρόνον
3154 4059 3652 4130 ἐμακροθύμησενς
3685 4059 3806 4129 οὐχ
3838 4061 3920 4112 ἵνα

2247 4142 2340 4194 τοῦ
2365 4143 2573 4195 δικαίου
2603 4144 2761 4213 μόνον
2787 4144 2883 4213 τὴν
2913 4145 3213 4214 ὑπομονὴν,
3242 4144 3335 4196 καὶ
3369 4144 3469 4212 τὴν
3497 4141 3694 4211 πολλὴν
3718 4143 3920 4213 ἀρετὴν

2249 4226 2674 4296 καταμάθωμεν,
2727 4227 2839 4278 ἀλλ’
2881 4228 2968 4278 ῖνα
3024 4227 3116 4277 καὶ
3159 4226 3257 4294 τῆς
3294 4224 3459 4277 αὐτοῦ
3490 4224 3776 4295 δυνάμεως
3823 4229 3920 4294 τὴν

2249 4307 2550 4379 ὑπερϐολὴν
2587 4308 2802 4377 ἴδωμεν.
2847 4307 3040 4360 Ἡνίκα
3078 4308 3187 4378 γάρ
3218 4307 3597 4377 ἀπηγόρευσεν
3639 4308 3674 4376 ἡ
3715 4307 3914 4376 φύσις,

2248 4392 2343 4442 καὶ
2375 4391 2508 4460 πρὸς
2545 4389 2643 4458 την
2683 4390 3024 4443 παιδοποιίαν
3051 4389 3237 4443 λοιπὸν
3261 4389 3533 4460 ἄχρηστος
3553 4386 3640 4460 ἦν,
3669 4407 3917 4461 καταμα-

2248 4472 2549 4542 ρανθέντων
2596 4470 2756 4523 αὑτοῦ
2804 4471 2911 4523 τῶν
2948 4470 3130 4541 μελῶν
3155 4509 3170 4533 ,
3213 4473 3306 4523 καὶ
3341 4471 3774 4540 κατεψυγμένων
3814 4474 3916 4524 ὑπὸ

2243 4553 2338 4606 τοῦ
2370 4554 2575 4623 γήρως,
2600 4553 2718 4604 τότε
2739 4551 2830 4604 καὶ
2851 4552 2943 4604 τοῦ
2962 4553 3172 4604 δικαίου
3191 4553 3290 4620 τὴν
3308 4552 3508 4621 ἀρετὴν
3531 4552 3734 4604 ἐκκαλύ
3745 4569 3912 4613 πτων,

2247 4637 2340 4688 καὶ
2365 4635 2462 4704 τὴν
2486 4635 2691 4687 οἰκείαν
2721 4635 2933 4696 δεικνὺς
2960 4633 3208 4704 δύναμιν,
3244 4633 3313 4686 τά
3342 4633 3440 4702 τῆς
3470 4634 3804 4702 ἐπαγγελίας
3841 4636 3914 4695 εἰς

2247 4716 2405 4786 ἔργον
2437 4716 2575 4783 ἀγει.
2604 4715 2741 4766 Ἀλλ’
2762 4717 3054 4782 ἀναγκαῖον
3075 4713 3301 4767 ἀκοῦσαι
3325 4715 3420 4767 καὶ
3441 4715 3618 4768 αὐτῶν
3636 4715 3748 4767 τῶν
3762 4714 3912 4786 [397']

2246 4798 2396 4869 παρὰ
2421 4799 2514 4852 τοῦ
2543 4798 2676 4851 Θεοῦ
2702 4799 2836 4868 πρὸς
2863 4798 3024 4850 αὐτδν
3043 4797 3342 4868 ῥηθέντων.
3368 4797 3699 4866 Γενομένῳ,
3727 4799 3912 4866 φησὶν,

2243 4880 2404 4945 αὐτῷ
2442 4881 2591 4934 ἐτῶν
2633 4880 3233 4948 ἐννενηκοντίιετνέα,
3279 4880 3445 4948 ὤφθη
3488 4878 3648 4944 αὐτῷ
3673 4883 3707 4933 ό
3743 4881 3908 4945 Θεὸς,

2244 4966 2339 5018 καὶ
2388 4961 2557 5017 εἶπεν
2609 4963 2788 5028 αὐτῷ.
2845 4965 3013 5016 Ὅταν
3055 4963 3112 5016 δέ
3161 4962 3440 5033 ἀκούσης,
3474 4963 3691 5030 Ὠφθψ
3741 4963 3909 5032 μηδὲν

2243 5046 2497 5099 ταπεινὸν
2550 5047 2843 5111 ὑπόπτευε,
2898 5046 3031 5115 μηδὲ
3077 5045 3305 5115 νομίσῃς
3351 5045 3649 5114 ὀφθαλμοῖς
3709 5046 3908 5114 σαρκὸς

2241 5128 2469 5196 ὁρᾶσθαι
2503 5127 2599 5198 τὴν
2635 5126 2784 5180 θείαν
2817 5127 3032 5196 ἐκείνην
3068 5127 3160 5178 καὶ
3189 5126 3465 5195 ἄφθαρτον
3497 5125 3758 5193 δύναμιν,
3795 5125 3908 5178 ἀλλ’

2242 5211 2479 5274 εὐσεϐῶς
2523 5214 2736 5265 ἃπαντα
2783 5211 2911 5262 νόει.
2949 5212 3136 5277 ’.Ωφθη
3170 5203 3286 5262 οὖν
3315 5206 3473 5272 αὐτῷ
3502 5211 3533 5260 ό
3560 5210 3706 5273 ειυς
3734 5249 3748 5268 .
3787 5210 3908 5261 ἀντὶ

2240 5294 2357 5357 τοῦ,
2385 5295 2480 5364 τῆς
2507 5295 2634 5364 παρ’
2667 5293 2830 5346 αὐτοῦ
2869 5294 3109 5362 δηλονότι
3135 5293 3471 5361 ἐπισκέψεως
3494 5293 3654 5346 αὑτὸν
3681 5291 3903 5361 ἡξίωσε,

2242 5378 2336 5431 καὶ
2365 5378 2510 5442 ἀξιον
2537 5378 2698 5430 αὐτὸν
2721 5379 3068 5447 ἡγησάμενος
3103 5378 3202 5447 τῆς
3229 5378 3358 5447 παρ’
3393 5377 3582 5431 ἐαυτοῦ
3624 5380 3902 5449 προνοίας,

2440 5458 2775 5529 κεχρημένος
2799 5462 2864 5528 τῇ
2895 5458 3315 5526 συγκαταϐἀσει,
3341 5457 3435 5512 καὶ
3456 5458 3784 5526 διαλέγεται,
3815 5458 3902 5511 καί

2201 5565 2216 5576 κ
2242 5560 2435 5612 φησιν·
2473 5541 2620 5611 Ἐγώ
2657 5544 2772 5612 εἰμι
2815 5545 2848 5594 ὀ
2894 5543 3036 5606 Θεός
3074 5558 3190 5595 σου
3229 5557 3244 5570 ·
3281 5541 3591 5610 εὐαρέστει
3626 5540 3902 5596 ἐναντίον·

2233 5643 2373 5694 μου,
2401 5625 2498 5678 καὶ
2533 5625 2703 5692 τίν-ου
2728 5624 3052 5694 ἄμεμπτος,
3079 5625 3175 5677 καὶ
3203 5623 3460 5693 θήσομαι
3481 5623 3594 5690 τὴν
3613 5623 3902 5692 διαθήκην

2233 5727 2352 5777 μου
2382 5709 2499 5763 ἀνὰ
2523 5708 2716 5777 μέσον
2745 5709 2890 5777 ἐμοῦ
2921 5709 3017 5761 καί
3048 5709 3162 5762 ἀνὰ
3191 5707 3385 5776 μέσον
3417 5721 3533 5759 σου
3554 5747 3568 5767 .
3609 5707 3710 5759 καί
3749 5710 3896 5769 πλη·

2239 5787 2398 5844 θυνῶ
2424 5805 2497 5843 σε
2519 5789 2766 5858 σφόδρα.
2805 5789 2914 5844 Καὶ
2942 5790 3163 5843 ἔπεσεν
3197 5791 3420 5858 Ἀϐριψ
3453 5789 3551 5841 ἐπί
3582 5792 3897 5858 πρόσωπον

2304 5943 2327 5973 ·
2351 5943 2524 5997 Καλῶς
2553 5943 2695 5993 dccsl
2720 5942 2768 5993 in
2794 5919 2990 5996 υοτει..
3015 5943 3104 5994 sed
3143 5943 3356 5993 habetur
3377 5941 3424 5991 in
3445 5941 3592 5991 sm].
3621 5946 3673 5992 οι
3702 5943 3748 5990 in
3789 5951 3876 5989 ως-
