  <div class='ocr_page' id='page_1' title='image "/cluster/home/n/w/nwhite01/storage/ocr_20150623/53/pst.000005712526/362.png"; bbox 0 0 4054 6324; ppageno 0'>
   <div class='ocr_carea' id='block_1_1' title="bbox 246 356 1839 423">
    <p class='ocr_par' dir='ltr' id='par_1_1' title="bbox 246 356 1797 423">
     <span class='ocr_line' id='line_1_1' title="bbox 246 356 1797 423; baseline 0.006 -20"><span class='ocrx_word' id='word_1_1' title='bbox 246 367 335 423; x_wconf 65' lang='grc' dir='ltr'><strong>εδ.</strong></span> <span class='ocrx_word' id='word_1_2' title='bbox 1348 358 1411 414; x_wconf 75' lang='lat' dir='ltr'><strong>l.\‘</strong></span> <span class='ocrx_word' id='word_1_3' title='bbox 1449 357 1599 414; x_wconf 64' lang='lat' dir='ltr'><strong>car.</strong></span> <span class='ocrx_word' id='word_1_4' title='bbox 1639 356 1797 414; x_wconf 75' lang='lat' dir='ltr'><strong>xvn.</strong></span> 
     </span>
    </p>
   </div>
   <div class='ocr_carea' id='block_1_2' title="bbox 1948 356 2625 423">
    <p class='ocr_par' dir='ltr' id='par_1_2' title="bbox 1948 357 2625 420">
     <span class='ocr_line' id='line_1_2' title="bbox 1948 357 2625 420; baseline 0.003 -7"><span class='ocrx_word' id='word_1_5' title='bbox 1948 357 2084 415; x_wconf 54' lang='lat' dir='ltr'><strong>RES.</strong></span> <span class='ocrx_word' id='word_1_6' title='bbox 2124 358 2351 418; x_wconf 74' lang='grc' dir='ltr'><strong>υωηι..</strong></span> <span class='ocrx_word' id='word_1_7' title='bbox 2385 360 2625 420; x_wconf 72' lang='lat' dir='ltr'><strong>XXXIX.</strong></span> 
     </span>
    </p>
   </div>
   <div class='ocr_carea' id='block_1_3' title="bbox 245 474 1845 553">
    <p class='ocr_par' dir='ltr' id='par_1_3' title="bbox 245 474 1845 553">
     <span class='ocr_line' id='line_1_3' title="bbox 245 474 1845 553; baseline -0.006 -14"><span class='ocrx_word' id='word_1_8' title='bbox 245 481 475 539; x_wconf 66' lang='lat' dir='ltr'><strong>domina:</strong></span> <span class='ocrx_word' id='word_1_9' title='bbox 496 480 801 553; x_wconf 78' lang='lat' dir='ltr'><strong>aufugerat,</strong></span> <span class='ocrx_word' id='word_1_10' title='bbox 829 477 922 534; x_wconf 88' lang='lat' dir='ltr'><strong>sed</strong></span> <span class='ocrx_word' id='word_1_11' title='bbox 950 487 1007 535; x_wconf 91' lang='lat' dir='ltr'><strong>et</strong></span> <span class='ocrx_word' id='word_1_12' title='bbox 1027 474 1374 533; x_wconf 78' lang='lat' dir='ltr'><strong>ei-lsmaelem</strong></span> <span class='ocrx_word' id='word_1_13' title='bbox 1429 475 1635 547; x_wconf 89' lang='lat' dir='ltr'><strong>prolem</strong></span> <span class='ocrx_word' id='word_1_14' title='bbox 1678 475 1845 541; x_wconf 90' lang='lat' dir='ltr'><strong>dedit,</strong></span> 
     </span>
    </p>
   </div>
   <div class='ocr_carea' id='block_1_4' title="bbox 247 569 1848 645">
    <p class='ocr_par' dir='ltr' id='par_1_4' title="bbox 247 569 1848 645">
     <span class='ocr_line' id='line_1_4' title="bbox 247 569 1848 645; baseline -0.003 -15"><span class='ocrx_word' id='word_1_15' title='bbox 247 575 372 630; x_wconf 86' lang='lat' dir='ltr'><strong>inde</strong></span> <span class='ocrx_word' id='word_1_16' title='bbox 398 574 548 645; x_wconf 87' lang='lat' dir='ltr'><strong>justo</strong></span> <span class='ocrx_word' id='word_1_17' title='bbox 597 587 851 644; x_wconf 89' lang='lat' dir='ltr'><strong>magnum</strong></span> <span class='ocrx_word' id='word_1_18' title='bbox 903 571 1151 627; x_wconf 78' lang='lat' dir='ltr'><strong>solatium</strong></span> <span class='ocrx_word' id='word_1_19' title='bbox 1200 569 1530 640; x_wconf 78' lang='lat' dir='ltr'><strong>excogitatis,</strong></span> <span class='ocrx_word' id='word_1_20' title='bbox 1579 578 1848 641; x_wconf 64' lang='lat' dir='ltr'><strong>tantaeque</strong></span> 
     </span>
    </p>
   </div>
   <div class='ocr_carea' id='block_1_5' title="bbox 246 661 1848 739">
    <p class='ocr_par' dir='ltr' id='par_1_5' title="bbox 246 661 1848 739">
     <span class='ocr_line' id='line_1_5' title="bbox 246 661 1848 739; baseline -0.006 -15"><span class='ocrx_word' id='word_1_21' title='bbox 246 669 515 739; x_wconf 67' lang='lat' dir='ltr'><strong>patientiae</strong></span> <span class='ocrx_word' id='word_1_22' title='bbox 541 665 818 722; x_wconf 86' lang='lat' dir='ltr'><strong>mercedes</strong></span> <span class='ocrx_word' id='word_1_23' title='bbox 843 665 890 720; x_wconf 91' lang='lat' dir='ltr'><strong>ei</strong></span> <span class='ocrx_word' id='word_1_24' title='bbox 919 663 1240 719; x_wconf 90' lang='lat' dir='ltr'><strong>retribuens.</strong></span> <span class='ocrx_word' id='word_1_25' title='bbox 1268 661 1332 716; x_wconf 87' lang='lat' dir='ltr'><strong>Et</strong></span> <span class='ocrx_word' id='word_1_26' title='bbox 1359 669 1639 732; x_wconf 77' lang='lat' dir='ltr'><strong>postquam</strong></span> <span class='ocrx_word' id='word_1_27' title='bbox 1692 670 1848 715; x_wconf 87' lang='lat' dir='ltr'><strong>natus</strong></span> 
     </span>
    </p>
   </div>
   <div class='ocr_carea' id='block_1_6' title="bbox 245 751 1850 823">
    <p class='ocr_par' dir='ltr' id='par_1_6' title="bbox 245 751 1850 823">
     <span class='ocr_line' id='line_1_6' title="bbox 245 751 1850 823; baseline -0.006 -8"><span class='ocrx_word' id='word_1_28' title='bbox 245 769 327 815; x_wconf 88' lang='lat' dir='ltr'><strong>est</strong></span> <span class='ocrx_word' id='word_1_29' title='bbox 363 757 578 822; x_wconf 84' lang='lat' dir='ltr'><strong>lsmael,</strong></span> <span class='ocrx_word' id='word_1_30' title='bbox 605 757 791 812; x_wconf 88' lang='lat' dir='ltr'><strong>volens</strong></span> <span class='ocrx_word' id='word_1_31' title='bbox 821 770 921 810; x_wconf 91' lang='lat' dir='ltr'><strong>nos</strong></span> <span class='ocrx_word' id='word_1_32' title='bbox 945 754 1140 809; x_wconf 91' lang='lat' dir='ltr'><strong>docere</strong></span> <span class='ocrx_word' id='word_1_33' title='bbox 1181 751 1455 823; x_wconf 86' lang='lat' dir='ltr'><strong>Scriptura</strong></span> <span class='ocrx_word' id='word_1_34' title='bbox 1503 761 1714 822; x_wconf 85' lang='lat' dir='ltr'><strong>tempus</strong></span> <span class='ocrx_word' id='word_1_35' title='bbox 1764 767 1850 821; x_wconf 87' lang='lat' dir='ltr'><strong>pa-</strong></span> 
     </span>
    </p>
   </div>
   <div class='ocr_carea' id='block_1_7' title="bbox 246 843 1848 915">
    <p class='ocr_par' dir='ltr' id='par_1_7' title="bbox 246 843 1848 915">
     <span class='ocr_line' id='line_1_7' title="bbox 246 843 1848 915; baseline -0.005 -10"><span class='ocrx_word' id='word_1_36' title='bbox 246 850 516 915; x_wconf 66' lang='lat' dir='ltr'><strong>triarchae,</strong></span> <span class='ocrx_word' id='word_1_37' title='bbox 539 847 699 904; x_wconf 90' lang='lat' dir='ltr'><strong>etiam</strong></span> <span class='ocrx_word' id='word_1_38' title='bbox 748 860 1029 902; x_wconf 91' lang='lat' dir='ltr'><strong>numerum</strong></span> <span class='ocrx_word' id='word_1_39' title='bbox 1058 859 1319 899; x_wconf 91' lang='lat' dir='ltr'><strong>annorum</strong></span> <span class='ocrx_word' id='word_1_40' title='bbox 1364 843 1519 898; x_wconf 89' lang='lat' dir='ltr'><strong>nobis</strong></span> <span class='ocrx_word' id='word_1_41' title='bbox 1549 843 1848 914; x_wconf 78' lang='lat' dir='ltr'><strong>designavit</strong></span> 
     </span>
    </p>
   </div>
   <div class='ocr_carea' id='block_1_8' title="bbox 248 934 1848 1007">
    <p class='ocr_par' dir='ltr' id='par_1_8' title="bbox 248 934 1848 1007">
     <span class='ocr_line' id='line_1_8' title="bbox 248 934 1848 1007; baseline -0.006 -12"><span class='ocrx_word' id='word_1_42' title='bbox 248 941 437 996; x_wconf 85' lang='lat' dir='ltr'><strong>dicens</strong></span> <span class='ocrx_word' id='word_1_43' title='bbox 463 958 477 994; x_wconf 90' lang='lat'>:</span> <span class='ocrx_word' id='word_1_44' title='bbox 508 939 595 995; x_wconf 77' lang='grc'><strong>16.</strong></span> <span class='ocrx_word' id='word_1_45' title='bbox 627 937 844 1007; x_wconf 81' lang='lat' dir='ltr'><strong>Quando</strong></span> <span class='ocrx_word' id='word_1_46' title='bbox 866 946 1014 990; x_wconf 80' lang='lat' dir='ltr'><strong>natus</strong></span> <span class='ocrx_word' id='word_1_47' title='bbox 1035 947 1108 990; x_wconf 85' lang='lat' dir='ltr'><strong>est</strong></span> <span class='ocrx_word' id='word_1_48' title='bbox 1153 934 1364 998; x_wconf 76' lang='lat' dir='ltr'><strong>lsinacl,</strong></span> <span class='ocrx_word' id='word_1_49' title='bbox 1414 950 1663 988; x_wconf 84' lang='lat' dir='ltr'><strong>annorum</strong></span> <span class='ocrx_word' id='word_1_50' title='bbox 1709 944 1848 987; x_wconf 86' lang='lat' dir='ltr'><strong>octo-</strong></span> 
     </span>
    </p>
   </div>
   <div class='ocr_carea' id='block_1_9' title="bbox 241 1026 1852 1104">
    <p class='ocr_par' dir='ltr' id='par_1_9' title="bbox 241 1026 1852 1104">
     <span class='ocr_line' id='line_1_9' title="bbox 241 1026 1852 1104; baseline -0.004 -19"><span class='ocrx_word' id='word_1_51' title='bbox 241 1034 382 1104; x_wconf 72' lang='lat' dir='ltr'><strong>ginta</strong></span> <span class='ocrx_word' id='word_1_52' title='bbox 409 1047 497 1086; x_wconf 79' lang='lat' dir='ltr'><strong>sea:</strong></span> <span class='ocrx_word' id='word_1_53' title='bbox 519 1039 625 1084; x_wconf 82' lang='lat' dir='ltr'><strong>erat</strong></span> <span class='ocrx_word' id='word_1_54' title='bbox 659 1028 846 1083; x_wconf 77' lang='lat' dir='ltr'><strong>Abram</strong></span> <span class='ocrx_word' id='word_1_55' title='bbox 873 1026 1041 1102; x_wconf 85' lang='lat' dir='ltr'><strong>(Cap.</strong></span> <span class='ocrx_word' id='word_1_56' title='bbox 1071 1028 1134 1082; x_wconf 88' lang='lat' dir='ltr'><strong>l6</strong></span> <span class='ocrx_word' id='word_1_57' title='bbox 1165 1027 1203 1097; x_wconf 94' lang='lat'><strong>).</strong></span> <span class='ocrx_word' id='word_1_58' title='bbox 1237 1026 1525 1082; x_wconf 84' lang='lat' dir='ltr'><strong>Videamus</strong></span> <span class='ocrx_word' id='word_1_59' title='bbox 1569 1032 1749 1079; x_wconf 87' lang='lat' dir='ltr'><strong>autem</strong></span> <span class='ocrx_word' id='word_1_60' title='bbox 1791 1030 1852 1079; x_wconf 87' lang='lat' dir='ltr'><strong>et</strong></span> 
     </span>
    </p>
   </div>
   <div class='ocr_carea' id='block_1_10' title="bbox 244 1116 1845 1194">
    <p class='ocr_par' dir='ltr' id='par_1_10' title="bbox 244 1116 1845 1194">
     <span class='ocr_line' id='line_1_10' title="bbox 244 1116 1845 1194; baseline -0.004 -17"><span class='ocrx_word' id='word_1_61' title='bbox 244 1123 347 1178; x_wconf 87' lang='lat' dir='ltr'><strong>hoc</strong></span> <span class='ocrx_word' id='word_1_62' title='bbox 364 1123 504 1187; x_wconf 85' lang='lat' dir='ltr'><strong>loco,</strong></span> <span class='ocrx_word' id='word_1_63' title='bbox 527 1123 578 1178; x_wconf 89' lang='lat' dir='ltr'><strong>id</strong></span> <span class='ocrx_word' id='word_1_64' title='bbox 598 1123 737 1194; x_wconf 87' lang='lat' dir='ltr'><strong>quod</strong></span> <span class='ocrx_word' id='word_1_65' title='bbox 759 1132 807 1178; x_wconf 91' lang='lat' dir='ltr'><strong>et</strong></span> <span class='ocrx_word' id='word_1_66' title='bbox 828 1137 892 1178; x_wconf 79' lang='lat' dir='ltr'><strong>es</strong></span> <span class='ocrx_word' id='word_1_67' title='bbox 914 1119 1258 1190; x_wconf 81' lang='lat' dir='ltr'><strong>sequentibus</strong></span> <span class='ocrx_word' id='word_1_68' title='bbox 1279 1117 1568 1181; x_wconf 81' lang='lat' dir='ltr'><strong>discemus,</strong></span> <span class='ocrx_word' id='word_1_69' title='bbox 1585 1116 1845 1188; x_wconf 81' lang='lat' dir='ltr'><strong>insignem</strong></span> 
     </span>
    </p>
   </div>
   <div class='ocr_carea' id='block_1_11' title="bbox 243 1208 1846 1286">
    <p class='ocr_par' dir='ltr' id='par_1_11' title="bbox 243 1208 1846 1286">
     <span class='ocr_line' id='line_1_11' title="bbox 243 1208 1846 1286; baseline -0.002 -20"><span class='ocrx_word' id='word_1_70' title='bbox 243 1215 556 1286; x_wconf 79' lang='lat' dir='ltr'><strong>patientiam</strong></span> <span class='ocrx_word' id='word_1_71' title='bbox 574 1213 724 1283; x_wconf 88' lang='lat' dir='ltr'><strong>justi,</strong></span> <span class='ocrx_word' id='word_1_72' title='bbox 751 1224 801 1269; x_wconf 91' lang='lat' dir='ltr'><strong>et</strong></span> <span class='ocrx_word' id='word_1_73' title='bbox 821 1211 1141 1268; x_wconf 75' lang='lat' dir='ltr'><strong>inemihilrm</strong></span> <span class='ocrx_word' id='word_1_74' title='bbox 1154 1220 1312 1280; x_wconf 86' lang='lat' dir='ltr'><strong>atque</strong></span> <span class='ocrx_word' id='word_1_75' title='bbox 1329 1208 1578 1265; x_wconf 77' lang='lat' dir='ltr'><strong>eximiam</strong></span> <span class='ocrx_word' id='word_1_76' title='bbox 1601 1208 1846 1280; x_wconf 84' lang='lat' dir='ltr'><strong>benigni-</strong></span> 
     </span>
    </p>
   </div>
   <div class='ocr_carea' id='block_1_12' title="bbox 245 1297 1845 1370">
    <p class='ocr_par' dir='ltr' id='par_1_12' title="bbox 245 1297 1845 1370">
     <span class='ocr_line' id='line_1_12' title="bbox 245 1297 1845 1370; baseline -0.004 -10"><span class='ocrx_word' id='word_1_77' title='bbox 245 1314 408 1360; x_wconf 85' lang='lat' dir='ltr'><strong>tatem</strong></span> <span class='ocrx_word' id='word_1_78' title='bbox 452 1304 681 1360; x_wconf 90' lang='lat' dir='ltr'><strong>Domini.</strong></span> <span class='ocrx_word' id='word_1_79' title='bbox 724 1303 968 1358; x_wconf 87' lang='lat' dir='ltr'><strong>Sciemus</strong></span> <span class='ocrx_word' id='word_1_80' title='bbox 990 1311 1171 1356; x_wconf 88' lang='lat' dir='ltr'><strong>autem</strong></span> <span class='ocrx_word' id='word_1_81' title='bbox 1203 1309 1427 1370; x_wconf 89' lang='lat' dir='ltr'><strong>utraque</strong></span> <span class='ocrx_word' id='word_1_82' title='bbox 1454 1297 1754 1365; x_wconf 76' lang='lat' dir='ltr'><strong>evidenter,</strong></span> <span class='ocrx_word' id='word_1_83' title='bbox 1797 1299 1845 1354; x_wconf 83' lang='lat' dir='ltr'><strong>si</strong></span> 
     </span>
    </p>
   </div>
   <div class='ocr_carea' id='block_1_13' title="bbox 244 1392 1845 1464">
    <p class='ocr_par' dir='ltr' id='par_1_13' title="bbox 244 1392 1845 1464">
     <span class='ocr_line' id='line_1_13' title="bbox 244 1392 1845 1464; baseline -0.002 -14"><span class='ocrx_word' id='word_1_84' title='bbox 244 1397 441 1451; x_wconf 81' lang='lat' dir='ltr'><strong>iterum</strong></span> <span class='ocrx_word' id='word_1_85' title='bbox 482 1405 718 1464; x_wconf 88' lang='lat' dir='ltr'><strong>tempora</strong></span> <span class='ocrx_word' id='word_1_86' title='bbox 761 1395 884 1450; x_wconf 71' lang='lat' dir='ltr'><strong>vitae</strong></span> <span class='ocrx_word' id='word_1_87' title='bbox 931 1393 1063 1464; x_wconf 85' lang='lat' dir='ltr'><strong>justi</strong></span> <span class='ocrx_word' id='word_1_88' title='bbox 1100 1392 1384 1448; x_wconf 84' lang='lat' dir='ltr'><strong>addiscere</strong></span> <span class='ocrx_word' id='word_1_89' title='bbox 1426 1392 1760 1461; x_wconf 86' lang='lat' dir='ltr'><strong>poterimus:</strong></span> <span class='ocrx_word' id='word_1_90' title='bbox 1793 1402 1845 1447; x_wconf 87' lang='lat' dir='ltr'><strong>et</strong></span> 
     </span>
    </p>
   </div>
   <div class='ocr_carea' id='block_1_14' title="bbox 243 1483 1844 1555">
    <p class='ocr_par' dir='ltr' id='par_1_14' title="bbox 243 1483 1844 1555">
     <span class='ocr_line' id='line_1_14' title="bbox 243 1483 1844 1555; baseline -0.003 -15"><span class='ocrx_word' id='word_1_91' title='bbox 243 1485 519 1555; x_wconf 88' lang='lat' dir='ltr'><strong>quomodo</strong></span> <span class='ocrx_word' id='word_1_92' title='bbox 546 1485 723 1541; x_wconf 89' lang='lat' dir='ltr'><strong>bonus</strong></span> <span class='ocrx_word' id='word_1_93' title='bbox 758 1485 898 1541; x_wconf 86' lang='lat' dir='ltr'><strong>Deus</strong></span> <span class='ocrx_word' id='word_1_94' title='bbox 924 1500 1042 1554; x_wconf 81' lang='lat' dir='ltr'><strong>qua:</strong></span> <span class='ocrx_word' id='word_1_95' title='bbox 1069 1483 1135 1539; x_wconf 88' lang='lat' dir='ltr'><strong>ad</strong></span> <span class='ocrx_word' id='word_1_96' title='bbox 1163 1499 1223 1539; x_wconf 88' lang='lat' dir='ltr'><strong>se</strong></span> <span class='ocrx_word' id='word_1_97' title='bbox 1258 1483 1486 1539; x_wconf 79' lang='lat' dir='ltr'><strong>attinent</strong></span> <span class='ocrx_word' id='word_1_98' title='bbox 1522 1484 1670 1538; x_wconf 83' lang='lat' dir='ltr'><strong>omni</strong></span> <span class='ocrx_word' id='word_1_99' title='bbox 1713 1493 1844 1536; x_wconf 82' lang='lat' dir='ltr'><strong>tem-</strong></span> 
     </span>
    </p>
   </div>
   <div class='ocr_carea' id='block_1_15' title="bbox 240 1574 1846 1648">
    <p class='ocr_par' dir='ltr' id='par_1_15' title="bbox 240 1574 1846 1648">
     <span class='ocr_line' id='line_1_15' title="bbox 240 1574 1846 1648; baseline -0.005 -14"><span class='ocrx_word' id='word_1_100' title='bbox 240 1593 374 1644; x_wconf 80' lang='lat' dir='ltr'><strong>pore</strong></span> <span class='ocrx_word' id='word_1_101' title='bbox 401 1578 698 1648; x_wconf 81' lang='lat' dir='ltr'><strong>dispenset,</strong></span> <span class='ocrx_word' id='word_1_102' title='bbox 737 1576 969 1647; x_wconf 88' lang='lat' dir='ltr'><strong>probans</strong></span> <span class='ocrx_word' id='word_1_103' title='bbox 996 1592 1148 1632; x_wconf 89' lang='lat' dir='ltr'><strong>suum</strong></span> <span class='ocrx_word' id='word_1_104' title='bbox 1176 1575 1455 1638; x_wconf 81' lang='lat' dir='ltr'><strong>famulum,</strong></span> <span class='ocrx_word' id='word_1_105' title='bbox 1484 1585 1535 1630; x_wconf 93' lang='lat' dir='ltr'><strong>et</strong></span> <span class='ocrx_word' id='word_1_106' title='bbox 1562 1576 1702 1646; x_wconf 87' lang='lat' dir='ltr'><strong>piam</strong></span> <span class='ocrx_word' id='word_1_107' title='bbox 1727 1574 1846 1642; x_wconf 84' lang='lat' dir='ltr'><strong>ejus</strong></span> 
     </span>
    </p>
   </div>
   <div class='ocr_carea' id='block_1_16' title="bbox 241 1664 1839 1739">
    <p class='ocr_par' dir='ltr' id='par_1_16' title="bbox 241 1664 1839 1739">
     <span class='ocr_line' id='line_1_16' title="bbox 241 1664 1839 1739; baseline -0.003 -18"><span class='ocrx_word' id='word_1_108' title='bbox 241 1677 477 1722; x_wconf 84' lang='lat' dir='ltr'><strong>mentem</strong></span> <span class='ocrx_word' id='word_1_109' title='bbox 503 1668 776 1739; x_wconf 80' lang='lat' dir='ltr'><strong>detegens.</strong></span> <span class='ocrx_word' id='word_1_110' title='bbox 807 1667 926 1738; x_wconf 88' lang='lat' dir='ltr'><strong>Ipse</strong></span> <span class='ocrx_word' id='word_1_111' title='bbox 945 1667 1088 1722; x_wconf 90' lang='lat' dir='ltr'><strong>enim</strong></span> <span class='ocrx_word' id='word_1_112' title='bbox 1117 1667 1264 1722; x_wconf 86' lang='lat' dir='ltr'><strong>clare</strong></span> <span class='ocrx_word' id='word_1_113' title='bbox 1293 1666 1612 1735; x_wconf 68' lang='lat' dir='ltr'><strong>prmseiebat</strong></span> <span class='ocrx_word' id='word_1_114' title='bbox 1653 1664 1839 1718; x_wconf 77' lang='lat' dir='ltr'><strong>l&#39;ainuli</strong></span> 
     </span>
    </p>
   </div>
   <div class='ocr_carea' id='block_1_17' title="bbox 241 1754 1841 1830">
    <p class='ocr_par' dir='ltr' id='par_1_17' title="bbox 241 1754 1841 1830">
     <span class='ocr_line' id='line_1_17' title="bbox 241 1754 1841 1830; baseline -0.003 -18"><span class='ocrx_word' id='word_1_115' title='bbox 241 1759 325 1812; x_wconf 86' lang='lat' dir='ltr'><strong>sui</strong></span> <span class='ocrx_word' id='word_1_116' title='bbox 371 1767 580 1830; x_wconf 87' lang='lat' dir='ltr'><strong>gratum</strong></span> <span class='ocrx_word' id='word_1_117' title='bbox 643 1759 901 1824; x_wconf 83' lang='lat' dir='ltr'><strong>animum,</strong></span> <span class='ocrx_word' id='word_1_118' title='bbox 944 1757 1140 1812; x_wconf 70' lang='lat' dir='ltr'><strong>animae</strong></span> <span class='ocrx_word' id='word_1_119' title='bbox 1179 1756 1296 1826; x_wconf 88' lang='lat' dir='ltr'><strong>ejus</strong></span> <span class='ocrx_word' id='word_1_120' title='bbox 1364 1754 1841 1826; x_wconf 86' lang='lat' dir='ltr'><strong>pulchritudinem,</strong></span> 
     </span>
    </p>
   </div>
   <div class='ocr_carea' id='block_1_18' title="bbox 242 1845 1844 1922">
    <p class='ocr_par' dir='ltr' id='par_1_18' title="bbox 242 1845 1844 1922">
     <span class='ocr_line' id='line_1_18' title="bbox 242 1845 1844 1922; baseline -0.004 -17"><span class='ocrx_word' id='word_1_121' title='bbox 242 1851 695 1922; x_wconf 84' lang='lat' dir='ltr'><strong>margaritamque</strong></span> <span class='ocrx_word' id='word_1_122' title='bbox 720 1849 860 1905; x_wconf 88' lang='lat' dir='ltr'><strong>hanc</strong></span> <span class='ocrx_word' id='word_1_123' title='bbox 879 1848 1152 1904; x_wconf 86' lang='lat' dir='ltr'><strong>evidenter</strong></span> <span class='ocrx_word' id='word_1_124' title='bbox 1197 1847 1524 1918; x_wconf 77' lang='lat' dir='ltr'><strong>agnoscebat</strong></span> <span class='ocrx_word' id='word_1_125' title='bbox 1553 1863 1568 1901; x_wconf 91' lang='lat'><strong>:</strong></span> <span class='ocrx_word' id='word_1_126' title='bbox 1597 1846 1692 1900; x_wconf 89' lang='lat' dir='ltr'><strong>sed</strong></span> <span class='ocrx_word' id='word_1_127' title='bbox 1719 1845 1844 1916; x_wconf 89' lang='lat' dir='ltr'><strong>quia</strong></span> 
     </span>
    </p>
   </div>
   <div class='ocr_carea' id='block_1_19' title="bbox 240 1937 1841 2011">
    <p class='ocr_par' dir='ltr' id='par_1_19' title="bbox 240 1937 1841 2011">
     <span class='ocr_line' id='line_1_19' title="bbox 240 1937 1841 2011; baseline -0.004 -15"><span class='ocrx_word' id='word_1_128' title='bbox 240 1941 411 1997; x_wconf 86' lang='lat' dir='ltr'><strong>voluit</strong></span> <span class='ocrx_word' id='word_1_129' title='bbox 435 1941 687 1998; x_wconf 89' lang='lat' dir='ltr'><strong>omnibus</strong></span> <span class='ocrx_word' id='word_1_130' title='bbox 705 1951 842 2006; x_wconf 79' lang='lat' dir='ltr'><strong>,tunc</strong></span> <span class='ocrx_word' id='word_1_131' title='bbox 870 1940 1230 2011; x_wconf 60' lang='lat' dir='ltr'><strong>praesentibus</strong></span> <span class='ocrx_word' id='word_1_132' title='bbox 1254 1953 1380 1994; x_wconf 90' lang='lat' dir='ltr'><strong>eum</strong></span> <span class='ocrx_word' id='word_1_133' title='bbox 1408 1946 1594 1992; x_wconf 89' lang='lat' dir='ltr'><strong>uotum</strong></span> <span class='ocrx_word' id='word_1_134' title='bbox 1643 1937 1841 2004; x_wconf 76' lang='lat' dir='ltr'><strong>facere,</strong></span> 
     </span>
    </p>
   </div>
   <div class='ocr_carea' id='block_1_20' title="bbox 239 2027 1841 2102">
    <p class='ocr_par' dir='ltr' id='par_1_20' title="bbox 239 2027 1841 2102">
     <span class='ocr_line' id='line_1_20' title="bbox 239 2027 1841 2102; baseline -0.004 -16"><span class='ocrx_word' id='word_1_135' title='bbox 239 2040 375 2087; x_wconf 90' lang='lat' dir='ltr'><strong>utet</strong></span> <span class='ocrx_word' id='word_1_136' title='bbox 401 2031 788 2102; x_wconf 84' lang='lat' dir='ltr'><strong>posterioribus</strong></span> <span class='ocrx_word' id='word_1_137' title='bbox 813 2031 1024 2084; x_wconf 61' lang='lat' dir='ltr'><strong>saeculis</strong></span> <span class='ocrx_word' id='word_1_138' title='bbox 1055 2030 1166 2100; x_wconf 89' lang='lat' dir='ltr'><strong>ipsa</strong></span> <span class='ocrx_word' id='word_1_139' title='bbox 1193 2029 1322 2098; x_wconf 83' lang='lat' dir='ltr'><strong>justi</strong></span> <span class='ocrx_word' id='word_1_140' title='bbox 1354 2028 1521 2083; x_wconf 86' lang='lat' dir='ltr'><strong>virtus</strong></span> <span class='ocrx_word' id='word_1_141' title='bbox 1549 2027 1615 2082; x_wconf 89' lang='lat' dir='ltr'><strong>ad</strong></span> <span class='ocrx_word' id='word_1_142' title='bbox 1666 2028 1841 2081; x_wconf 87' lang='lat' dir='ltr'><strong>imita-</strong></span> 
     </span>
    </p>
   </div>
   <div class='ocr_carea' id='block_1_21' title="bbox 240 2119 1838 2190">
    <p class='ocr_par' dir='ltr' id='par_1_21' title="bbox 240 2119 1838 2190">
     <span class='ocr_line' id='line_1_21' title="bbox 240 2119 1838 2190; baseline -0.004 -13"><span class='ocrx_word' id='word_1_143' title='bbox 240 2122 442 2178; x_wconf 84' lang='lat' dir='ltr'><strong>tionem</strong></span> <span class='ocrx_word' id='word_1_144' title='bbox 467 2136 532 2177; x_wconf 88' lang='lat' dir='ltr'><strong>ac</strong></span> <span class='ocrx_word' id='word_1_145' title='bbox 556 2121 728 2176; x_wconf 75' lang='lat' dir='ltr'><strong>selum</strong></span> <span class='ocrx_word' id='word_1_146' title='bbox 748 2136 843 2176; x_wconf 84' lang='lat' dir='ltr'><strong>eos</strong></span> <span class='ocrx_word' id='word_1_147' title='bbox 859 2121 948 2190; x_wconf 85' lang='lat' dir='ltr'><strong>qui</strong></span> <span class='ocrx_word' id='word_1_148' title='bbox 976 2119 1216 2176; x_wconf 80' lang='lat' dir='ltr'><strong>aemulari</strong></span> <span class='ocrx_word' id='word_1_149' title='bbox 1247 2119 1448 2175; x_wconf 86' lang='lat' dir='ltr'><strong>vellent</strong></span> <span class='ocrx_word' id='word_1_150' title='bbox 1476 2128 1797 2189; x_wconf 81' lang='lat' dir='ltr'><strong>provocaret</strong></span> <span class='ocrx_word' id='word_1_151' title='bbox 1826 2135 1838 2171; x_wconf 92' lang='lat'>:</span> 
     </span>
    </p>
   </div>
   <div class='ocr_carea' id='block_1_22' title="bbox 239 2211 1844 2282">
    <p class='ocr_par' dir='ltr' id='par_1_22' title="bbox 239 2211 1844 2282">
     <span class='ocr_line' id='line_1_22' title="bbox 239 2211 1844 2282; baseline 0 -16"><span class='ocrx_word' id='word_1_152' title='bbox 239 2211 442 2267; x_wconf 89' lang='lat' dir='ltr'><strong>idcirco</strong></span> <span class='ocrx_word' id='word_1_153' title='bbox 476 2212 729 2282; x_wconf 80' lang='lat' dir='ltr'><strong>paulatim</strong></span> <span class='ocrx_word' id='word_1_154' title='bbox 758 2220 988 2267; x_wconf 90' lang='lat' dir='ltr'><strong>mentem</strong></span> <span class='ocrx_word' id='word_1_155' title='bbox 1029 2211 1160 2281; x_wconf 88' lang='lat' dir='ltr'><strong>justi</strong></span> <span class='ocrx_word' id='word_1_156' title='bbox 1204 2219 1311 2266; x_wconf 88' lang='lat' dir='ltr'><strong>tam</strong></span> <span class='ocrx_word' id='word_1_157' title='bbox 1347 2211 1658 2280; x_wconf 87' lang='lat' dir='ltr'><strong>opulentam</strong></span> <span class='ocrx_word' id='word_1_158' title='bbox 1688 2211 1844 2266; x_wconf 86' lang='lat' dir='ltr'><strong>nobis</strong></span> 
     </span>
    </p>
   </div>
   <div class='ocr_carea' id='block_1_23' title="bbox 239 2301 1839 2373">
    <p class='ocr_par' dir='ltr' id='par_1_23' title="bbox 239 2301 1839 2373">
     <span class='ocr_line' id='line_1_23' title="bbox 239 2301 1839 2373; baseline 0 -17"><span class='ocrx_word' id='word_1_159' title='bbox 239 2301 472 2373; x_wconf 76' lang='lat' dir='ltr'><strong>detegit:</strong></span> <span class='ocrx_word' id='word_1_160' title='bbox 495 2309 553 2357; x_wconf 91' lang='lat' dir='ltr'><strong>ut</strong></span> <span class='ocrx_word' id='word_1_161' title='bbox 569 2301 839 2358; x_wconf 87' lang='lat' dir='ltr'><strong>discamus</strong></span> <span class='ocrx_word' id='word_1_162' title='bbox 852 2311 907 2358; x_wconf 90' lang='lat' dir='ltr'><strong>et</strong></span> <span class='ocrx_word' id='word_1_163' title='bbox 932 2317 1030 2357; x_wconf 92' lang='lat' dir='ltr'><strong>nos</strong></span> <span class='ocrx_word' id='word_1_164' title='bbox 1048 2301 1244 2357; x_wconf 86' lang='lat' dir='ltr'><strong>divinis</strong></span> <span class='ocrx_word' id='word_1_165' title='bbox 1263 2302 1709 2373; x_wconf 86' lang='lat' dir='ltr'><strong>promissionibus</strong></span> <span class='ocrx_word' id='word_1_166' title='bbox 1733 2316 1839 2356; x_wconf 90' lang='lat' dir='ltr'><strong>non</strong></span> 
     </span>
    </p>
   </div>
   <div class='ocr_carea' id='block_1_24' title="bbox 237 2391 1844 2463">
    <p class='ocr_par' dir='ltr' id='par_1_24' title="bbox 237 2391 1844 2463">
     <span class='ocr_line' id='line_1_24' title="bbox 237 2391 1844 2463; baseline 0 -17"><span class='ocrx_word' id='word_1_167' title='bbox 237 2391 506 2458; x_wconf 82' lang='lat' dir='ltr'><strong>diilldere,</strong></span> <span class='ocrx_word' id='word_1_168' title='bbox 539 2407 712 2463; x_wconf 82' lang='lat' dir='ltr'><strong>neque</strong></span> <span class='ocrx_word' id='word_1_169' title='bbox 733 2392 1042 2448; x_wconf 86' lang='lat' dir='ltr'><strong>dilationem</strong></span> <span class='ocrx_word' id='word_1_170' title='bbox 1074 2394 1333 2462; x_wconf 80' lang='lat' dir='ltr'><strong>gravatim</strong></span> <span class='ocrx_word' id='word_1_171' title='bbox 1362 2392 1523 2460; x_wconf 75' lang='lat' dir='ltr'><strong>ferre,</strong></span> <span class='ocrx_word' id='word_1_172' title='bbox 1551 2393 1646 2447; x_wconf 89' lang='lat' dir='ltr'><strong>sed</strong></span> <span class='ocrx_word' id='word_1_173' title='bbox 1674 2393 1844 2462; x_wconf 73' lang='lat' dir='ltr'><strong>majo-</strong></span> 
     </span>
    </p>
   </div>
   <div class='ocr_carea' id='block_1_25' title="bbox 238 2483 1838 2555">
    <p class='ocr_par' dir='ltr' id='par_1_25' title="bbox 238 2483 1838 2555">
     <span class='ocr_line' id='line_1_25' title="bbox 238 2483 1838 2555; baseline 0 -17"><span class='ocrx_word' id='word_1_174' title='bbox 238 2497 353 2539; x_wconf 89' lang='lat' dir='ltr'><strong>rem</strong></span> <span class='ocrx_word' id='word_1_175' title='bbox 383 2497 534 2552; x_wconf 89' lang='lat' dir='ltr'><strong>spem</strong></span> <span class='ocrx_word' id='word_1_176' title='bbox 561 2483 614 2538; x_wconf 90' lang='lat' dir='ltr'><strong>in</strong></span> <span class='ocrx_word' id='word_1_177' title='bbox 651 2484 1005 2542; x_wconf 88' lang='lat' dir='ltr'><strong>invisibilibus</strong></span> <span class='ocrx_word' id='word_1_178' title='bbox 1034 2499 1195 2555; x_wconf 69' lang='lat' dir='ltr'><strong>qnam</strong></span> <span class='ocrx_word' id='word_1_179' title='bbox 1215 2485 1268 2540; x_wconf 93' lang='lat' dir='ltr'><strong>in</strong></span> <span class='ocrx_word' id='word_1_180' title='bbox 1291 2484 1587 2540; x_wconf 86' lang='lat' dir='ltr'><strong>visibilibus</strong></span> <span class='ocrx_word' id='word_1_181' title='bbox 1617 2500 1838 2555; x_wconf 91' lang='lat' dir='ltr'><strong>ponere,</strong></span> 
     </span>
    </p>
   </div>
   <div class='ocr_carea' id='block_1_26' title="bbox 244 2573 1838 2645">
    <p class='ocr_par' dir='ltr' id='par_1_26' title="bbox 244 2573 1838 2645">
     <span class='ocr_line' id='line_1_26' title="bbox 244 2573 1838 2645; baseline 0 -17"><span class='ocrx_word' id='word_1_182' title='bbox 244 2589 367 2643; x_wconf 75' lang='lat' dir='ltr'><strong>qua:</strong></span> <span class='ocrx_word' id='word_1_183' title='bbox 397 2573 657 2629; x_wconf 87' lang='lat' dir='ltr'><strong>Dominus</strong></span> <span class='ocrx_word' id='word_1_184' title='bbox 681 2574 918 2629; x_wconf 90' lang='lat' dir='ltr'><strong>omnium</strong></span> <span class='ocrx_word' id='word_1_185' title='bbox 945 2576 1252 2645; x_wconf 81' lang='lat' dir='ltr'><strong>promiserit</strong></span> <span class='ocrx_word' id='word_1_186' title='bbox 1307 2591 1323 2629; x_wconf 89' lang='lat'><strong>:</strong></span> <span class='ocrx_word' id='word_1_187' title='bbox 1353 2583 1408 2629; x_wconf 93' lang='lat' dir='ltr'><strong>et</strong></span> <span class='ocrx_word' id='word_1_188' title='bbox 1449 2574 1682 2629; x_wconf 77' lang='lat' dir='ltr'><strong>sciamus</strong></span> <span class='ocrx_word' id='word_1_189' title='bbox 1731 2590 1838 2628; x_wconf 85' lang='lat' dir='ltr'><strong>non</strong></span> 
     </span>
    </p>
   </div>
   <div class='ocr_carea' id='block_1_27' title="bbox 237 2664 1838 2738">
    <p class='ocr_par' dir='ltr' id='par_1_27' title="bbox 237 2664 1838 2738">
     <span class='ocr_line' id='line_1_27' title="bbox 237 2664 1838 2738; baseline 0.001 -18"><span class='ocrx_word' id='word_1_190' title='bbox 237 2678 357 2720; x_wconf 81' lang='lat' dir='ltr'><strong>esse</strong></span> <span class='ocrx_word' id='word_1_191' title='bbox 383 2664 641 2734; x_wconf 86' lang='lat' dir='ltr'><strong>possibile</strong></span> <span class='ocrx_word' id='word_1_192' title='bbox 662 2674 719 2719; x_wconf 90' lang='lat' dir='ltr'><strong>ut</strong></span> <span class='ocrx_word' id='word_1_193' title='bbox 739 2681 990 2735; x_wconf 83' lang='lat' dir='ltr'><strong>umquam</strong></span> <span class='ocrx_word' id='word_1_194' title='bbox 1013 2665 1261 2721; x_wconf 79' lang='lat' dir='ltr'><strong>excidant</strong></span> <span class='ocrx_word' id='word_1_195' title='bbox 1288 2668 1552 2738; x_wconf 83' lang='lat' dir='ltr'><strong>promissa</strong></span> <span class='ocrx_word' id='word_1_196' title='bbox 1579 2667 1672 2721; x_wconf 88' lang='lat' dir='ltr'><strong>Dei</strong></span> <span class='ocrx_word' id='word_1_197' title='bbox 1699 2684 1713 2732; x_wconf 90' lang='lat'><strong>;</strong></span> <span class='ocrx_word' id='word_1_198' title='bbox 1743 2667 1838 2722; x_wconf 90' lang='lat' dir='ltr'><strong>sed</strong></span> 
     </span>
    </p>
   </div>
   <div class='ocr_carea' id='block_1_28' title="bbox 237 2758 1838 2829">
    <p class='ocr_par' dir='ltr' id='par_1_28' title="bbox 237 2758 1838 2829">
     <span class='ocr_line' id='line_1_28' title="bbox 237 2758 1838 2829; baseline 0.002 -19"><span class='ocrx_word' id='word_1_199' title='bbox 237 2766 290 2811; x_wconf 81' lang='lat' dir='ltr'><strong>et</strong></span> <span class='ocrx_word' id='word_1_200' title='bbox 316 2758 362 2810; x_wconf 88' lang='lat' dir='ltr'><strong>si</strong></span> <span class='ocrx_word' id='word_1_201' title='bbox 386 2758 547 2825; x_wconf 88' lang='lat' dir='ltr'><strong>longo</strong></span> <span class='ocrx_word' id='word_1_202' title='bbox 575 2765 696 2826; x_wconf 89' lang='lat' dir='ltr'><strong>post</strong></span> <span class='ocrx_word' id='word_1_203' title='bbox 727 2769 966 2826; x_wconf 90' lang='lat' dir='ltr'><strong>tempore</strong></span> <span class='ocrx_word' id='word_1_204' title='bbox 1007 2759 1256 2812; x_wconf 86' lang='lat' dir='ltr'><strong>eveniant</strong></span> <span class='ocrx_word' id='word_1_205' title='bbox 1275 2759 1446 2829; x_wconf 88' lang='lat' dir='ltr'><strong>aliqua</strong></span> <span class='ocrx_word' id='word_1_206' title='bbox 1477 2758 1672 2814; x_wconf 85' lang='lat' dir='ltr'><strong>divinis</strong></span> <span class='ocrx_word' id='word_1_207' title='bbox 1715 2774 1838 2829; x_wconf 87' lang='lat' dir='ltr'><strong>pro-</strong></span> 
     </span>
    </p>
   </div>
   <div class='ocr_carea' id='block_1_29' title="bbox 235 2845 1837 2916">
    <p class='ocr_par' dir='ltr' id='par_1_29' title="bbox 235 2845 1837 2916">
     <span class='ocr_line' id='line_1_29' title="bbox 235 2845 1837 2916; baseline 0.003 -16"><span class='ocrx_word' id='word_1_208' title='bbox 235 2845 419 2900; x_wconf 85' lang='lat' dir='ltr'><strong>missis</strong></span> <span class='ocrx_word' id='word_1_209' title='bbox 438 2845 671 2911; x_wconf 85' lang='lat' dir='ltr'><strong>diversa,</strong></span> <span class='ocrx_word' id='word_1_210' title='bbox 704 2861 772 2902; x_wconf 89' lang='lat' dir='ltr'><strong>ne</strong></span> <span class='ocrx_word' id='word_1_211' title='bbox 802 2857 1081 2916; x_wconf 87' lang='lat' dir='ltr'><strong>propterea</strong></span> <span class='ocrx_word' id='word_1_212' title='bbox 1106 2863 1258 2904; x_wconf 90' lang='lat' dir='ltr'><strong>mens</strong></span> <span class='ocrx_word' id='word_1_213' title='bbox 1287 2849 1550 2914; x_wconf 84' lang='lat' dir='ltr'><strong>turbetur,</strong></span> <span class='ocrx_word' id='word_1_214' title='bbox 1603 2850 1699 2904; x_wconf 90' lang='lat' dir='ltr'><strong>sed</strong></span> <span class='ocrx_word' id='word_1_215' title='bbox 1746 2865 1837 2905; x_wconf 82' lang='lat' dir='ltr'><strong>co-</strong></span> 
     </span>
    </p>
   </div>
   <div class='ocr_carea' id='block_1_30' title="bbox 235 2935 1837 3010">
    <p class='ocr_par' dir='ltr' id='par_1_30' title="bbox 235 2935 1837 3010">
     <span class='ocr_line' id='line_1_30' title="bbox 235 2935 1837 3010; baseline 0.004 -22"><span class='ocrx_word' id='word_1_216' title='bbox 235 2950 562 3005; x_wconf 78' lang='lat' dir='ltr'><strong>gnoseamus</strong></span> <span class='ocrx_word' id='word_1_217' title='bbox 586 2935 700 3006; x_wconf 83' lang='lat' dir='ltr'><strong>ejus</strong></span> <span class='ocrx_word' id='word_1_218' title='bbox 727 2937 817 3007; x_wconf 90' lang='lat' dir='ltr'><strong>qui</strong></span> <span class='ocrx_word' id='word_1_219' title='bbox 857 2937 1100 3006; x_wconf 87' lang='lat' dir='ltr'><strong>promisit</strong></span> <span class='ocrx_word' id='word_1_220' title='bbox 1138 2938 1453 3010; x_wconf 82' lang='lat' dir='ltr'><strong>sapientiam</strong></span> <span class='ocrx_word' id='word_1_221' title='bbox 1481 2947 1536 2994; x_wconf 93' lang='lat' dir='ltr'><strong>et</strong></span> <span class='ocrx_word' id='word_1_222' title='bbox 1588 2940 1837 2998; x_wconf 82' lang='lat' dir='ltr'><strong>invictam</strong></span> 
     </span>
    </p>
   </div>
   <div class='ocr_carea' id='block_1_31' title="bbox 235 3027 1838 3101">
    <p class='ocr_par' dir='ltr' id='par_1_31' title="bbox 235 3027 1838 3101">
     <span class='ocr_line' id='line_1_31' title="bbox 235 3027 1838 3101; baseline 0.004 -22"><span class='ocrx_word' id='word_1_223' title='bbox 235 3027 487 3082; x_wconf 84' lang='lat' dir='ltr'><strong>virtutem</strong></span> <span class='ocrx_word' id='word_1_224' title='bbox 535 3036 637 3084; x_wconf 86' lang='lat' dir='ltr'><strong>:et</strong></span> <span class='ocrx_word' id='word_1_225' title='bbox 687 3042 815 3084; x_wconf 90' lang='lat' dir='ltr'><strong>eum</strong></span> <span class='ocrx_word' id='word_1_226' title='bbox 866 3029 1314 3100; x_wconf 82' lang='lat' dir='ltr'><strong>quandocumque</strong></span> <span class='ocrx_word' id='word_1_227' title='bbox 1362 3031 1612 3094; x_wconf 89' lang='lat' dir='ltr'><strong>voluerit,</strong></span> <span class='ocrx_word' id='word_1_228' title='bbox 1674 3045 1838 3101; x_wconf 82' lang='lat' dir='ltr'><strong>apere</strong></span> 
     </span>
    </p>
   </div>
   <div class='ocr_carea' id='block_1_32' title="bbox 233 3119 1835 3193">
    <p class='ocr_par' dir='ltr' id='par_1_32' title="bbox 233 3119 1835 3193">
     <span class='ocr_line' id='line_1_32' title="bbox 233 3119 1835 3193; baseline 0.001 -18"><span class='ocrx_word' id='word_1_229' title='bbox 233 3135 353 3191; x_wconf 72' lang='lat' dir='ltr'><strong>qua!</strong></span> <span class='ocrx_word' id='word_1_230' title='bbox 373 3121 476 3175; x_wconf 88' lang='lat' dir='ltr'><strong>sibi</strong></span> <span class='ocrx_word' id='word_1_231' title='bbox 509 3119 697 3189; x_wconf 86' lang='lat' dir='ltr'><strong>placita</strong></span> <span class='ocrx_word' id='word_1_232' title='bbox 728 3130 852 3180; x_wconf 83' lang='lat' dir='ltr'><strong>sunt</strong></span> <span class='ocrx_word' id='word_1_233' title='bbox 913 3122 1184 3190; x_wconf 89' lang='lat' dir='ltr'><strong>complere</strong></span> <span class='ocrx_word' id='word_1_234' title='bbox 1227 3137 1407 3191; x_wconf 88' lang='lat' dir='ltr'><strong>posse,</strong></span> <span class='ocrx_word' id='word_1_235' title='bbox 1460 3124 1746 3193; x_wconf 85' lang='lat' dir='ltr'><strong>omniaque</strong></span> <span class='ocrx_word' id='word_1_236' title='bbox 1785 3123 1835 3177; x_wconf 88' lang='lat' dir='ltr'><strong>ei</strong></span> 
     </span>
    </p>
   </div>
   <div class='ocr_carea' id='block_1_33' title="bbox 233 3210 1836 3281">
    <p class='ocr_par' dir='ltr' id='par_1_33' title="bbox 233 3210 1836 3281">
     <span class='ocr_line' id='line_1_33' title="bbox 233 3210 1836 3281; baseline 0.001 -16"><span class='ocrx_word' id='word_1_237' title='bbox 233 3225 458 3266; x_wconf 78' lang='lat' dir='ltr'><strong>cessura</strong></span> <span class='ocrx_word' id='word_1_238' title='bbox 486 3219 541 3266; x_wconf 90' lang='lat' dir='ltr'><strong>ct</strong></span> <span class='ocrx_word' id='word_1_239' title='bbox 580 3211 1021 3280; x_wconf 78' lang='lat' dir='ltr'><strong>obtemperatum</strong></span> <span class='ocrx_word' id='word_1_240' title='bbox 1046 3225 1182 3266; x_wconf 79' lang='lat' dir='ltr'><strong>esse.</strong></span> <span class='ocrx_word' id='word_1_241' title='bbox 1217 3210 1350 3265; x_wconf 78' lang='lat' dir='ltr'><strong>Nam</strong></span> <span class='ocrx_word' id='word_1_242' title='bbox 1401 3213 1525 3281; x_wconf 90' lang='lat' dir='ltr'><strong>quia</strong></span> <span class='ocrx_word' id='word_1_243' title='bbox 1580 3214 1836 3267; x_wconf 85' lang='lat' dir='ltr'><strong>Dominus</strong></span> 
     </span>
    </p>
   </div>
   <div class='ocr_carea' id='block_1_34' title="bbox 233 3299 1835 3375">
    <p class='ocr_par' dir='ltr' id='par_1_34' title="bbox 233 3299 1835 3375">
     <span class='ocr_line' id='line_1_34' title="bbox 233 3299 1835 3375; baseline 0.001 -17"><span class='ocrx_word' id='word_1_244' title='bbox 233 3313 312 3358; x_wconf 85' lang='lat' dir='ltr'><strong>est</strong></span> <span class='ocrx_word' id='word_1_245' title='bbox 331 3311 537 3356; x_wconf 76' lang='lat' dir='ltr'><strong>natura:</strong></span> <span class='ocrx_word' id='word_1_246' title='bbox 567 3311 617 3357; x_wconf 91' lang='lat' dir='ltr'><strong>et</strong></span> <span class='ocrx_word' id='word_1_247' title='bbox 657 3299 870 3371; x_wconf 76' lang='lat' dir='ltr'><strong>Opifes,</strong></span> <span class='ocrx_word' id='word_1_248' title='bbox 899 3310 1071 3372; x_wconf 80' lang='lat' dir='ltr'><strong>potest</strong></span> <span class='ocrx_word' id='word_1_249' title='bbox 1092 3303 1250 3356; x_wconf 86' lang='lat' dir='ltr'><strong>etiam</strong></span> <span class='ocrx_word' id='word_1_250' title='bbox 1277 3303 1407 3358; x_wconf 85' lang='lat' dir='ltr'><strong>dare</strong></span> <span class='ocrx_word' id='word_1_251' title='bbox 1432 3318 1494 3358; x_wconf 91' lang='lat' dir='ltr'><strong>ea</strong></span> <span class='ocrx_word' id='word_1_252' title='bbox 1516 3320 1636 3375; x_wconf 68' lang='lat' dir='ltr'><strong>cpite</strong></span> <span class='ocrx_word' id='word_1_253' title='bbox 1673 3318 1835 3374; x_wconf 87' lang='lat' dir='ltr'><strong>supra</strong></span> 
     </span>
    </p>
   </div>
   <div class='ocr_carea' id='block_1_35' title="bbox 233 3390 1833 3463">
    <p class='ocr_par' dir='ltr' id='par_1_35' title="bbox 233 3390 1833 3463">
     <span class='ocr_line' id='line_1_35' title="bbox 233 3390 1833 3463; baseline 0.002 -16"><span class='ocrx_word' id='word_1_254' title='bbox 233 3401 485 3447; x_wconf 82' lang='lat' dir='ltr'><strong>naturam</strong></span> <span class='ocrx_word' id='word_1_255' title='bbox 513 3399 656 3446; x_wconf 86' lang='lat' dir='ltr'><strong>sunt.</strong></span> <span class='ocrx_word' id='word_1_256' title='bbox 687 3390 765 3446; x_wconf 84' lang='lat' dir='ltr'><strong>Ne</strong></span> <span class='ocrx_word' id='word_1_257' title='bbox 795 3392 954 3463; x_wconf 89' lang='lat' dir='ltr'><strong>igitur</strong></span> <span class='ocrx_word' id='word_1_258' title='bbox 982 3392 1048 3445; x_wconf 89' lang='lat' dir='ltr'><strong>ad</strong></span> <span class='ocrx_word' id='word_1_259' title='bbox 1104 3395 1371 3463; x_wconf 87' lang='lat' dir='ltr'><strong>propriam</strong></span> <span class='ocrx_word' id='word_1_260' title='bbox 1414 3394 1833 3451; x_wconf 83' lang='lat' dir='ltr'><strong>imbecillitatem</strong></span> 
     </span>
    </p>
   </div>
   <div class='ocr_carea' id='block_1_36' title="bbox 233 3483 1836 3566">
    <p class='ocr_par' dir='ltr' id='par_1_36' title="bbox 233 3483 1836 3566">
     <span class='ocr_line' id='line_1_36' title="bbox 233 3483 1836 3566; baseline 0.004 -28"><span class='ocrx_word' id='word_1_261' title='bbox 233 3483 607 3553; x_wconf 53' lang='lat' dir='ltr'><strong>respicientes,</strong></span> <span class='ocrx_word' id='word_1_262' title='bbox 636 3484 901 3539; x_wconf 88' lang='lat' dir='ltr'><strong>curiosius</strong></span> <span class='ocrx_word' id='word_1_263' title='bbox 939 3499 1060 3553; x_wconf 75' lang='lat' dir='ltr'><strong>qua:</strong></span> <span class='ocrx_word' id='word_1_264' title='bbox 1084 3500 1115 3538; x_wconf 91' lang='lat' dir='ltr'><strong>a</strong></span> <span class='ocrx_word' id='word_1_265' title='bbox 1157 3484 1271 3540; x_wconf 92' lang='lat' dir='ltr'><strong>Deo</strong></span> <span class='ocrx_word' id='word_1_266' title='bbox 1306 3486 1440 3540; x_wconf 88' lang='lat' dir='ltr'><strong>liunt</strong></span> <span class='ocrx_word' id='word_1_267' title='bbox 1478 3487 1836 3566; x_wconf 82' lang='lat' dir='ltr'><strong>inquiramus,</strong></span> 
     </span>
    </p>
   </div>
   <div class='ocr_carea' id='block_1_37' title="bbox 235 3567 1833 3646">
    <p class='ocr_par' dir='ltr' id='par_1_37' title="bbox 235 3567 1833 3646">
     <span class='ocr_line' id='line_1_37' title="bbox 235 3567 1833 3646; baseline 0.003 -16"><span class='ocrx_word' id='word_1_268' title='bbox 235 3590 412 3645; x_wconf 87' lang='lat' dir='ltr'><strong>neque</strong></span> <span class='ocrx_word' id='word_1_269' title='bbox 458 3575 526 3630; x_wconf 85' lang='lat' dir='ltr'><strong>ad</strong></span> <span class='ocrx_word' id='word_1_270' title='bbox 581 3585 785 3630; x_wconf 69' lang='lat' dir='ltr'><strong>natura:</strong></span> <span class='ocrx_word' id='word_1_271' title='bbox 853 3575 1099 3631; x_wconf 90' lang='lat' dir='ltr'><strong>ordinem</strong></span> <span class='ocrx_word' id='word_1_272' title='bbox 1159 3577 1521 3646; x_wconf 89' lang='lat' dir='ltr'><strong>intcndenles,</strong></span> <span class='ocrx_word' id='word_1_273' title='bbox 1599 3567 1833 3636; x_wconf 83' lang='lat' dir='ltr'><strong>trientem</strong></span> 
     </span>
    </p>
   </div>
   <div class='ocr_carea' id='block_1_38' title="bbox 233 3664 1835 3738">
    <p class='ocr_par' dir='ltr' id='par_1_38' title="bbox 233 3664 1835 3738">
     <span class='ocr_line' id='line_1_38' title="bbox 233 3664 1835 3738; baseline 0.004 -17"><span class='ocrx_word' id='word_1_274' title='bbox 233 3666 537 3722; x_wconf 60' lang='lat' dir='ltr'><strong>dividamus</strong></span> <span class='ocrx_word' id='word_1_275' title='bbox 567 3666 699 3722; x_wconf 88' lang='lat' dir='ltr'><strong>:sed</strong></span> <span class='ocrx_word' id='word_1_276' title='bbox 743 3667 882 3721; x_wconf 81' lang='lat' dir='ltr'><strong>sicut</strong></span> <span class='ocrx_word' id='word_1_277' title='bbox 925 3669 1060 3738; x_wconf 91' lang='lat' dir='ltr'><strong>grati</strong></span> <span class='ocrx_word' id='word_1_278' title='bbox 1119 3664 1323 3734; x_wconf 68' lang='lat' dir='ltr'><strong>famuli,</strong></span> <span class='ocrx_word' id='word_1_279' title='bbox 1377 3670 1692 3726; x_wconf 85' lang='lat' dir='ltr'><strong>immensam</strong></span> <span class='ocrx_word' id='word_1_280' title='bbox 1732 3673 1835 3729; x_wconf 85' lang='lat' dir='ltr'><strong>Do-</strong></span> 
     </span>
    </p>
   </div>
   <div class='ocr_carea' id='block_1_39' title="bbox 234 3758 1835 3831">
    <p class='ocr_par' dir='ltr' id='par_1_39' title="bbox 234 3758 1835 3831">
     <span class='ocr_line' id='line_1_39' title="bbox 234 3758 1835 3831; baseline 0.006 -19"><span class='ocrx_word' id='word_1_281' title='bbox 234 3758 366 3812; x_wconf 89' lang='lat' dir='ltr'><strong>mini</strong></span> <span class='ocrx_word' id='word_1_282' title='bbox 405 3758 573 3814; x_wconf 84' lang='lat' dir='ltr'><strong>nostri</strong></span> <span class='ocrx_word' id='word_1_283' title='bbox 628 3759 925 3828; x_wconf 85' lang='lat' dir='ltr'><strong>potentiam</strong></span> <span class='ocrx_word' id='word_1_284' title='bbox 1015 3775 1120 3815; x_wconf 91' lang='lat' dir='ltr'><strong>non</strong></span> <span class='ocrx_word' id='word_1_285' title='bbox 1162 3759 1488 3831; x_wconf 67' lang='lat' dir='ltr'><strong>ignorantes,</strong></span> <span class='ocrx_word' id='word_1_286' title='bbox 1553 3765 1835 3822; x_wconf 80' lang='lat' dir='ltr'><strong>credamus</strong></span> 
     </span>
    </p>
   </div>
   <div class='ocr_carea' id='block_1_40' title="bbox 233 3847 1838 3927">
    <p class='ocr_par' dir='ltr' id='par_1_40' title="bbox 233 3847 1838 3927">
     <span class='ocr_line' id='line_1_40' title="bbox 233 3847 1838 3927; baseline 0.007 -26"><span class='ocrx_word' id='word_1_287' title='bbox 233 3847 352 3917; x_wconf 85' lang='lat' dir='ltr'><strong>ejus</strong></span> <span class='ocrx_word' id='word_1_288' title='bbox 419 3849 884 3917; x_wconf 87' lang='lat' dir='ltr'><strong>promissionibus,</strong></span> <span class='ocrx_word' id='word_1_289' title='bbox 935 3859 992 3906; x_wconf 91' lang='lat' dir='ltr'><strong>ut</strong></span> <span class='ocrx_word' id='word_1_290' title='bbox 1054 3851 1302 3907; x_wconf 88' lang='lat' dir='ltr'><strong>humanis</strong></span> <span class='ocrx_word' id='word_1_291' title='bbox 1353 3854 1554 3909; x_wconf 89' lang='lat' dir='ltr'><strong>viribus</strong></span> <span class='ocrx_word' id='word_1_292' title='bbox 1592 3859 1838 3927; x_wconf 88' lang='lat' dir='ltr'><strong>superio-</strong></span> 
     </span>
    </p>
   </div>
   <div class='ocr_carea' id='block_1_41' title="bbox 235 3939 1838 4017">
    <p class='ocr_par' dir='ltr' id='par_1_41' title="bbox 235 3939 1838 4017">
     <span class='ocr_line' id='line_1_41' title="bbox 235 3939 1838 4017; baseline 0.007 -24"><span class='ocrx_word' id='word_1_293' title='bbox 235 3951 326 3993; x_wconf 83' lang='lat' dir='ltr'><strong>res</strong></span> <span class='ocrx_word' id='word_1_294' title='bbox 353 3939 496 4002; x_wconf 79' lang='lat' dir='ltr'><strong>facti,</strong></span> <span class='ocrx_word' id='word_1_295' title='bbox 525 3939 785 4009; x_wconf 84' lang='lat' dir='ltr'><strong>promissa</strong></span> <span class='ocrx_word' id='word_1_296' title='bbox 813 3956 1164 4013; x_wconf 89' lang='lat' dir='ltr'><strong>assequamur</strong></span> <span class='ocrx_word' id='word_1_297' title='bbox 1191 3945 1434 4011; x_wconf 89' lang='lat' dir='ltr'><strong>omnino,</strong></span> <span class='ocrx_word' id='word_1_298' title='bbox 1464 3955 1519 4001; x_wconf 89' lang='lat' dir='ltr'><strong>et</strong></span> <span class='ocrx_word' id='word_1_299' title='bbox 1547 3947 1664 4017; x_wconf 89' lang='lat' dir='ltr'><strong>ejus</strong></span> <span class='ocrx_word' id='word_1_300' title='bbox 1688 3948 1838 4004; x_wconf 76' lang='lat' dir='ltr'><strong>frua-</strong></span> 
     </span>
    </p>
   </div>
   <div class='ocr_carea' id='block_1_42' title="bbox 236 4032 1834 4111">
    <p class='ocr_par' dir='ltr' id='par_1_42' title="bbox 236 4032 1834 4111">
     <span class='ocr_line' id='line_1_42' title="bbox 236 4032 1834 4111; baseline 0.006 -25"><span class='ocrx_word' id='word_1_301' title='bbox 236 4047 360 4086; x_wconf 89' lang='lat' dir='ltr'><strong>mur</strong></span> <span class='ocrx_word' id='word_1_302' title='bbox 407 4032 801 4101; x_wconf 79' lang='lat' dir='ltr'><strong>benevolentia,</strong></span> <span class='ocrx_word' id='word_1_303' title='bbox 829 4049 892 4089; x_wconf 90' lang='lat' dir='ltr'><strong>ac</strong></span> <span class='ocrx_word' id='word_1_304' title='bbox 918 4051 1016 4106; x_wconf 91' lang='lat' dir='ltr'><strong>pro</strong></span> <span class='ocrx_word' id='word_1_305' title='bbox 1037 4044 1224 4091; x_wconf 88' lang='lat' dir='ltr'><strong>nostro</strong></span> <span class='ocrx_word' id='word_1_306' title='bbox 1263 4038 1401 4092; x_wconf 88' lang='lat' dir='ltr'><strong>virili</strong></span> <span class='ocrx_word' id='word_1_307' title='bbox 1428 4038 1594 4093; x_wconf 91' lang='lat' dir='ltr'><strong>Deum</strong></span> <span class='ocrx_word' id='word_1_308' title='bbox 1619 4057 1834 4111; x_wconf 89' lang='lat' dir='ltr'><strong>quoque</strong></span> 
     </span>
    </p>
   </div>
   <div class='ocr_carea' id='block_1_43' title="bbox 237 4124 1830 4201">
    <p class='ocr_par' dir='ltr' id='par_1_43' title="bbox 237 4124 1830 4201">
     <span class='ocr_line' id='line_1_43' title="bbox 237 4124 1830 4201; baseline 0.006 -23"><span class='ocrx_word' id='word_1_309' title='bbox 237 4124 545 4181; x_wconf 79' lang='lat' dir='ltr'><strong>timeamus.</strong></span> <span class='ocrx_word' id='word_1_310' title='bbox 603 4124 865 4181; x_wconf 76' lang='lat' dir='ltr'><strong>Maximus</strong></span> <span class='ocrx_word' id='word_1_311' title='bbox 905 4127 1048 4181; x_wconf 89' lang='lat' dir='ltr'><strong>enim</strong></span> <span class='ocrx_word' id='word_1_312' title='bbox 1105 4127 1190 4182; x_wconf 81' lang='lat' dir='ltr'><strong>hic</strong></span> <span class='ocrx_word' id='word_1_313' title='bbox 1239 4138 1322 4184; x_wconf 90' lang='lat' dir='ltr'><strong>est</strong></span> <span class='ocrx_word' id='word_1_314' title='bbox 1390 4139 1572 4187; x_wconf 90' lang='lat' dir='ltr'><strong>noster</strong></span> <span class='ocrx_word' id='word_1_315' title='bbox 1638 4132 1830 4201; x_wconf 86' lang='lat' dir='ltr'><strong>honos,</strong></span> 
     </span>
    </p>
   </div>
   <div class='ocr_carea' id='block_1_44' title="bbox 234 4215 1829 4294">
    <p class='ocr_par' dir='ltr' id='par_1_44' title="bbox 234 4215 1829 4294">
     <span class='ocr_line' id='line_1_44' title="bbox 234 4215 1829 4294; baseline 0.006 -24"><span class='ocrx_word' id='word_1_316' title='bbox 234 4231 399 4286; x_wconf 84' lang='lat' dir='ltr'><strong>quem</strong></span> <span class='ocrx_word' id='word_1_317' title='bbox 441 4215 636 4272; x_wconf 87' lang='lat' dir='ltr'><strong>oil&#39;erre</strong></span> <span class='ocrx_word' id='word_1_318' title='bbox 675 4232 979 4288; x_wconf 85' lang='lat' dir='ltr'><strong>possumus,</strong></span> <span class='ocrx_word' id='word_1_319' title='bbox 1039 4229 1098 4275; x_wconf 89' lang='lat' dir='ltr'><strong>ut</strong></span> <span class='ocrx_word' id='word_1_320' title='bbox 1139 4221 1319 4277; x_wconf 78' lang='lat' dir='ltr'><strong>virtuti</strong></span> <span class='ocrx_word' id='word_1_321' title='bbox 1371 4223 1537 4294; x_wconf 85' lang='lat' dir='ltr'><strong>ipsius</strong></span> <span class='ocrx_word' id='word_1_322' title='bbox 1583 4226 1829 4294; x_wconf 67' lang='lat' dir='ltr'><strong>ﬁdamus,</strong></span> 
     </span>
    </p>
   </div>
   <div class='ocr_carea' id='block_1_45' title="bbox 234 4308 1832 4382">
    <p class='ocr_par' dir='ltr' id='par_1_45' title="bbox 234 4308 1832 4382">
     <span class='ocr_line' id='line_1_45' title="bbox 234 4308 1832 4382; baseline 0.006 -19"><span class='ocrx_word' id='word_1_323' title='bbox 234 4308 445 4363; x_wconf 77' lang='lat' dir='ltr'><strong>etiamsi</strong></span> <span class='ocrx_word' id='word_1_324' title='bbox 473 4309 689 4364; x_wconf 83' lang='lat' dir='ltr'><strong>carneis</strong></span> <span class='ocrx_word' id='word_1_325' title='bbox 709 4311 876 4366; x_wconf 88' lang='lat' dir='ltr'><strong>oculis</strong></span> <span class='ocrx_word' id='word_1_326' title='bbox 902 4325 1020 4382; x_wconf 70' lang='lat' dir='ltr'><strong>quae</strong></span> <span class='ocrx_word' id='word_1_327' title='bbox 1045 4321 1170 4366; x_wconf 90' lang='lat' dir='ltr'><strong>sunt</strong></span> <span class='ocrx_word' id='word_1_328' title='bbox 1212 4316 1480 4369; x_wconf 89' lang='lat' dir='ltr'><strong>contraria</strong></span> <span class='ocrx_word' id='word_1_329' title='bbox 1535 4317 1832 4373; x_wconf 88' lang='lat' dir='ltr'><strong>videamus.</strong></span> 
     </span>
    </p>
   </div>
   <div class='ocr_carea' id='block_1_46' title="bbox 238 4399 1837 4473">
    <p class='ocr_par' dir='ltr' id='par_1_46' title="bbox 238 4399 1837 4473">
     <span class='ocr_line' id='line_1_46' title="bbox 238 4399 1837 4473; baseline 0.008 -19"><span class='ocrx_word' id='word_1_330' title='bbox 238 4400 308 4455; x_wconf 80' lang='lat' dir='ltr'><strong>Et</strong></span> <span class='ocrx_word' id='word_1_331' title='bbox 349 4399 476 4472; x_wconf 83' lang='lat' dir='ltr'><strong>quid</strong></span> <span class='ocrx_word' id='word_1_332' title='bbox 501 4400 824 4466; x_wconf 74' lang='lat' dir='ltr'><strong>admiraris,</strong></span> <span class='ocrx_word' id='word_1_333' title='bbox 857 4403 903 4457; x_wconf 91' lang='lat' dir='ltr'><strong>si</strong></span> <span class='ocrx_word' id='word_1_334' title='bbox 943 4403 1081 4473; x_wconf 78' lang='lat' dir='ltr'><strong>apud</strong></span> <span class='ocrx_word' id='word_1_335' title='bbox 1135 4404 1302 4460; x_wconf 87' lang='lat' dir='ltr'><strong>Deum</strong></span> <span class='ocrx_word' id='word_1_336' title='bbox 1348 4406 1521 4462; x_wconf 83' lang='lat' dir='ltr'><strong>honor</strong></span> <span class='ocrx_word' id='word_1_337' title='bbox 1550 4409 1620 4464; x_wconf 90' lang='lat' dir='ltr'><strong>sit</strong></span> <span class='ocrx_word' id='word_1_338' title='bbox 1665 4411 1837 4465; x_wconf 73' lang='lat' dir='ltr'><strong>maxi-</strong></span> 
     </span>
    </p>
   </div>
   <div class='ocr_carea' id='block_1_47' title="bbox 237 4489 1833 4566">
    <p class='ocr_par' dir='ltr' id='par_1_47' title="bbox 237 4489 1833 4566">
     <span class='ocr_line' id='line_1_47' title="bbox 237 4489 1833 4566; baseline 0.007 -21"><span class='ocrx_word' id='word_1_339' title='bbox 237 4503 361 4545; x_wconf 83' lang='lat' dir='ltr'><strong>mus</strong></span> <span class='ocrx_word' id='word_1_340' title='bbox 417 4504 525 4544; x_wconf 80' lang='lat' dir='ltr'><strong>non</strong></span> <span class='ocrx_word' id='word_1_341' title='bbox 588 4489 876 4546; x_wconf 72' lang='lat' dir='ltr'><strong>dubitare?</strong></span> <span class='ocrx_word' id='word_1_342' title='bbox 926 4491 1100 4547; x_wconf 81' lang='lat' dir='ltr'><strong>Etiam</strong></span> <span class='ocrx_word' id='word_1_343' title='bbox 1175 4494 1319 4564; x_wconf 82' lang='lat' dir='ltr'><strong>apud</strong></span> <span class='ocrx_word' id='word_1_344' title='bbox 1379 4496 1649 4566; x_wconf 89' lang='lat' dir='ltr'><strong>homines,</strong></span> <span class='ocrx_word' id='word_1_345' title='bbox 1708 4514 1833 4556; x_wconf 89' lang='lat' dir='ltr'><strong>cum</strong></span> 
     </span>
    </p>
   </div>
   <div class='ocr_carea' id='block_1_48' title="bbox 236 4578 1837 4652">
    <p class='ocr_par' dir='ltr' id='par_1_48' title="bbox 236 4578 1837 4652">
     <span class='ocr_line' id='line_1_48' title="bbox 236 4578 1837 4652; baseline 0.008 -20"><span class='ocrx_word' id='word_1_346' title='bbox 236 4578 368 4648; x_wconf 88' lang='lat' dir='ltr'><strong>quid</strong></span> <span class='ocrx_word' id='word_1_347' title='bbox 393 4594 459 4634; x_wconf 82' lang='lat' dir='ltr'><strong>ex</strong></span> <span class='ocrx_word' id='word_1_348' title='bbox 485 4578 569 4634; x_wconf 91' lang='lat' dir='ltr'><strong>bis</strong></span> <span class='ocrx_word' id='word_1_349' title='bbox 592 4579 746 4637; x_wconf 82' lang='lat' dir='ltr'><strong>ﬂuxis</strong></span> <span class='ocrx_word' id='word_1_350' title='bbox 775 4592 827 4638; x_wconf 92' lang='lat' dir='ltr'><strong>et</strong></span> <span class='ocrx_word' id='word_1_351' title='bbox 852 4584 1180 4652; x_wconf 86' lang='lat' dir='ltr'><strong>corruptioni</strong></span> <span class='ocrx_word' id='word_1_352' title='bbox 1229 4584 1475 4641; x_wconf 78' lang='lat' dir='ltr'><strong>obnoxiis</strong></span> <span class='ocrx_word' id='word_1_353' title='bbox 1527 4589 1688 4643; x_wconf 88' lang='lat' dir='ltr'><strong>rebus</strong></span> <span class='ocrx_word' id='word_1_354' title='bbox 1740 4604 1837 4645; x_wconf 86' lang='lat' dir='ltr'><strong>no-</strong></span> 
     </span>
    </p>
   </div>
   <div class='ocr_carea' id='block_1_49' title="bbox 237 4669 1831 4750">
    <p class='ocr_par' dir='ltr' id='par_1_49' title="bbox 237 4669 1831 4750">
     <span class='ocr_line' id='line_1_49' title="bbox 237 4669 1831 4750; baseline 0.008 -26"><span class='ocrx_word' id='word_1_355' title='bbox 237 4669 325 4724; x_wconf 91' lang='lat' dir='ltr'><strong>bis</strong></span> <span class='ocrx_word' id='word_1_356' title='bbox 370 4671 717 4740; x_wconf 80' lang='lat' dir='ltr'><strong>promittitur,</strong></span> <span class='ocrx_word' id='word_1_357' title='bbox 767 4673 813 4727; x_wconf 92' lang='lat' dir='ltr'><strong>si</strong></span> <span class='ocrx_word' id='word_1_358' title='bbox 841 4674 1028 4730; x_wconf 69' lang='lat' dir='ltr'><strong>nonde</strong></span> <span class='ocrx_word' id='word_1_359' title='bbox 1048 4676 1334 4745; x_wconf 83' lang='lat' dir='ltr'><strong>promissis</strong></span> <span class='ocrx_word' id='word_1_360' title='bbox 1370 4692 1476 4733; x_wconf 90' lang='lat' dir='ltr'><strong>non</strong></span> <span class='ocrx_word' id='word_1_361' title='bbox 1507 4678 1831 4750; x_wconf 87' lang='lat' dir='ltr'><strong>dubitemus,</strong></span> 
     </span>
    </p>
   </div>
   <div class='ocr_carea' id='block_1_50' title="bbox 238 4755 1834 4832">
    <p class='ocr_par' dir='ltr' id='par_1_50' title="bbox 238 4755 1834 4832">
     <span class='ocr_line' id='line_1_50' title="bbox 238 4755 1834 4832; baseline 0.005 -11"><span class='ocrx_word' id='word_1_362' title='bbox 238 4755 338 4821; x_wconf 64' lang='lat' dir='ltr'><strong>sed</strong></span> <span class='ocrx_word' id='word_1_363' title='bbox 372 4763 701 4832; x_wconf 86' lang='lat' dir='ltr'><strong>promittenti</strong></span> <span class='ocrx_word' id='word_1_364' title='bbox 730 4763 888 4820; x_wconf 77' lang='lat' dir='ltr'><strong>ﬁdem</strong></span> <span class='ocrx_word' id='word_1_365' title='bbox 941 4766 1255 4832; x_wconf 86' lang='lat' dir='ltr'><strong>habeamus,</strong></span> <span class='ocrx_word' id='word_1_366' title='bbox 1299 4767 1350 4823; x_wconf 91' lang='lat' dir='ltr'><strong>id</strong></span> <span class='ocrx_word' id='word_1_367' title='bbox 1377 4771 1609 4825; x_wconf 79' lang='lat' dir='ltr'><strong>maximo</strong></span> <span class='ocrx_word' id='word_1_368' title='bbox 1645 4771 1834 4829; x_wconf 90' lang='lat' dir='ltr'><strong>honori</strong></span> 
     </span>
    </p>
   </div>
   <div class='ocr_carea' id='block_1_51' title="bbox 239 4854 1836 4932">
    <p class='ocr_par' dir='ltr' id='par_1_51' title="bbox 239 4854 1836 4932">
     <span class='ocr_line' id='line_1_51' title="bbox 239 4854 1836 4932; baseline 0.006 -22"><span class='ocrx_word' id='word_1_369' title='bbox 239 4854 477 4923; x_wconf 88' lang='lat' dir='ltr'><strong>ducitur,</strong></span> <span class='ocrx_word' id='word_1_370' title='bbox 527 4855 668 4924; x_wconf 90' lang='lat' dir='ltr'><strong>quod</strong></span> <span class='ocrx_word' id='word_1_371' title='bbox 695 4871 891 4927; x_wconf 88' lang='lat' dir='ltr'><strong>nempe</strong></span> <span class='ocrx_word' id='word_1_372' title='bbox 918 4871 1028 4912; x_wconf 92' lang='lat' dir='ltr'><strong>non</strong></span> <span class='ocrx_word' id='word_1_373' title='bbox 1056 4857 1384 4928; x_wconf 87' lang='lat' dir='ltr'><strong>dubitemus,</strong></span> <span class='ocrx_word' id='word_1_374' title='bbox 1411 4861 1504 4916; x_wconf 87' lang='lat' dir='ltr'><strong>sed</strong></span> <span class='ocrx_word' id='word_1_375' title='bbox 1556 4866 1836 4932; x_wconf 89' lang='lat' dir='ltr'><strong>promissis</strong></span> 
     </span>
    </p>
   </div>
   <div class='ocr_carea' id='block_1_52' title="bbox 241 4943 1838 5022">
    <p class='ocr_par' dir='ltr' id='par_1_52' title="bbox 241 4943 1838 5022">
     <span class='ocr_line' id='line_1_52' title="bbox 241 4943 1838 5022; baseline 0.008 -25"><span class='ocrx_word' id='word_1_376' title='bbox 241 4943 490 5000; x_wconf 78' lang='lat' dir='ltr'><strong>ﬁdamus.</strong></span> <span class='ocrx_word' id='word_1_377' title='bbox 523 4944 676 5017; x_wconf 88' lang='lat' dir='ltr'><strong>Quod</strong></span> <span class='ocrx_word' id='word_1_378' title='bbox 702 4945 746 5001; x_wconf 88' lang='lat' dir='ltr'><strong>si</strong></span> <span class='ocrx_word' id='word_1_379' title='bbox 773 4945 876 5003; x_wconf 90' lang='lat' dir='ltr'><strong>hoc</strong></span> <span class='ocrx_word' id='word_1_380' title='bbox 922 4945 976 5002; x_wconf 91' lang='lat' dir='ltr'><strong>in</strong></span> <span class='ocrx_word' id='word_1_381' title='bbox 1006 4946 1340 5016; x_wconf 79' lang='lat' dir='ltr'><strong>hominibus,</strong></span> <span class='ocrx_word' id='word_1_382' title='bbox 1358 4951 1452 5022; x_wconf 85' lang='lat' dir='ltr'><strong>qui</strong></span> <span class='ocrx_word' id='word_1_383' title='bbox 1485 4960 1591 5007; x_wconf 86' lang='lat' dir='ltr'><strong>tam</strong></span> <span class='ocrx_word' id='word_1_384' title='bbox 1643 4954 1838 5010; x_wconf 87' lang='lat' dir='ltr'><strong>crebro</strong></span> 
     </span>
    </p>
   </div>
   <div class='ocr_carea' id='block_1_53' title="bbox 238 5035 1840 5110">
    <p class='ocr_par' dir='ltr' id='par_1_53' title="bbox 238 5035 1840 5110">
     <span class='ocr_line' id='line_1_53' title="bbox 238 5035 1840 5110; baseline 0.007 -21"><span class='ocrx_word' id='word_1_385' title='bbox 238 5035 326 5090; x_wconf 83' lang='lat' dir='ltr'><strong>vel</strong></span> <span class='ocrx_word' id='word_1_386' title='bbox 352 5046 642 5103; x_wconf 89' lang='lat' dir='ltr'><strong>mutantur,</strong></span> <span class='ocrx_word' id='word_1_387' title='bbox 672 5038 871 5093; x_wconf 77' lang='lat' dir='ltr'><strong>vel&#39;ob</strong></span> <span class='ocrx_word' id='word_1_388' title='bbox 899 5039 1262 5096; x_wconf 80' lang='lat' dir='ltr'><strong>inﬁrmitatem</strong></span> <span class='ocrx_word' id='word_1_389' title='bbox 1295 5052 1549 5110; x_wconf 69' lang='lat' dir='ltr'><strong>praestare</strong></span> <span class='ocrx_word' id='word_1_390' title='bbox 1575 5044 1704 5099; x_wconf 88' lang='lat' dir='ltr'><strong>nihil</strong></span> <span class='ocrx_word' id='word_1_391' title='bbox 1755 5060 1840 5101; x_wconf 85' lang='lat' dir='ltr'><strong>va-</strong></span> 
     </span>
    </p>
   </div>
   <div class='ocr_carea' id='block_1_54' title="bbox 238 5127 1838 5201">
    <p class='ocr_par' dir='ltr' id='par_1_54' title="bbox 238 5127 1838 5201">
     <span class='ocr_line' id='line_1_54' title="bbox 238 5127 1838 5201; baseline 0.006 -19"><span class='ocrx_word' id='word_1_392' title='bbox 238 5127 352 5182; x_wconf 87' lang='lat' dir='ltr'><strong>lent</strong></span> <span class='ocrx_word' id='word_1_393' title='bbox 369 5144 386 5181; x_wconf 85' lang='lat'><strong>:</strong></span> <span class='ocrx_word' id='word_1_394' title='bbox 403 5135 604 5199; x_wconf 86' lang='lat' dir='ltr'><strong>quanto</strong></span> <span class='ocrx_word' id='word_1_395' title='bbox 619 5129 789 5200; x_wconf 89' lang='lat' dir='ltr'><strong>magis</strong></span> <span class='ocrx_word' id='word_1_396' title='bbox 803 5130 1186 5199; x_wconf 81' lang='lat' dir='ltr'><strong>omnipotentis</strong></span> <span class='ocrx_word' id='word_1_397' title='bbox 1209 5131 1301 5186; x_wconf 87' lang='lat' dir='ltr'><strong>Dei</strong></span> <span class='ocrx_word' id='word_1_398' title='bbox 1319 5133 1596 5201; x_wconf 81' lang='lat' dir='ltr'><strong>promissis</strong></span> <span class='ocrx_word' id='word_1_399' title='bbox 1616 5134 1838 5191; x_wconf 90' lang='lat' dir='ltr'><strong>credere</strong></span> 
     </span>
    </p>
   </div>
   <div class='ocr_carea' id='block_1_55' title="bbox 238 5217 1840 5292">
    <p class='ocr_par' dir='ltr' id='par_1_55' title="bbox 238 5217 1840 5292">
     <span class='ocr_line' id='line_1_55' title="bbox 238 5217 1840 5292; baseline 0.005 -20"><span class='ocrx_word' id='word_1_400' title='bbox 238 5217 522 5283; x_wconf 84' lang='lat' dir='ltr'><strong>debemus,</strong></span> <span class='ocrx_word' id='word_1_401' title='bbox 545 5220 753 5275; x_wconf 79' lang='lat' dir='ltr'><strong>etiamsi</strong></span> <span class='ocrx_word' id='word_1_402' title='bbox 775 5219 989 5276; x_wconf 90' lang='lat' dir='ltr'><strong>interim</strong></span> <span class='ocrx_word' id='word_1_403' title='bbox 1005 5221 1229 5276; x_wconf 81' lang='lat' dir='ltr'><strong>multum</strong></span> <span class='ocrx_word' id='word_1_404' title='bbox 1253 5224 1510 5292; x_wconf 84' lang='lat' dir='ltr'><strong>temporis</strong></span> <span class='ocrx_word' id='word_1_405' title='bbox 1529 5223 1840 5280; x_wconf 71' lang='lat' dir='ltr'><strong>interﬂuat?</strong></span> 
     </span>
    </p>
   </div>
   <div class='ocr_carea' id='block_1_56' title="bbox 240 5307 1833 5386">
    <p class='ocr_par' dir='ltr' id='par_1_56' title="bbox 240 5307 1833 5386">
     <span class='ocr_line' id='line_1_56' title="bbox 240 5307 1833 5386; baseline 0.006 -22"><span class='ocrx_word' id='word_1_406' title='bbox 240 5307 372 5364; x_wconf 63' lang='lat' dir='ltr'><strong>ante</strong></span> <span class='ocrx_word' id='word_1_407' title='bbox 387 5318 563 5366; x_wconf 86' lang='lat' dir='ltr'><strong>autem</strong></span> <span class='ocrx_word' id='word_1_408' title='bbox 591 5325 621 5364; x_wconf 88' lang='lat' dir='ltr'><strong>a</strong></span> <span class='ocrx_word' id='word_1_409' title='bbox 649 5326 736 5367; x_wconf 88' lang='lat' dir='ltr'><strong>me</strong></span> <span class='ocrx_word' id='word_1_410' title='bbox 761 5327 905 5368; x_wconf 88' lang='lat' dir='ltr'><strong>nunc</strong></span> <span class='ocrx_word' id='word_1_411' title='bbox 930 5326 1036 5367; x_wconf 93' lang='lat' dir='ltr'><strong>non</strong></span> <span class='ocrx_word' id='word_1_412' title='bbox 1065 5312 1270 5383; x_wconf 85' lang='lat' dir='ltr'><strong>absque</strong></span> <span class='ocrx_word' id='word_1_413' title='bbox 1295 5327 1456 5370; x_wconf 88' lang='lat' dir='ltr'><strong>causa</strong></span> <span class='ocrx_word' id='word_1_414' title='bbox 1501 5314 1646 5371; x_wconf 89' lang='lat' dir='ltr'><strong>dicta</strong></span> <span class='ocrx_word' id='word_1_415' title='bbox 1689 5327 1833 5386; x_wconf 89' lang='lat' dir='ltr'><strong>sunt,</strong></span> 
     </span>
    </p>
   </div>
   <div class='ocr_carea' id='block_1_57' title="bbox 243 5400 1837 5480">
    <p class='ocr_par' dir='ltr' id='par_1_57' title="bbox 243 5400 1837 5480">
     <span class='ocr_line' id='line_1_57' title="bbox 243 5400 1837 5480; baseline 0.006 -24"><span class='ocrx_word' id='word_1_416' title='bbox 243 5400 344 5456; x_wconf 87' lang='lat' dir='ltr'><strong>sed</strong></span> <span class='ocrx_word' id='word_1_417' title='bbox 367 5408 424 5455; x_wconf 82' lang='lat' dir='ltr'><strong>ut</strong></span> <span class='ocrx_word' id='word_1_418' title='bbox 447 5402 590 5458; x_wconf 84' lang='lat' dir='ltr'><strong>seire</strong></span> <span class='ocrx_word' id='word_1_419' title='bbox 617 5404 901 5474; x_wconf 84' lang='lat' dir='ltr'><strong>possimus,</strong></span> <span class='ocrx_word' id='word_1_420' title='bbox 935 5419 1056 5460; x_wconf 90' lang='lat' dir='ltr'><strong>cum</strong></span> <span class='ocrx_word' id='word_1_421' title='bbox 1088 5405 1391 5461; x_wconf 80' lang='lat' dir='ltr'><strong>venerimus</strong></span> <span class='ocrx_word' id='word_1_422' title='bbox 1411 5406 1479 5461; x_wconf 82' lang='lat' dir='ltr'><strong>ad</strong></span> <span class='ocrx_word' id='word_1_423' title='bbox 1520 5409 1837 5480; x_wconf 88' lang='lat' dir='ltr'><strong>principium</strong></span> 
     </span>
    </p>
   </div>
   <div class='ocr_carea' id='block_1_58' title="bbox 242 5491 1838 5564">
    <p class='ocr_par' dir='ltr' id='par_1_58' title="bbox 242 5491 1838 5564">
     <span class='ocr_line' id='line_1_58' title="bbox 242 5491 1838 5564; baseline 0.004 -15"><span class='ocrx_word' id='word_1_424' title='bbox 242 5507 432 5549; x_wconf 88' lang='lat' dir='ltr'><strong>eorum</strong></span> <span class='ocrx_word' id='word_1_425' title='bbox 463 5508 584 5564; x_wconf 64' lang='lat' dir='ltr'><strong>quae</strong></span> <span class='ocrx_word' id='word_1_426' title='bbox 611 5491 770 5549; x_wconf 86' lang='lat' dir='ltr'><strong>hodie</strong></span> <span class='ocrx_word' id='word_1_427' title='bbox 798 5493 951 5550; x_wconf 87' lang='lat' dir='ltr'><strong>nobis</strong></span> <span class='ocrx_word' id='word_1_428' title='bbox 979 5503 1104 5550; x_wconf 91' lang='lat' dir='ltr'><strong>sunt</strong></span> <span class='ocrx_word' id='word_1_429' title='bbox 1126 5496 1414 5564; x_wconf 81' lang='lat' dir='ltr'><strong>proposita,</strong></span> <span class='ocrx_word' id='word_1_430' title='bbox 1446 5498 1719 5564; x_wconf 91' lang='lat' dir='ltr'><strong>quomodo</strong></span> <span class='ocrx_word' id='word_1_431' title='bbox 1744 5501 1838 5555; x_wconf 82' lang='lat' dir='ltr'><strong>be-</strong></span> 
     </span>
    </p>
   </div>
   <div class='ocr_carea' id='block_1_59' title="bbox 243 5584 1844 5657">
    <p class='ocr_par' dir='ltr' id='par_1_59' title="bbox 243 5584 1844 5657">
     <span class='ocr_line' id='line_1_59' title="bbox 243 5584 1844 5657; baseline 0.004 -18"><span class='ocrx_word' id='word_1_432' title='bbox 243 5584 438 5656; x_wconf 85' lang='lat' dir='ltr'><strong>nignus</strong></span> <span class='ocrx_word' id='word_1_433' title='bbox 489 5585 628 5642; x_wconf 85' lang='lat' dir='ltr'><strong>Deus</strong></span> <span class='ocrx_word' id='word_1_434' title='bbox 667 5584 858 5640; x_wconf 82' lang='lat' dir='ltr'><strong>volens</strong></span> <span class='ocrx_word' id='word_1_435' title='bbox 901 5585 1043 5657; x_wconf 89' lang='lat' dir='ltr'><strong>apud</strong></span> <span class='ocrx_word' id='word_1_436' title='bbox 1092 5600 1280 5641; x_wconf 91' lang='lat' dir='ltr'><strong>omnes</strong></span> <span class='ocrx_word' id='word_1_437' title='bbox 1333 5586 1570 5642; x_wconf 88' lang='lat' dir='ltr'><strong>nobilem</strong></span> <span class='ocrx_word' id='word_1_438' title='bbox 1614 5588 1844 5646; x_wconf 83' lang='lat' dir='ltr'><strong>reddere</strong></span> 
     </span>
    </p>
   </div>
   <div class='ocr_carea' id='block_1_60' title="bbox 243 5676 1839 5752">
    <p class='ocr_par' dir='ltr' id='par_1_60' title="bbox 243 5676 1839 5752">
     <span class='ocr_line' id='line_1_60' title="bbox 243 5676 1839 5752; baseline 0.004 -22"><span class='ocrx_word' id='word_1_439' title='bbox 243 5676 632 5746; x_wconf 75' lang='lat' dir='ltr'><strong>patriarcham,</strong></span> <span class='ocrx_word' id='word_1_440' title='bbox 658 5683 737 5732; x_wconf 89' lang='lat' dir='ltr'><strong>tot</strong></span> <span class='ocrx_word' id='word_1_441' title='bbox 761 5677 918 5733; x_wconf 85' lang='lat' dir='ltr'><strong>annis</strong></span> <span class='ocrx_word' id='word_1_442' title='bbox 949 5678 1382 5747; x_wconf 88' lang='lat' dir='ltr'><strong>procrastinavit,</strong></span> <span class='ocrx_word' id='word_1_443' title='bbox 1407 5687 1462 5734; x_wconf 89' lang='lat' dir='ltr'><strong>et</strong></span> <span class='ocrx_word' id='word_1_444' title='bbox 1488 5679 1702 5736; x_wconf 90' lang='lat' dir='ltr'><strong>interim</strong></span> <span class='ocrx_word' id='word_1_445' title='bbox 1748 5684 1839 5752; x_wconf 80' lang='lat' dir='ltr'><strong>ju-</strong></span> 
     </span>
    </p>
   </div>
   <div class='ocr_carea' id='block_1_61' title="bbox 161 5769 1838 5846">
    <p class='ocr_par' dir='ltr' id='par_1_61' title="bbox 161 5769 1838 5846">
     <span class='ocr_line' id='line_1_61' title="bbox 161 5769 1838 5846; baseline 0.007 -26"><span class='ocrx_word' id='word_1_446' title='bbox 161 5809 168 5820; x_wconf 91' lang='lat'><strong>..</strong></span> <span class='ocrx_word' id='word_1_447' title='bbox 236 5778 352 5827; x_wconf 86' lang='lat' dir='ltr'><strong>stus</strong></span> <span class='ocrx_word' id='word_1_448' title='bbox 373 5785 483 5828; x_wconf 88' lang='lat' dir='ltr'><strong>non</strong></span> <span class='ocrx_word' id='word_1_449' title='bbox 504 5785 649 5843; x_wconf 73' lang='lat' dir='ltr'><strong>aegro</strong></span> <span class='ocrx_word' id='word_1_450' title='bbox 669 5769 890 5839; x_wconf 80' lang='lat' dir='ltr'><strong>ferebat,</strong></span> <span class='ocrx_word' id='word_1_451' title='bbox 917 5770 1110 5828; x_wconf 83' lang='lat' dir='ltr'><strong>nonob</strong></span> <span class='ocrx_word' id='word_1_452' title='bbox 1135 5769 1541 5830; x_wconf 81' lang='lat' dir='ltr'><strong>diuturnitatem</strong></span> <span class='ocrx_word' id='word_1_453' title='bbox 1557 5781 1838 5846; x_wconf 86' lang='lat' dir='ltr'><strong>torpesce-</strong></span> 
     </span>
    </p>
   </div>
   <div class='ocr_carea' id='block_1_62' title="bbox 3459 374 3564 432">
    <p class='ocr_par' dir='ltr' id='par_1_62' title="bbox 3459 374 3564 432">
     <span class='ocr_line' id='line_1_62' title="bbox 3459 374 3564 432; baseline 0 0"><span class='ocrx_word' id='word_1_454' title='bbox 3459 374 3564 432; x_wconf 71' lang='lat'><strong>362</strong></span> 
     </span>
    </p>
   </div>
   <div class='ocr_carea' id='block_1_63' title="bbox 1967 477 3560 564">
    <p class='ocr_par' dir='ltr' id='par_1_63' title="bbox 1967 477 3560 564">
     <span class='ocr_line' id='line_1_63' title="bbox 1967 477 3560 564; baseline 0.009 -30"><span class='ocrx_word' id='word_1_455' title='bbox 1967 479 2080 542; x_wconf 89' lang='lat' dir='ltr'><strong>bat,</strong></span> <span class='ocrx_word' id='word_1_456' title='bbox 2105 490 2206 533; x_wconf 91' lang='lat' dir='ltr'><strong>nec</strong></span> <span class='ocrx_word' id='word_1_457' title='bbox 2225 477 2562 551; x_wconf 85' lang='lat' dir='ltr'><strong>desperabat,</strong></span> <span class='ocrx_word' id='word_1_458' title='bbox 2596 481 2687 535; x_wconf 90' lang='lat' dir='ltr'><strong>sed</strong></span> <span class='ocrx_word' id='word_1_459' title='bbox 2715 480 2856 536; x_wconf 88' lang='lat' dir='ltr'><strong>bona</strong></span> <span class='ocrx_word' id='word_1_460' title='bbox 2888 496 2986 554; x_wconf 85' lang='lat' dir='ltr'><strong>spe</strong></span> <span class='ocrx_word' id='word_1_461' title='bbox 3018 495 3317 558; x_wconf 80' lang='lat' dir='ltr'><strong>vegetatus,</strong></span> <span class='ocrx_word' id='word_1_462' title='bbox 3338 492 3560 564; x_wconf 84' lang='lat' dir='ltr'><strong>religio-</strong></span> 
     </span>
    </p>
   </div>
   <div class='ocr_carea' id='block_1_64' title="bbox 1952 569 3561 646">
    <p class='ocr_par' dir='ltr' id='par_1_64' title="bbox 1952 569 3561 646">
     <span class='ocr_line' id='line_1_64' title="bbox 1952 569 3561 646; baseline 0.013 -26"><span class='ocrx_word' id='word_1_463' title='bbox 1952 580 2072 621; x_wconf 88' lang='lat' dir='ltr'><strong>sum</strong></span> <span class='ocrx_word' id='word_1_464' title='bbox 2102 569 2342 625; x_wconf 84' lang='lat' dir='ltr'><strong>animum</strong></span> <span class='ocrx_word' id='word_1_465' title='bbox 2373 571 2425 626; x_wconf 85' lang='lat' dir='ltr'><strong>in</strong></span> <span class='ocrx_word' id='word_1_466' title='bbox 2455 572 2708 627; x_wconf 88' lang='lat' dir='ltr'><strong>omnibus</strong></span> <span class='ocrx_word' id='word_1_467' title='bbox 2732 589 2845 646; x_wconf 77' lang='lat' dir='ltr'><strong>pra:</strong></span> <span class='ocrx_word' id='word_1_468' title='bbox 2867 590 2926 630; x_wconf 89' lang='lat' dir='ltr'><strong>se</strong></span> <span class='ocrx_word' id='word_1_469' title='bbox 2950 574 3177 634; x_wconf 78' lang='lat' dir='ltr'><strong>ferebat.</strong></span> <span class='ocrx_word' id='word_1_470' title='bbox 3202 579 3450 639; x_wconf 88' lang='lat' dir='ltr'><strong>Sciemus</strong></span> <span class='ocrx_word' id='word_1_471' title='bbox 3466 601 3561 640; x_wconf 83' lang='lat' dir='ltr'><strong>au-</strong></span> 
     </span>
    </p>
   </div>
   <div class='ocr_carea' id='block_1_65' title="bbox 1953 659 3560 739">
    <p class='ocr_par' dir='ltr' id='par_1_65' title="bbox 1953 659 3560 739">
     <span class='ocr_line' id='line_1_65' title="bbox 1953 659 3560 739; baseline 0.012 -26"><span class='ocrx_word' id='word_1_472' title='bbox 1953 666 2060 713; x_wconf 90' lang='lat' dir='ltr'><strong>tem</strong></span> <span class='ocrx_word' id='word_1_473' title='bbox 2090 659 2288 731; x_wconf 89' lang='lat' dir='ltr'><strong>liquido</strong></span> <span class='ocrx_word' id='word_1_474' title='bbox 2314 675 2529 719; x_wconf 86' lang='lat' dir='ltr'><strong>onmem</strong></span> <span class='ocrx_word' id='word_1_475' title='bbox 2574 666 2892 734; x_wconf 72' lang='lat' dir='ltr'><strong>patriarcha:</strong></span> <span class='ocrx_word' id='word_1_476' title='bbox 2913 669 3186 739; x_wconf 88' lang='lat' dir='ltr'><strong>virtutem,</strong></span> <span class='ocrx_word' id='word_1_477' title='bbox 3207 673 3252 728; x_wconf 87' lang='lat' dir='ltr'><strong>si</strong></span> <span class='ocrx_word' id='word_1_478' title='bbox 3305 675 3560 733; x_wconf 60' lang='lat' dir='ltr'><strong>didiceri-</strong></span> 
     </span>
    </p>
   </div>
   <div class='ocr_carea' id='block_1_66' title="bbox 1953 754 3558 831">
    <p class='ocr_par' dir='ltr' id='par_1_66' title="bbox 1953 754 3558 831">
     <span class='ocr_line' id='line_1_66' title="bbox 1953 754 3558 831; baseline 0.013 -27"><span class='ocrx_word' id='word_1_479' title='bbox 1953 764 2073 806; x_wconf 91' lang='lat' dir='ltr'><strong>mus</strong></span> <span class='ocrx_word' id='word_1_480' title='bbox 2101 762 2356 822; x_wconf 87' lang='lat' dir='ltr'><strong>quantum</strong></span> <span class='ocrx_word' id='word_1_481' title='bbox 2384 754 2586 810; x_wconf 89' lang='lat' dir='ltr'><strong>interea</strong></span> <span class='ocrx_word' id='word_1_482' title='bbox 2619 766 2828 828; x_wconf 86' lang='lat' dir='ltr'><strong>tempus</strong></span> <span class='ocrx_word' id='word_1_483' title='bbox 2858 759 3107 831; x_wconf 85' lang='lat' dir='ltr'><strong>elapsum</strong></span> <span class='ocrx_word' id='word_1_484' title='bbox 3131 763 3313 823; x_wconf 76' lang='lat' dir='ltr'><strong>fuerit.</strong></span> <span class='ocrx_word' id='word_1_485' title='bbox 3365 767 3558 825; x_wconf 88' lang='lat' dir='ltr'><strong>Omnia</strong></span> 
     </span>
    </p>
   </div>
   <div class='ocr_carea' id='block_1_67' title="bbox 1951 842 3558 916">
    <p class='ocr_par' dir='ltr' id='par_1_67' title="bbox 1951 842 3558 916">
     <span class='ocr_line' id='line_1_67' title="bbox 1951 842 3558 916; baseline 0.014 -23"><span class='ocrx_word' id='word_1_486' title='bbox 1951 842 2094 895; x_wconf 89' lang='lat' dir='ltr'><strong>enim</strong></span> <span class='ocrx_word' id='word_1_487' title='bbox 2126 842 2316 898; x_wconf 90' lang='lat' dir='ltr'><strong>beatus</strong></span> <span class='ocrx_word' id='word_1_488' title='bbox 2334 843 2510 900; x_wconf 80' lang='lat' dir='ltr'><strong>Moses</strong></span> <span class='ocrx_word' id='word_1_489' title='bbox 2537 846 2739 916; x_wconf 87' lang='lat' dir='ltr'><strong>Spiritu</strong></span> <span class='ocrx_word' id='word_1_490' title='bbox 2762 859 2951 906; x_wconf 86' lang='lat' dir='ltr'><strong>sancto</strong></span> <span class='ocrx_word' id='word_1_491' title='bbox 2979 852 3195 909; x_wconf 79' lang='lat' dir='ltr'><strong>afﬂatus</strong></span> <span class='ocrx_word' id='word_1_492' title='bbox 3217 855 3365 914; x_wconf 90' lang='lat' dir='ltr'><strong>clare</strong></span> <span class='ocrx_word' id='word_1_493' title='bbox 3394 858 3558 915; x_wconf 77' lang='lat' dir='ltr'><strong>doce—</strong></span> 
     </span>
    </p>
   </div>
   <div class='ocr_carea' id='block_1_68' title="bbox 1954 931 3557 1009">
    <p class='ocr_par' dir='ltr' id='par_1_68' title="bbox 1954 931 3557 1009">
     <span class='ocr_line' id='line_1_68' title="bbox 1954 931 3557 1009; baseline 0.014 -26"><span class='ocrx_word' id='word_1_494' title='bbox 1954 931 2048 984; x_wconf 85' lang='lat' dir='ltr'><strong>bit.</strong></span> <span class='ocrx_word' id='word_1_495' title='bbox 2079 933 2216 1001; x_wconf 88' lang='lat' dir='ltr'><strong>Quid</strong></span> <span class='ocrx_word' id='word_1_496' title='bbox 2246 933 2406 1006; x_wconf 89' lang='lat' dir='ltr'><strong>igitur</strong></span> <span class='ocrx_word' id='word_1_497' title='bbox 2445 937 2533 992; x_wconf 85' lang='lat' dir='ltr'><strong>ille</strong></span> <span class='ocrx_word' id='word_1_498' title='bbox 2559 939 2736 993; x_wconf 72' lang='lat' dir='ltr'><strong>dicit!</strong></span> <span class='ocrx_word' id='word_1_499' title='bbox 2763 940 2990 1009; x_wconf 84' lang='lat' dir='ltr'><strong>Quando</strong></span> <span class='ocrx_word' id='word_1_500' title='bbox 3011 946 3250 1002; x_wconf 83' lang='lat' dir='ltr'><strong>obedivit</strong></span> <span class='ocrx_word' id='word_1_501' title='bbox 3299 952 3557 1006; x_wconf 87' lang='lat' dir='ltr'><strong>mandato</strong></span> 
     </span>
    </p>
   </div>
   <div class='ocr_carea' id='block_1_69' title="bbox 1955 1021 3558 1099">
    <p class='ocr_par' dir='ltr' id='par_1_69' title="bbox 1955 1021 3558 1099">
     <span class='ocr_line' id='line_1_69' title="bbox 1955 1021 3558 1099; baseline 0.014 -25"><span class='ocrx_word' id='word_1_502' title='bbox 1955 1021 2071 1090; x_wconf 89' lang='lat' dir='ltr'><strong>Dei,</strong></span> <span class='ocrx_word' id='word_1_503' title='bbox 2103 1031 2157 1078; x_wconf 88' lang='lat' dir='ltr'><strong>et</strong></span> <span class='ocrx_word' id='word_1_504' title='bbox 2208 1025 2444 1095; x_wconf 75' lang='lat' dir='ltr'><strong>migrans</strong></span> <span class='ocrx_word' id='word_1_505' title='bbox 2472 1041 2502 1081; x_wconf 87' lang='lat' dir='ltr'><strong>a</strong></span> <span class='ocrx_word' id='word_1_506' title='bbox 2532 1028 2794 1099; x_wconf 84' lang='lat' dir='ltr'><strong>Cliarran,</strong></span> <span class='ocrx_word' id='word_1_507' title='bbox 2827 1032 2879 1086; x_wconf 93' lang='lat' dir='ltr'><strong>in</strong></span> <span class='ocrx_word' id='word_1_508' title='bbox 2921 1033 3290 1092; x_wconf 79' lang='lat' dir='ltr'><strong>Chananzeam</strong></span> <span class='ocrx_word' id='word_1_509' title='bbox 3329 1049 3558 1096; x_wconf 87' lang='lat' dir='ltr'><strong>conten-</strong></span> 
     </span>
    </p>
   </div>
   <div class='ocr_carea' id='block_1_70' title="bbox 1953 1113 3649 1196">
    <p class='ocr_par' dir='ltr' id='par_1_70' title="bbox 1953 1113 3649 1196">
     <span class='ocr_line' id='line_1_70' title="bbox 1953 1113 3649 1196; baseline 0.013 -29"><span class='ocrx_word' id='word_1_510' title='bbox 1953 1113 2050 1180; x_wconf 92' lang='lat' dir='ltr'><strong>dit,</strong></span> <span class='ocrx_word' id='word_1_511' title='bbox 2081 1131 2344 1171; x_wconf 85' lang='lat' dir='ltr'><strong>annorum</strong></span> <span class='ocrx_word' id='word_1_512' title='bbox 2372 1129 2487 1174; x_wconf 87' lang='lat' dir='ltr'><strong>erat</strong></span> <span class='ocrx_word' id='word_1_513' title='bbox 2515 1123 2852 1192; x_wconf 79' lang='lat' dir='ltr'><strong>septuaginta</strong></span> <span class='ocrx_word' id='word_1_514' title='bbox 2879 1124 3138 1196; x_wconf 87' lang='lat' dir='ltr'><strong>quinque.</strong></span> <span class='ocrx_word' id='word_1_515' title='bbox 3169 1128 3235 1183; x_wconf 86' lang='lat' dir='ltr'><strong>Et</strong></span> <span class='ocrx_word' id='word_1_516' title='bbox 3269 1130 3453 1187; x_wconf 83' lang='lat' dir='ltr'><strong>statim</strong></span> <span class='ocrx_word' id='word_1_517' title='bbox 3500 1142 3557 1189; x_wconf 87' lang='lat' dir='ltr'><strong>ut</strong></span> <span class='ocrx_word' id='word_1_518' title='bbox 3645 1185 3649 1188; x_wconf 81' lang='lat'><strong>.</strong></span> 
     </span>
    </p>
   </div>
   <div class='ocr_carea' id='block_1_71' title="bbox 1953 1207 3556 1287">
    <p class='ocr_par' dir='ltr' id='par_1_71' title="bbox 1953 1207 3556 1287">
     <span class='ocr_line' id='line_1_71' title="bbox 1953 1207 3556 1287; baseline 0.015 -30"><span class='ocrx_word' id='word_1_519' title='bbox 1953 1207 2098 1261; x_wconf 91' lang='lat' dir='ltr'><strong>venit</strong></span> <span class='ocrx_word' id='word_1_520' title='bbox 2120 1207 2171 1261; x_wconf 91' lang='lat' dir='ltr'><strong>in</strong></span> <span class='ocrx_word' id='word_1_521' title='bbox 2199 1207 2581 1275; x_wconf 72' lang='lat' dir='ltr'><strong>Cliauanzuam,</strong></span> <span class='ocrx_word' id='word_1_522' title='bbox 2608 1213 2868 1270; x_wconf 86' lang='lat' dir='ltr'><strong>Dominus</strong></span> <span class='ocrx_word' id='word_1_523' title='bbox 2917 1218 3165 1287; x_wconf 84' lang='lat' dir='ltr'><strong>promisit</strong></span> <span class='ocrx_word' id='word_1_524' title='bbox 3197 1222 3246 1275; x_wconf 87' lang='lat' dir='ltr'><strong>ei</strong></span> <span class='ocrx_word' id='word_1_525' title='bbox 3279 1231 3333 1277; x_wconf 91' lang='lat' dir='ltr'><strong>et</strong></span> <span class='ocrx_word' id='word_1_526' title='bbox 3359 1225 3556 1280; x_wconf 80' lang='lat' dir='ltr'><strong>semini</strong></span> 
     </span>
    </p>
   </div>
   <div class='ocr_carea' id='block_1_72' title="bbox 1951 1298 3554 1375">
    <p class='ocr_par' dir='ltr' id='par_1_72' title="bbox 1951 1298 3554 1375">
     <span class='ocr_line' id='line_1_72' title="bbox 1951 1298 3554 1375; baseline 0.014 -25"><span class='ocrx_word' id='word_1_527' title='bbox 1951 1299 2067 1365; x_wconf 89' lang='lat' dir='ltr'><strong>ejus</strong></span> <span class='ocrx_word' id='word_1_528' title='bbox 2087 1298 2333 1355; x_wconf 81' lang='lat' dir='ltr'><strong>daturum</strong></span> <span class='ocrx_word' id='word_1_529' title='bbox 2357 1317 2419 1359; x_wconf 88' lang='lat' dir='ltr'><strong>se</strong></span> <span class='ocrx_word' id='word_1_530' title='bbox 2440 1318 2654 1360; x_wconf 86' lang='lat' dir='ltr'><strong>omnem</strong></span> <span class='ocrx_word' id='word_1_531' title='bbox 2679 1301 2897 1375; x_wconf 82' lang='lat' dir='ltr'><strong>terram,</strong></span> <span class='ocrx_word' id='word_1_532' title='bbox 2920 1319 2977 1364; x_wconf 89' lang='lat' dir='ltr'><strong>et</strong></span> <span class='ocrx_word' id='word_1_533' title='bbox 2996 1320 3146 1366; x_wconf 89' lang='lat' dir='ltr'><strong>tanto</strong></span> <span class='ocrx_word' id='word_1_534' title='bbox 3169 1329 3395 1372; x_wconf 90' lang='lat' dir='ltr'><strong>numero</strong></span> <span class='ocrx_word' id='word_1_535' title='bbox 3417 1319 3554 1371; x_wconf 86' lang='lat' dir='ltr'><strong>mul-</strong></span> 
     </span>
    </p>
   </div>
   <div class='ocr_carea' id='block_1_73' title="bbox 1953 1388 3555 1463">
    <p class='ocr_par' dir='ltr' id='par_1_73' title="bbox 1953 1388 3555 1463">
     <span class='ocr_line' id='line_1_73' title="bbox 1953 1388 3555 1463; baseline 0.014 -22"><span class='ocrx_word' id='word_1_536' title='bbox 1953 1388 2331 1459; x_wconf 88' lang='lat' dir='ltr'><strong>tiplicaturum,</strong></span> <span class='ocrx_word' id='word_1_537' title='bbox 2367 1402 2420 1448; x_wconf 88' lang='lat' dir='ltr'><strong>ut</strong></span> <span class='ocrx_word' id='word_1_538' title='bbox 2455 1395 2844 1453; x_wconf 71' lang='lat' dir='ltr'><strong>innumerabile</strong></span> <span class='ocrx_word' id='word_1_539' title='bbox 2873 1399 2964 1453; x_wconf 82' lang='lat' dir='ltr'><strong>ﬁat</strong></span> <span class='ocrx_word' id='word_1_540' title='bbox 2992 1401 3133 1457; x_wconf 89' lang='lat' dir='ltr'><strong>sicut</strong></span> <span class='ocrx_word' id='word_1_541' title='bbox 3153 1419 3318 1459; x_wconf 75' lang='lat' dir='ltr'><strong>arena</strong></span> <span class='ocrx_word' id='word_1_542' title='bbox 3346 1416 3400 1462; x_wconf 87' lang='lat' dir='ltr'><strong>et</strong></span> <span class='ocrx_word' id='word_1_543' title='bbox 3424 1410 3555 1463; x_wconf 83' lang='lat' dir='ltr'><strong>stel-</strong></span> 
     </span>
    </p>
   </div>
   <div class='ocr_carea' id='block_1_74' title="bbox 1951 1479 3553 1556">
    <p class='ocr_par' dir='ltr' id='par_1_74' title="bbox 1951 1479 3553 1556">
     <span class='ocr_line' id='line_1_74' title="bbox 1951 1479 3553 1556; baseline 0.015 -23"><span class='ocrx_word' id='word_1_544' title='bbox 1951 1479 2037 1534; x_wconf 63' lang='grc' dir='ltr'><strong>ιω.</strong></span> <span class='ocrx_word' id='word_1_545' title='bbox 2070 1481 2138 1536; x_wconf 83' lang='lat' dir='ltr'><strong>Et</strong></span> <span class='ocrx_word' id='word_1_546' title='bbox 2166 1494 2287 1552; x_wconf 85' lang='lat' dir='ltr'><strong>post</strong></span> <span class='ocrx_word' id='word_1_547' title='bbox 2333 1487 2740 1555; x_wconf 86' lang='lat' dir='ltr'><strong>promissionem</strong></span> <span class='ocrx_word' id='word_1_548' title='bbox 2775 1489 2912 1547; x_wconf 87' lang='lat' dir='ltr'><strong>hanc</strong></span> <span class='ocrx_word' id='word_1_549' title='bbox 2940 1494 3106 1548; x_wconf 88' lang='lat' dir='ltr'><strong>multa</strong></span> <span class='ocrx_word' id='word_1_550' title='bbox 3136 1496 3352 1552; x_wconf 89' lang='lat' dir='ltr'><strong>interim</strong></span> <span class='ocrx_word' id='word_1_551' title='bbox 3407 1503 3553 1556; x_wconf 88' lang='lat' dir='ltr'><strong>acci-</strong></span> 
     </span>
    </p>
   </div>
   <div class='ocr_carea' id='block_1_75' title="bbox 1951 1569 3552 1660">
    <p class='ocr_par' dir='ltr' id='par_1_75' title="bbox 1951 1569 3552 1660">
     <span class='ocr_line' id='line_1_75' title="bbox 1951 1569 3552 1660; baseline 0.014 -36"><span class='ocrx_word' id='word_1_552' title='bbox 1951 1569 2147 1627; x_wconf 88' lang='lat' dir='ltr'><strong>derunt</strong></span> <span class='ocrx_word' id='word_1_553' title='bbox 2163 1573 2333 1644; x_wconf 86' lang='lat' dir='ltr'><strong>justo,</strong></span> <span class='ocrx_word' id='word_1_554' title='bbox 2361 1593 2555 1648; x_wconf 90' lang='lat' dir='ltr'><strong>nempe</strong></span> <span class='ocrx_word' id='word_1_555' title='bbox 2575 1578 2868 1636; x_wconf 82' lang='lat' dir='ltr'><strong>descensus</strong></span> <span class='ocrx_word' id='word_1_556' title='bbox 2894 1582 2946 1636; x_wconf 94' lang='lat' dir='ltr'><strong>in</strong></span> <span class='ocrx_word' id='word_1_557' title='bbox 2978 1581 3270 1656; x_wconf 69' lang='lat' dir='ltr'><strong>Egyptum</strong></span> <span class='ocrx_word' id='word_1_558' title='bbox 3325 1600 3552 1660; x_wconf 73' lang='lat' dir='ltr'><strong>promer</strong></span> 
     </span>
    </p>
   </div>
   <div class='ocr_carea' id='block_1_76' title="bbox 1952 1661 3550 1749">
    <p class='ocr_par' dir='ltr' id='par_1_76' title="bbox 1952 1661 3550 1749">
     <span class='ocr_line' id='line_1_76' title="bbox 1952 1661 3550 1749; baseline 0.015 -34"><span class='ocrx_word' id='word_1_559' title='bbox 1952 1661 2171 1733; x_wconf 83' lang='lat' dir='ltr'><strong>famem,</strong></span> <span class='ocrx_word' id='word_1_560' title='bbox 2215 1676 2402 1736; x_wconf 83' lang='lat' dir='ltr'><strong>raptus</strong></span> <span class='ocrx_word' id='word_1_561' title='bbox 2433 1668 2603 1740; x_wconf 77' lang='lat' dir='ltr'><strong>Sarm,</strong></span> <span class='ocrx_word' id='word_1_562' title='bbox 2651 1681 2706 1727; x_wconf 90' lang='lat' dir='ltr'><strong>et</strong></span> <span class='ocrx_word' id='word_1_563' title='bbox 2743 1675 2923 1742; x_wconf 79' lang='lat' dir='ltr'><strong>statim</strong></span> <span class='ocrx_word' id='word_1_564' title='bbox 2950 1676 3128 1732; x_wconf 88' lang='lat' dir='ltr'><strong>divina</strong></span> <span class='ocrx_word' id='word_1_565' title='bbox 3183 1681 3550 1749; x_wconf 85' lang='lat' dir='ltr'><strong>providentia.</strong></span> 
     </span>
    </p>
   </div>
   <div class='ocr_carea' id='block_1_77' title="bbox 1953 1754 3556 1837">
    <p class='ocr_par' dir='ltr' id='par_1_77' title="bbox 1953 1754 3556 1837">
     <span class='ocr_line' id='line_1_77' title="bbox 1953 1754 3556 1837; baseline 0.014 -29"><span class='ocrx_word' id='word_1_566' title='bbox 1953 1754 2150 1812; x_wconf 90' lang='lat' dir='ltr'><strong>lterum</strong></span> <span class='ocrx_word' id='word_1_567' title='bbox 2203 1768 2325 1830; x_wconf 68' lang='lat' dir='ltr'><strong>post</strong></span> <span class='ocrx_word' id='word_1_568' title='bbox 2389 1760 2620 1816; x_wconf 80' lang='lat' dir='ltr'><strong>reditum</strong></span> <span class='ocrx_word' id='word_1_569' title='bbox 2675 1764 2743 1819; x_wconf 91' lang='lat' dir='ltr'><strong>ab</strong></span> <span class='ocrx_word' id='word_1_570' title='bbox 2801 1764 3058 1837; x_wconf 73' lang='lat' dir='ltr'><strong>Egypto,</strong></span> <span class='ocrx_word' id='word_1_571' title='bbox 3111 1770 3215 1826; x_wconf 85' lang='lat' dir='ltr'><strong>alia</strong></span> <span class='ocrx_word' id='word_1_572' title='bbox 3267 1774 3556 1830; x_wconf 73' lang='lat' dir='ltr'><strong>occasione</strong></span> 
     </span>
    </p>
   </div>
   <div class='ocr_carea' id='block_1_78' title="bbox 1950 1844 3552 1924">
    <p class='ocr_par' dir='ltr' id='par_1_78' title="bbox 1950 1844 3552 1924">
     <span class='ocr_line' id='line_1_78' title="bbox 1950 1844 3552 1924; baseline 0.014 -24"><span class='ocrx_word' id='word_1_573' title='bbox 1950 1844 2096 1901; x_wconf 80' lang='lat' dir='ltr'><strong>Sara:</strong></span> <span class='ocrx_word' id='word_1_574' title='bbox 2131 1851 2442 1906; x_wconf 71' lang='lat' dir='ltr'><strong>molesticea</strong></span> <span class='ocrx_word' id='word_1_575' title='bbox 2489 1868 2614 1924; x_wconf 84' lang='lat' dir='ltr'><strong>rege</strong></span> <span class='ocrx_word' id='word_1_576' title='bbox 2653 1852 3004 1924; x_wconf 80' lang='lat' dir='ltr'><strong>Gerarorum,</strong></span> <span class='ocrx_word' id='word_1_577' title='bbox 3051 1869 3108 1915; x_wconf 90' lang='lat' dir='ltr'><strong>et</strong></span> <span class='ocrx_word' id='word_1_578' title='bbox 3144 1863 3323 1918; x_wconf 78' lang='lat' dir='ltr'><strong>statim</strong></span> <span class='ocrx_word' id='word_1_579' title='bbox 3364 1880 3395 1919; x_wconf 86' lang='lat' dir='ltr'><strong>a</strong></span> <span class='ocrx_word' id='word_1_580' title='bbox 3438 1865 3552 1921; x_wconf 89' lang='lat' dir='ltr'><strong>Deo</strong></span> 
     </span>
    </p>
   </div>
   <div class='ocr_carea' id='block_1_79' title="bbox 1950 1937 3555 2028">
    <p class='ocr_par' dir='ltr' id='par_1_79' title="bbox 1950 1937 3555 2028">
     <span class='ocr_line' id='line_1_79' title="bbox 1950 1937 3555 2028; baseline 0.012 -38"><span class='ocrx_word' id='word_1_581' title='bbox 1950 1937 2245 1994; x_wconf 89' lang='lat' dir='ltr'><strong>subsidium</strong></span> <span class='ocrx_word' id='word_1_582' title='bbox 2258 1983 2270 1995; x_wconf 94' lang='lat'><strong>.</strong></span> <span class='ocrx_word' id='word_1_583' title='bbox 2288 1942 2463 2013; x_wconf 84' lang='lat' dir='ltr'><strong>Atque</strong></span> <span class='ocrx_word' id='word_1_584' title='bbox 2482 1943 2597 2000; x_wconf 58' lang='lat' dir='ltr'><strong>haec</strong></span> <span class='ocrx_word' id='word_1_585' title='bbox 2626 1945 2729 2000; x_wconf 85' lang='lat' dir='ltr'><strong>sibi</strong></span> <span class='ocrx_word' id='word_1_586' title='bbox 2745 1948 3044 2004; x_wconf 87' lang='lat' dir='ltr'><strong>accidentia</strong></span> <span class='ocrx_word' id='word_1_587' title='bbox 3059 1953 3239 2008; x_wconf 86' lang='lat' dir='ltr'><strong>omnia</strong></span> <span class='ocrx_word' id='word_1_588' title='bbox 3258 1955 3448 2012; x_wconf 88' lang='lat' dir='ltr'><strong>videns</strong></span> <span class='ocrx_word' id='word_1_589' title='bbox 3466 1958 3555 2028; x_wconf 87' lang='lat' dir='ltr'><strong>ju-</strong></span> 
     </span>
    </p>
   </div>
   <div class='ocr_carea' id='block_1_80' title="bbox 1949 2034 3551 2115">
    <p class='ocr_par' dir='ltr' id='par_1_80' title="bbox 1949 2034 3551 2115">
     <span class='ocr_line' id='line_1_80' title="bbox 1949 2034 3551 2115; baseline 0.012 -35"><span class='ocrx_word' id='word_1_590' title='bbox 1949 2037 2064 2082; x_wconf 82' lang='lat' dir='ltr'><strong>stus</strong></span> <span class='ocrx_word' id='word_1_591' title='bbox 2091 2040 2214 2098; x_wconf 86' lang='lat' dir='ltr'><strong>post</strong></span> <span class='ocrx_word' id='word_1_592' title='bbox 2239 2034 2650 2101; x_wconf 81' lang='lat' dir='ltr'><strong>promissionem</strong></span> <span class='ocrx_word' id='word_1_593' title='bbox 2679 2037 2849 2105; x_wconf 82' lang='lat' dir='ltr'><strong>illam,</strong></span> <span class='ocrx_word' id='word_1_594' title='bbox 2876 2055 2988 2095; x_wconf 80' lang='lat' dir='ltr'><strong>non</strong></span> <span class='ocrx_word' id='word_1_595' title='bbox 3014 2043 3328 2102; x_wconf 80' lang='lat' dir='ltr'><strong>turbabatur</strong></span> <span class='ocrx_word' id='word_1_596' title='bbox 3346 2050 3551 2115; x_wconf 81' lang='lat' dir='ltr'><strong>animo,</strong></span> 
     </span>
    </p>
   </div>
   <div class='ocr_carea' id='block_1_81' title="bbox 1950 2123 3552 2208">
    <p class='ocr_par' dir='ltr' id='par_1_81' title="bbox 1950 2123 3552 2208">
     <span class='ocr_line' id='line_1_81' title="bbox 1950 2123 3552 2208; baseline 0.014 -36"><span class='ocrx_word' id='word_1_597' title='bbox 1950 2134 2125 2190; x_wconf 86' lang='lat' dir='ltr'><strong>neque</strong></span> <span class='ocrx_word' id='word_1_598' title='bbox 2168 2123 2435 2180; x_wconf 84' lang='lat' dir='ltr'><strong>curiosius</strong></span> <span class='ocrx_word' id='word_1_599' title='bbox 2481 2125 2813 2196; x_wconf 83' lang='lat' dir='ltr'><strong>disquirebat</strong></span> <span class='ocrx_word' id='word_1_600' title='bbox 2863 2145 3030 2200; x_wconf 90' lang='lat' dir='ltr'><strong>quare</strong></span> <span class='ocrx_word' id='word_1_601' title='bbox 3068 2146 3288 2206; x_wconf 87' lang='lat' dir='ltr'><strong>accepta</strong></span> <span class='ocrx_word' id='word_1_602' title='bbox 3317 2139 3552 2208; x_wconf 87' lang='lat' dir='ltr'><strong>promis-</strong></span> 
     </span>
    </p>
   </div>
   <div class='ocr_carea' id='block_1_82' title="bbox 1947 2212 3576 2297">
    <p class='ocr_par' dir='ltr' id='par_1_82' title="bbox 1947 2212 3576 2297">
     <span class='ocr_line' id='line_1_82' title="bbox 1947 2212 3576 2297; baseline 0.012 -30"><span class='ocrx_word' id='word_1_603' title='bbox 1947 2212 2099 2268; x_wconf 91' lang='lat' dir='ltr'><strong>sione</strong></span> <span class='ocrx_word' id='word_1_604' title='bbox 2124 2214 2240 2282; x_wconf 88' lang='lat' dir='ltr'><strong>tali,</strong></span> <span class='ocrx_word' id='word_1_605' title='bbox 2263 2214 2316 2271; x_wconf 88' lang='lat' dir='ltr'><strong>in</strong></span> <span class='ocrx_word' id='word_1_606' title='bbox 2349 2223 2525 2273; x_wconf 82' lang='lat' dir='ltr'><strong>tantas</strong></span> <span class='ocrx_word' id='word_1_607' title='bbox 2549 2218 2788 2290; x_wconf 84' lang='lat' dir='ltr'><strong>talesque</strong></span> <span class='ocrx_word' id='word_1_608' title='bbox 2809 2224 3129 2281; x_wconf 87' lang='lat' dir='ltr'><strong>tentationes</strong></span> <span class='ocrx_word' id='word_1_609' title='bbox 3157 2226 3396 2297; x_wconf 84' lang='lat' dir='ltr'><strong>quotidie</strong></span> <span class='ocrx_word' id='word_1_610' title='bbox 3421 2231 3576 2285; x_wconf 68' lang='lat' dir='ltr'><strong>inei-&#39;</strong></span> 
     </span>
    </p>
   </div>
   <div class='ocr_carea' id='block_1_83' title="bbox 1947 2304 3552 2388">
    <p class='ocr_par' dir='ltr' id='par_1_83' title="bbox 1947 2304 3552 2388">
     <span class='ocr_line' id='line_1_83' title="bbox 1947 2304 3552 2388; baseline 0.012 -30"><span class='ocrx_word' id='word_1_611' title='bbox 1947 2304 2120 2374; x_wconf 90' lang='lat' dir='ltr'><strong>deret,</strong></span> <span class='ocrx_word' id='word_1_612' title='bbox 2144 2317 2198 2362; x_wconf 93' lang='lat' dir='ltr'><strong>et</strong></span> <span class='ocrx_word' id='word_1_613' title='bbox 2220 2317 2366 2362; x_wconf 91' lang='lat' dir='ltr'><strong>tanto</strong></span> <span class='ocrx_word' id='word_1_614' title='bbox 2399 2317 2642 2380; x_wconf 86' lang='lat' dir='ltr'><strong>tempore</strong></span> <span class='ocrx_word' id='word_1_615' title='bbox 2669 2322 2915 2369; x_wconf 78' lang='lat' dir='ltr'><strong>maneret</strong></span> <span class='ocrx_word' id='word_1_616' title='bbox 2939 2315 3143 2386; x_wconf 89' lang='lat' dir='ltr'><strong>absque</strong></span> <span class='ocrx_word' id='word_1_617' title='bbox 3167 2320 3336 2388; x_wconf 85' lang='lat' dir='ltr'><strong>prole.</strong></span> <span class='ocrx_word' id='word_1_618' title='bbox 3365 2321 3552 2378; x_wconf 83' lang='lat' dir='ltr'><strong>Noluit</strong></span> 
     </span>
    </p>
   </div>
   <div class='ocr_carea' id='block_1_84' title="bbox 1947 2395 3554 2480">
    <p class='ocr_par' dir='ltr' id='par_1_84' title="bbox 1947 2395 3554 2480">
     <span class='ocr_line' id='line_1_84' title="bbox 1947 2395 3554 2480; baseline 0.013 -32"><span class='ocrx_word' id='word_1_619' title='bbox 1947 2395 2089 2450; x_wconf 89' lang='lat' dir='ltr'><strong>enim</strong></span> <span class='ocrx_word' id='word_1_620' title='bbox 2118 2407 2304 2468; x_wconf 85' lang='lat' dir='ltr'><strong>utpote</strong></span> <span class='ocrx_word' id='word_1_621' title='bbox 2328 2399 2468 2469; x_wconf 85' lang='lat' dir='ltr'><strong>pius,</strong></span> <span class='ocrx_word' id='word_1_622' title='bbox 2491 2399 2740 2457; x_wconf 89' lang='lat' dir='ltr'><strong>humanis</strong></span> <span class='ocrx_word' id='word_1_623' title='bbox 2781 2404 3078 2462; x_wconf 88' lang='lat' dir='ltr'><strong>rationibus</strong></span> <span class='ocrx_word' id='word_1_624' title='bbox 3113 2423 3179 2464; x_wconf 82' lang='lat' dir='ltr'><strong>ea</strong></span> <span class='ocrx_word' id='word_1_625' title='bbox 3219 2426 3338 2480; x_wconf 76' lang='lat' dir='ltr'><strong>qua:</strong></span> <span class='ocrx_word' id='word_1_626' title='bbox 3364 2428 3397 2467; x_wconf 88' lang='lat' dir='ltr'><strong>a</strong></span> <span class='ocrx_word' id='word_1_627' title='bbox 3439 2414 3554 2469; x_wconf 79' lang='lat' dir='ltr'><strong>Deo</strong></span> 
     </span>
    </p>
   </div>
   <div class='ocr_carea' id='block_1_85' title="bbox 1948 2485 3551 2571">
    <p class='ocr_par' dir='ltr' id='par_1_85' title="bbox 1948 2485 3551 2571">
     <span class='ocr_line' id='line_1_85' title="bbox 1948 2485 3551 2571; baseline 0.013 -31"><span class='ocrx_word' id='word_1_628' title='bbox 1948 2485 2148 2542; x_wconf 76' lang='lat' dir='ltr'><strong>ﬂebant</strong></span> <span class='ocrx_word' id='word_1_629' title='bbox 2179 2489 2466 2559; x_wconf 82' lang='lat' dir='ltr'><strong>subjicere,</strong></span> <span class='ocrx_word' id='word_1_630' title='bbox 2495 2500 2551 2546; x_wconf 86' lang='lat' dir='ltr'><strong>et</strong></span> <span class='ocrx_word' id='word_1_631' title='bbox 2573 2493 2703 2548; x_wconf 77' lang='lat' dir='ltr'><strong>boui</strong></span> <span class='ocrx_word' id='word_1_632' title='bbox 2728 2494 3064 2564; x_wconf 76' lang='lat' dir='ltr'><strong>consulebat,</strong></span> <span class='ocrx_word' id='word_1_633' title='bbox 3096 2508 3351 2571; x_wconf 78' lang='lat' dir='ltr'><strong>grateque</strong></span> <span class='ocrx_word' id='word_1_634' title='bbox 3375 2507 3551 2560; x_wconf 73' lang='lat' dir='ltr'><strong>susci-</strong></span> 
     </span>
    </p>
   </div>
   <div class='ocr_carea' id='block_1_86' title="bbox 1947 2579 3035 2652">
    <p class='ocr_par' dir='ltr' id='par_1_86' title="bbox 1947 2579 3035 2652">
     <span class='ocr_line' id='line_1_86' title="bbox 1947 2579 3035 2652; baseline 0.01 -21"><span class='ocrx_word' id='word_1_635' title='bbox 1947 2579 2126 2647; x_wconf 81' lang='lat' dir='ltr'><strong>piebat</strong></span> <span class='ocrx_word' id='word_1_636' title='bbox 2149 2595 2502 2652; x_wconf 79' lang='lat' dir='ltr'><strong>quzrcumque</strong></span> <span class='ocrx_word' id='word_1_637' title='bbox 2525 2581 2634 2639; x_wconf 91' lang='lat' dir='ltr'><strong>Deo</strong></span> <span class='ocrx_word' id='word_1_638' title='bbox 2658 2582 2873 2640; x_wconf 78' lang='lat' dir='ltr'><strong>fuerant</strong></span> <span class='ocrx_word' id='word_1_639' title='bbox 2903 2586 3035 2643; x_wconf 86' lang='lat' dir='ltr'><strong>visa.</strong></span> 
     </span>
    </p>
   </div>
   <div class='ocr_carea' id='block_1_87' title="bbox 2014 2667 3550 2758">
    <p class='ocr_par' dir='ltr' id='par_1_87' title="bbox 2014 2667 3550 2758">
     <span class='ocr_line' id='line_1_87' title="bbox 2014 2667 3550 2758; baseline 0.01 -34"><span class='ocrx_word' id='word_1_640' title='bbox 2014 2668 2067 2724; x_wconf 71' lang='grc'><strong>2.</strong></span> <span class='ocrx_word' id='word_1_641' title='bbox 2097 2667 2200 2726; x_wconf 88' lang='lat' dir='ltr'><strong>Cur</strong></span> <span class='ocrx_word' id='word_1_642' title='bbox 2227 2669 2366 2726; x_wconf 84' lang='lat' dir='ltr'><strong>Deus</strong></span> <span class='ocrx_word' id='word_1_643' title='bbox 2408 2673 2484 2726; x_wconf 82' lang='lat' dir='ltr'><strong>sic</strong></span> <span class='ocrx_word' id='word_1_644' title='bbox 2526 2673 2813 2730; x_wconf 69' lang='lat' dir='ltr'><strong>cunctando</strong></span> <span class='ocrx_word' id='word_1_645' title='bbox 2855 2677 3140 2748; x_wconf 72' lang='lat' dir='ltr'><strong>probaverit</strong></span> <span class='ocrx_word' id='word_1_646' title='bbox 3179 2682 3394 2751; x_wconf 74' lang='lat' dir='ltr'><strong>Abram,-</strong></span> <span class='ocrx_word' id='word_1_647' title='bbox 3419 2702 3550 2758; x_wconf 60' lang='lat' dir='ltr'><strong>quo.</strong></span> 
     </span>
    </p>
   </div>
   <div class='ocr_carea' id='block_1_88' title="bbox 1945 2762 3551 2849">
    <p class='ocr_par' dir='ltr' id='par_1_88' title="bbox 1945 2762 3551 2849">
     <span class='ocr_line' id='line_1_88' title="bbox 1945 2762 3551 2849; baseline 0.014 -36"><span class='ocrx_word' id='word_1_648' title='bbox 1945 2762 2096 2814; x_wconf 89' lang='lat' dir='ltr'><strong>modo</strong></span> <span class='ocrx_word' id='word_1_649' title='bbox 2138 2763 2245 2817; x_wconf 68' lang='lat' dir='ltr'><strong>hec</strong></span> <span class='ocrx_word' id='word_1_650' title='bbox 2285 2781 2383 2818; x_wconf 71' lang='lat' dir='ltr'><strong>eos</strong></span> <span class='ocrx_word' id='word_1_651' title='bbox 2414 2783 2437 2818; x_wconf 69' lang='grc' dir='ltr'>ε</span> <span class='ocrx_word' id='word_1_652' title='bbox 2463 2768 2701 2836; x_wconf 81' lang='lat' dir='ltr'><strong>apparuit</strong></span> <span class='ocrx_word' id='word_1_653' title='bbox 2727 2787 2746 2820; x_wconf 74' lang='grc' dir='ltr'><strong>ι</strong></span> <span class='ocrx_word' id='word_1_654' title='bbox 2773 2769 3073 2840; x_wconf 83' lang='lat' dir='ltr'><strong>accipienda</strong></span> <span class='ocrx_word' id='word_1_655' title='bbox 3109 2774 3194 2827; x_wconf 86' lang='lat' dir='ltr'><strong>sit.</strong></span> <span class='ocrx_word' id='word_1_656' title='bbox 3228 2805 3299 2814; x_wconf 95' lang='lat'>—</span> <span class='ocrx_word' id='word_1_657' title='bbox 3323 2776 3389 2832; x_wconf 85' lang='lat' dir='ltr'><strong>Et</strong></span> <span class='ocrx_word' id='word_1_658' title='bbox 3429 2789 3551 2849; x_wconf 82' lang='lat' dir='ltr'><strong>post</strong></span> 
     </span>
    </p>
   </div>
   <div class='ocr_carea' id='block_1_89' title="bbox 1943 2851 3547 2941">
    <p class='ocr_par' dir='ltr' id='par_1_89' title="bbox 1943 2851 3547 2941">
     <span class='ocr_line' id='line_1_89' title="bbox 1943 2851 3547 2941; baseline 0.012 -34"><span class='ocrx_word' id='word_1_659' title='bbox 1943 2851 2208 2908; x_wconf 77' lang='lat' dir='ltr'><strong>decimum</strong></span> <span class='ocrx_word' id='word_1_660' title='bbox 2248 2867 2447 2912; x_wconf 85' lang='lat' dir='ltr'><strong>annum</strong></span> <span class='ocrx_word' id='word_1_661' title='bbox 2477 2859 2712 2930; x_wconf 87' lang='lat' dir='ltr'><strong>suscepit</strong></span> <span class='ocrx_word' id='word_1_662' title='bbox 2738 2860 3022 2921; x_wconf 86' lang='lat' dir='ltr'><strong>lsmaelem</strong></span> <span class='ocrx_word' id='word_1_663' title='bbox 3049 2879 3115 2920; x_wconf 80' lang='lat' dir='ltr'><strong>ex</strong></span> <span class='ocrx_word' id='word_1_664' title='bbox 3147 2868 3368 2936; x_wconf 79' lang='lat' dir='ltr'><strong>ancilla,</strong></span> <span class='ocrx_word' id='word_1_665' title='bbox 3399 2883 3547 2941; x_wconf 86' lang='lat' dir='ltr'><strong>post-</strong></span> 
     </span>
    </p>
   </div>
   <div class='ocr_carea' id='block_1_90' title="bbox 1943 2944 3544 3028">
    <p class='ocr_par' dir='ltr' id='par_1_90' title="bbox 1943 2944 3544 3028">
     <span class='ocr_line' id='line_1_90' title="bbox 1943 2944 3544 3028; baseline 0.011 -30"><span class='ocrx_word' id='word_1_666' title='bbox 1943 2959 2113 3014; x_wconf 89' lang='lat' dir='ltr'><strong>eaque</strong></span> <span class='ocrx_word' id='word_1_667' title='bbox 2165 2944 2218 3000; x_wconf 90' lang='lat' dir='ltr'><strong>in</strong></span> <span class='ocrx_word' id='word_1_668' title='bbox 2276 2947 2367 3002; x_wconf 89' lang='lat' dir='ltr'><strong>illo</strong></span> <span class='ocrx_word' id='word_1_669' title='bbox 2411 2949 2616 3019; x_wconf 80' lang='lat' dir='ltr'><strong>putavit</strong></span> <span class='ocrx_word' id='word_1_670' title='bbox 2661 2951 3076 3022; x_wconf 79' lang='lat' dir='ltr'><strong>promissionem</strong></span> <span class='ocrx_word' id='word_1_671' title='bbox 3125 2955 3544 3028; x_wconf 81' lang='lat' dir='ltr'><strong>adimplendam.</strong></span> 
     </span>
    </p>
   </div>
   <div class='ocr_carea' id='block_1_91' title="bbox 1943 3033 3546 3118">
    <p class='ocr_par' dir='ltr' id='par_1_91' title="bbox 1943 3033 3546 3118">
     <span class='ocr_line' id='line_1_91' title="bbox 1943 3033 3546 3118; baseline 0.014 -30"><span class='ocrx_word' id='word_1_672' title='bbox 1943 3033 2075 3088; x_wconf 81' lang='lat' dir='ltr'><strong>Erat</strong></span> <span class='ocrx_word' id='word_1_673' title='bbox 2115 3036 2258 3090; x_wconf 86' lang='lat' dir='ltr'><strong>enim</strong></span> <span class='ocrx_word' id='word_1_674' title='bbox 2295 3040 2623 3106; x_wconf 80' lang='lat' dir='ltr'><strong>patriarcha,</strong></span> <span class='ocrx_word' id='word_1_675' title='bbox 2673 3043 2892 3110; x_wconf 83' lang='lat' dir='ltr'><strong>quando</strong></span> <span class='ocrx_word' id='word_1_676' title='bbox 2930 3053 3088 3102; x_wconf 84' lang='lat' dir='ltr'><strong>natus</strong></span> <span class='ocrx_word' id='word_1_677' title='bbox 3133 3057 3217 3102; x_wconf 88' lang='lat' dir='ltr'><strong>est</strong></span> <span class='ocrx_word' id='word_1_678' title='bbox 3245 3049 3294 3104; x_wconf 93' lang='lat' dir='ltr'><strong>ei</strong></span> <span class='ocrx_word' id='word_1_679' title='bbox 3326 3051 3546 3118; x_wconf 84' lang='lat' dir='ltr'><strong>lsmael,</strong></span> 
     </span>
    </p>
   </div>
   <div class='ocr_carea' id='block_1_92' title="bbox 1941 3129 3547 3201">
    <p class='ocr_par' dir='ltr' id='par_1_92' title="bbox 1941 3129 3547 3201">
     <span class='ocr_line' id='line_1_92' title="bbox 1941 3129 3547 3201; baseline 0.014 -22"><span class='ocrx_word' id='word_1_680' title='bbox 1941 3141 2203 3182; x_wconf 77' lang='lat' dir='ltr'><strong>annorum</strong></span> <span class='ocrx_word' id='word_1_681' title='bbox 2231 3129 2503 3200; x_wconf 79' lang='lat' dir='ltr'><strong>octoginta</strong></span> <span class='ocrx_word' id='word_1_682' title='bbox 2531 3145 2647 3186; x_wconf 74' lang='lat' dir='ltr'><strong>sex.</strong></span> <span class='ocrx_word' id='word_1_683' title='bbox 2704 3131 2811 3189; x_wconf 78' lang='lat' dir='ltr'><strong>Sed</strong></span> <span class='ocrx_word' id='word_1_684' title='bbox 2857 3135 3050 3192; x_wconf 88' lang='lat' dir='ltr'><strong>iterum</strong></span> <span class='ocrx_word' id='word_1_685' title='bbox 3095 3139 3354 3197; x_wconf 78' lang='lat' dir='ltr'><strong>tredecim</strong></span> <span class='ocrx_word' id='word_1_686' title='bbox 3387 3148 3547 3201; x_wconf 83' lang='lat' dir='ltr'><strong>annis</strong></span> 
     </span>
    </p>
   </div>
   <div class='ocr_carea' id='block_1_93' title="bbox 1942 3220 3546 3306">
    <p class='ocr_par' dir='ltr' id='par_1_93' title="bbox 1942 3220 3546 3306">
     <span class='ocr_line' id='line_1_93' title="bbox 1942 3220 3546 3306; baseline 0.014 -35"><span class='ocrx_word' id='word_1_687' title='bbox 1942 3227 2224 3274; x_wconf 82' lang='lat' dir='ltr'><strong>exercetur</strong></span> <span class='ocrx_word' id='word_1_688' title='bbox 2246 3234 2276 3273; x_wconf 89' lang='lat' dir='ltr'><strong>a</strong></span> <span class='ocrx_word' id='word_1_689' title='bbox 2303 3220 2533 3293; x_wconf 83' lang='lat' dir='ltr'><strong>benigno</strong></span> <span class='ocrx_word' id='word_1_690' title='bbox 2562 3223 2672 3279; x_wconf 90' lang='lat' dir='ltr'><strong>Deo</strong></span> <span class='ocrx_word' id='word_1_691' title='bbox 2709 3226 2826 3294; x_wconf 90' lang='lat' dir='ltr'><strong>ejus</strong></span> <span class='ocrx_word' id='word_1_692' title='bbox 2874 3228 3146 3297; x_wconf 74' lang='lat' dir='ltr'><strong>patientia,</strong></span> <span class='ocrx_word' id='word_1_693' title='bbox 3176 3232 3349 3290; x_wconf 79' lang='lat' dir='ltr'><strong>donec</strong></span> <span class='ocrx_word' id='word_1_694' title='bbox 3376 3235 3546 3306; x_wconf 85' lang='lat' dir='ltr'><strong>ipsius</strong></span> 
     </span>
    </p>
   </div>
   <div class='ocr_carea' id='block_1_94' title="bbox 1943 3308 3547 3397">
    <p class='ocr_par' dir='ltr' id='par_1_94' title="bbox 1943 3308 3547 3397">
     <span class='ocr_line' id='line_1_94' title="bbox 1943 3308 3547 3397; baseline 0.014 -36"><span class='ocrx_word' id='word_1_695' title='bbox 1943 3308 2226 3377; x_wconf 88' lang='lat' dir='ltr'><strong>promissio</strong></span> <span class='ocrx_word' id='word_1_696' title='bbox 2247 3309 2550 3382; x_wconf 88' lang='lat' dir='ltr'><strong>impleatur.</strong></span> <span class='ocrx_word' id='word_1_697' title='bbox 2582 3313 2717 3370; x_wconf 87' lang='lat' dir='ltr'><strong>Nam</strong></span> <span class='ocrx_word' id='word_1_698' title='bbox 2743 3316 2869 3386; x_wconf 81' lang='lat' dir='ltr'><strong>quia</strong></span> <span class='ocrx_word' id='word_1_699' title='bbox 2892 3317 3058 3388; x_wconf 88' lang='lat' dir='ltr'><strong>probe</strong></span> <span class='ocrx_word' id='word_1_700' title='bbox 3084 3333 3325 3393; x_wconf 80' lang='lat' dir='ltr'><strong>noverat,</strong></span> <span class='ocrx_word' id='word_1_701' title='bbox 3349 3341 3547 3397; x_wconf 77' lang='lat' dir='ltr'><strong>quem-</strong></span> 
     </span>
    </p>
   </div>
   <div class='ocr_carea' id='block_1_95' title="bbox 1940 3400 3542 3486">
    <p class='ocr_par' dir='ltr' id='par_1_95' title="bbox 1940 3400 3542 3486">
     <span class='ocr_line' id='line_1_95' title="bbox 1940 3400 3542 3486; baseline 0.016 -34"><span class='ocrx_word' id='word_1_702' title='bbox 1940 3400 2228 3456; x_wconf 84' lang='lat' dir='ltr'><strong>admodum</strong></span> <span class='ocrx_word' id='word_1_703' title='bbox 2270 3418 2460 3458; x_wconf 90' lang='lat' dir='ltr'><strong>aurum</strong></span> <span class='ocrx_word' id='word_1_704' title='bbox 2508 3407 2566 3475; x_wconf 86' lang='lat' dir='ltr'><strong>in</strong></span> <span class='ocrx_word' id='word_1_705' title='bbox 2623 3406 2839 3464; x_wconf 73' lang='lat' dir='ltr'><strong>fornace</strong></span> <span class='ocrx_word' id='word_1_706' title='bbox 2870 3413 3128 3482; x_wconf 88' lang='lat' dir='ltr'><strong>temporis</strong></span> <span class='ocrx_word' id='word_1_707' title='bbox 3167 3414 3542 3486; x_wconf 83' lang='lat' dir='ltr'><strong>diuturnitate,</strong></span> 
     </span>
    </p>
   </div>
   <div class='ocr_carea' id='block_1_96' title="bbox 1942 3489 3549 3569">
    <p class='ocr_par' dir='ltr' id='par_1_96' title="bbox 1942 3489 3549 3569">
     <span class='ocr_line' id='line_1_96' title="bbox 1942 3489 3549 3569; baseline 0.015 -26"><span class='ocrx_word' id='word_1_708' title='bbox 1942 3489 2015 3544; x_wconf 84' lang='lat' dir='ltr'><strong>ita</strong></span> <span class='ocrx_word' id='word_1_709' title='bbox 2035 3491 2235 3560; x_wconf 86' lang='lat' dir='ltr'><strong>justum</strong></span> <span class='ocrx_word' id='word_1_710' title='bbox 2263 3496 2497 3566; x_wconf 81' lang='lat' dir='ltr'><strong>purgari,</strong></span> <span class='ocrx_word' id='word_1_711' title='bbox 2529 3497 2751 3569; x_wconf 86' lang='lat' dir='ltr'><strong>ejusque</strong></span> <span class='ocrx_word' id='word_1_712' title='bbox 2772 3500 3022 3558; x_wconf 83' lang='lat' dir='ltr'><strong>virtutem</strong></span> <span class='ocrx_word' id='word_1_713' title='bbox 3047 3505 3331 3566; x_wconf 83' lang='lat' dir='ltr'><strong>clariorem</strong></span> <span class='ocrx_word' id='word_1_714' title='bbox 3348 3518 3402 3565; x_wconf 89' lang='lat' dir='ltr'><strong>et</strong></span> <span class='ocrx_word' id='word_1_715' title='bbox 3422 3510 3549 3566; x_wconf 82' lang='lat' dir='ltr'><strong>illu-</strong></span> 
     </span>
    </p>
   </div>
   <div class='ocr_carea' id='block_1_97' title="bbox 1941 3582 3532 3668">
    <p class='ocr_par' dir='ltr' id='par_1_97' title="bbox 1941 3582 3532 3668">
     <span class='ocr_line' id='line_1_97' title="bbox 1941 3582 3532 3668; baseline 0.014 -32"><span class='ocrx_word' id='word_1_716' title='bbox 1941 3582 2189 3639; x_wconf 90' lang='lat' dir='ltr'><strong>striorem</strong></span> <span class='ocrx_word' id='word_1_717' title='bbox 2207 3583 2323 3641; x_wconf 75' lang='lat' dir='ltr'><strong>ﬁeri</strong></span> <span class='ocrx_word' id='word_1_718' title='bbox 2345 3605 2359 3641; x_wconf 91' lang='lat'><strong>:</strong></span> <span class='ocrx_word' id='word_1_719' title='bbox 2388 3589 2409 3642; x_wconf 88' lang='lat' dir='ltr'><strong>l</strong></span> <span class='ocrx_word' id='word_1_720' title='bbox 2430 3583 2580 3660; x_wconf 83' lang='lat' dir='ltr'><strong>(Cap.</strong></span> <span class='ocrx_word' id='word_1_721' title='bbox 2599 3588 2710 3662; x_wconf 82' lang='lat' dir='ltr'><strong>l7).</strong></span> <span class='ocrx_word' id='word_1_722' title='bbox 2733 3592 2950 3658; x_wconf 81' lang='lat' dir='ltr'><strong>Quando</strong></span> <span class='ocrx_word' id='word_1_723' title='bbox 2969 3600 3142 3668; x_wconf 73' lang='lat' dir='ltr'><strong>factus</strong></span> <span class='ocrx_word' id='word_1_724' title='bbox 3154 3609 3224 3654; x_wconf 80' lang='lat' dir='ltr'><strong>est</strong></span> <span class='ocrx_word' id='word_1_725' title='bbox 3242 3601 3432 3656; x_wconf 79' lang='lat' dir='ltr'><strong>Abram</strong></span> <span class='ocrx_word' id='word_1_726' title='bbox 3452 3621 3532 3658; x_wconf 67' lang='lat' dir='ltr'><strong>air</strong></span> 
     </span>
    </p>
   </div>
   <div class='ocr_carea' id='block_1_98' title="bbox 1941 3679 3538 3758">
    <p class='ocr_par' dir='ltr' id='par_1_98' title="bbox 1941 3679 3538 3758">
     <span class='ocr_line' id='line_1_98' title="bbox 1941 3679 3538 3758; baseline 0.016 -32"><span class='ocrx_word' id='word_1_727' title='bbox 1941 3690 2121 3728; x_wconf 86' lang='lat' dir='ltr'><strong>norum</strong></span> <span class='ocrx_word' id='word_1_728' title='bbox 2141 3679 2418 3750; x_wconf 80' lang='lat' dir='ltr'><strong>nonaginta</strong></span> <span class='ocrx_word' id='word_1_729' title='bbox 2438 3698 2634 3748; x_wconf 74' lang='lat' dir='ltr'><strong>novem,</strong></span> <span class='ocrx_word' id='word_1_730' title='bbox 2654 3683 2844 3755; x_wconf 91' lang='lat' dir='ltr'><strong>inquit,</strong></span> <span class='ocrx_word' id='word_1_731' title='bbox 2867 3690 3107 3758; x_wconf 77' lang='lat' dir='ltr'><strong>apparuit</strong></span> <span class='ocrx_word' id='word_1_732' title='bbox 3123 3691 3170 3745; x_wconf 83' lang='lat' dir='ltr'><strong>ei</strong></span> <span class='ocrx_word' id='word_1_733' title='bbox 3178 3691 3320 3747; x_wconf 78' lang='lat' dir='ltr'><strong>Deus</strong></span> <span class='ocrx_word' id='word_1_734' title='bbox 3337 3696 3538 3752; x_wconf 83' lang='lat' dir='ltr'><strong>iterum.</strong></span> 
     </span>
    </p>
   </div>
   <div class='ocr_carea' id='block_1_99' title="bbox 1942 3765 3539 3847">
    <p class='ocr_par' dir='ltr' id='par_1_99' title="bbox 1942 3765 3539 3847">
     <span class='ocr_line' id='line_1_99' title="bbox 1942 3765 3539 3847; baseline 0.016 -28"><span class='ocrx_word' id='word_1_735' title='bbox 1942 3765 2010 3820; x_wconf 85' lang='lat' dir='ltr'><strong>Et</strong></span> <span class='ocrx_word' id='word_1_736' title='bbox 2046 3783 2338 3839; x_wconf 87' lang='lat' dir='ltr'><strong>quarenam</strong></span> <span class='ocrx_word' id='word_1_737' title='bbox 2391 3781 2543 3829; x_wconf 86' lang='lat' dir='ltr'><strong>tanto</strong></span> <span class='ocrx_word' id='word_1_738' title='bbox 2593 3783 2833 3847; x_wconf 86' lang='lat' dir='ltr'><strong>tempore</strong></span> <span class='ocrx_word' id='word_1_739' title='bbox 2884 3780 3132 3837; x_wconf 84' lang='lat' dir='ltr'><strong>distulit?</strong></span> <span class='ocrx_word' id='word_1_740' title='bbox 3172 3783 3241 3840; x_wconf 89' lang='lat' dir='ltr'><strong>Ut</strong></span> <span class='ocrx_word' id='word_1_741' title='bbox 3290 3801 3396 3842; x_wconf 90' lang='lat' dir='ltr'><strong>non</strong></span> <span class='ocrx_word' id='word_1_742' title='bbox 3447 3803 3539 3844; x_wconf 87' lang='lat' dir='ltr'><strong>so-</strong></span> 
     </span>
    </p>
   </div>
   <div class='ocr_carea' id='block_1_100' title="bbox 1942 3856 3542 3943">
    <p class='ocr_par' dir='ltr' id='par_1_100' title="bbox 1942 3856 3542 3943">
     <span class='ocr_line' id='line_1_100' title="bbox 1942 3856 3542 3943; baseline 0.014 -33"><span class='ocrx_word' id='word_1_743' title='bbox 1942 3856 2050 3911; x_wconf 92' lang='lat' dir='ltr'><strong>lum</strong></span> <span class='ocrx_word' id='word_1_744' title='bbox 2093 3859 2222 3929; x_wconf 90' lang='lat' dir='ltr'><strong>justi</strong></span> <span class='ocrx_word' id='word_1_745' title='bbox 2268 3864 2583 3932; x_wconf 88' lang='lat' dir='ltr'><strong>patientiam</strong></span> <span class='ocrx_word' id='word_1_746' title='bbox 2629 3876 2684 3922; x_wconf 91' lang='lat' dir='ltr'><strong>et</strong></span> <span class='ocrx_word' id='word_1_747' title='bbox 2726 3870 2975 3926; x_wconf 77' lang='lat' dir='ltr'><strong>virtutem</strong></span> <span class='ocrx_word' id='word_1_748' title='bbox 3024 3873 3318 3943; x_wconf 82' lang='lat' dir='ltr'><strong>discamus,</strong></span> <span class='ocrx_word' id='word_1_749' title='bbox 3363 3879 3457 3934; x_wconf 87' lang='lat' dir='ltr'><strong>sed</strong></span> <span class='ocrx_word' id='word_1_750' title='bbox 3487 3892 3542 3935; x_wconf 87' lang='lat' dir='ltr'><strong>et</strong></span> 
     </span>
    </p>
   </div>
   <div class='ocr_carea' id='block_1_101' title="bbox 1941 3945 3547 4025">
    <p class='ocr_par' dir='ltr' id='par_1_101' title="bbox 1941 3945 3547 4025">
     <span class='ocr_line' id='line_1_101' title="bbox 1941 3945 3547 4025; baseline 0.016 -24"><span class='ocrx_word' id='word_1_751' title='bbox 1941 3945 2256 4005; x_wconf 84' lang='lat' dir='ltr'><strong>immensam</strong></span> <span class='ocrx_word' id='word_1_752' title='bbox 2311 3953 2478 4023; x_wconf 80' lang='lat' dir='ltr'><strong>ipsius</strong></span> <span class='ocrx_word' id='word_1_753' title='bbox 2529 3959 2820 4025; x_wconf 90' lang='lat' dir='ltr'><strong>potentiam</strong></span> <span class='ocrx_word' id='word_1_754' title='bbox 2868 3960 3165 4020; x_wconf 79' lang='lat' dir='ltr'><strong>videamus.</strong></span> <span class='ocrx_word' id='word_1_755' title='bbox 3213 3965 3348 4022; x_wconf 85' lang='lat' dir='ltr'><strong>Cum</strong></span> <span class='ocrx_word' id='word_1_756' title='bbox 3398 3972 3547 4025; x_wconf 84' lang='lat' dir='ltr'><strong>enim</strong></span> 
     </span>
    </p>
   </div>
   <div class='ocr_carea' id='block_1_102' title="bbox 1940 4037 3547 4128">
    <p class='ocr_par' dir='ltr' id='par_1_102' title="bbox 1940 4037 3547 4128">
     <span class='ocr_line' id='line_1_102' title="bbox 1940 4037 3547 4128; baseline 0.019 -41"><span class='ocrx_word' id='word_1_757' title='bbox 1940 4037 2072 4091; x_wconf 87' lang='lat' dir='ltr'><strong>nihil</strong></span> <span class='ocrx_word' id='word_1_758' title='bbox 2117 4040 2233 4109; x_wconf 88' lang='lat' dir='ltr'><strong>spei</strong></span> <span class='ocrx_word' id='word_1_759' title='bbox 2277 4050 2330 4095; x_wconf 91' lang='lat' dir='ltr'><strong>et</strong></span> <span class='ocrx_word' id='word_1_760' title='bbox 2371 4046 2786 4112; x_wconf 80' lang='lat' dir='ltr'><strong>exspectationis</strong></span> <span class='ocrx_word' id='word_1_761' title='bbox 2827 4058 2971 4103; x_wconf 91' lang='lat' dir='ltr'><strong>esset</strong></span> <span class='ocrx_word' id='word_1_762' title='bbox 3000 4050 3052 4105; x_wconf 90' lang='lat' dir='ltr'><strong>in</strong></span> <span class='ocrx_word' id='word_1_763' title='bbox 3083 4064 3276 4111; x_wconf 82' lang='lat' dir='ltr'><strong>natura</strong></span> <span class='ocrx_word' id='word_1_764' title='bbox 3325 4073 3446 4128; x_wconf 65' lang='lat' dir='ltr'><strong>quae</strong></span> <span class='ocrx_word' id='word_1_765' title='bbox 3473 4062 3547 4117; x_wconf 70' lang='lat' dir='ltr'><strong>ait</strong></span> 
     </span>
    </p>
   </div>
   <div class='ocr_carea' id='block_1_103' title="bbox 1943 4131 3540 4220">
    <p class='ocr_par' dir='ltr' id='par_1_103' title="bbox 1943 4131 3540 4220">
     <span class='ocr_line' id='line_1_103' title="bbox 1943 4131 3540 4220; baseline 0.017 -38"><span class='ocrx_word' id='word_1_766' title='bbox 1943 4131 2327 4197; x_wconf 84' lang='lat' dir='ltr'><strong>procreaudam</strong></span> <span class='ocrx_word' id='word_1_767' title='bbox 2353 4133 2555 4202; x_wconf 86' lang='lat' dir='ltr'><strong>prolem</strong></span> <span class='ocrx_word' id='word_1_768' title='bbox 2588 4137 2787 4193; x_wconf 86' lang='lat' dir='ltr'><strong>inutilis</strong></span> <span class='ocrx_word' id='word_1_769' title='bbox 2817 4148 2933 4195; x_wconf 88' lang='lat' dir='ltr'><strong>erat</strong></span> <span class='ocrx_word' id='word_1_770' title='bbox 2959 4149 3014 4198; x_wconf 90' lang='lat' dir='ltr'><strong>et</strong></span> <span class='ocrx_word' id='word_1_771' title='bbox 3040 4146 3280 4204; x_wconf 87' lang='lat' dir='ltr'><strong>membra</strong></span> <span class='ocrx_word' id='word_1_772' title='bbox 3312 4165 3422 4220; x_wconf 80' lang='lat' dir='ltr'><strong>prae</strong></span> <span class='ocrx_word' id='word_1_773' title='bbox 3451 4170 3540 4209; x_wconf 87' lang='lat' dir='ltr'><strong>se-</strong></span> 
     </span>
    </p>
   </div>
   <div class='ocr_carea' id='block_1_104' title="bbox 1941 4222 3548 4313">
    <p class='ocr_par' dir='ltr' id='par_1_104' title="bbox 1941 4222 3548 4313">
     <span class='ocr_line' id='line_1_104' title="bbox 1941 4222 3548 4313; baseline 0.017 -42"><span class='ocrx_word' id='word_1_774' title='bbox 1941 4228 2157 4275; x_wconf 91' lang='lat' dir='ltr'><strong>nectute</strong></span> <span class='ocrx_word' id='word_1_775' title='bbox 2183 4222 2429 4293; x_wconf 86' lang='lat' dir='ltr'><strong>languida</strong></span> <span class='ocrx_word' id='word_1_776' title='bbox 2455 4235 2509 4281; x_wconf 87' lang='lat' dir='ltr'><strong>et</strong></span> <span class='ocrx_word' id='word_1_777' title='bbox 2534 4225 2721 4298; x_wconf 68' lang='lat' dir='ltr'><strong>frigida</strong></span> <span class='ocrx_word' id='word_1_778' title='bbox 2751 4242 2953 4297; x_wconf 87' lang='lat' dir='ltr'><strong>essent,</strong></span> <span class='ocrx_word' id='word_1_779' title='bbox 2988 4242 3114 4290; x_wconf 85' lang='lat' dir='ltr'><strong>tunc</strong></span> <span class='ocrx_word' id='word_1_780' title='bbox 3158 4239 3370 4295; x_wconf 87' lang='lat' dir='ltr'><strong>tandem</strong></span> <span class='ocrx_word' id='word_1_781' title='bbox 3410 4243 3548 4313; x_wconf 77' lang='lat' dir='ltr'><strong>justi</strong></span> 
     </span>
    </p>
   </div>
   <div class='ocr_carea' id='block_1_105' title="bbox 1941 4309 3548 4404">
    <p class='ocr_par' dir='ltr' id='par_1_105' title="bbox 1941 4309 3548 4404">
     <span class='ocr_line' id='line_1_105' title="bbox 1941 4309 3548 4404; baseline 0.017 -41"><span class='ocrx_word' id='word_1_782' title='bbox 1941 4309 2190 4367; x_wconf 82' lang='lat' dir='ltr'><strong>virtutem</strong></span> <span class='ocrx_word' id='word_1_783' title='bbox 2222 4313 2446 4383; x_wconf 85' lang='lat' dir='ltr'><strong>detexit,</strong></span> <span class='ocrx_word' id='word_1_784' title='bbox 2478 4327 2533 4373; x_wconf 90' lang='lat' dir='ltr'><strong>et</strong></span> <span class='ocrx_word' id='word_1_785' title='bbox 2576 4333 2725 4374; x_wconf 89' lang='lat' dir='ltr'><strong>suam</strong></span> <span class='ocrx_word' id='word_1_786' title='bbox 2773 4323 3066 4391; x_wconf 85' lang='lat' dir='ltr'><strong>potentiam</strong></span> <span class='ocrx_word' id='word_1_787' title='bbox 3116 4309 3548 4404; x_wconf 72' lang='lat' dir='ltr'><strong>indicavit,pro~</strong></span> 
     </span>
    </p>
   </div>
   <div class='ocr_carea' id='block_1_106' title="bbox 1941 4403 3546 4488">
    <p class='ocr_par' dir='ltr' id='par_1_106' title="bbox 1941 4403 3546 4488">
     <span class='ocr_line' id='line_1_106' title="bbox 1941 4403 3546 4488; baseline 0.018 -32"><span class='ocrx_word' id='word_1_788' title='bbox 1941 4403 2250 4459; x_wconf 84' lang='lat' dir='ltr'><strong>missionem</strong></span> <span class='ocrx_word' id='word_1_789' title='bbox 2274 4406 2566 4478; x_wconf 89' lang='lat' dir='ltr'><strong>implendo.</strong></span> <span class='ocrx_word' id='word_1_790' title='bbox 2596 4411 2705 4467; x_wconf 91' lang='lat' dir='ltr'><strong>Sed</strong></span> <span class='ocrx_word' id='word_1_791' title='bbox 2732 4428 2911 4485; x_wconf 65' lang='lat' dir='ltr'><strong>operte</strong></span> <span class='ocrx_word' id='word_1_792' title='bbox 2955 4419 3186 4486; x_wconf 89' lang='lat' dir='ltr'><strong>pretium</strong></span> <span class='ocrx_word' id='word_1_793' title='bbox 3228 4433 3330 4488; x_wconf 90' lang='lat' dir='ltr'><strong>est,</strong></span> <span class='ocrx_word' id='word_1_794' title='bbox 3362 4403 3546 4485; x_wconf 50' lang='lat' dir='ltr'><strong>utites</strong></span> 
     </span>
    </p>
   </div>
   <div class='ocr_carea' id='block_1_107' title="bbox 1941 4492 3548 4583">
    <p class='ocr_par' dir='ltr' id='par_1_107' title="bbox 1941 4492 3548 4583">
     <span class='ocr_line' id='line_1_107' title="bbox 1941 4492 3548 4583; baseline 0.019 -39"><span class='ocrx_word' id='word_1_795' title='bbox 1941 4506 2058 4546; x_wconf 91' lang='lat' dir='ltr'><strong>rum</strong></span> <span class='ocrx_word' id='word_1_796' title='bbox 2081 4492 2437 4552; x_wconf 88' lang='lat' dir='ltr'><strong>audiamusea</strong></span> <span class='ocrx_word' id='word_1_797' title='bbox 2458 4498 2576 4568; x_wconf 32' lang='lat' dir='ltr'><strong>ipsa.</strong></span> <span class='ocrx_word' id='word_1_798' title='bbox 2596 4516 2717 4571; x_wconf 72' lang='lat' dir='ltr'><strong>qua:</strong></span> <span class='ocrx_word' id='word_1_799' title='bbox 2739 4518 2862 4558; x_wconf 87' lang='lat' dir='ltr'><strong>eum</strong></span> <span class='ocrx_word' id='word_1_800' title='bbox 2892 4505 2989 4561; x_wconf 80' lang='lat' dir='ltr'><strong>illo</strong></span> <span class='ocrx_word' id='word_1_801' title='bbox 3016 4508 3156 4565; x_wconf 88' lang='lat' dir='ltr'><strong>Deus</strong></span> <span class='ocrx_word' id='word_1_802' title='bbox 3182 4510 3433 4583; x_wconf 81' lang='lat' dir='ltr'><strong>loquutus</strong></span> <span class='ocrx_word' id='word_1_803' title='bbox 3463 4531 3548 4576; x_wconf 81' lang='lat' dir='ltr'><strong>est</strong></span> 
     </span>
    </p>
   </div>
   <div class='ocr_carea' id='block_1_108' title="bbox 1941 4584 3552 4675">
    <p class='ocr_par' dir='ltr' id='par_1_108' title="bbox 1941 4584 3552 4675">
     <span class='ocr_line' id='line_1_108' title="bbox 1941 4584 3552 4675; baseline 0.019 -39"><span class='ocrx_word' id='word_1_804' title='bbox 1941 4584 2133 4640; x_wconf 80' lang='lat' dir='ltr'><strong>verba.</strong></span> <span class='ocrx_word' id='word_1_805' title='bbox 2153 4586 2282 4641; x_wconf 86' lang='lat' dir='ltr'><strong>Cum</strong></span> <span class='ocrx_word' id='word_1_806' title='bbox 2312 4592 2481 4659; x_wconf 77' lang='lat' dir='ltr'><strong>factus</strong></span> <span class='ocrx_word' id='word_1_807' title='bbox 2504 4593 2639 4646; x_wconf 66' lang='lat' dir='ltr'><strong>eniti:</strong></span> <span class='ocrx_word' id='word_1_808' title='bbox 2670 4605 2812 4663; x_wconf 81' lang='lat' dir='ltr'><strong>esset,</strong></span> <span class='ocrx_word' id='word_1_809' title='bbox 2841 4597 3034 4668; x_wconf 83' lang='lat' dir='ltr'><strong>inquit,</strong></span> <span class='ocrx_word' id='word_1_810' title='bbox 3061 4606 3341 4675; x_wconf 75' lang='lat' dir='ltr'><strong>nonaginta</strong></span> <span class='ocrx_word' id='word_1_811' title='bbox 3367 4624 3552 4666; x_wconf 71' lang='lat' dir='ltr'><strong>novem</strong></span> 
     </span>
    </p>
   </div>
   <div class='ocr_carea' id='block_1_109' title="bbox 1943 4683 3554 4759">
    <p class='ocr_par' dir='ltr' id='par_1_109' title="bbox 1943 4683 3554 4759">
     <span class='ocr_line' id='line_1_109' title="bbox 1943 4683 3554 4759; baseline 0.02 -31"><span class='ocrx_word' id='word_1_812' title='bbox 1943 4691 2210 4743; x_wconf 81' lang='lat' dir='ltr'><strong>annorum,</strong></span> <span class='ocrx_word' id='word_1_813' title='bbox 2258 4683 2496 4751; x_wconf 82' lang='lat' dir='ltr'><strong>apparuit</strong></span> <span class='ocrx_word' id='word_1_814' title='bbox 2539 4691 2586 4738; x_wconf 85' lang='lat' dir='ltr'><strong>et</strong></span> <span class='ocrx_word' id='word_1_815' title='bbox 2627 4684 2790 4756; x_wconf 80' lang='lat' dir='ltr'><strong>Deus,</strong></span> <span class='ocrx_word' id='word_1_816' title='bbox 2841 4699 2888 4743; x_wconf 86' lang='lat' dir='ltr'><strong>et</strong></span> <span class='ocrx_word' id='word_1_817' title='bbox 2927 4691 3056 4746; x_wconf 70' lang='lat' dir='ltr'><strong>dixit</strong></span> <span class='ocrx_word' id='word_1_818' title='bbox 3084 4695 3150 4748; x_wconf 82' lang='lat' dir='ltr'><strong>ei.</strong></span> <span class='ocrx_word' id='word_1_819' title='bbox 3192 4697 3324 4753; x_wconf 91' lang='lat' dir='ltr'><strong>Cum</strong></span> <span class='ocrx_word' id='word_1_820' title='bbox 3367 4711 3554 4759; x_wconf 79' lang='lat' dir='ltr'><strong>autem</strong></span> 
     </span>
    </p>
   </div>
   <div class='ocr_carea' id='block_1_110' title="bbox 1945 4769 3557 4863">
    <p class='ocr_par' dir='ltr' id='par_1_110' title="bbox 1945 4769 3557 4863">
     <span class='ocr_line' id='line_1_110' title="bbox 1945 4769 3557 4863; baseline 0.017 -43"><span class='ocrx_word' id='word_1_821' title='bbox 1945 4769 2216 4834; x_wconf 87' lang='lat' dir='ltr'><strong>audieris,</strong></span> <span class='ocrx_word' id='word_1_822' title='bbox 2263 4770 2536 4841; x_wconf 80' lang='lat' dir='ltr'><strong>Apparuit,</strong></span> <span class='ocrx_word' id='word_1_823' title='bbox 2589 4774 2720 4830; x_wconf 81' lang='lat' dir='ltr'><strong>nihil</strong></span> <span class='ocrx_word' id='word_1_824' title='bbox 2767 4777 2969 4836; x_wconf 90' lang='lat' dir='ltr'><strong>humile</strong></span> <span class='ocrx_word' id='word_1_825' title='bbox 3011 4785 3322 4856; x_wconf 88' lang='lat' dir='ltr'><strong>suspiceris,</strong></span> <span class='ocrx_word' id='word_1_826' title='bbox 3375 4807 3557 4863; x_wconf 72' lang='lat' dir='ltr'><strong>neque</strong></span> 
     </span>
    </p>
   </div>
   <div class='ocr_carea' id='block_1_111' title="bbox 1945 4863 3554 4939">
    <p class='ocr_par' dir='ltr' id='par_1_111' title="bbox 1945 4863 3554 4939">
     <span class='ocr_line' id='line_1_111' title="bbox 1945 4863 3554 4939; baseline 0.016 -26"><span class='ocrx_word' id='word_1_827' title='bbox 1945 4869 2100 4931; x_wconf 84' lang='lat' dir='ltr'><strong>putes</strong></span> <span class='ocrx_word' id='word_1_828' title='bbox 2125 4863 2296 4917; x_wconf 90' lang='lat' dir='ltr'><strong>oculis</strong></span> <span class='ocrx_word' id='word_1_829' title='bbox 2322 4865 2626 4921; x_wconf 86' lang='lat' dir='ltr'><strong>carnalibus</strong></span> <span class='ocrx_word' id='word_1_830' title='bbox 2658 4867 2827 4924; x_wconf 88' lang='lat' dir='ltr'><strong>videri</strong></span> <span class='ocrx_word' id='word_1_831' title='bbox 2857 4869 3092 4929; x_wconf 74' lang='lat' dir='ltr'><strong>divinam</strong></span> <span class='ocrx_word' id='word_1_832' title='bbox 3115 4876 3261 4934; x_wconf 90' lang='lat' dir='ltr'><strong>illam</strong></span> <span class='ocrx_word' id='word_1_833' title='bbox 3286 4890 3341 4937; x_wconf 91' lang='lat' dir='ltr'><strong>et</strong></span> <span class='ocrx_word' id='word_1_834' title='bbox 3369 4882 3554 4939; x_wconf 82' lang='lat' dir='ltr'><strong>ineor-</strong></span> 
     </span>
    </p>
   </div>
   <div class='ocr_carea' id='block_1_112' title="bbox 1947 4951 3554 5045">
    <p class='ocr_par' dir='ltr' id='par_1_112' title="bbox 1947 4951 3554 5045">
     <span class='ocr_line' id='line_1_112' title="bbox 1947 4951 3554 5045; baseline 0.016 -41"><span class='ocrx_word' id='word_1_835' title='bbox 1947 4951 2251 5045; x_wconf 69' lang='lat' dir='ltr'><strong>ruptibiiem</strong></span> <span class='ocrx_word' id='word_1_836' title='bbox 2281 4955 2598 5045; x_wconf 73' lang='lat' dir='ltr'><strong>potentiam,</strong></span> <span class='ocrx_word' id='word_1_837' title='bbox 2621 4958 2716 5014; x_wconf 87' lang='lat' dir='ltr'><strong>sed</strong></span> <span class='ocrx_word' id='word_1_838' title='bbox 2747 4961 2834 5029; x_wconf 89' lang='lat' dir='ltr'><strong>pie</strong></span> <span class='ocrx_word' id='word_1_839' title='bbox 2862 4965 3043 5020; x_wconf 85' lang='lat' dir='ltr'><strong>omnia</strong></span> <span class='ocrx_word' id='word_1_840' title='bbox 3067 4965 3324 5042; x_wconf 70' lang='lat' dir='ltr'><strong>intelligo.</strong></span> <span class='ocrx_word' id='word_1_841' title='bbox 3366 4973 3554 5045; x_wconf 75' lang='lat' dir='ltr'><strong>Appa-</strong></span> 
     </span>
    </p>
   </div>
   <div class='ocr_carea' id='block_1_113' title="bbox 1944 5041 3562 5121">
    <p class='ocr_par' dir='ltr' id='par_1_113' title="bbox 1944 5041 3562 5121">
     <span class='ocr_line' id='line_1_113' title="bbox 1944 5041 3562 5121; baseline 0.017 -28"><span class='ocrx_word' id='word_1_842' title='bbox 1944 5042 2046 5095; x_wconf 86' lang='lat' dir='ltr'><strong>ruit</strong></span> <span class='ocrx_word' id='word_1_843' title='bbox 2075 5041 2252 5112; x_wconf 89' lang='lat' dir='ltr'><strong>igitur,</strong></span> <span class='ocrx_word' id='word_1_844' title='bbox 2279 5044 2327 5097; x_wconf 77' lang='lat' dir='ltr'><strong>ei</strong></span> <span class='ocrx_word' id='word_1_845' title='bbox 2354 5044 2489 5100; x_wconf 78' lang='lat' dir='ltr'><strong>Deus</strong></span> <span class='ocrx_word' id='word_1_846' title='bbox 2515 5062 2534 5102; x_wconf 88' lang='lat'><strong><em>:</em></strong></span> <span class='ocrx_word' id='word_1_847' title='bbox 2557 5047 2664 5105; x_wconf 87' lang='lat' dir='ltr'><strong>hoc</strong></span> <span class='ocrx_word' id='word_1_848' title='bbox 2697 5060 2802 5121; x_wconf 81' lang='lat' dir='ltr'><strong>est,</strong></span> <span class='ocrx_word' id='word_1_849' title='bbox 2829 5054 3134 5113; x_wconf 75' lang='lat' dir='ltr'><strong>visitatione</strong></span> <span class='ocrx_word' id='word_1_850' title='bbox 3172 5073 3270 5116; x_wconf 86' lang='lat' dir='ltr'><strong>sua</strong></span> <span class='ocrx_word' id='word_1_851' title='bbox 3296 5041 3562 5120; x_wconf 51' lang='lat' dir='ltr'><strong>animos.</strong></span> 
     </span>
    </p>
   </div>
   <div class='ocr_carea' id='block_1_114' title="bbox 1946 5137 3553 5226">
    <p class='ocr_par' dir='ltr' id='par_1_114' title="bbox 1946 5137 3553 5226">
     <span class='ocr_line' id='line_1_114' title="bbox 1946 5137 3553 5226; baseline 0.017 -40"><span class='ocrx_word' id='word_1_852' title='bbox 1946 5143 2136 5204; x_wconf 87' lang='lat' dir='ltr'><strong>gnatus</strong></span> <span class='ocrx_word' id='word_1_853' title='bbox 2157 5146 2258 5203; x_wconf 85' lang='lat' dir='ltr'><strong>est,</strong></span> <span class='ocrx_word' id='word_1_854' title='bbox 2289 5145 2344 5192; x_wconf 90' lang='lat' dir='ltr'><strong>et</strong></span> <span class='ocrx_word' id='word_1_855' title='bbox 2371 5137 2589 5209; x_wconf 86' lang='lat' dir='ltr'><strong>dignum</strong></span> <span class='ocrx_word' id='word_1_856' title='bbox 2633 5141 2786 5197; x_wconf 75' lang='lat' dir='ltr'><strong>dux—it</strong></span> <span class='ocrx_word' id='word_1_857' title='bbox 2813 5159 2934 5200; x_wconf 90' lang='lat' dir='ltr'><strong>eum</strong></span> <span class='ocrx_word' id='word_1_858' title='bbox 2958 5148 3110 5219; x_wconf 86' lang='lat' dir='ltr'><strong>cujus</strong></span> <span class='ocrx_word' id='word_1_859' title='bbox 3128 5165 3312 5207; x_wconf 88' lang='lat' dir='ltr'><strong>curam</strong></span> <span class='ocrx_word' id='word_1_860' title='bbox 3344 5167 3553 5226; x_wconf 81' lang='lat' dir='ltr'><strong>ageret.</strong></span> 
     </span>
    </p>
   </div>
   <div class='ocr_carea' id='block_1_115' title="bbox 1950 5233 3556 5315">
    <p class='ocr_par' dir='ltr' id='par_1_115' title="bbox 1950 5233 3556 5315">
     <span class='ocr_line' id='line_1_115' title="bbox 1950 5233 3556 5315; baseline 0.014 -34"><span class='ocrx_word' id='word_1_861' title='bbox 1950 5243 2079 5283; x_wconf 89' lang='lat' dir='ltr'><strong>usus</strong></span> <span class='ocrx_word' id='word_1_862' title='bbox 2103 5243 2290 5298; x_wconf 84' lang='lat' dir='ltr'><strong>magna</strong></span> <span class='ocrx_word' id='word_1_863' title='bbox 2331 5233 2597 5287; x_wconf 87' lang='lat' dir='ltr'><strong>sermonis</strong></span> <span class='ocrx_word' id='word_1_864' title='bbox 2621 5239 3083 5305; x_wconf 84' lang='lat' dir='ltr'><strong>attemperatione.</strong></span> <span class='ocrx_word' id='word_1_865' title='bbox 3117 5239 3262 5296; x_wconf 62' lang='lat' dir='ltr'><strong>Dixit</strong></span> <span class='ocrx_word' id='word_1_866' title='bbox 3287 5245 3446 5315; x_wconf 78' lang='lat' dir='ltr'><strong>enim,</strong></span> <span class='ocrx_word' id='word_1_867' title='bbox 3475 5247 3556 5302; x_wconf 77' lang='lat' dir='ltr'><strong>iu-</strong></span> 
     </span>
    </p>
   </div>
   <div class='ocr_carea' id='block_1_116' title="bbox 1950 5318 3556 5404">
    <p class='ocr_par' dir='ltr' id='par_1_116' title="bbox 1950 5318 3556 5404">
     <span class='ocr_line' id='line_1_116' title="bbox 1950 5318 3556 5404; baseline 0.014 -35"><span class='ocrx_word' id='word_1_868' title='bbox 1950 5318 2083 5387; x_wconf 90' lang='lat' dir='ltr'><strong>quit,</strong></span> <span class='ocrx_word' id='word_1_869' title='bbox 2113 5319 2182 5371; x_wconf 87' lang='lat' dir='ltr'><strong>ad</strong></span> <span class='ocrx_word' id='word_1_870' title='bbox 2208 5335 2343 5374; x_wconf 80' lang='lat' dir='ltr'><strong>eunt.</strong></span> <span class='ocrx_word' id='word_1_871' title='bbox 2396 5319 2509 5392; x_wconf 85' lang='lat' dir='ltr'><strong>Ego</strong></span> <span class='ocrx_word' id='word_1_872' title='bbox 2555 5340 2665 5376; x_wconf 84' lang='lat' dir='ltr'><strong>sum</strong></span> <span class='ocrx_word' id='word_1_873' title='bbox 2700 5323 2835 5379; x_wconf 83' lang='lat' dir='ltr'><strong>Deus</strong></span> <span class='ocrx_word' id='word_1_874' title='bbox 2883 5336 3034 5394; x_wconf 81' lang='lat' dir='ltr'><strong>tuus;</strong></span> <span class='ocrx_word' id='word_1_875' title='bbox 3061 5332 3208 5401; x_wconf 80' lang='lat' dir='ltr'><strong>place</strong></span> <span class='ocrx_word' id='word_1_876' title='bbox 3248 5350 3425 5389; x_wconf 86' lang='lat' dir='ltr'><strong>coram</strong></span> <span class='ocrx_word' id='word_1_877' title='bbox 3454 5354 3556 5404; x_wconf 85' lang='lat' dir='ltr'><strong>me,</strong></span> 
     </span>
    </p>
   </div>
   <div class='ocr_carea' id='block_1_117' title="bbox 1949 5412 3554 5486">
    <p class='ocr_par' dir='ltr' id='par_1_117' title="bbox 1949 5412 3554 5486">
     <span class='ocr_line' id='line_1_117' title="bbox 1949 5412 3554 5486; baseline 0.012 -22"><span class='ocrx_word' id='word_1_878' title='bbox 1949 5421 1998 5464; x_wconf 79' lang='lat' dir='ltr'><strong>et</strong></span> <span class='ocrx_word' id='word_1_879' title='bbox 2020 5421 2124 5465; x_wconf 78' lang='lat' dir='ltr'><strong>esto</strong></span> <span class='ocrx_word' id='word_1_880' title='bbox 2149 5412 2696 5481; x_wconf 51' lang='lat' dir='ltr'><strong>irreprehensibitisﬁ.</strong></span> <span class='ocrx_word' id='word_1_881' title='bbox 2715 5426 2761 5470; x_wconf 88' lang='lat' dir='ltr'><strong>et</strong></span> <span class='ocrx_word' id='word_1_882' title='bbox 2791 5435 2978 5486; x_wconf 87' lang='lat' dir='ltr'><strong>ponam</strong></span> <span class='ocrx_word' id='word_1_883' title='bbox 3007 5433 3359 5480; x_wconf 80' lang='lat' dir='ltr'><strong>testamentum</strong></span> <span class='ocrx_word' id='word_1_884' title='bbox 3391 5445 3554 5483; x_wconf 74' lang='lat' dir='ltr'><strong>meum</strong></span> 
     </span>
    </p>
   </div>
   <div class='ocr_carea' id='block_1_118' title="bbox 1943 5497 3552 5590">
    <p class='ocr_par' dir='ltr' id='par_1_118' title="bbox 1943 5497 3552 5590">
     <span class='ocr_line' id='line_1_118' title="bbox 1943 5497 3552 5590; baseline 0.017 -42"><span class='ocrx_word' id='word_1_885' title='bbox 1943 5497 2076 5556; x_wconf 71' lang='lat' dir='ltr'><strong>inter</strong></span> <span class='ocrx_word' id='word_1_886' title='bbox 2097 5518 2176 5555; x_wconf 77' lang='lat' dir='ltr'><strong>tm</strong></span> <span class='ocrx_word' id='word_1_887' title='bbox 2201 5513 2246 5555; x_wconf 86' lang='lat' dir='ltr'><strong>et</strong></span> <span class='ocrx_word' id='word_1_888' title='bbox 2271 5503 2401 5557; x_wconf 80' lang='lat' dir='ltr'><strong>inter</strong></span> <span class='ocrx_word' id='word_1_889' title='bbox 2430 5513 2496 5570; x_wconf 83' lang='lat' dir='ltr'><strong>te,</strong></span> <span class='ocrx_word' id='word_1_890' title='bbox 2531 5514 2579 5561; x_wconf 77' lang='lat' dir='ltr'><strong>et</strong></span> <span class='ocrx_word' id='word_1_891' title='bbox 2608 5509 2958 5577; x_wconf 76' lang='lat' dir='ltr'><strong>multiplicabo</strong></span> <span class='ocrx_word' id='word_1_892' title='bbox 2981 5522 3028 5566; x_wconf 81' lang='lat' dir='ltr'><strong>te</strong></span> <span class='ocrx_word' id='word_1_893' title='bbox 3056 5516 3219 5570; x_wconf 81' lang='lat' dir='ltr'><strong>ualde.</strong></span> <span class='ocrx_word' id='word_1_894' title='bbox 3251 5518 3304 5573; x_wconf 80' lang='lat'><strong>3.</strong></span> <span class='ocrx_word' id='word_1_895' title='bbox 3333 5517 3404 5573; x_wconf 82' lang='lat' dir='ltr'><strong>Et</strong></span> <span class='ocrx_word' id='word_1_896' title='bbox 3426 5537 3552 5590; x_wconf 42' lang='lat' dir='ltr'><strong>pro.</strong></span> 
     </span>
    </p>
   </div>
   <div class='ocr_carea' id='block_1_119' title="bbox 1947 5593 3554 5679">
    <p class='ocr_par' dir='ltr' id='par_1_119' title="bbox 1947 5593 3554 5679">
     <span class='ocr_line' id='line_1_119' title="bbox 1947 5593 3554 5679; baseline 0.012 -33"><span class='ocrx_word' id='word_1_897' title='bbox 1947 5593 2069 5646; x_wconf 84' lang='lat' dir='ltr'><strong>cidit</strong></span> <span class='ocrx_word' id='word_1_898' title='bbox 2091 5593 2280 5647; x_wconf 81' lang='lat' dir='ltr'><strong>Abram</strong></span> <span class='ocrx_word' id='word_1_899' title='bbox 2308 5611 2462 5665; x_wconf 79' lang='lat' dir='ltr'><strong>super</strong></span> <span class='ocrx_word' id='word_1_900' title='bbox 2488 5599 2668 5667; x_wconf 79' lang='lat' dir='ltr'><strong>faciem</strong></span> <span class='ocrx_word' id='word_1_901' title='bbox 2684 5615 2853 5656; x_wconf 88' lang='lat' dir='ltr'><strong>suam.</strong></span> <span class='ocrx_word' id='word_1_902' title='bbox 2885 5602 3072 5674; x_wconf 74' lang='lat' dir='ltr'><strong>Magna</strong></span> <span class='ocrx_word' id='word_1_903' title='bbox 3109 5606 3241 5677; x_wconf 87' lang='lat' dir='ltr'><strong>justi</strong></span> <span class='ocrx_word' id='word_1_904' title='bbox 3291 5611 3554 5679; x_wconf 86' lang='lat' dir='ltr'><strong>probitas,</strong></span> 
     </span>
    </p>
   </div>
   <div class='ocr_carea' id='block_1_120' title="bbox 1949 5684 3562 5774">
    <p class='ocr_par' dir='ltr' id='par_1_120' title="bbox 1949 5684 3562 5774">
     <span class='ocr_line' id='line_1_120' title="bbox 1949 5684 3562 5774; baseline 0.013 -35"><span class='ocrx_word' id='word_1_905' title='bbox 1949 5684 2228 5740; x_wconf 72' lang='lat' dir='ltr'><strong>excellens</strong></span> <span class='ocrx_word' id='word_1_906' title='bbox 2260 5686 2387 5742; x_wconf 90' lang='lat' dir='ltr'><strong>item</strong></span> <span class='ocrx_word' id='word_1_907' title='bbox 2417 5689 2820 5746; x_wconf 86' lang='lat' dir='ltr'><strong>clementissimi</strong></span> <span class='ocrx_word' id='word_1_908' title='bbox 2854 5693 2950 5750; x_wconf 90' lang='lat' dir='ltr'><strong>Dei</strong></span> <span class='ocrx_word' id='word_1_909' title='bbox 2978 5696 3031 5751; x_wconf 92' lang='lat' dir='ltr'><strong>in</strong></span> <span class='ocrx_word' id='word_1_910' title='bbox 3053 5698 3202 5754; x_wconf 88' lang='lat' dir='ltr'><strong>illum</strong></span> <span class='ocrx_word' id='word_1_911' title='bbox 3233 5700 3562 5774; x_wconf 66' lang='lat' dir='ltr'><strong>benignus.</strong></span> 
     </span>
    </p>
   </div>
   <div class='ocr_carea' id='block_1_121' title="bbox 1951 5770 3569 5868">
    <p class='ocr_par' dir='ltr' id='par_1_121' title="bbox 1951 5770 3569 5868">
     <span class='ocr_line' id='line_1_121' title="bbox 1951 5770 3569 5868; baseline 0.016 -39"><span class='ocrx_word' id='word_1_912' title='bbox 1951 5770 2063 5848; x_wconf 83' lang='lat' dir='ltr'><strong>Ego</strong></span> <span class='ocrx_word' id='word_1_913' title='bbox 2095 5793 2227 5846; x_wconf 79' lang='lat' dir='ltr'><strong>sum,</strong></span> <span class='ocrx_word' id='word_1_914' title='bbox 2258 5778 2450 5851; x_wconf 86' lang='lat' dir='ltr'><strong>inquit,</strong></span> <span class='ocrx_word' id='word_1_915' title='bbox 2475 5777 2623 5837; x_wconf 79' lang='lat' dir='ltr'><strong>Dens</strong></span> <span class='ocrx_word' id='word_1_916' title='bbox 2647 5792 2764 5839; x_wconf 81' lang='lat' dir='ltr'><strong>tuus</strong></span> <span class='ocrx_word' id='word_1_917' title='bbox 2793 5802 2811 5840; x_wconf 90' lang='lat'><strong><em>:</em></strong></span> <span class='ocrx_word' id='word_1_918' title='bbox 2839 5788 2990 5858; x_wconf 89' lang='lat' dir='ltr'><strong>quasi</strong></span> <span class='ocrx_word' id='word_1_919' title='bbox 3026 5789 3249 5863; x_wconf 80' lang='lat' dir='ltr'><strong>diceret,</strong></span> <span class='ocrx_word' id='word_1_920' title='bbox 3278 5770 3393 5868; x_wconf 77' lang='lat' dir='ltr'><strong>Ego</strong></span> <span class='ocrx_word' id='word_1_921' title='bbox 3440 5812 3569 5855; x_wconf 73' lang='lat' dir='ltr'><strong>sum</strong></span> 
     </span>
    </p>
   </div>
  </div>
