4054 6324
460 333 568 394 363

461 449 553 520 qui
581 457 746 516 usque
762 443 823 498 in
852 450 1086 512 pratsens
1110 452 1195 492 res
1213 446 1338 490 'tuas
1362 431 1524 486 variis
1562 425 1733 482 modis
1751 422 2031 490 dispenso;

460 508 564 608 ego
581 508 722 599 sum,
747 533 837 604 qui
852 508 918 586 te
944 545 976 584 e
1004 529 1160 584 domo
1187 534 1272 579 tua
1297 521 1530 584 evocavi,
1555 527 1610 572 et
1638 516 1739 570 huc
1764 511 1926 574 duxi;
1953 508 2038 577 qui

465 599 611 684 nisini
659 599 898 694 tempore
938 625 1294 691 propugnator
1335 620 1455 666 tuus
1495 621 1637 670 sum,
1681 615 1736 659 et
1775 603 1864 674 qui
1897 609 1949 654 te
1970 599 2043 652 de

466 715 696 772 inisnicis
721 690 974 768 victorem
1003 705 1181 773 eﬂeci,
1210 718 1310 775 ego
1343 715 1457 757 sum
1479 715 1493 764 ;
1519 708 1574 754 et
1600 711 1703 751 non
1749 693 1881 748 dixit
1919 690 2043 743 sim-

472 806 699 876 pliciter,
730 801 843 872 Ego
870 813 992 854 sum
1041 798 1180 851 Deus
1210 813 1223 849 :
1255 791 1371 856 sed,
1418 788 1531 860 Ego
1571 802 1682 842 sum
1729 784 1867 838 Deus
1892 790 2042 876 tuus.

474 868 608 949 Vide
633 868 819 947 miram
849 887 1158 952 bonitatem,
1193 879 1456 954 quomodo
1497 877 1600 932 hoc
1638 875 1801 930 etiam
1844 868 2046 925 addita-

471 993 652 1042 mento
692 995 930 1037 amorem
974 991 1128 1033 suum
1175 990 1297 1044 erga
1339 971 1538 1042 justum
1578 964 1890 1022 declaravit.
1916 959 2048 1014 Nam

470 1077 562 1148 qui
590 1077 749 1130 totius
773 1071 955 1127 mundi
973 1079 1057 1123 est
1087 1069 1244 1131 Deus,
1265 1073 1319 1118 et
1341 1059 1573 1116 universi
1595 1055 1810 1128 Opiter,
1830 1053 2050 1144 Creator

471 1136 587 1224 ἑωιί
615 1175 671 1222 et
696 1175 872 1228 terna,
899 1161 1024 1216 dicit
1053 1177 1067 1214 :
1097 1155 1210 1227 Ego
1247 1171 1357 1208 sum
1382 1150 1520 1205 Deus
1545 1160 1679 1203 tuus.
1714 1147 1899 1215 Ingens
1922 1136 2048 1210 ἰη-ο-

473 1260 614 1313 fecto
659 1255 850 1332 bonor,
876 1250 966 1321 qui
1006 1250 1154 1319 justo
1179 1245 1448 1301 tribuitur.
1472 1239 1563 1297 Sic
1589 1246 1643 1295 et
1671 1233 1940 1308 prophetis
1968 1230 2048 1285 Io-

473 1349 564 1419 qui
586 1326 704 1402 mos
727 1353 828 1400 est.
851 1341 981 1419 Nam
1012 1339 1150 1396 sicut
1190 1338 1304 1408 ipse
1337 1347 1496 1399 nunc,
1525 1345 1644 1386 cum
1683 1329 1757 1419 sit
1802 1326 2053 1381 Dominus

474 1434 773 1491 communis
820 1418 1080 1494 omnium,
1109 1441 1140 1481 a
1167 1441 1322 1480 servo
1357 1432 1412 1477 ut
1448 1417 1726 1492 peculiaris
1751 1413 1930 1470 vocari
1955 1425 2051 1466 vo-

473 1528 592 1593 luit,
618 1524 950 1582 inveniamus
975 1520 1132 1576 etiam
1157 1530 1277 1572 cum
1307 1520 1430 1586 post
1471 1510 1588 1566 haec
1627 1507 1912 1568 dicentem,
1945 1501 2055 1572 Ego

477 1636 589 1676 sum
618 1617 752 1673 Deus
783 1613 1054 1676 Abraham,
1093 1608 1226 1662 Deus
1256 1605 1488 1669 lsaac,et
1509 1601 1644 1656 Deus
1665 1597 1830 1653 Iacob
1860 1593 2052 1668 (Exod.

477 1711 533 1766 ὅ.
578 1709 636 1778 6)
666 1707 774 1760 :ite
803 1713 859 1760 et
899 1700 1169 1773 prophetae
1211 1697 1395 1752 dicere
1443 1696 1868 1753 consueverunt,
1920 1683 2072 1754 Deus,

482 1772 629 1855 Deus-
656 1811 792 1851 meus
818 1809 838 1848 :
868 1772 972 1848 non
1017 1787 1399 1845 concludentes
1441 1783 1558 1853 ejus
1601 1777 1892 1835 dominium
1917 1815 1933 1837 ,
1962 1772 2057 1828 sed

477 1903 715 1946 amorem
745 1887 1062 1940 immensum
1110 1878 1461 1934 dealt-rantes.
1504 1871 1620 1928 Non
1663 1869 1819 1940 igitur
1863 1865 2057 1920 mirum

480 1982 526 2036 sl
557 1979 797 2034 homines
825 1975 928 2030 hoc
950 1972 1172 2036 faciant;
1204 1969 1300 2024 sed
1331 1965 1479 2037 quod
1508 1965 1622 2035 ipse
1649 1974 1774 2032 erga
1818 1956 2062 2013 homines

483 2073 536 2128 id
564 2071 738 2136 faciat,
763 2068 814 2124 id
841 2082 969 2124 vero
1011 2079 1206 2122 novum
1231 2069 1384 2116 estet
1410 2055 1670 2112 mirabile.
1699 2051 1961 2108 Cancrum
1993 2061 2061 2102 ne

485 2162 759 2220 miremur,
781 2157 981 2221 dilecti,
1000 2153 1092 2209 sed
1119 2151 1394 2206 audiamus
1415 2143 1722 2216 prophetam
1753 2139 2058 2194 dicentem:

484 2253 668 2308 Melior
694 2258 767 2306 est
805 2264 938 2304 unus
981 2246 1174 2318 faciens
1215 2241 1520 2296 uoluntatem
1552 2233 1780 2296 Domini,
1807 2245 1959 2301 quam
1984 2229 2062 2282 in-

482 2340 676 2398 numeri
721 2347 1005 2411 peccatores
1021 2333 1208 2408 (Eccti.
1238 2329 1324 2386 16.
1351 2328 1407 2399 5)
1431 2345 1446 2394 ;
1468 2335 1522 2382 et
1552 2324 1742 2379 iterum
1786 2320 2064 2374 audiamus

487 2437 704 2492 Paulum
722 2409 1007 2489 dicentem
1034 2446 1048 2484 :
1080 2423 1534 2482 Obambulaeerunt
1563 2419 1616 2472 in
1636 2413 1848 2480 melotis,
1870 2413 1924 2466 in
1953 2409 2066 2481 pel-

489 2526 621 2581 libus
649 2523 894 2595 caprinis,
912 2528 1131 2593 egentes,
1163 2512 1451 2586 angustiati,
1471 2507 1665 2581 afflicti,
1688 2505 1868 2595 quibus
1884 2503 2066 2573 dignus

487 2632 586 2670 non
610 2591 721 2668 erat
747 2591 966 2666 mundus
985 2607 1167 2680 (Hebr.
1196 2606 1283 2660 Η.
1306 2603 1396 2659 37.
1417 2599 1528 2672 38).
1560 2598 1646 2654 Sic
1675 2594 1926 2666 propheta
1951 2591 2068 2662 qui-

485 2708 608 2762 dem
637 2704 967 2778 pronuntiat,
997 2713 1157 2754 unum
1185 2696 1273 2767 qui
1304 2693 1428 2748 facit
1478 2688 1802 2744 voluntatem
1832 2681 2063 2746 Domini,

493 2797 670 2867 impiis
699 2793 992 2850 innumeris
1032 2790 1326 2845 meliorem.
1351 2784 1543 2839 Beatus
1573 2793 1700 2836 vero
1727 2777 1939 2841 Paulus,
1967 2772 2068 2828 do-

487 2862 607 2943 ctor
650 2885 817 2950 orbis,
863 2894 1164 2938 memorans
1204 2878 1374 2934 bonos
1402 2886 1588 2929 omnes
1615 2870 1672 2924 in
1697 2862 2070 2922 afﬂictionibus

491 2977 577 3032 hic
602 2981 842 3046 agentes,
870 2970 1039 3041 inquit
1067 2989 1082 3023 :
1114 2968 1302 3036 Quibus
1323 2965 1506 3034 dignus
1542 2976 1642 3014 non
1690 2967 1794 3012 erat
1831 2955 2067 3009 mundus.

492 3068 568 3123 Ita
615 3079 737 3121 cum
783 3062 1014 3119 dixisset
1055 3068 1224 3115 totum
1269 3054 1556 3121 mundum,
1596 3048 1794 3105 mundo
1830 3046 2073 3117 opposuit

493 3172 588 3213 eos
623 3155 712 3227 qui
741 3154 829 3210 hic
855 3160 1115 3208 vexantur
1140 3161 1193 3206 et
1220 3146 1545 3217 afﬂiguntur.
1575 3151 1632 3196 ut
1659 3140 1836 3196 discas
1879 3146 2074 3209 quanta

495 3249 564 3304 sit
603 3245 811 3301 virtutis
855 3241 1176 3312 magnitudo.
1223 3239 1394 3306 Atque
1415 3249 1474 3290 ea
1503 3234 1572 3288 de
1619 3245 1777 3286 causa
1819 3229 2076 3284 Dominus

497 3340 640 3396 Deus
685 3337 854 3408 inquit
897 3333 965 3390 ad
1013 3329 1362 3403 patriarcbam
1396 3344 1410 3380 :
1443 3325 1552 3396 Ego
1591 3339 1701 3378 sum
1738 3319 1876 3374 Deus
1917 3328 2030 3373 tuus
2056 3356 2075 3386 ,

499 3431 640 3500 place
677 3443 845 3482 coram
871 3441 968 3489 me,
999 3431 1044 3478 et
1069 3430 1170 3477 esto
1215 3413 1681 3490 irreprehensibilis.
1709 3411 1892 3480 Neque
1934 3409 2076 3464 enim

496 3531 836 3578 contemnam
863 3526 966 3572 tute
1011 3513 1222 3569 virtutis
1267 3509 1509 3574 sudores,
1537 3504 1634 3560 sed
1677 3502 1878 3557 Ponant
1924 3509 2076 3554 testa-

498 3623 720 3666 mentum
758 3623 923 3662 meum
965 3607 1093 3659 inter
1129 3618 1208 3655 me
1247 3609 1292 3655 et
1329 3600 1460 3654 inter
1505 3607 1570 3663 te,
1594 3606 1639 3650 et
1670 3591 2012 3663 multiplicabo
2035 3600 2081 3644 te

501 3702 666 3756 ualde.
695 3697 810 3753 Non
840 3704 1040 3752 tantum
1063 3692 1246 3747 faciam
1271 3697 1322 3744 te
1341 3689 1394 3743 in
1417 3684 1807 3741 multitudinem
1837 3693 2080 3750 magnam

501 3802 761 3852 crescere,
791 3785 884 3842 scd
936 3783 1116 3850 Valde,
1161 3781 1436 3836 declarans
1476 3777 1861 3852 incrementum
1915 3771 2081 3841 pluri-

505 3893 669 3932 mum.
718 3875 870 3941 Quod
913 3888 1071 3941 supra
1102 3845 1460 3932 memorabat,
1506 3880 1626 3920 cum
1649 3845 1891 3928 .diceret,
1935 3859 2085 3916 Sicut

503 3981 719 4023 arenam
739 3975 792 4020 et
811 3962 991 4018 stellas
1020 3978 1032 4015 :
1059 3959 1109 4013 id
1134 3958 1218 4012 hic
1246 3971 1340 4026 per
1361 3953 1692 4015 adverbium,
1718 3950 1899 4016 Valde,
1919 3949 2086 4017 signi-

510 4058 704 4113 ficavit.
734 4057 801 4109 At
843 4061 1023 4123 gratus
1047 4058 1101 4105 et
1131 4047 1408 4117 religiosus
1455 4044 1702 4109 famulus,
1748 4041 1935 4096 videns
1973 4048 2088 4093 tan-

509 4157 616 4204 tam
650 4147 740 4201 Dei
771 4143 1149 4214 indulgentiam
1175 4147 1229 4193 et
1254 4151 1380 4208 erga
1421 4133 1676 4189 famulum
1704 4148 1855 4187 suum
1881 4146 2085 4196 curam,

504 4241 908 4309 obstupescens,
950 4221 1232 4300 a‘niquue
1279 4242 1497 4282 versans
1533 4235 1587 4281 et
1631 4235 1873 4279 naturam
1917 4237 2087 4288 suam,

506 4342 567 4386 et
608 4330 897 4385 bonitatem
945 4325 1364 4389 immensamque
1406 4317 1654 4371 virtutem
1703 4315 1817 4381 Dei,
1866 4311 2086 4374 Cecidit,

514 4420 705 4491 inquit,
731 4420 784 4471 in
817 4416 995 4487 faciem
1037 4428 1180 4466 suam
1211 4417 1458 4480 :gratum
1502 4405 1736 4460 animum
1787 4405 1886 4457 hoc
1931 4401 2092 4456 modo

508 4511 813 4566 declarans.
845 4506 960 4560 Non
991 4503 1163 4557 solum
1189 4501 1330 4555 enim
1375 4513 1480 4551 non
1529 4506 1655 4549 tunc
1701 4493 1798 4548 fuit
1839 4508 2091 4563 arrogan-

522 4602 644 4664 tior,
686 4610 857 4666 neque
903 4590 1240 4662 superbiebat
1281 4597 1493 4658 propter
1537 4584 1774 4639 favorem
1806 4582 1900 4637 Dei
1938 4598 2094 4652 quem

515 4687 905 4760 experiebatur,
953 4682 1047 4737 sed
1073 4691 1126 4736 et
1161 4680 1325 4733 multo
1369 4677 1535 4747 magis
1579 4673 1951 4755 humiliabatur
1983 4689 1995 4724 :
2033 4671 2097 4725 Et

511 4781 712 4845 cecidit,
754 4777 940 4847 inquit,
994 4774 1048 4826 in
1092 4770 1290 4844 faciem.
1337 4767 1410 4822 Ita
1454 4767 1598 4822 enim
1645 4745 1829 4834 gratus.
1868 4763 2095 4825 animus,

515 4881 718 4946 quanto
738 4870 922 4938 majori
947 4867 1134 4922 fruitur
1151 4863 1360 4927 ﬁducia,
1382 4868 1528 4914 tanto
1545 4857 1798 4927 majorem
1821 4856 1928 4910 Deo
1945 4871 2099 4910 reve-

520 4964 748 5021 rentiam
768 4959 982 5015 exhibet
1011 4974 1025 5012 :
1056 4955 1241 5011 Cecidit
1266 4952 1427 5017 enim,
1453 4949 1642 5019 inquit,
1665 4949 1714 5000 in
1731 4948 1908 5020 faciem
1934 4962 2099 5000 suam.

527 5057 592 5112 Et
618 5056 738 5126 quia
777 5060 895 5123 post
925 5059 1122 5104 tantam
1153 5045 1394 5100 fiduciam
1417 5043 1591 5112 justus
1620 5041 1852 5109 seipsum
1878 5049 1932 5094 et
1953 5047 2106 5093 natu.

526 5165 598 5204 ra:
620 5161 729 5202 suae
751 5141 1163 5199 imbecillitatem
1183 5133 1547 5198 considerans,
1563 5144 1733 5201 neque
1752 5129 1932 5184 oculos
1952 5127 2108 5182 attol-

527 5242 638 5295 lere
664 5235 911 5300 audebat,
930 5231 1024 5287 sed
1046 5231 1096 5284 in
1121 5227 1307 5283 faciem
1340 5239 1534 5295 pronus
1562 5224 1779 5277 multam
1807 5219 2111 5276 declarabat

529 5330 877 5388 reverentiam
911 5345 925 5381 :
956 5324 1078 5378 vide
1106 5323 1296 5376 iterum
1323 5319 1446 5374 boui
1478 5317 1571 5372 Dei
1600 5314 1919 5371 ineﬂ’abilem
1960 5314 2108 5368 beni-

528 5425 803 5497 gnitatem.
852 5419 1113 5488 Loquutus
1155 5423 1227 5467 est
1274 5413 1424 5476 enim,
1447 5410 1636 5480 inquit,
1661 5410 1705 5461 ei
1726 5406 1864 5461 Deus
1902 5406 2070 5459 dicens
2094 5421 2112 5457 :

532 5517 585 5571 4.
626 5514 752 5569 Ecce
793 5528 882 5583 ego
906 5521 950 5565 et
977 5514 1323 5564 testamentum
1353 5520 1515 5556 meum
1553 5512 1736 5566 tecum,
1759 5511 1804 5553 et
1829 5499 1930 5554 eris
1973 5507 2114 5567 pater

521 5605 867 5663 multitudinis
895 5603 1140 5674 gentium,
1171 5597 1224 5654 5.
1247 5606 1293 5650 et
1321 5611 1422 5649 non
1466 5593 1724 5647 vocabitur
1759 5592 1890 5644 ultra
1936 5604 2116 5644 nomen

523 5714 671 5756 tuum
704 5696 911 5763 Abram,
932 5694 1018 5751 sed
1043 5693 1133 5748 erit
1159 5706 1337 5747 nomen
1384 5698 1524 5743 tuum
1572 5685 1822 5741 Abraham
1850 5683 2001 5754 :quia
2023 5699 2115 5754 pa-

1236 323 1300 381 S.
1340 311 1614 375 JOANNIS
1653 297 2125 368 CHRYSOSTUMI
2165 291 2478 354 ARCHIEP.
2518 292 3050 352 CONSTANTINOP.

3631 287 3743 349 561

2151 419 2273 463 trem
2313 411 2581 464 multarum
2623 411 2844 480 gentium
2882 409 3120 463 constitui
3153 417 3220 472 te,
3260 405 3315 461 6.
3362 404 3644 474 faciamque
3693 417 3748 459 te

2147 518 2365 556 crescere
2404 502 2551 556 valde
2576 517 2595 558 :
2620 511 2665 555 et
2709 518 2894 571 ponam
2941 510 2986 555 te
3023 501 3076 554 in
3117 508 3336 571 gentem,
3363 508 3410 553 et
3433 513 3572 568 reges
3603 512 3670 552 ex
3696 508 3749 550 te

2150 593 2484 664 egredientur.

2221 686 2276 740 3.
2294 685 2629 757 Etymologiar
2667 685 2924 740 nominum
2963 684 3151 738 Abram
3209 694 3257 739 et
3304 683 3441 738 Noe.
3492 682 3750 751 [nﬁdeles

2150 780 2298 834 etiam
2351 778 2671 848 prophetam.
2701 807 2773 819 —
2808 777 3102 832 Considera
3124 819 3142 844 ,
3192 777 3384 832 dilecte
3405 817 3421 843 ,
3465 775 3750 847 quomodo

2152 872 2329 927 omnia
2347 871 2490 941 justo
2510 868 2790 924 manifeste
2819 867 3070 939 praedicat
3088 909 3103 934 ,
3132 877 3187 924 et
3214 879 3272 923 ut
3295 868 3587 938 majoribus
3611 878 3750 920 eum

2153 961 2481 1032 argumentis
2527 969 2730 1016 certum
2774 958 2995 1030 reddat,
3021 960 3183 1013 etiam
3212 959 3421 1013 literam
3458 958 3608 1013 addit
3633 972 3749 1012 no-

2156 1053 2281 1107 mini
2307 1053 2424 1122 ejus
2442 1093 2459 1115 ,
2485 1060 2539 1107 et
2563 1051 2734 1120 inquit
2770 1068 2783 1104 :
2814 1048 2935 1103 Eris
2962 1059 3105 1121 pater
3131 1047 3469 1102 multitudinis
3491 1049 3748 1118 gentiuns.

2159 1141 2279 1196 Non
2305 1141 2558 1196 vocabitur
2585 1142 2719 1193 enim
2747 1156 2928 1194 nomen
2958 1149 3099 1193 tuum
3116 1137 3322 1201 Abram,
3347 1137 3435 1192 sed
3460 1137 3744 1202 Abraham,

2155 1234 2272 1303 quia
2298 1242 2489 1302 patrem
2518 1229 2793 1283 multarum
2828 1230 3052 1300 gentium
3079 1228 3316 1282 constitui
3353 1238 3417 1280 te.
3445 1226 3575 1281 Nam
3602 1225 3749 1280 sicut

2158 1325 2305 1394 prius
2347 1337 2540 1378 nomen
2566 1320 2686 1391 ejus
2711 1320 2988 1376 transitum
3031 1318 3298 1373 iudicabat
3324 1317 3554 1389 (Abram
3597 1316 3747 1371 enim

2161 1416 2500 1470 tmnsitorem
2517 1420 2693 1478 sonat,
2711 1409 3004 1466 secundum
3024 1409 3370 1464 chrmorum
3391 1407 3621 1478 linguam
3639 1409 3749 1478 (a);

2159 1515 2214 1562 et
2266 1505 2366 1560 hoc
2411 1504 2586 1561 sciunt
2613 1503 2702 1573 qui
2735 1502 2928 1573 lingua:
2973 1501 3115 1555 illius
3144 1507 3270 1554 sunt
3312 1496 3525 1572 periti),
3567 1499 3754 1568 itaque

2163 1605 2411 1666 parentes
2429 1595 2546 1664 ejus
2571 1607 2766 1649 nomen
2795 1593 2896 1646 hoc
2919 1591 3243 1657 indiderant,
3263 1605 3329 1644 eo
3356 1588 3496 1659 quod
3523 1603 3553 1642 a
3575 1589 3754 1659 patria

2163 1703 2259 1744 sua
2305 1688 2357 1742 in
2407 1686 2765 1742 Chananaaam
2813 1684 3135 1739 transiturus
3177 1692 3315 1740 erat.
3359 1681 3476 1737 Jam
3523 1681 3757 1735 fortasse

2162 1779 2355 1834 dixerit
2381 1777 2642 1848 quispiam
2669 1789 2687 1829 :
2710 1775 2844 1830 Cum
2885 1783 3134 1844 parentes
3174 1773 3291 1842 ejus
3341 1771 3582 1827 inﬁdeles
3633 1770 3758 1824 fuc-

2164 1871 2292 1937 rint,
2323 1869 2464 1924 unde
2488 1869 2588 1922 illis
2619 1867 2953 1935 prtescientia
2973 1865 3090 1920 haec
3113 1907 3128 1932 ,
3162 1873 3219 1920 ut
3245 1863 3387 1935 quod
3417 1862 3586 1919 multo
3613 1872 3759 1917 tem-

2168 1977 2296 2032 pore
2324 1970 2506 2030 postea
2535 1960 2766 2013 futurum
2811 1967 2960 2021 erat,
2993 1956 3208 2011 nomine
3242 1953 3760 2024 complecterentur?

2167 2051 2272 2108 Sed
2305 2060 2389 2107 est
2407 2050 2568 2106 etiam
2610 2049 2713 2103 hoc
2749 2047 3130 2119 onmipotentis
3161 2047 3434 2116 sapientia:
3473 2045 3563 2100 Dei
3594 2059 3761 2113 argu-

2169 2153 2430 2206 mcntum,
2459 2155 2577 2210 qua:
2605 2153 2975 2209 smpenutnero
2997 2153 3094 2208 per
3122 2137 3362 2190 infideles
3381 2133 3641 2205 ejusmodi
3668 2147 3764 2187 res

2170 2234 2442 2304 dispensat
2479 2251 2492 2285 :
2525 2239 2578 2286 et
2608 2232 2770 2286 multa
2797 2229 2990 2286 similia
3037 2226 3332 2284 invenimus
3367 2227 3527 2281 etiam
3559 2225 3614 2280 in
3639 2224 3764 2279 aliis

2173 2327 2328 2380 facta.
2350 2324 2540 2380 Statim
2566 2323 2708 2379 enim
2738 2322 2972 2378 occurrit
3001 2321 3154 2376 nobis
3175 2328 3230 2375 et
3258 2318 3371 2374 Noe
3398 2314 3717 2372 vocabulum
3746 2331 3761 2368 :

2173 2433 2347 2487 neque
2375 2415 2517 2471 enim
2543 2415 2744 2485 absque
2769 2428 2927 2470 causa
2956 2413 3083 2469 etin
3113 2426 3304 2466 vanum
3336 2410 3494 2465 etiam
3519 2407 3642 2463 huic
3663 2422 3769 2461 no-

2173 2525 2297 2565 men
2340 2505 2646 2562 indiderunt
2685 2512 2970 2576 parentes,
3009 2501 3105 2558 sed
3146 2500 3535 2572 prasiguarunt
3575 2498 3769 2553 subsc—

2172 2610 2460 2671 quuturum
2505 2598 2784 2654 diluvium.
2819 2595 3112 2651 Enimvero
3136 2603 3188 2647 et
3233 2599 3438 2661 patrem
3471 2588 3628 2658 lmjus
3655 2602 3769 2642 non

2176 2695 2298 2751 ideo
2322 2707 2516 2749 nomen
2548 2703 2716 2761 puero
2756 2686 3041 2750 indidisse,
3070 2683 3212 2754 quod
3239 2682 3353 2753 ipse
3377 2681 3553 2751 justus
3582 2689 3722 2735 esset
3747 2721 3767 2746 ,

2177 2785 2299 2842 audi
2323 2784 2653 2854 Scripturam
2678 2779 2965 2842 dicentem,
3000 2775 3110 2830 Noe
3130 2773 3303 2829 solum
3334 2775 3608 2829 inventum
3643 2787 3773 2827 esse

2172 2879 2374 2948 justum
2397 2915 2412 2940 ,
2454 2872 2746 2945 perfectum
2801 2868 2854 2924 in
2892 2867 3240 2938 generatione
3277 2879 3373 2920 sua
3414 2862 3569 2934 (Gen.
3597 2863 3651 2917 6.
3681 2864 3771 2934 9).

2176 2967 2294 3023 Non
2343 2974 2520 3021 autem
2569 2961 2883 3017 obticuisset
2927 2958 3200 3028 Scriptura
3224 2998 3238 3022 ,
3287 2969 3459 3026 neque
3504 2954 3772 3021 dixisset,

2180 3061 2292 3118 Noe
2321 3061 2467 3116 solus
2489 3057 2665 3128 justus
2684 3063 2833 3119 erat,
2863 3053 2908 3107 si
2936 3060 2990 3108 et
3022 3048 3250 3106 Lamech
3273 3060 3424 3120 pater
3458 3047 3576 3116 ejus
3597 3046 3776 3102 virtu-

2184 3163 2288 3208 tem
2324 3150 2452 3222 justi
2496 3147 2685 3202 fuisset
2710 3144 2967 3200 imitatus.
3017 3142 3362 3212 lmpositurus
3399 3140 3576 3207 itaque
3605 3152 3674 3206 lu
3695 3153 3779 3191 iro
3814 3168 3818 3169 ν

2185 3257 2402 3308 nomen,
2426 3237 2592 3309 inquit
2623 3253 2638 3290 :
2665 3234 2733 3288 Et
2762 3233 3019 3288 vocabitur
3038 3247 3219 3285 nomen
3245 3231 3357 3299 ejus
3391 3226 3503 3282 Noe
3527 3243 3546 3290 ,'
3577 3227 3659 3280 hic
3689 3231 3779 3297 fa-

2182 3336 2278 3388 ciet
2322 3347 2414 3385 nos
2455 3329 2711 3400 quiescere
2754 3324 2816 3378 ab
2845 3313 3078 3394 operibus
3112 3321 3297 3375 nostris
3319 3361 3334 3385 ,
3376 3327 3420 3372 et
3460 3335 3492 3370 a
3533 3316 3782 3370 molestiis

2185 3441 2424 3480 manuum
2446 3431 2763 3483 nostrarum,
2790 3427 2835 3470 et
2861 3433 2893 3470 a
2935 3425 3067 3470 terra
3089 3455 3104 3480 ,
3126 3430 3275 3484 quam
3305 3411 3569 3467 ntalediatit
3597 3410 3782 3464 Domi-

2187 3534 2284 3572 nus
2313 3515 2447 3568 Deus
2478 3511 2631 3584 (Gen.
2664 3511 2718 3566 5.
2746 3507 2864 3576 29).
2891 3505 3038 3561 Unde
3067 3505 3177 3569 illi,
3209 3517 3421 3572 quaeso,
3463 3509 3605 3556 esset
3634 3515 3782 3570 pra:-

2187 3609 2408 3665 scientia
2452 3619 2636 3662 eorum
2666 3616 2784 3672 qua:
2811 3606 2931 3669 post
2971 3605 3049 3651 tot
3073 3594 3270 3651 saecula
3305 3602 3458 3648 erant
3483 3591 3785 3648 eventura?

2192 3701 2327 3755 Dicit
2371 3698 2511 3752 enim
2545 3712 2559 3750 :
2599 3691 2902 3753 Vocabitur,
2951 3685 3154 3757 inquit,
3206 3682 3356 3750 Noe;
3386 3682 3467 3736 hic
3507 3683 3638 3737 enim
3687 3697 3786 3734 nos

2189 3793 2438 3862 quiescere
2455 3788 2624 3856 faciet.
2655 3784 2858 3839 Nomen
2888 3788 3064 3835 autem
3088 3779 3201 3833 Noe
3232 3777 3408 3847 lingua
3433 3774 3785 3830 Hebrasorum

2190 3885 2342 3955 quies
2371 3881 2584 3936 dicitur.
2621 3877 2802 3944 Itaque
2827 3873 2949 3943 quia
2969 3912 2984 3934 ,
3014 3870 3291 3938 ingruente
3319 3865 3519 3921 diluvio
3537 3906 3553 3931 ,
3585 3865 3674 3919 hic
3694 3877 3787 3918 so-

2195 3953 2277 4028 lus
2325 3971 2581 4027 mundum
2615 3976 2952 4027 servaturos,
2981 3969 3034 4017 et
3071 3957 3383 4029 posterioris
3419 3953 3788 4027 generationis

2197 4066 2402 4121 futurus
2426 4071 2609 4115 auctor
2636 4067 2782 4124 erat,
2812 4055 3011 4111 idcirco
3036 4050 3249 4122 inquit,
3278 4047 3378 4102 Hic
3404 4048 3556 4117 faciet
3584 4063 3677 4101 nos
3703 4061 3791 4101 re-

2195 4158 2445 4228 quiescere
2470 4169 2488 4206 :
2509 4149 2746 4220 requiem
2767 4146 3022 4202 diluvium
3049 4157 3265 4197 vocans.
3292 4139 3425 4194 Nam
3449 4151 3665 4194 omnem
3687 4145 3792 4192 ter-

2199 4226 2312 4302 ram
2342 4244 2494 4315 quasi
2525 4240 2797 4310 fatigatam
2841 4245 2896 4293 et
2942 4233 3349 4290 inhabitantium
3395 4229 3597 4284 malitia
3629 4226 3791 4281 valde

2198 4340 2518 4395 deteriorem
2585 4333 2776 4388 factam
2836 4327 3222 4399 superveniens
3271 4321 3453 4378 diluvii
3525 4334 3791 4390 aquarum

2200 4429 2527 4495 inundantia,
2557 4441 2675 4497 quae
2697 4425 2856 4479 finem
2902 4420 3117 4474 malitiae
3145 4416 3406 4472 malorum
3435 4416 3658 4468 istorum
3686 4411 3792 4466 ho-

2202 4524 2403 4577 minum
2435 4518 2689 4579 faciebat,
2717 4523 2772 4569 et
2799 4522 2996 4567 terram
3033 4507 3339 4577 repurgavit
3356 4546 3372 4571 ,
3394 4505 3553 4575 quarti
3583 4503 3795 4558 inhabi-

2204 4614 2426 4668 tantium
2453 4609 2653 4665 malitia
2675 4603 3001 4662 immundam
3030 4601 3228 4656 fecerat
3246 4640 3263 4666 ,
3295 4606 3351 4654 et
3371 4596 3493 4654 illos
3521 4595 3797 4666 puniendo

2206 4706 2261 4759 in
2289 4703 2519 4774 quietem
2559 4697 2786 4754 induxit.
2817 4693 2959 4748 Mors
2978 4691 3120 4747 enim
3140 4731 3156 4756 ,
3185 4698 3242 4743 ut
3263 4687 3434 4759 inquit
3461 4685 3572 4754 ille,
3599 4687 3798 4754 requies

2206 4798 2312 4849 uiro
2338 4791 2456 4863 (Job
2487 4791 2540 4845 ὅ.
2566 4789 2656 4843 23.
2686 4784 2826 4857 apud
2845 4782 2992 4854 ιιι).
3013 4781 3201 4835 Vidisti
3216 4777 3485 4850 quomodo
3505 4776 3668 4832 etiam
3699 4790 3800 4845 per

2209 4885 2509 4944 incredulos
2539 4881 2707 4937 multa
2729 4893 2872 4948 saepe
2916 4872 3314 4946 praesignificari
3357 4869 3552 4927 curat?
3592 4867 3797 4925 Eodem

2273 5042 2345 5104 (α)
2376 5035 2821 5104 ῌεῇηἱοεηᾲοομιε
2853 5045 2951 5082 non
2991 5035 3097 5102 erat
3133 5028 3492 5104 ᾣηεγΒι-Ἧιε
3513 5024 3625 5104 Aqui
3651 5021 3804 5104 talem

2214 5093 2548 5166 etymologiam
2572 5097 2779 5147 ediderit
2812 5109 2824 5144 :
2852 5107 2948 5143 non
2972 5094 3105 5142 enim
3129 5103 3156 5166 ξ
3177 5103 3319 5147 voce,
3340 5093 3464 5146 ny,
3506 5093 3681 5166 trans.
3715 5096 3806 5131 no-

2216 5155 2349 5230 men,
2371 5155 2546 5230 Dite,
2570 5169 2679 5218 duci
2719 5170 2905 5229 potest;
2931 5160 3297 5226 cognominatus
3319 5167 3480 5208 tamen
3503 5156 3593 5206 fuit
3632 5155 3807 5204 Abram

2215 5252 2357 5314 "DY,
2380 5265 2524 5316 quam
2546 5261 2714 5298 vocem
2738 5245 2819 5316 alii
2856 5245 3130 5316 ltebrteum,
3154 5241 3235 5316 alii
3257 5236 3560 5316 transitorem
3582 5242 3807 5316 vertunt,

2216 5298 2593 5377 αἶρ’θῖ
2619 5318 2734 5377 item
2762 5306 2993 5377 pluribus
3015 5298 3324 5377 tractavistius
3348 5303 3403 5377 in
3425 5298 3673 5377 uesaplis.
3696 5309 3806 5377 mp:

2222 5362 2584 5434 negasse.
2614 5373 2691 5430 ιδ,
2726 5362 2810 5434 ubi
2835 5363 3438 5434 ιιιιιτξιυρηιιηβςηιθὲίίδ
3459 5362 3730 5434 ³““¹⁵¹¹¹¹³ῖ⁷
3757 5362 3811 5404 θί

2223 5424 2569 5512 eiplicavim'us
2590 5436 2639 5483 in
2662 5424 2804 5482 notis.
2825 5424 2956 5488 Quod
2988 5427 3105 5476 dicit
3141 5425 3262 5474 infra
3281 5424 3669 5496 .Chrysostomus
3687 5425 3808 5472 Noe,

2223 5507 2425 5533 mm»...
2488 5508 2676 5533 mnam,
2707 5503 2878 5533 verum
2903 5498 2980 5533 est
3005 5504 3018 5533 :
3046 5501 3140 5533 non
3188 5487 3393 5533 net-mue
3438 5479 3692 5533 nrobabtle
3733 5483 3810 5528 est

2223 5491 2444 5567 quietem,
2487 5508 2680 5563 sonare,
2707 5503 2878 5563 verum
2903 5498 3018 5540 est:
3046 5501 3140 5537 non
3188 5491 3393 5559 perinde
3438 5491 3692 5550 probabile

2223 5563 2352 5628 ειυοιι
2371 5559 2547 5630 euicta
2572 5562 2777 5630 φειειεηι
2799 5552 2937 5630 item
2948 5542 3812 5630 s93_9902195:tus§£“~3s“1*:

2223 5603 2798 5678 ἕῖέᾶἧῖξῑῖξῖηἷέὶἇᾷῡο
2819 5613 3130 5678 mortuisuut
3151 5621 3322 5678 otnnes
3338 5603 3576 5665 bernium,
3599 5603 3716 5667 quia
3742 5605 3812 5652 ri-

2227 5671 2406 5738 delicet
2428 5694 2558 5733 mors
2581 5671 2658 5732 est
2675 5671 2816 5742 quies
2831 5676 3050 5727 hominis.
3071 5675 3142 5723 Sic
3164 5671 3268 5722 ille.
