4054 6324
394 378 499 435 ὂϐὅ

387 495 529 565 άρχῃ
553 492 614 543 rb
650 490 819 560 ὄνομα
850 491 898 543 οί
927 492 1100 558 γονεῖς
1128 491 1393 556 ἐτίθεσαν,
1425 494 1482 559 ἐξ
1512 494 1685 565 ἀρχῆς
1706 486 1800 548 καὶ
1826 498 1890 548 ἐκ
1917 512 2048 565 προ-

385 581 578 647 οιμίων
600 576 907 646 δηλοῦντες,
942 577 1022 637 ὅτι
1062 580 1403 647 μετανάστης
1424 580 1599 645 ἔσται,
1626 582 1717 635 καὶ
1751 583 1989 652 περάσας
2018 594 2045 622 ι

384 663 475 716 τὸν
501 665 744 734 ποταμὸν
766 665 857 716 ἐπὶ
880 664 977 733 τὴν
999 664 1285 736 ἀλλοτρίαν
1305 666 1444 736 ἥξει.
1485 668 1635 719 Ἐπεὶ
1668 668 1867 733 τοίνυν,
1891 670 2045 739 φησὶ,

381 749 444 801 rb
497 750 597 819 μὲν
652 750 803 821 παρά
854 750 963 803 τῶν
1005 751 1207 819 γονέων
1252 753 1498 817 ἐπιτεθέν
1538 753 1709 822 ὄνομα
1749 756 1925 808 ἐκεῖνό
1966 772 2049 809 σοι

383 838 700 907 προεμήνυε
737 837 799 889 rb
830 838 895 891 ἐκ
925 837 1032 890 τῶν
1060 840 1239 891 ἐκεῖσε
1268 838 1498 892 ἐνταῦθα
1520 839 1869 911 διαπεράσαι,
1892 840 2045 910 δέχου

384 923 478 974 καὶ
519 925 618 993 τὴν
653 922 745 975 τοῦ
780 924 1040 994 στοιχείου
1070 924 1407 995 προσθήκην,
1448 925 1535 977 ἵνα
1578 926 1753 998 μάθῃς
1785 929 1865 980 ὅτι
1891 927 2047 980 τοῦτό

384 1023 466 1060 σοι
504 1008 719 1078 μηνύει,
747 1009 829 1061 ὅτι
863 1009 1070 1062 πολλῶν
1113 1010 1280 1062 ἐθνῶν
1313 1010 1409 1079 ἔσῃ
1438 1013 1640 1082 πατήρ.
1675 1014 1785 1065 Καὶ
1811 1015 1912 1083 ὅρα
1948 1014 2046 1083 τὴν

382 1095 666 1165 ἀκρίϐειαν
693 1092 799 1146 τῶν
829 1095 1107 1165 ῥημάτων.
1141 1096 1254 1148 Οὐκ
1288 1091 1427 1160 εἶπε,
1460 1098 1682 1152 Πάντων
1710 1099 1818 1153 τῶν
1852 1099 2043 1165 ἐθνῶν,

381 1179 537 1243 ἀλλὰ,
572 1181 825 1233 Πολλῶν
845 1181 1053 1235 ἐθνῶν.
1096 1181 1309 1250 Ἐπειδὴ
1338 1184 1445 1252 γάρ
1475 1180 1543 1253 ἦν
1573 1184 1699 1255 ἔθνη
1735 1186 1827 1237 καὶ
1861 1186 2039 1255 ἕτερα,

381 1269 523 1337 άπερ
556 1268 781 1337 ἔμελλεν
812 1268 1017 1321 ἐκεῖθεν
1040 1269 1320 1335 ἐξεῶσθαι,
1346 1272 1431 1322 ἵνα
1449 1272 1542 1323 τοῦ
1568 1272 1773 1325 δικαίου
1792 1274 1851 1324 rb
1874 1274 2043 1344 σπέρ-

382 1370 456 1423 μα
494 1353 712 1424 δέξηται
756 1356 853 1425 τὴν
898 1355 1277 1426 κληρονομίαν,
1309 1358 1398 1409 διά
1438 1358 1595 1411 τοῦτό
1631 1374 1784 1428 φησι·
1815 1358 2045 1426 Πατέρα

380 1440 625 1493 πολιῶν
660 1440 851 1494 ἐθνῶν
891 1442 1125 1495 τέθεικά
1165 1458 1258 1497 σε.
1294 1444 1461 1507 Εἰδὼς
1495 1461 1588 1496 σου
1626 1446 1723 1513 τῆς
1759 1446 1959 1515 ἀρετῆς
1984 1446 2045 1499 rb

381 1525 630 1594 μέγεθος,
661 1527 871 1581 πολλῶν
894 1527 1061 1580 ἐθνῶν
1084 1528 1401 1581 διδάσκαλόν
1432 1547 1491 1581 σε
1513 1532 1914 1599 ἀπεργάσομαι,
1943 1532 2041 1585 καὶ

377 1612 623 1676 αὐξανῶ
652 1629 727 1665 σε
768 1614 863 1667 καί
917 1613 1202 1681 πληθυνῶ
1249 1629 1323 1667 σε
1365 1616 1620 1685 σφόδρα,
1656 1618 1909 1685 σρόὃρω
1940 1634 2041 1671 και

378 1694 546 1765 θήσω
579 1714 653 1752 σε
680 1703 765 1764 είς
788 1701 951 1766 ἔθνη,
992 1699 1090 1752 καὶ
1117 1701 1397 1767 ⁴βασιλεῖς
1438 1703 1505 1755 ἐκ
1533 1704 1650 1756 σοῦ
1686 1704 2042 1766 ἐξελεύσον-

377 1799 490 1837 ται.
524 1784 607 1855 Μὴ
632 1786 816 1847 ἁπλῶς
846 1785 1310 1856 παραδράμωμεν,
1341 1790 1631 1857 ἀγαπητοὶ,
1662 1791 1727 1841 τὰ
1751 1790 2037 1859 εἰρημένα.

378 1870 477 1924 Ἂν
503 1872 611 1943 γάρ
652 1874 990 1943 ἐννοήσωμεν
1023 1872 1118 1926 τοῦ
1159 1877 1494 1945 πατριάρχου
1538 1878 1637 1945 τὴν
1678 1877 1911 1947 ἡλικίαν,
1946 1879 2041 1932 καὶ⁸

373 1960 456 2011 δτι
483 1960 540 2011 ἐν
562 1960 772 2029 ἐσχάτῳ
796 1963 941 2031 γήρᾳ
970 1954 1142 2015 ταῦτα
1178 1962 1429 2032 ὴκουσεν,
1460 1964 1911 2033 ἐκπλαγησόμεθα
1941 1966 2040 2035 τήν

374 2063 433 2098 τε
459 2048 554 2101 τοῦ
580 2049 790 2101 δικαίου
826 2050 1029 2114 πίστιν,
1069 2052 1161 2103 καὶ
1192 2051 1571 2121 φιλανθρώπου
1600 2052 1731 2104 Θεοῦ
1755 2052 1852 2123 τὴν
1875 2054 2041 2123 ὑπερ-

376 2131 676 2185 ϐάλλουσαν
712 2134 959 2204 δύναμιν,
996 2136 1077 2188 ὅτι
1110 2136 1170 2199 ἐξ
1206 2137 1493 2207 ἀνθρώπου
1528 2138 1709 2190 λοιπὸν
1737 2138 2037 2207 νεκρωθέν-

371 2233 484 2279 τος,
533 2217 610 2279 ὠς
651 2218 842 2279 εἰπεῖν,
882 2221 975 2271 καὶ
1018 2221 1086 2273 τά
1138 2221 1274 2291 μέλη
1316 2221 1725 2292 διαλελυμένου,
1777 2226 1869 2275 καὶ
1916 2222 2089 2289 καθ’,

372 2302 833 2374 ἐκάστηνὴμέραν
851 2308 950 2377 τὴν
967 2306 1218 2377 τελευτὴν
1235 2308 1657 2378 φανταζομένου,
1682 2312 1773 2361 ἐπὶ
1786 2310 2036 2363 τοσοῦτον

370 2388 695 2455 αὐξάνεσθαι
720 2391 779 2443 rb
820 2393 1037 2463 σπέρμα
1065 2396 1355 2463 ἐσήμανεν,
1376 2396 1453 2459 ὡς
1486 2397 1578 2449 καὶ
1617 2398 1695 2460 είς
1722 2397 1848 2467 ἔθνη
1868 2396 2037 2449 πολλὰ

375 2475 717 2545 γενήσεσθαι·
761 2478 855 2529 καὶ
889 2479 949 2529 οὑ
997 2478 1155 2531 τοῦτο
1189 2481 1369 2548 μόνον,
1407 2480 1541 2533 ἀλλά
1584 2483 1686 2534 Καὶ
1718 2482 2033 2546 βασιλεῖς,

372 2563 558 2630 φησὶν,
604 2563 673 2615 ἐκ
708 2561 824 2616 σοῦ
868 2563 1309 2627 ἐξελεύσονται.
1348 2562 1497 2629 Εἶδες
1528 2569 1773 2621 ἐπίτασιν
1807 2572 2036 2642 ἐπαγγε-

371 2647 489 2708 λίας
503 2665 518 2712 ;
531 2649 886 2713 Αὐξανῶσε,
905 2652 1057 2719 φησὶ,
1074 2652 1329 2718 σφόδρα,
1344 2654 1595 2721 σφόδρα.
1618 2656 1724 2723 Οὐχ
1742 2657 1926 2720 ἁπλῶς
1942 2661 2033 2714 τὸν

368 2733 765 2805 διπλασιασμὸν
792 2736 1237 2809 ἐπέθηκεν,μοθι
1256 2738 1369 2792 ἀλλ’
1390 2741 1473 2792 ἵνα
1506 2742 1723 2812 σημάνῃ
1750 2743 1826 2813 τῷ
1842 2744 2033 2817 δικαίῳ

366 2818 462 2872 τοῦ
498 2820 739 2890 πλήθους
776 2822 873 2893 τὴν
922 2822 1243 2893 ὑπερϐολήν.
1286 2826 1502 2895 Ἐπειδὴ
1536 2826 1644 2896 γάρ
1686 2828 1773 2880 διά
1810 2831 1908 2900 τῆς
1939 2833 2032 2886 τοῦ

370 2907 636 2976 στοιχείου
664 2908 998 2980 προσθήκης,
1032 2909 1281 2983 καθάπερ
1307 2914 1363 2965 ἐν
1392 2914 1561 2985 στήλῃ
1590 2918 1723 2977 τινὶ,
1757 2917 2032 2983 ἀνεξάλει-

369 3007 503 3045 πτον
531 2993 679 3063 αὑτῷ
716 2995 813 3064 τῆς
852 2996 1191 3065 ὑποσχέσεως
1223 2999 1323 3068 τὴν
1362 2999 1692 3067 ἐπαγγελίαν
1729 3003 2028 3074 ἐπέγραψε,

370 3078 535 3132 πάλιν
566 3081 719 3149 φησί·
756 3082 865 3133 Kal
889 3082 1098 3148 στήσω
1116 3083 1233 3151 τὴν
1259 3083 1551 3154 διαθήκην
1563 3104 1680 3155 μου
1702 3088 1819 3142 ἀνὰ
1838 3091 2033 3157 μέσον

367 3164 506 3230 σοῦ,
536 3165 637 3219 καί
670 3167 785 3221 ἀνὰ
804 3169 999 3236 μέσον
1018 3168 1125 3221 τοῦ
1154 3172 1493 3240 σπέρματός
1517 3188 1633 3227 σου
1653 3176 1805 3243 μετὰ
1843 3178 1918 3230 σὲ
1946 3182 2033 3245 είς

366 3253 470 3317 τὰς
502 3254 709 3323 γενεὰς
742 3254 960 3318 αὐτῶν,
996 3259 1083 3321 εὶς
1109 3256 1401 3324 διαθήκην
1430 3259 1690 3324 αἰώνιον,
1724 3258 1880 3318 εἶναι
1914 3282 2032 3320 σου

369 3340 532 3403 Θεός.
569 3340 645 3392 Οὐ
678 3340 836 3409 μόνον
868 3342 994 3412 περὶ
1026 3341 1106 3403 cl.
1140 3344 1294 3412 φησὶ,
1326 3343 1525 3414 πολλὴν
1559 3347 1895 3419 ἐπιδείξομαι
1933 3351 2030 3422 τὴν

366 3426 711 3497 κηδεμονίαν,
751 3428 886 3481 ἀλλά
923 3431 1015 3483 καὶ
1055 3432 1133 3493 είς
1174 3432 1235 3484 rb
1268 3432 1487 3503 σπέρμα
1519 3435 1580 3485 rb
1613 3435 1723 3499 σδν,
1770 3438 1861 3490 καὶ
1891 3440 2029 3508 μετά

364 3514 463 3583 τὴν
506 3514 605 3583 σὴν
637 3513 829 3578 ἔξοδον.
862 3516 1001 3586 Ὅρα
1051 3516 1167 3579 πῶς
1220 3519 1517 3572 ἀνακτᾶται
1558 3521 1651 3573 τοῦ
1690 3522 1898 3577 δικαίου
1932 3528 2029 3596 τὴν

362 3597 540 3669 ψυχὴν
567 3599 987 3670 ὑπισχνούμενος
1024 3602 1191 3672 αὐτῷ,
1224 3604 1305 3656 ὅτι
1342 3607 1434 3657 καὶ
1456 3604 1532 3675 τῷ
1567 3609 1837 3681 σπέρματι
1863 3612 2027 3665 αὐτοῦ

365 3683 564 3753 πολλὴν
606 3685 831 3754 παρέξει
868 3684 965 3756 τὴν
1003 3687 1274 3755 πρόνοιαν.
1312 3691 1421 3744 Kal.
1462 3692 1543 3755 τίς
1593 3695 1625 3763 ὴ
1660 3694 1888 3766 δύναμις
1929 3697 2028 3766 τῆς

362 3769 657 3841 διαθήκης;
711 3772 892 3827 Ὥστε
946 3770 1101 3828 εἶναί
1150 3792 1268 3831 σου
1332 3780 1494 3845 Θεὸς,
1552 3784 1703 3851 φησὶ,
1764 3784 1862 3836 καὶ
1919 3787 2027 3839 τοῦ

363 3857 706 3926 σπέρματός
734 3858 851 3913 σου
889 3862 1037 3929 μετὰ
1068 3863 1164 3918 σέ.
1194 3865 1361 3919 Τοῦτο
1396 3868 1505 3937 γάρ
1543 3886 1622 3921 σοι
1656 3870 1806 3923 ἔσται
1850 3872 1911 3924 τὸ
1937 3889 2026 3925 κε-

363 3943 592 4011 φάλαιον
616 3946 723 3998 τῶν
743 3947 982 4015 ἀγαθῶν,
1018 3950 1099 4003 σοί
1131 3968 1190 4003 τε
1220 3952 1315 4004 καὶ⁵
1347 3954 1423 4022 τῷ
1456 3946 1729 4025 σπέρματί
1760 3974 1874 4011 σου.
1916 3961 2023 4013 Kal

363 4030 536 4083 δώσω
573 4032 671 4085 σοὶ
706 4034 803 4085 καί
844 4033 927 4098 τῷ
970 4036 1266 4105 σπέρματί
1310 4052 1428 4091 σου
1460 4039 1608 4108 μετὰ
1641 4041 1715 4093 σὲ
1748 4042 1860 4107 τὴν
1888 4043 2025 4111 γῆν,

364 4114 445 4184 ἢν
465 4118 787 4185 παροικεῖς,
821 4118 1029 4174 πᾶσαν
1052 4123 1167 4190 τὴν
1197 4124 1313 4193 γῆν
1336 4126 1601 4192 Χαναὰν,
1627 4130 1713 4193 είς
1740 4127 2029 4199 κατάσχε-

362 4220 469 4257 σιν
512 4204 769 4259 αίὼνιον·
816 4207 915 4260 καί
959 4208 1101 4273 Θεὸς
1150 4209 1363 4277 ἔσομαι
1401 4213 1615 4268 αὐτῶν.
1658 4216 1757 4268 Διά
1790 4216 1890 4288 τὴν
1927 4218 2026 4290 σὴν

362 4292 561 4363 ἀρετὴν
593 4293 686 4345 καὶ
721 4293 770 4344 οί
794 4292 1000 4361 ἔκγονοι
1021 4296 1072 4347 οί
1095 4296 1176 4349 col
1204 4298 1567 4352 ἀπολαύσουσι
1594 4301 1691 4371 τῆς
1724 4304 1862 4373 ἐμῆς
1889 4321 2025 4376 προ-

362 4377 529 4442 νοίας,
559 4378 654 4431 καὶ
688 4377 843 4430 δώσω
869 4382 1053 4443 αὐτοῖς
1077 4384 1158 4443 είς
1185 4384 1508 4454 κατάσχεσιν
1546 4385 1762 4439 αἰώνιον
1790 4386 1888 4459 τὴν
1920 4391 2024 4459 γῆν

362 4465 603 4529 Χαναὰν,
631 4467 737 4519 Kal
772 4467 983 4536 ἔσομαι
1010 4467 1209 4523 αὐτῶν
1239 4473 1383 4537 Θεός
1406 4472 1453 4525 δ.
1485 4471 1550 4525 Τί
1583 4475 1716 4537 ἐστι,
1750 4475 1854 4528 Kal
1884 4475 2022 4530 ἐσο-

355 4565 464 4621 μαι
510 4550 710 4603 αὐτῶν
741 4553 915 4616 Θεός;
953 4554 1097 4605 ’Δντὶ
1144 4555 1263 4620 τοῦ,
1297 4556 1505 4628 Πολλὴν
1546 4559 1883 4629 ἐπιδείξομαι
1925 4563 2020 4632 τὴν

362 4636 705 4707 κηδεμονίαν,
732 4638 930 4709 πολλὴν
959 4641 1059 4710 τὴν
1094 4643 1369 4710 πρόνοιαν,
1397 4645 1455 4695 ἐν
1482 4645 1683 4698 ἀπασιν
1711 4647 1895 4709 αὐτοῖς
1924 4649 2022 4717 τὴν

361 4724 491 4794 παρ’
521 4724 994 4795 ἐμοῦσυμμαχίαν
1014 4728 1337 4799 παρέξομαι·
1376 4731 1535 4799 μόνον
1566 4731 1650 4785 Σὺ
1672 4732 1787 4800 τὴν
1817 4733 2022 4803 διαθή-

359 4828 475 4864 κην
507 4829 626 4881 μου
663 4811 1048 4880 διατήρησον,
1086 4815 1167 4867 σὺ
1200 4816 1309 4869 καί>⁴
1340 4815 1406 4869 τὸ
1445 4818 1681 4887 σπέρμα
1723 4835 1839 4874 σου
1871 4822 2021 4889 μετὰ

358 4897 435 4950 σὲ
464 4900 550 4963 είς
583 4899 689 4966 τὰς
731 4901 940 4967 γενεὰς
981 4901 1195 4957 αὐτῶν.
1245 4904 1410 4957 Οὐδὲν
1463 4905 1648 4976 ἕτερον
1706 4908 1833 4979 παρ’
1864 4908 2019 4978 ὑμῶν

359 4985 621 5055 ἐπιζητῶ,
662 4986 694 5055 ἢ
730 4987 828 5056 τὴν
856 4988 1100 5057 ὑπακοὴν
1144 4990 1238 5041 καὶ
1273 4992 1370 5061 τὴν
1390 4991 1829 5064 εὐγνωμοσύνην,
1864 4996 2017 5064 κάγὼ

359 5072 535 5125 πάντα
560 5074 702 5142 άπερ
741 5072 1055 5143 ὑπεσχόμην
1089 5077 1167 5137 είς
1199 5075 1358 5144 ἔργον
1392 5078 1522 5142 άξω.

422 5160 486 5214 δ’.
507 5154 636 5213 Εἶτα
661 5159 843 5212 λοιπὸν
860 5159 1179 5227 βουλόμενος
1202 5162 1755 5235 ίδιοποιήσασθαιτοὺς
1776 5168 1835 5233 ἐξ
1852 5168 2015 5226 αὑτοῦ

355 5247 721 5315 τικτομένους,
755 5246 848 5298 καὶ
882 5248 1075 5299 οἰκεῖον
1102 5248 1292 5301 ἑαυτοῦ
1322 5250 1413 5302 τὸν
1436 5251 1559 5304 λαὸν
1579 5255 2012 5324 ἀπεργάσασθαι,

353 5334 446 5385 καὶ
502 5334 587 5385 ἴνα
642 5331 827 5384 λοιπὸν
874 5333 935 5385 rb
979 5334 1179 5404 πλῆθος
1230 5338 1598 5408 ἐκτεινόμενον
1648 5341 1722 5411 μὴ
1787 5360 2015 5397 συνανα-

358 5418 649 5487 μιγνύηται
692 5420 806 5482 τοῖς
863 5418 1069 5473 ἔθνεσιν
1129 5422 1376 5486 ἐκείνοις,
1422 5418 1496 5479 ὧν
1525 5426 1623 5496 τὴν
1660 5429 1760 5497 γῆν
1794 5429 2014 5499 ἔμελλον

356 5504 729 5577 κληρονομεῖν,
772 5505 944 5569 άλλως
986 5506 1041 5558 δὲ
1087 5508 1180 5559 καὶ
1210 5510 1393 5579 ἐπειδὴ
1422 5512 1558 5581 μετὰ
1587 5515 1760 5569 ταῦτα
1793 5516 2013 5587 ἔμελλον

357 5593 492 5643 κατὰ
518 5594 615 5660 τὴν
644 5591 811 5645 αὑτοῦ
855 5595 1159 5663 πρόρρησιν
1203 5597 1489 5665 ὑπομένειν
1521 5599 1617 5664 τὴν
1659 5604 1714 5653 ἐν
1756 5604 2014 5675 Αἰγύπτῳ

358 5678 619 5742 δουλείαν,
636 5679 721 5731 ’ίνα
748 5679 821 5749 μὴ
838 5682 929 5731 καὶ
956 5683 1011 5732 ἐν
1029 5683 1164 5751 αὐτῇ
1182 5684 1459 5753 γενόμενοι
1478 5690 1889 5761 συναναφυρῶσι
1903 5693 2011 5756 τοῖς

417 5792 607 5869 τερ-γει.
635 5800 922 5869 lellqng‘luor
963 5809 1075 5869 ῐῃεε.
1105 5798 1175 5844 ὅτι
1217 5816 1619 5869 μεταν-αοτῃσεται
1669 5804 1748 5851 καὶ
1783 5806 1998 5869 περάσας.

361 5856 390 5897 ι»
426 5857 475 5903 In
504 5854 676 5903 Bibllis
701 5854 883 5915 legitur
923 5857 1001 5903 καὶ
1026 5860 1195 5912 ἔσομαι
1218 5854 1391 5919 ἀὐτοῖς
1430 5854 1493 5919 εἷς
1516 5864 1652 5912 Θεόν.

1171 376 1228 434 S.
1270 374 1555 434 JOANNIS
1586 378 2069 436 CHRYSOSTOMI
2111 377 2426 433 ABCIIIEP.
2469 376 3015 438 CONSTANTINOP.

3694 132 3911 161 ..εμπ

3772 154 3801 179 ιφ

2154 493 2332 546 ἔθνεσι
2374 496 2487 556 τοῖς
2518 494 2576 545 ἐν
2608 492 2894 562 Αἰγύπτῳ,
2934 490 3166 560 σημείου
3198 487 3357 561 χάριν
3392 488 3492 560 τὴν
3528 490 3843 559 περιτομὴν

2155 580 2232 650 τῷ
2259 579 2451 649 δικαίῳ
2508 580 2874 642 διατάττεται,
2932 580 3025 632 καί
3063 592 3247 646 φησιν·
3283 577 3445 642 Αὕτη
3477 580 3517 645 ἠ
3548 576 3840 642 διαθήκη,

2155 665 2237 734 ἣν
2258 666 2639 734 διατηρήσας
2667 668 2783 719 ἀνὰ
2804 666 2998 735 μέσον
3030 664 3177 733 ἐμοῦ
3225 663 3323 716 καὶ
3368 663 3555 731 ὑμῶν,
3588 662 3687 717 καί
3713 664 3843 717 ἀνὰ

2146 753 2343 821 μέσον
2379 753 2485 805 τοῦ
2524 752 2867 819 σπέρματός
2900 765 3017 804 σου
3054 750 3206 817 μετὰ
3240 749 3318 803 σὲ
3355 753 3442 815 εις
3468 751 3577 815 τὰς
3619 749 3841 820 γενεὰς

2150 837 2370 893 αὐτῶν.
2402 838 2909 907 Περιτμηθήσεται
2937 837 3106 906 ὑμῶν
3137 836 3261 890 πᾶν
3282 838 3626 905 ἀρσενικόν.
3657 841 3838 907 Περι-

2153 924 2532 992 τμηθήσεσθε
2558 925 2672 992 τὴν
2693 925 2888 993 σάρκα
2913 923 3021 991 τῆς
3055 924 3457 990 ἀκροϐυστίας
3485 922 3673 992 ὑμῶν.
3694 921 3837 978 Εἶτα

2153 1010 2241 1064 ῐνα
2278 1011 2463 1081 διδάξῃ
2516 1011 2801 1073 κάκείνους
2854 1011 2949 1063 καὶ
2995 1010 3202 1071 πάντας
3247 1010 3415 1079 ἡμᾶς,
3453 1010 3598 1073 τίνος
3638 1010 3838 1063 ἕνεκεν

2150 1096 2308 1150 τοῦτο
2344 1097 2591 1162 ἐπέταξε,
2622 1097 2717 1150 καὶ
2747 1099 2827 1149 ὅτι
2858 1096 3068 1160 οὐδενὸς
3101 1096 3287 1167 ἐτέρου
3317 1097 3477 1167 χάριν
3506 1097 3668 1150 τοῦτο
3702 1097 3836 1166 βού-

2149 1182 2297 1235 λεται
2322 1183 2590 1250 γίνεσθαι,
2613 1184 2725 1237 ἀλλ’
2756 1184 2789 1253 ἢ
2824 1182 2962 1236 ῶστε
2991 1183 3258 1251 ἐπίσημον
3284 1177 3424 1235 εἶναι
3449 1183 3540 1235 τὸν
3570 1182 3702 1236 λαὸν
3731 1183 3833 1235 τὸν

2149 1270 2298 1339 αὐτῷ
2328 1270 2703 1339 ἀνακείμενον,
2736 1270 2886 1339 φησὶ,
2921 1269 3029 1323 Kal
3056 1268 3226 1321 ἔσται
3251 1268 3322 1321 ἐν
3349 1270 3580 1336 σημείῳ
3615 1268 3827 1335 διαθή-

2149 1373 2260 1423 κης
2300 1357 2416 1409 ἀνὰ
2462 1356 2657 1423 μέσον
2697 1356 2843 1424 ἐμοῦ
2883 1356 2981 1408 καὶ
3022 1354 3208 1423 ὑμῶν.
3242 1354 3349 1406 Καὶ
3391 1354 3577 1406 λοιπὸν
3609 1356 3831 1409 καὶτὸν

2150 1442 2341 1511 καιρὸν
2372 1442 2731 1505 διατάττεται,
2761 1453 2781 1479 ο
2816 1442 2938 1494 καθ’
2968 1442 3025 1493 ὃν
3056 1444 3323 1510 προσήκει
3363 1440 3524 1493 τοῦτο
3551 1441 3823 1509 γίνεσθαι.

2147 1528 2397 1581 Παιδίον
2442 1527 2572 1596 γὰρ,
2619 1528 2803 1598 φησὶν,
2850 1527 3001 1580 ὀκτὼ
3044 1525 3279 1595 ἡμερῶν
3319 1528 3829 1595 περιτμηθήσεται

2147 1614 2308 1681 ὑμῖν,
2326 1616 2424 1668 καὶ
2445 1618 2478 1667 ό
2503 1614 2833 1683 οἰκογενὴς,
2863 1616 2957 1667 καί
2980 1618 3012 1667 ό
3027 1613 3462 1681 ἀργιφώνητος,
3482 1614 3579 1667 καί
3596 1616 3826 1681 πάντες

2149 1702 2541 1767 ἁπαξαπλῶς,
2568 1704 2646 1767 ὡς
2668 1703 2875 1763 εἰπεῖν,
2905 1706 2957 1754 οί
2983 1703 3271 1766 συνόντες
3302 1701 3445 1769 ὑμῖν
3465 1702 3531 1754 τὸ
3566 1702 3828 1771 σημεῖον

2151 1787 2327 1843 τοῦτο
2356 1789 2648 1852 δέξονται.
2667 1793 2773 1846 Kal
2792 1792 2961 1857 ὅστις
2976 1793 3047 1844 οὺ
3065 1790 3571 1858 περιτμηθήσεται
3587 1789 3663 1857 τῇ
3677 1790 3825 1859 ἡμέ-

2144 1886 2223 1935 ρᾳ
2235 1870 2305 1937 τῇ
2317 1872 2552 1927 mutata
2561 1875 2738 1942 γμένῃ
2750 1916 2761 1933 ,
2777 1875 3376 1942 ἐξολοθρευθησεται,
3391 1873 3477 1926 ὅτι
3492 1874 3609 1939 τὴν
3617 1872 3828 1939 διαθή-

2149 1966 2266 2018 κην
2272 1974 2391 2024 μου
2414 1958 2820 2012 διεσκέδασεν·
2844 1960 2925 2012 ὅτι
2946 1958 3186 2030 παρέϐη,
3203 1959 3360 2029 φησὶ,
3374 1959 3435 2012 rb
3455 1958 3822 2030 προσταχθέν.

2217 2045 2361 2116 Ὅρα
2405 2048 2595 2114 σοφίαν
2642 2047 2909 2099 Δεσπότου
2931 2086 2946 2108 ,
2996 2047 3113 2109 πῶς
3159 2045 3313 2107 εἰδὼς
3354 2045 3464 2097 τῶν
3516 2044 3823 2115 μελλόντων

2144 2129 2361 2183 ἐσεσθαι
2394 2131 2455 2182 τὸ
2493 2131 2677 2193 ἀτελὲς
2717 2131 2819 2199 τῆς
2858 2132 3117 2202 γνώμης,
3161 2131 3410 2200 καθάπερ
3449 2132 3663 2201 χαλινόν
3698 2148 3825 2188 τινα

2144 2216 2437 2281 ἐπιτιθεὶς,
2480 2216 2623 2270 οὕτω
2670 2215 2821 2287 [4011
2864 2218 2925 2271 rb
2962 2221 3186 2289 σημεῖον
3238 2217 3397 2270 τοῦτο
3451 2219 3551 2288 τῆς
3604 2236 3828 2290 περιτο-

2147 2302 2255 2372 μῆς
2284 2302 2474 2369 ἔδωκε,
2504 2306 2604 2375 τὴν
2632 2306 2809 2375 ὁρμὴν
2844 2306 3023 2359 αὐτῶν
3055 2306 3153 2376 τὴν
3181 2304 3483 2359 ἀκάθεκτον
3510 2307 3821 2373 ἐκκόπτων,

2144 2386 2285 2441 ὥστε
2322 2390 2396 2459 μὴ
2418 2393 2528 2453 τοῖς
2550 2390 2725 2443 ἔθνεσι
2764 2391 3286 2462 συναναμίγνυσθαι.
3324 2390 3541 2461 Ἐπειδὴ
3561 2391 3671 2463 γὰρ
3698 2392 3821 2462 ᾔδει

2142 2474 2320 2526 αὐτῶν
2343 2475 2403 2527 rb
2437 2476 2650 2544 λάγνον,
2678 2479 2771 2529 καὶ
2799 2478 2879 2530 ὅτι
2903 2480 3002 2531 ούκ
3024 2478 3324 2541 ἀνέξονται,
3349 2477 3451 2531 κάν
3478 2472 3580 2531 ὦσι
3614 2480 3822 2549 μυριά·

2142 2576 2225 2622 κις
2253 2561 2445 2630 ἐνηχού
2455 2578 2623 2631 μενοι,
2646 2564 2978 2633 ἀποσχέσθαι
3002 2567 3100 2634 τῆς
3115 2565 3310 2632 ἀλόγου
3332 2566 3526 2636 ὁρμῆς,
3551 2566 3637 2618 διὰ
3656 2566 3822 2620 τοῦτο

2139 2642 2357 2715 διηνεκῆ
2401 2646 2705 2718 ὑπόμνησιν
2744 2651 2926 2713 αὑτοῖς
2968 2651 3166 2713 διδοὺς,
3197 2650 3447 2721 καθάπερ
3478 2651 3664 2721 δεσμῷ
3706 2669 3820 2705 τινι

2140 2732 2428 2801 περιέϐαλε
2457 2733 2535 2803 τῷ
2575 2735 2783 2804 σημείῳ
2812 2735 2913 2805 τῆς
2952 2737 3274 2806 περιτομῆς,
3316 2737 3474 2806 ὅρους
3502 2738 3686 2800 αὐτοῖς
3718 2737 3820 2791 καὶ

2140 2817 2366 2881 γανόνας
2390 2818 2563 2882 διδοὺς
2594 2820 2667 2889 μὴ
2689 2822 2995 2890 περαιτέρω
3018 2822 3349 2891 προϐαίνειν,
3373 2822 3505 2874 ἀλλὰ
3529 2823 3692 2893 μέχρι
3712 2824 3813 2877 τοῦ

2138 2902 2336 2954 οἰκείου
2370 2904 2554 2967 ἔθνους
2583 2905 2855 2968 ἵστασθαι,
2888 2908 2982 2959 καὶ
3022 2907 3294 2976 μηδεμίαν
3325 2908 3606 2977 ἐπιμιξίαν
3636 2911 3815 2963 ποιεῖ-

2140 2985 2261 3039 σθαι
2297 2989 2432 3060 πρὸς
2475 2991 2718 3055 τούτους,
2770 2992 2905 3045 ἀλλά
2956 2992 3050 3045 τοῦ
3097 2992 3437 3064 πατριάρχου
3482 2996 3544 3047 rb
3588 2996 3814 3066 σπέρμα

2135 3071 2418 3138 διασώζειν
2451 3076 2669 3146 ἀμιγὲς,
2705 3078 2768 3131 ἶν’
2807 3077 2949 3130 οὕτω
2992 3079 3084 3132 καὶ
3118 3080 3187 3131 τά
3216 3079 3317 3149 τῆς
3359 3082 3688 3148 ἐπαγγελίας
3728 3085 3814 3146 είς

2136 3160 2329 3224 αὐτοὺς
2362 3160 2588 3232 ἐκϐῆναι
2608 3162 2829 3234 δυνηθῇ.
2870 3165 2979 3217 Καὶ
3016 3164 3268 3237 καθάπερ
3298 3182 3381 3229 τις
3406 3166 3547 3238 ἀνὴρ
3574 3167 3811 3238 σώφρων

2136 3245 2231 3297 καὶ
2268 3246 2516 3317 ἐπιεικὴς
2546 3248 2834 3319 παιδίσκην
2855 3250 2994 3320 ἔχων
3025 3251 3343 3315 ἀκόλαστον,
3370 3252 3529 3322 ὅρους
3549 3254 3687 3324 αὐτῇ
3710 3256 3811 3308 καὶ

2139 3329 2366 3393 κανόνας
2393 3332 2590 3400 τίθησι,
2622 3335 2889 3403 μηδέποτε
2922 3334 3029 3400 ἔξω
3060 3337 3344 3403 φαίνεσθαι
3374 3339 3483 3391 τῶν
3517 3339 3810 3410 προθύρων

2135 3415 2233 3485 τῆς
2255 3417 2449 3482 οίκίας,
2477 3419 2609 3489 μηδὲ
2632 3423 2743 3483 τοῖς
2768 3422 3025 3491 παριοῦσι
3054 3423 3359 3491 φαίνεσθαι,
3387 3424 3521 3477 ἀλλά
3545 3426 3810 3490 πολλάκις

2136 3502 2229 3553 καὶ
2261 3504 2373 3566 τοῖς
2404 3505 2528 3555 ποσὶ
2553 3505 2727 3575 δεσμά
2760 3508 3120 3579 περιτίθησιν,
3152 3510 3219 3562 ἶν’
3243 3510 3387 3563 οὕτω
3416 3513 3807 3580 περιγενέσθαι

2134 3585 2335 3658 δυνηθῇ
2367 3589 2465 3657 τῆς
2494 3590 2695 3661 πολλῆς
2726 3593 3039 3656 ἀκολασίας·
3070 3595 3161 3647 τὸν
3197 3595 3358 3648 αὑτὸν
3390 3596 3453 3667 δὴ
3476 3599 3677 3667 τρόπον
3706 3602 3807 3652 καὶ

2132 3674 2161 3724 ό
2201 3672 2576 3745 φιλάνθρωπος
2617 3680 2913 3751 Δεσπότης,
2946 3680 3197 3752 καθάπερ
3226 3683 3403 3753 δεσμά
3441 3685 3621 3748 ποσὶν,
3659 3685 3806 3739 οὕτω

2132 3758 2193 3810 rb
2226 3763 2450 3830 σημεῖον
2478 3762 2581 3832 τῆς
2613 3767 2915 3836 περιτομῆς
2952 3770 3017 3838 τῇ
3059 3770 3222 3839 σαρκὶ
3250 3771 3566 3835 ἐναπέθετο,
3596 3774 3683 3825 ῐνα
3720 3776 3801 3827 0t-

2133 3844 2291 3931 κοθεν
2318 3845 2530 3915 ἔχοντες
2566 3850 2891 3921 ὑπόμνησιν,
2928 3855 3123 3923 μηκέτι
3155 3856 3289 3927 μηδὲ
3307 3859 3406 3928 τῆς
3432 3861 3563 3930 παρ’
3598 3861 3804 3931 ἐτέρων

2132 3929 2357 3984 δέωνται
2376 3932 2745 3999 διδασκαλίας.
2783 3938 2839 3989 ’Δ
2848 3937 2923 3989 λλ·
2945 3942 2995 3991 οι
3015 3941 3328 4011 ἀγνώμονες
3364 3945 3457 3997 καὶ
3481 3929 3804 4016 ἀναίσθητοι

2144 4017 2385 4103 ἷίουδαῖοι
2421 4022 2515 4074 καὶ
2545 4023 2695 4093 παρά
2722 4025 2912 4095 καιρὸν
2933 4027 3028 4081 νῦν
3056 4029 3153 4099 τὴν
3177 4032 3477 4102 περιτομὴν
3502 4033 3801 4103 φυλάσσειν

2134 4099 2431 4188 βούλονται,
2477 4108 2569 4160 καὶ
2609 4110 2861 4182 παιδικὴν
2904 4099 3302 4167 ἐπιδείκνυνται
3643 4121 3800 4184 Τίνος

2133 4187 2242 4259 γάρ
2285 4189 2490 4256 ἐνεκεν,
2534 4194 2653 4246 είπέ
2706 4212 2816 4265 μοι,
2864 4197 2959 4255 νῦν
3009 4201 3430 4270 περιτέμνεσθαι
3482 4187 3795 4273 βούλονταιξ

2115 4273 2267 4326 ,Τότε
2296 4276 2395 4346 μέν
2433 4278 2560 4347 γὰρ,
2606 4280 2694 4333 ῐνα
2742 4282 2817 4351 μὴ
2853 4286 2964 4345 τοῖς
2997 4286 3333 4356 παρανόμοις
3367 4290 3595 4353 ἐκείνοις
3619 4292 3796 4346 ἔθνεσι

2136 4367 2574 4451 συναναφυρῶσι,
2614 4368 2773 4423 τοῦτο
2820 4373 3189 4443 ἐπετάγησαν·
3226 4376 3342 4428 νυνὶ
3364 4375 3421 4429 δέ
3457 4378 3546 4431 διά
3575 4379 3675 4451 τὴν
3702 4382 3794 4437 τοῦ

2128 4449 2265 4501 Θεοῦ
2318 4452 2475 4522 χάριν
2532 4454 2752 4506 πάντων
2812 4456 2949 4525 πρὸς
3004 4458 3101 4528 τὴν
3163 4458 3417 4530 ἀλήθειαν
3472 4463 3569 4517 τοῦ

2128 4538 2669 4607 χειραγωγτβέντων,
2716 4544 2866 4593 ποῖον
2915 4542 3014 4611 τῆς
3071 4545 3371 4615 περιτομῆς
3417 4548 3651 4617 δφελοςς
3701 4554 3794 4625 Μὴ

2126 4620 2235 4691 γὰρ
2268 4622 2403 4691 πρὸς
2432 4623 2528 4693 τὴν
2565 4625 2666 4693 τῆς
2706 4625 2882 4696 ψυχῆς
2923 4627 3231 4698 ἐλευθερίαν
3266 4648 3319 4683 τι
3354 4635 3725 4703 συμϐάλλεται

2126 4710 2225 4778 τῆς
2268 4709 2469 4778 σαρκὸς
2514 4712 2802 4777 ἀπόθεσις;
2847 4714 2959 4765 Οὐκ
2998 4714 3235 4784 ἥκουσαν
3281 4719 3468 4786 σαφῶς
3511 4722 3611 4774 τοῦ
3655 4724 3790 4778 Θεοῦ

2126 4791 2392 4885 λέγοντος,
2430 4797 2542 4850 Kal
2583 4798 2752 4851 ἔσται
2787 4800 2857 4851 ἐν
2894 4801 3119 4885 σημείῳ
3156 4801 3464 4872 διαθήκης,
3508 4815 3793 4885 μονονουχὶ

2124 4876 2450 4946 δεικνύντος,
2514 4883 2595 4936 ὅτι
2662 4883 2751 4936 διά
2804 4884 2900 4955 τὴν
2960 4884 3158 4956 πολλὴν
3224 4889 3403 4944 αὐτῶν
3467 4876 3792 4967 ἀγνωμοσξ.

2124 4981 2222 5025 νην
2276 4966 2372 5019 τοῦ
2418 4970 2646 5039 σημείου
2688 4970 3020 5041 ἐδεήθησαν;
3056 4973 3212 5026 Οὕτω
3264 4976 3372 5047 γὰρ
3420 4979 3515 5032 καὶ
3549 4966 3645 5035 ἐίιτλ⁸
3686 4986 3794 5039 τῶν

2124 5051 2478 5121 ἀνθρωπίνων
2535 5056 2793 5119 πολλάκις
2841 5059 3047 5124 γίνεται
3117 5065 3478 5132 πραγμάτων.
3539 5070 3792 5126 Ἐπειδὰν

2126 5140 2199 5209 μὴ
2236 5139 2523 5210 θαρῤῶμέν
2566 5159 2694 5205 τισι,
2733 5148 2953 5213 σημεῖον
2994 5149 3253 5218 ἐνεχύρου
3296 5152 3454 5223 χάριν
3490 5153 3790 5225 λαμϐάνειν

2124 5228 2249 5296 παρ’
2291 5230 2469 5281 αὐτῶν
2512 5231 2916 5302 σπουδάζομεν·
2949 5235 3092 5287 οὕτω
3127 5236 3221 5290 καὶ
3253 5238 3283 5289 ό
3322 5240 3431 5294 τῶν
3478 5244 3619 5297 ὅλων
3658 5248 3789 5315 Θεὸς

2122 5312 2275 5376 είδὼς
2298 5315 2474 5369 αὐτῶν
2499 5317 2596 5385 τῆς
2620 5317 2845 5388 γνώμης
2873 5320 2971 5389 τὴν
2996 5322 3266 5387 εὐκολίαν,
3291 5325 3351 5377 rb
3383 5333 3608 5398 σημεῖον
3628 5312 3788 5388 τοῦτο

2122 5400 2250 5467 παρ’
2304 5400 2481 5454 αὐτῶν
2523 5403 2821 5473 ἀπαιτῆσαι
2860 5406 3201 5471 κατεδέξατο,
3247 5409 3345 5481 οὐχ
3388 5412 3476 5465 ἵνα
3520 5414 3784 5485 διηνεκῶς

2124 5485 2257 5555 μένῃ
2302 5487 2363 5539 rb
2395 5491 2620 5558 σημεῖον
2647 5490 2825 5554 τοῦτο,
2866 5491 2981 5544 ἀλλ’
3008 5492 3094 5544 ἴνα
3117 5493 3224 5545 τῶν
3253 5496 3375 5549 τότε
3402 5488 3552 5562 τέλος
3580 5501 3783 5572 λαμϐαο

2120 5576 2317 5659 νόντων
2338 5578 2430 5629 καὶ
2454 5580 2487 5647 ὴ
2512 5578 2606 5631 τοῦ
2630 5580 2854 5650 σημείου
2886 5583 3043 5654 χρεία
3068 5585 3411 5657 περιαιρεθῇ.
3437 5587 3649 5661 Ὠσπερ
3676 5594 3778 5666 γάρ

2118 5660 2497 5733 ὄταν⁷σημεῖόν
2540 5682 2682 5729 τινες
2712 5668 3006 5735 ἀπαιτῶσι,
3059 5670 3153 5723 καὶΙ
3195 5672 3448 5744 ἐνέχυρον
3486 5660 3771 5746 βούλωνταί

2123 5810 2343 5936 Ιῃῦυῐέἲεξ
2355 5814 2602 5925 ninnium
2620 5818 2805 5869 variant
2821 5821 2869 5869 in
2891 5818 3186 5870 editionibus
3207 5819 3300 5871 τῶν
3312 5826 3355 5872 0
3370 5823 3395 5872 '.
3417 5824 3613 5885 “praet.
3638 5826 3764 5875 τοωι
