4054 6324
283 378 381 434 363
1311 372 1377 427 IN
1415 371 1566 427 CAP.
1608 365 1770 424 XVII.
1799 363 2045 421 GENES.
2090 361 2319 419 IIOIIIL.
2365 364 2606 420 XXXIX.

283 492 438 546 modo
462 499 518 546 et
546 490 862 562 patriarcha:
896 504 1089 545 nomen
1119 496 1365 559 parentes
1395 485 1732 547 indiderant,
1758 490 1870 536 sta-

281 584 372 636 tim
397 584 464 637 ab
492 583 642 637 initio
682 582 1012 638 declarantes
1037 570 1222 649 ipsum
1249 578 1585 648 peregrinum
1628 573 1778 639 fore,
1815 579 1871 626 ct

283 675 629 729 transiturum
663 674 900 739 flumen,
942 680 998 726 ut
1052 671 1104 724 in
1147 679 1343 727 terram
1368 669 1597 722 alienam
1638 665 1866 719 veniret.

282 764 541 831 Quoniam
575 764 764 833 igitur,
795 763 1001 831 inquit,
1034 775 1230 816 nomen
1256 774 1286 813 a
1330 757 1635 826 parentibus
1665 753 1756 808 tibi
1790 752 1871 805 in-

174 911 191 922 .
282 857 451 910 ditum
481 856 606 910 illud
637 852 1095 924 prmsignificavit,
1127 861 1180 906 te
1226 851 1350 905 inde
1377 849 1480 903 huc
1524 845 1868 901 transiturum

281 961 402 1001 esse
430 964 445 1000 :
476 947 660 1014 accipe
681 955 736 1000 et
766 945 920 998 unius
948 943 1198 999 elementi
1243 940 1567 995 additionem
1587 977 1603 1004 ,
1636 946 1693 991 ιιι
1729 936 1870 990 scias

285 1037 384 1090 hoc
408 1037 501 1090 tibi
529 1035 812 1098 declarari,
843 1044 896 1089 te
922 1035 1206 1088 multarum
1227 1031 1465 1102 gentium
1496 1029 1609 1083 fore
1638 1037 1868 1098 patrem.

286 1127 350 1182 Et
378 1128 503 1182 vide
546 1142 704 1197 quam
753 1136 998 1182 accurate
1043 1127 1111 1180 sit
1148 1125 1416 1195 loquutus.
1444 1121 1560 1176 Non
1589 1121 1721 1174 dixit
1749 1136 1870 1174 om-

283 1220 427 1274 nium
476 1220 748 1290 gentium,
801 1217 896 1274 sed
949 1218 1232 1272 Multarum
1280 1216 1547 1287 gentium:
1577 1227 1697 1266 nam
1748 1211 1868 1281 quia

282 1321 437 1364 erant
462 1320 518 1364 et
555 1310 675 1364 alite
708 1317 894 1379 gentes
921 1308 1044 1363 inde
1069 1306 1422 1376 expellenda,
1449 1315 1506 1358 ut
1536 1318 1717 1358 semen
1741 1301 1870 1370 justi

286 1403 636 1458 hereditatem
681 1403 977 1471 acciperet,
1002 1401 1122 1456 ideo
1151 1399 1314 1464 dicit,
1343 1398 1550 1451 Patrem
1596 1396 1870 1449 multarunt

286 1497 508 1568 gentium
535 1495 769 1548 constitui
799 1505 864 1548 te.
891 1494 1110 1557 Sciens,
1145 1492 1347 1562 inquit,
1388 1499 1492 1544 tua:
1522 1488 1729 1542 virtutis
1754 1501 1872 1539 ma-

281 1588 612 1658 gnitudinem
638 1629 653 1652 ,
682 1587 966 1640 multarum
996 1585 1230 1655 gentium
1261 1583 1536 1638 doctorem
1570 1591 1620 1635 te
1642 1578 1870 1658 faciant,

285 1679 351 1734 Et
380 1695 605 1732 crescere
634 1688 681 1732 te
709 1678 895 1746 faciam
925 1693 985 1730 ac
1028 1674 1356 1745 multiplicari
1397 1673 1544 1726 ualde
1562 1713 1577 1736 ,
1609 1671 1755 1724 valde
1783 1684 1801 1722 :
1826 1678 1872 1722 et

284 1787 472 1840 ponam
497 1779 542 1823 te
560 1769 612 1823 in
641 1779 808 1838 gentes
829 1809 844 1833 ,
867 1779 914 1821 et
937 1783 1078 1837 reges
1105 1782 1169 1819 e1:
1196 1773 1242 1818 te
1274 1762 1610 1835 egredientur.
1641 1760 1716 1815 Ne
1749 1775 1872 1827 per-

285 1863 549 1917 lunctorie
579 1872 909 1916 transeamus
928 1875 1046 1929 qua:
1069 1858 1337 1921 dicuntur,
1355 1853 1710 1910 dilectissimi.
1738 1852 1872 1907 Nam

284 1954 328 2009 si
353 1953 769 2023 cogitaverimus
810 1949 1129 2020 patriarchae
1156 1957 1366 2001 aetatem
1393 1987 1408 2012 ,
1437 1955 1490 2000 et
1513 1960 1633 1999 eum
1675 1943 1790 1999 haec
1818 1944 1870 1997 in

284 2054 528 2101 extrema
559 2054 772 2099 senecta
798 2043 1011 2097 audisse
1035 2083 1051 2105 ,
1090 2037 1677 2108 obstupesccmusjusti
1705 2036 1873 2089 virtu-

285 2145 416 2203 tem,
448 2145 505 2190 et
532 2134 742 2204 benigni
780 2133 871 2189 Dei
897 2132 1146 2188 eximiam
1179 2129 1468 2199 potentiam
1499 2145 1512 2180 :
1545 2126 1665 2197 quia
1687 2140 1754 2181 ex
1785 2125 1875 2180 ho-

285 2228 432 2281 mine
483 2224 868 2295 propemodum
919 2232 1158 2286 mortno,
1216 2230 1272 2284 et
1317 2219 1573 2275 membris
1600 2217 1870 2280 invalido,

282 2317 372 2389 qui
417 2324 474 2372 et
511 2315 746 2386 quotidie
791 2323 1015 2369 mortem
1043 2329 1150 2396 pra:
1192 2311 1362 2366 oculis
1390 2309 1793 2380 imaginabatur,
1821 2309 1871 2362 in

285 2416 492 2462 tantum
521 2416 733 2462 auctum
758 2405 820 2459 iri
843 2403 1156 2475 signiﬁcavit
1181 2417 1362 2457 semen
1384 2442 1399 2465 ,
1429 2408 1488 2453 ut
1515 2408 1570 2454 et
1599 2399 1650 2452 in
1682 2398 1874 2451 multas

285 2507 478 2569 gentes
502 2498 693 2562 exiret;
719 2511 891 2566 neque
915 2495 966 2549 id
993 2495 1190 2559 solum,
1218 2492 1311 2548 sed
1340 2492 1504 2546 etiam
1531 2503 1686 2559 rcges
1713 2504 1777 2542 ex
1808 2502 1875 2542 eo

286 2588 691 2659 egrederentur.
754 2585 942 2640 Vidisti
1010 2583 1381 2654 promissionis
1441 2579 1875 2635 incrementum?

287 2678 505 2733 Faciam
546 2687 593 2733 te
621 2694 838 2732 crescere
859 2719 872 2741 ,
909 2677 1116 2747 inquit,
1144 2675 1294 2728 valde
1314 2715 1329 2738 ,
1361 2674 1526 2726 valde.
1557 2669 1875 2740 Duplicatio—

286 2770 412 2826 nem
437 2768 594 2839 hujus
620 2767 856 2825 adverbii
884 2783 989 2822 non
1019 2767 1210 2821 frustra
1240 2764 1436 2834 adjecit
1460 2805 1476 2830 ,
1504 2763 1599 2818 sed
1628 2775 1684 2817 ut
1706 2762 1873 2830 signi-

288 2861 413 2915 ilcet
439 2876 506 2923 ex
530 2862 676 2929 justo
721 2859 907 2913 miram
953 2856 1344 2912 multitudinem
1372 2855 1691 2911 exeuudam.
1733 2854 1879 2922 Quo-

289 2952 432 3006 niam
464 2952 623 3022 igitur
639 2966 734 3020 per
752 2950 999 3006 elementi
1019 2948 1368 3016 additionem,
1386 2948 1536 3018 quasi
1562 2948 1613 3002 in
1629 2947 1876 3001 columna

287 3040 520 3112 quadam
544 3083 559 3106 ,
591 3040 928 3096 indelebilem
949 3039 1356 3110 promissionem
1385 3040 1434 3093 ei
1456 3039 1742 3108 inscripsit,
1774 3039 1875 3092 ite-

291 3147 408 3187 rum
434 3131 562 3187 dicit
597 3151 610 3186 :
641 3134 694 3186 7.
727 3131 793 3186 Et
818 3141 1037 3186 statuam
1063 3140 1410 3185 testamentum
1450 3146 1616 3183 meum
1639 3132 1768 3182 inter
1794 3139 1875 3194 te,

291 3232 338 3280 et
378 3223 508 3277 inter
531 3240 698 3278 semcn
725 3235 863 3277 tuum
907 3233 1017 3292 post
1046 3232 1095 3278 te
1132 3223 1188 3276 in
1226 3223 1568 3293 generationes
1597 3237 1798 3285 eorum,
1825 3223 1878 3273 in

292 3324 642 3370 testantentum
685 3316 1042 3384 sempiternum
1062 3351 1076 3379 ,
1107 3322 1161 3366 ut
1204 3313 1299 3366 sint
1327 3311 1463 3366 Deus
1491 3321 1621 3366 tuus.
1649 3311 1761 3366 Non
1787 3325 1878 3365 so—

295 3405 404 3461 lum
431 3421 556 3476 erga
587 3414 640 3460 te
679 3420 923 3476 magnam
962 3403 1250 3460 declarabo
1274 3403 1662 3474 providentiam
1704 3410 1758 3456 et
1781 3416 1877 3456 cu-

293 3513 430 3563 ram,
454 3496 547 3551 sed
573 3512 627 3552 e.
651 3511 775 3567 erga
800 3511 984 3552 semen
1013 3506 1160 3549 tuum
1182 3536 1197 3560 ,
1235 3504 1288 3549 et
1315 3505 1432 3564 post
1457 3504 1601 3549 tuam
1626 3502 1877 3547 mortem.

297 3585 429 3643 Vide
457 3587 726 3657 quomodo
744 3595 949 3643 recreet
973 3585 1368 3655 animamjusti,
1402 3585 1716 3654 promittens
1740 3584 1787 3638 ei
1822 3598 1880 3638 se

295 3677 518 3733 seminis
550 3693 762 3749 quoque
808 3675 925 3748 ejus
959 3679 1178 3732 multam
1230 3691 1411 3732 curam
1454 3676 1778 3730 habiturum.
1813 3675 1882 3728 Et

293 3785 416 3841 quae
442 3772 606 3826 virtus
649 3773 988 3828 testamenti?
1021 3772 1090 3827 Ut
1114 3773 1210 3824 sim
1236 3770 1374 3824 Deus
1405 3781 1519 3823 tuus
1543 3811 1558 3834 ,
1601 3769 1768 3836 inquit
1791 3809 1806 3833 ,
1835 3776 1882 3832 et

295 3862 504 3918 seminis
550 3863 623 3915 tui
667 3872 780 3932 post
804 3871 869 3917 te.
895 3863 1005 3917 Hoc
1040 3863 1182 3918 enim
1210 3862 1312 3916 erit
1341 3861 1430 3915 tibi
1459 3870 1514 3914 et
1555 3860 1742 3914 semini
1789 3867 1882 3912 tuo

294 3943 455 4024 caput
500 3955 782 4009 honorum.
827 3955 881 4010 8.
911 3954 975 4008 Et
1007 3957 1137 4010 dabo
1167 3955 1253 4007 tibi
1279 3964 1325 4007 et
1377 3954 1556 4008 semini
1579 3964 1665 4006 tuo
1693 3961 1805 4020 post
1836 3960 1882 4004 te

296 4057 482 4099 terram
508 4045 560 4098 in
585 4061 685 4114 qua
714 4047 1004 4116 peregrinus
1033 4063 1085 4100 es
1108 4087 1123 4111 ,
1155 4061 1353 4100 omnem
1384 4056 1570 4098 terram
1595 4043 1842 4098 Chanaan
1862 4081 1878 4105 ,

294 4139 348 4191 in
375 4138 739 4208 possessionem
763 4140 1143 4207 sempiternam;
1168 4147 1215 4191 et
1245 4154 1329 4192 ero
1357 4153 1530 4191 eorum
1556 4135 1713 4189 Deus.
1753 4134 1883 4188 Pro-

238 4248 241 4250 ·
298 4237 418 4297 pter
443 4237 584 4284 tuam
607 4270 623 4295 ,
656 4229 860 4299 inquit,
886 4230 1135 4284 virtutem
1169 4229 1363 4298 posteri
1389 4244 1602 4298 quoque
1640 4228 1713 4282 tui
1765 4241 1881 4280 mea

297 4319 543 4374 fruentur
582 4319 916 4389 providentia
943 4360 956 4382 ,
985 4328 1039 4374 et
1077 4319 1216 4375 dabo
1264 4320 1344 4375 eis
1394 4321 1446 4372 in
1487 4318 1881 4387 possessionem

295 4417 554 4464 aeternam
583 4417 780 4463 terram
807 4407 1081 4471 Chanaan,
1106 4408 1173 4461 Et
1198 4425 1284 4463 ero
1313 4425 1485 4463 eorum
1507 4407 1644 4462 Deus
1673 4409 1713 4459 ¹.
1742 4406 1882 4473 Quid

297 4505 411 4561 est,
442 4497 506 4550 Et
530 4513 616 4550 ero
644 4513 817 4551 eorum
849 4496 982 4551 Deus
1000 4498 1025 4549 .’
1053 4498 1168 4552 Hoc
1197 4507 1310 4559 est.
1334 4497 1550 4550 Multam
1582 4513 1668 4552 me
1693 4511 1880 4552 eorum

295 4600 481 4641 curam
530 4595 586 4640 et
613 4586 1000 4656 providentiam
1038 4586 1236 4641 habere
1263 4587 1540 4641 ostendam
1562 4629 1576 4651 ,
1605 4597 1659 4641 et
1706 4603 1883 4641 meum

300 4678 351 4732 in
374 4677 620 4730 omnibus
662 4677 955 4731 subsidium
988 4678 1089 4731 illis
1121 4679 1403 4747 pra-stabo.
1434 4678 1662 4732 Tantum
1717 4679 1770 4733 9.
1808 4678 1885 4731 Tu

300 4777 650 4821 testamentum
695 4786 858 4821 meum
895 4771 1101 4823 observa
1124 4813 1141 4834 ,
1169 4780 1218 4822 et
1248 4787 1414 4824 semen
1441 4779 1579 4823 tuum
1611 4783 1722 4839 post
1754 4781 1801 4824 te
1833 4773 1886 4826 in

301 4859 704 4928 generationibus
747 4876 940 4912 eorum.
988 4859 1132 4912 Nihil
1176 4861 1317 4914 aliud
1366 4877 1395 4913 a
1427 4863 1578 4916 vobis
1625 4865 1882 4930 requiro,

298 4963 457 5019 quam
486 4950 839 5004 obedientiam
880 4963 1158 5021 gratumve
1183 4953 1417 5006 animum
1444 4995 1458 5016 ,
1493 4963 1548 5008 rt
1568 4970 1666 5024 ego
1706 4957 1885 5010 omnia

298 5056 649 5111 qumcumque
669 5045 933 5112 pollicitus
957 5059 1074 5098 sum
1102 5061 1262 5114 opere
1296 5047 1596 5115 complebo.

370 5135 426 5188 4.
452 5133 668 5204 Insuper
696 5138 877 5189 volens
904 5151 997 5190 eos
1036 5138 1122 5206 qui
1154 5153 1217 5191 ex
1251 5139 1367 5206 ipso
1413 5141 1663 5195 nascituri
1701 5151 1882 5202 erant.

299 5225 624 5293 peculiarem
663 5242 816 5280 suum
868 5227 1044 5282 facere
1084 5229 1334 5298 populum
1366 5247 1378 5300 ;
1408 5242 1464 5282 ιιι
1514 5241 1694 5298 postea
1722 5274 1735 5295 ,
1763 5249 1886 5288 cum

298 5315 584 5372 multitudo
637 5326 1038 5386 pr0pagaretur.
1079 5333 1183 5372 non
1217 5334 1274 5372 se
1310 5321 1552 5388 gentibus
1588 5322 1690 5375 illis
1714 5364 1727 5384 ,
1756 5339 1888 5391 qua-

299 5425 420 5465 rum
451 5406 802 5462 hereditatem
828 5417 1147 5475 occupatura
1170 5421 1281 5462 erat
1307 5450 1319 5468 ,
1354 5411 1727 5464 eontutiscerct
1760 5429 1775 5470 ;
1802 5414 1903 5465 ιιι--

297 5512 604 5568 superque,
652 5500 773 5567 quia
827 5498 1120 5553 secundum
1176 5501 1572 5567 prmdictioncm
1629 5518 1776 5555 suum
1831 5505 1883 5557 in

308 5587 537 5661 Egypto
561 5576 1003 5654 servituri’eraut;
1033 5601 1085 5644 ut
1117 5606 1182 5645 ne
1207 5593 1448 5660 gentibus
1469 5595 1883 5650 commisceren-

363 5738 381 5774 ‘
407 5738 460 5790 ln
483 5739 655 5792 Dibliis
669 5742 867 5808 legitur,
891 5751 934 5796 et
949 5757 1032 5796 ero
1047 5746 1115 5796 eis
1139 5745 1187 5795 in
1216 5753 1380 5797 Deum.

3471 369 3579 427 368

1980 489 2063 533 ιιιι·
2102 481 2152 534 in
2183 481 2450 554 .‘Egypto,
2481 486 2944 543 circumcisionem
2974 529 2989 555 ,
3017 490 3154 561 signi
3198 492 3398 561 gratia,
3427 494 3574 565 justo

1979 573 2218 642 prmcipit
2263 583 2317 627 et
2355 575 2525 645 inquit
2555 595 2568 630 :
2603 576 2689 632 l0.
2723 576 2838 632 Hoc
2881 590 2956 635 est
2999 591 3357 638 testamentum
3388 587 3406 617 ί
3436 587 3576 655 quod

1977 665 2198 719 servabis
2221 667 2350 720 inter
2369 685 2448 722 nte
2480 679 2528 724 et
2553 686 2663 738 vos,
2683 681 2728 726 et
2757 673 2894 727 inter
2919 691 3086 730 semen
3117 685 3257 732 tuum
3288 690 3401 748 post
3429 691 3479 735 te
3515 685 3573 738 in

1976 759 2386 826 generationibus
2429 762 2651 818 illorum.
2704 762 3108 822 Circumcidetur
3149 771 3202 824 in
3243 771 3380 828 vobis
3422 789 3578 829 omne

1975 844 2334 904 maiculinutn.
2370 852 2456 906 ll.
2488 852 2868 912 Circumcidetis
2895 874 3099 914 cernens
3129 865 3364 934 prtepntii
3395 867 3568 920 vestri.

1979 936 2180 994 Deinde
2220 948 2276 993 ut
2317 940 2505 996 doceat
2544 954 2600 999 et
2625 945 2746 1001 illos
2792 957 2849 1002 et
2890 964 3077 1005 omnes
3119 967 3246 1020 nos,
3275 970 3438 1026 quare
3468 955 3572 1013 hoc

1977 1032 2310 1100 prteceperit,
2337 1042 2394 1090 et
2417 1050 2476 1090 se
2507 1052 2614 1091 non
2647 1038 2867 1095 alterius
2889 1043 3188 1113 cujuspiam
3219 1049 3386 1116 gratia
3416 1049 3469 1104 id
3498 1048 3572 1105 fa-

1976 1119 2100 1175 cere
2119 1163 2133 1186 ,
2156 1137 2316 1192 quam
2345 1133 2405 1179 ιιι
2443 1137 2588 1182 esset
2613 1131 2913 1200 assignatus
2940 1143 2995 1186 et
3019 1135 3119 1190 sibi
3143 1148 3455 1207 segregatus
3474 1155 3573 1209 po-
3617 1175 3621 1178 ν

1976 1213 2154 1282 pulus,
2184 1216 2354 1286 inquit
2377 1259 2392 1282 ,
2427 1217 2494 1271 Et
2522 1221 2614 1273 erit
2636 1222 2688 1275 in
2711 1223 2912 1294 signum
2943 1229 3226 1281 testamenti
3250 1230 3381 1285 inter
3417 1248 3499 1285 me
3524 1241 3575 1286 et

1977 1321 2083 1359 uos.
2126 1306 2193 1361 Et
2223 1318 2405 1376 postea
2450 1312 2610 1365 etiam
2637 1313 2703 1368 de
2734 1322 2976 1384 tempore
3002 1315 3260 1388 imperat,
3292 1337 3400 1392 quo
3442 1338 3574 1378 con-

1978 1399 2157 1453 veniat
2184 1400 2286 1456 hoc
2309 1401 2443 1456 ﬁeri.
2475 1403 2562 1458 l2.
2590 1404 2802 1460 Puellae
2823 1408 2978 1473 enim,
3005 1410 3208 1480 inquit,
3236 1424 3348 1466 octo
3374 1415 3572 1469 dierum

1976 1491 2363 1547 circumddelur
2376 1495 2531 1560 vobis,
2554 1507 2602 1549 et
2628 1499 2924 1554 vernaculus
2945 1541 2962 1565 ,
2986 1512 3034 1554 et
3056 1505 3315 1572 emptitius
3341 1520 3362 1559 .'
3390 1515 3437 1560 et
3461 1523 3572 1561 om-

1979 1600 2066 1637 nes
2091 1585 2143 1638 in
2169 1603 2389 1652 summa,
2421 1601 2476 1642 ut
2502 1592 2572 1643 ita
2598 1592 2765 1645 dicam
2789 1635 2803 1655 ,
2825 1596 2912 1665 qui
2939 1598 3080 1664 apud
3105 1614 3190 1653 vos
3215 1609 3352 1664 sunt,
3380 1601 3476 1656 hoc
3500 1605 3572 1656 si-

1977 1691 2132 1744 gnum
2176 1678 2469 1747 suscipient.
2497 1681 2583 1734 Η.
2615 1681 2680 1734 Ει
2711 1683 2936 1754 quisquis
2963 1703 3062 1740 non
3107 1689 3495 1745 circnmcidctnr
3519 1693 3572 1744 in

1977 1766 2060 1820 die
2113 1769 2377 1823 constituto
2401 1813 2416 1835 ,
2465 1771 2703 1840 perdatur
2746 1791 2766 1827 :
2815 1776 2937 1844 quia
2995 1788 3347 1834 testamentum
3399 1799 3571 1838 meum

1979 1858 2280 1930 dissipavit;
2331 1865 2452 1933 quia
2507 1875 2869 1938 transgressus
2917 1882 3040 1939 est,
3095 1875 3307 1943 inquit,
3363 1891 3568 1946 praece-

1979 1959 2148 2019 ptum.

2008 2044 2113 2099 Cur
2123 2048 2751 2111 circumcisionemludteis
2770 2053 3062 2122 imposuerit
3077 2052 3571 2114 Deus.Circumcisio

1978 2133 2108 2187 nihil
2131 2135 2316 2190 anima
2341 2142 2536 2209 confert
2560 2140 2697 2194 boni.
2719 2171 2791 2181 —-
2821 2143 2956 2198 Vide
2987 2147 3305 2215 sapientiam
3333 2150 3568 2214 Domini,

1977 2225 2245 2290 quomodo
2261 2243 2382 2283 cum
2400 2232 2562 2286 sciret
2578 2232 2914 2302 imperfectas
2929 2247 2980 2290 et
3003 2253 3195 2306 pravas
3214 2255 3403 2295 eorum
3420 2257 3574 2298 men-

1980 2324 2060 2371 tes
2083 2310 2309 2383 futuras,
2324 2322 2532 2392 signum
2552 2324 2974 2384 circumcisionis
2993 2332 3142 2399 quasi
3167 2331 3379 2388 frenum
3402 2336 3575 2404 quod-

1979 2407 2101 2464 dam
2133 2409 2413 2480 imposuit,
2431 2403 2511 2468 ad
2545 2416 2831 2473 indomitos
2853 2437 3040 2476 eorum
3065 2424 3295 2493 impetus
3311 2403 3572 2483 cohiben-

1978 2499 2098 2562 dos.
2125 2511 2182 2557 ut
2207 2521 2274 2559 ne
2292 2506 2537 2575 gentibus
2559 2510 3050 2566 commiscerentur.
3076 2513 3206 2570 Nam
3227 2517 3350 2585 quia
3371 2518 3574 2574 sciebat

1979 2606 2164 2648 eorum
2182 2594 2474 2660 lasciviam,
2507 2608 2562 2652 et
2580 2614 2694 2662 eos.
2725 2601 2848 2656 licet
2867 2603 3119 2661 intinities
3146 2610 3399 2676 monitos,
3424 2618 3483 2665 ut
3502 2610 3575 2664 ab

1981 2682 2165 2740 illicito
2188 2687 2385 2756 impetu
2405 2688 2728 2746 abstinerent
2749 2734 2763 2757 ,
2795 2692 3104 2750 obedituros
3137 2713 3238 2751 non
3256 2714 3376 2756 esse
3405 2717 3419 2754 :
3453 2701 3575 2757 ideo

1980 2774 2105 2828 dato
2128 2777 2208 2831 eis
2225 2788 2480 2848 perpetuo
2501 2784 2820 2848 memoriali,
2850 2786 3031 2854 injecit
3051 2788 3129 2843 eis
3149 2791 3572 2849 circumcisionls

1981 2867 2210 2936 signum,
2242 2871 2393 2939 quasi
2421 2872 2694 2929 vinculum
2721 2875 3010 2945 quoddam,
3041 2879 3295 2951 deditque
3319 2883 3399 2938 eis
3425 2882 3575 2955 leges

1981 2966 2035 3012 et
2061 2960 2290 3029 regulas,
2324 2961 2458 3017 ultra
2486 2979 2622 3034 quas
2649 2969 2876 3024 transire
2904 2973 2982 3024 eis
3013 2986 3119 3026 non
3152 2973 3355 3037 liceret,
3389 2986 3444 3029 ut
3476 2990 3571 3031 sua

1980 3059 2139 3119 gente
2161 3056 2398 3109 contenti
2424 3065 2624 3122 essent,
2655 3066 2709 3112 et
2733 3061 2883 3115 nullo
2905 3061 3067 3117 modo
3092 3077 3213 3120 cum
3243 3067 3490 3137 gentibus
3516 3069 3587 3126 se

1981 3141 2427 3210 commiscerent;
2464 3147 2556 3201 sed
2586 3150 2901 3217 patriarchte
2937 3166 3121 3209 semen
3174 3156 3576 3227 impermixtum

1984 3243 2226 3289 maneret
2252 3243 2309 3288 ut
2336 3235 2413 3290 sic
2441 3245 2497 3291 et
2538 3241 2799 3308 promissa
2839 3243 2892 3297 in
2919 3244 3000 3298 eis
3023 3246 3282 3316 compleri
3333 3261 3576 3319 possent.

1988 3323 2053 3377 Et
2077 3328 2528 3394 quemadmodum
2553 3331 2634 3384 vir
2658 3333 2850 3402 aliquis
2879 3345 3181 3407 temperans
3208 3350 3263 3395 et
3294 3341 3453 3411 lenis,
3481 3359 3580 3400 an-

1983 3414 2158 3469 cillam
2204 3416 2408 3474 habens
2458 3421 2787 3489 petulantem
2813 3466 2828 3487 ,
2863 3427 3121 3483 terminos
3163 3440 3218 3486 et
3261 3435 3475 3504 regulas
3506 3435 3581 3492 illi

1984 3503 2110 3570 dat,
2135 3522 2202 3562 ne
2243 3523 2494 3577 umquam
2525 3519 2675 3566 extra
2699 3514 2957 3570 vestibula
2991 3518 3234 3588 prodeat,
3260 3503 3431 3595 neque
3456 3541 3579 3581 cum

1987 3602 2428 3668 prietereuntibus
2453 3607 2755 3672 conveniat,
2785 3609 2893 3664 imo
2921 3626 3322 3684 nonnumquam
3356 3616 3580 3682 pedibus

1984 3691 2272 3760 compedes
2307 3694 2487 3761 addit,
2522 3705 2578 3751 ut
2609 3698 2687 3752 sic
2731 3699 2873 3756 illius
2915 3703 3380 3774 intemperantiam
3417 3723 3576 3764 coer-

1986 3797 2108 3837 cere
2134 3785 2308 3839 valeat
2339 3803 2353 3839 :
2383 3787 2451 3842 ita
2481 3798 2535 3843 et
2563 3790 2824 3861 benignus
2855 3794 3112 3855 Dominus
3155 3799 3581 3858 circumcisionis

1987 3872 2194 3942 signum
2235 3877 2381 3932 carni
2405 3893 2590 3933 eorum
2636 3880 2864 3946 indidit,
2887 3886 3038 3953 quasi
3065 3887 3287 3955 pedibus
3307 3890 3579 3946 vinculum

1987 3964 2275 4032 quoddam,
2306 3978 2363 4021 ut
2382 3967 2734 4025 domesticum
2758 3971 3018 4030 habentes
3045 3976 3280 4046 signum,
3311 3995 3416 4035 non
3444 3982 3584 4038 ultra

1987 4055 2228 4111 doctrina
2271 4058 2496 4114 aliorum
2527 4076 2662 4130 opus
2693 4063 2971 4120 baberent.
3002 4069 3158 4137 Atqui
3188 4069 3378 4139 ingrati
3404 4072 3584 4127 insen-

1989 4147 2198 4217 satique
2244 4147 2416 4204 Judaei
2471 4151 2635 4206 etiam
2688 4169 2867 4221 nunc,
2895 4170 3015 4210 eum
3066 4165 3279 4228 tempus
3317 4176 3421 4215 non
3464 4173 3581 4226 est,

1988 4239 2450 4296 circumcisionem
2491 4258 2708 4300 servare
2761 4246 2973 4310 volunt,
3007 4250 3374 4321 puerilemque
3406 4252 3588 4308 decla-

1990 4342 2110 4386 rant
2139 4343 2393 4388 mentem.
2427 4335 2592 4404 Cujus
2619 4336 2763 4391 enim
2789 4335 2865 4391 rei
2887 4340 3056 4408 gratia
3079 4382 3093 4404 ,
3121 4337 3208 4394 die
3248 4341 3376 4398 mihi
3400 4383 3414 4406 .
3443 4358 3585 4398 nunc

1989 4423 2294 4478 circumcidi
2326 4426 2552 4480 volunt?
2576 4425 2707 4481 Nam
2761 4438 2887 4484 tunc
2915 4430 3130 4500 quidem
3157 4477 3170 4497 ,
3193 4441 3255 4488 ut
3300 4450 3369 4489 ne
3409 4436 3588 4505 impiis

1990 4513 2094 4569 illis
2119 4517 2366 4584 gentibus
2385 4532 2444 4574 se
2463 4521 2898 4587 commiscerent,
2929 4523 3031 4577 hoc
3058 4525 3108 4578 in
3139 4527 3404 4581 mandatis
3427 4543 3587 4584 acce-

1990 4617 2180 4675 perant
2215 4625 2226 4660 :
2255 4624 2396 4664 nunc
2419 4619 2597 4665 autem
2639 4627 2734 4680 per
2759 4613 2850 4667 Dei
2882 4615 3107 4683 gratiam
3135 4618 3384 4674 omnibus
3412 4620 3479 4674 ad
3507 4622 3590 4676 lu-

1990 4712 2106 4751 cem
2135 4701 2374 4755 veritatis
2400 4702 2642 4758 adductis
2661 4745 2675 4768 ,
2703 4720 2824 4773 quae
2870 4707 3292 4765 circumcisionis
3335 4713 3535 4768 utilitas
3561 4713 3586 4767 ἲ

1993 4789 2257 4860 Numquid
2299 4793 2363 4846 ad
2396 4795 2590 4848 animat
2616 4795 2913 4850 libertatem
2952 4799 3152 4869 aliquid
3176 4803 3383 4857 confert
3409 4806 3588 4858 carnis

1991 4882 2297 4951 depositio?
2323 4883 2437 4938 Non
2461 4885 2747 4941 audierunt
2770 4888 3050 4943 manifeste
3088 4892 3250 4946 Deum
3273 4894 3540 4951 dicentem
3569 4916 3582 4950 :

1996 4971 2059 5025 Et
2089 4976 2180 5026 erit
2237 4976 2288 5027 in
2336 4975 2536 5044 signum
2567 4980 2847 5032 testamenti
2874 4996 2893 5032 τ
2928 4983 3077 5049 quasi
3127 4983 3586 5042 demoustmntem

1994 5062 2138 5130 ipsos
2163 5065 2232 5119 ob
2261 5066 2479 5119 multam
2512 5067 2810 5123 socordiam
2850 5071 2938 5124 tali
2979 5073 3133 5142 signo
3158 5075 3481 5144 indiguisse?
3511 5078 3587 5133 Ita

1993 5155 2133 5205 etum
2165 5166 2219 5209 et
2261 5157 2316 5208 in
2361 5156 2606 5212 humanis
2636 5160 2796 5214 rebus
2842 5177 3242 5232 nonnumquam
3282 5167 3392 5220 fieri
3425 5169 3583 5224 solet.

1993 5244 2215 5310 Quando
2252 5262 2354 5303 non
2389 5249 2645 5304 habemus
2667 5251 2930 5320 aliquibus
2955 5256 3135 5321 fidem,
3159 5271 3407 5313 curamus
3437 5270 3493 5315 ut
3521 5264 3590 5316 ab

1995 5336 2124 5404 ipsis
2161 5338 2368 5404 signum
2419 5340 2655 5408 pignoris
2694 5341 2811 5395 loco
2868 5349 3188 5414 recipiamus
3218 5367 3231 5403 τ
3261 5350 3505 5408 similiter
3535 5364 3592 5408 et

1994 5430 2230 5480 muniunt
2287 5430 2537 5482 Dominus
2587 5432 2762 5486 sciens
2805 5434 3040 5502 ipsorum
3087 5441 3248 5493 animi
3283 5441 3589 5498 inconstan-

1997 5519 2151 5582 tiun,
2189 5520 2288 5574 hoc
2317 5522 2382 5573 ub
2408 5523 2485 5574 eis
2524 5523 2732 5592 signum
2782 5537 2963 5594 petere
2995 5532 3197 5587 voluit:
3227 5548 3332 5587 non
3365 5548 3420 5589 ut
3442 5550 3585 5592 sem-

2057 5687 2071 5716 ι
2110 5693 2226 5757 vo}.
2264 5691 2618 5757 testamentum:
2655 5685 2730 5734 hic
2771 5687 2974 5757 intelligi
3010 5689 3394 5757 debetmactttm
3415 5691 3589 5755 Italus,

1995 5749 2130 5811 cujus
2152 5749 2343 5811 signum
2367 5753 2418 5795 et
2435 5746 2702 5810 symbolum
2728 5757 2833 5800 erat
2854 5746 3180 5801 cireumcisio.
