4054 6324
474 429 573 486 367

463 554 564 611 per
589 548 802 595 maneat
823 539 1032 611 signum
1055 538 1154 594 hoc
1176 579 1194 606 ,
1211 537 1304 594 sed
1333 549 1389 592 ut
1410 547 1689 608 postquam
1713 537 1928 607 antiqua
1953 535 2043 589 illa

471 633 631 686 tinem
674 631 999 702 acceperint,
1025 639 1079 685 et
1107 630 1240 700 signi
1269 643 1398 684 usus
1423 628 1714 683 auferatur.
1744 626 1876 682 Nam
1908 627 2046 682 sicut

464 725 554 795 qui
582 725 792 794 signum
815 730 1100 794 expetunt‘,
1127 732 1180 778 et
1201 723 1389 793 pignus
1415 721 1658 791 accipere
1691 720 1897 785 volunt,
1924 731 2046 773 cum

465 814 736 884 negotium
783 816 1069 885 perfectum
1111 811 1304 876 fuerit,
1333 823 1458 868 tunc
1491 822 1544 867 et
1569 811 1777 881 signum
1810 809 1996 864 tollunt
2029 825 2043 862 :

464 908 535 960 ita
557 909 719 962 etiam
747 907 834 962 hic
856 922 974 962 cum
999 948 1012 964 .
1053 915 1111 960 ut
1153 905 1378 975 p0ptdus
1398 903 1488 958 ille
1516 911 1666 958 ortus
1685 918 1714 956 a
1745 899 2044 972 patriarcha

461 1000 780 1068 conspicuus
830 999 1020 1061 fleret,
1065 999 1271 1067 signum
1315 996 1418 1051 hoc
1465 995 1602 1066 apud
1640 995 1776 1048 vos'
1808 992 2049 1047 introdu-

461 1097 604 1142 ctum
626 1089 718 1151 sit,
746 1089 1029 1158 oportebat
1045 1097 1321 1158 postquam
1339 1094 1524 1157 gentes
1545 1084 1648 1139 illa:
1676 1092 1895 1154 propter
1914 1097 2045 1153 quas

459 1179 668 1248 signum
717 1180 998 1250 accepistis
1021 1220 1038 1246 ,
1072 1179 1262 1248 partim
1292 1177 1483 1233 deleta:
1514 1186 1638 1231 sunt
1662 1217 1678 1243 ,
1708 1176 1897 1245 partim
1927 1184 2044 1244 poet

458 1270 580 1324 illos
602 1269 668 1324 ad
701 1271 936 1325 veritatis
958 1271 1126 1325 lucem
1143 1279 1482 1325 accesserunt
1505 1311 1520 1334 ,
1551 1283 1655 1322 non
1675 1270 1786 1337 jam
1814 1267 2041 1337 amplius

456 1360 686 1430 propria:
717 1361 1067 1431 improbitatis
1109 1359 1361 1414 indicium
1386 1360 1728 1415 circumferre
1747 1400 1761 1422 ,
1793 1359 1886 1413 sed
1915 1359 2045 1412 lihe-

457 1464 546 1505 ros
572 1465 724 1516 esse,
749 1461 806 1506 et
845 1451 911 1505 ad
941 1452 1218 1519 pristinam
1251 1452 1578 1506 nobilitatem
1609 1450 1804 1504 redire.
1858 1447 2041 1519 Cogita

456 1543 600 1597 enim
651 1543 905 1597 eximium
939 1541 1086 1596 illum
1117 1542 1470 1613 patriarcbam
1495 1582 1510 1607 ,
1543 1542 1848 1611 priusquam
1899 1540 2042 1592 acci-

456 1641 608 1700 peret
636 1633 1059 1688 eircumcisionis
1100 1633 1404 1687 mandatum
1448 1631 1760 1699 (nonaginta
1807 1630 1950 1684 enim
1985 1637 2040 1683 et

455 1738 647 1780 novem
673 1739 932 1779 annorum
960 1733 1075 1778 erat
1099 1722 1312 1792 quando
1356 1723 1458 1777 hoc
1485 1722 1533 1777 ei
1561 1730 1883 1791 prteceptum
1911 1721 2034 1789 est),

453 1823 726 1884 acceptum
750 1813 912 1868 fuisse
934 1815 1064 1875 Deo,
1093 1822 1148 1867 et
1169 1813 1470 1869 sexcenties
1493 1828 1522 1866 a
1553 1813 1776 1866 Domino
1802 1811 2040 1867 celebra-

454 1917 584 1960 tum.
613 1905 679 1959 Et
693 1906 812 1974 quia
839 1906 1145 1976 propediem
1165 1906 1543 1974 promissiones
1558 1914 1711 1960 erant
1733 1903 2033 1973 implendas,

453 1996 858 2066 nasciturusque
886 1995 1030 2050 Isaac
1053 2036 1069 2062 ,
1092 2005 1146 2049 et
1172 1995 1471 2065 augendum
1499 2010 1666 2064 genus
1685 2035 1700 2060 ,
1731 2005 1783 2049 et
1814 1994 2035 2064 patriar-

449 2083 566 2139 chae
605 2085 972 2156 emigrandum
1019 2095 1134 2139 erat
1162 2101 1226 2138 ex
1255 2085 1355 2140 hac
1388 2086 1492 2138 vita
1513 2126 1529 2148 ,
1560 2095 1684 2139 tunc
1708 2085 1920 2139 demum
1947 2099 2038 2138 ac-

451 2177 576 2244 cipit
607 2177 912 2230 mandatnm
959 2175 1387 2231 circumcisionis
1406 2217 1421 2240 ,
1452 2185 1506 2228 et
1531 2175 1581 2228 in
1611 2175 1697 2228 tali
1726 2184 1883 2230 :etate
1925 2177 2036 2229 cir-

449 2264 787 2330 cumciditur,
809 2275 866 2318 ut
891 2264 1119 2335 posteris
1139 2265 1384 2317 omnibus
1411 2264 1494 2316 lex
1517 2263 1758 2332 quaedam
1776 2273 1830 2319 et
1854 2265 2034 2334 regula

452 2355 640 2411 tierent
666 2370 727 2410 ea
757 2371 878 2425 qum
908 2353 1203 2424 patriarcha
1235 2355 1378 2422 prior
1401 2352 1619 2408 fecerat.

517 2446 573 2500 5.
608 2444 676 2500 Et
721 2456 778 2499 ut
823 2445 1098 2500 evidenter
1130 2444 1347 2499 discatis
1372 2485 1389 2511 ,
1419 2443 1637 2511 dilecti,
1666 2444 1768 2499 hoc
1811 2445 1941 2499 nihil
1970 2444 2035 2498 ad

446 2534 638 2590 animae
661 2535 905 2589 virtutem
922 2535 1246 2598 conducere,
1269 2549 1335 2589 ex
1352 2534 1418 2588 iis
1431 2549 1550 2604 quae
1575 2532 1712 2588 facta
1729 2544 1852 2588 sunt
1870 2534 2036 2589 videri

1189 426 1247 481 S.
1287 423 1563 482 JOANNIS
1601 420 2071 481 CHRYSOSTOII
2111 421 2431 480 ARCHIEP.
2471 424 3003 482 CONSTANTINOP.

3647 434 3748 490 368

2152 549 2210 589 se
2236 533 2397 590 ferret
2421 577 2436 598 ,
2482 537 2683 592 audivit
2713 556 2728 593 :
2759 539 2985 594 Credidit
3015 550 3182 595 autem
3217 541 3472 596 Abraham
3512 541 3624 599 Deo
3646 585 3663 610 ,
3700 556 3748 600 es

2150 637 2438 695 reputatum
2470 638 2543 682 est
2569 631 2614 683 ei
2638 631 2690 684 in
2705 632 2962 702 justitiam
2992 632 3184 703 (Rom.
3216 633 3270 687 4.
3299 634 3334 688 3
3354 636 3395 704 ).
3426 634 3558 690 Cum
3590 636 3749 706 igitur

2151 726 2298 772 esset
2331 717 2441 787 jam
2473 718 2650 787 justus
2692 722 2763 775 ob
2801 736 2952 776 suam
2998 724 3055 798 in
3088 724 3255 780 Deum
3307 723 3468 779 fidem
3495 767 3511 791 ,
3540 735 3666 782 tunc
3693 729 3744 784 in

2151 807 2361 877 signum
2390 809 2850 865 circumcisionem
2889 814 3096 883 accepit
3126 831 3140 868 :
3169 825 3224 869 et
3267 815 3493 885 primum
3532 819 3744 886 quidem

2153 899 2354 953 nomini
2383 900 2499 969 ejus
2527 901 2680 956 litera
2706 901 2943 968 additur,
2970 905 3169 960 deinde
3197 917 3376 962 autem
3407 910 3744 964 circumcisio
3835 951 3844 964 .

2152 989 2476 1058 imperatur:
2509 1007 2615 1060 quo
2635 993 2866 1047 ostendit
2896 993 3038 1049 Deus
3062 997 3212 1050 seob
3242 999 3460 1051 multam
3493 1000 3742 1055 virtutem

2143 1078 2345 1148 justum
2370 1083 2712 1150 peculiariter
2735 1084 3019 1154 adoptasse
3042 1125 3057 1150 ,
3086 1096 3140 1141 et
3166 1096 3388 1158 propter
3413 1089 3557 1143 illum
3586 1092 3740 1145 etiam

2147 1185 2242 1224 eos
2268 1173 2356 1240 qui
2386 1187 2449 1226 ex
2477 1188 2544 1227 eo
2569 1175 2819 1229 nascituri
2849 1185 3022 1230 erant.
3052 1177 3118 1232 Et
3143 1179 3592 1247 quemadmodum
3624 1198 3741 1236 cum

2147 1262 2268 1331 quis
2297 1277 2516 1317 servum
2561 1269 2982 1335 comparaverit,
3027 1283 3221 1324 nomen
3253 1271 3367 1338 ejus
3409 1281 3461 1323 et
3502 1270 3737 1324 habitum

2146 1366 2290 1422 smpe
2322 1353 2588 1418 immutat,
2615 1358 2900 1426 omniaque
2930 1358 3078 1424 facit,
3108 1370 3164 1412 ut
3184 1361 3386 1414 sciatur
3415 1362 3580 1429 ipsius
3601 1377 3739 1422 esse,

2147 1457 2211 1498 ac
2235 1445 2335 1499 sub
2375 1445 2531 1514 cujus
2555 1447 2623 1500 sit
2653 1447 2926 1502 dominatu
2956 1465 3067 1518 pne
3087 1464 3149 1505 se
3178 1450 3311 1504 ferat
3345 1467 3356 1498 τ
3393 1451 3461 1504 ita
3494 1452 3740 1504 nimirum

2145 1546 2201 1591 et
2228 1539 2466 1591 omnium
2498 1539 2783 1606 Dominus,
2810 1541 2960 1610 quasi
2987 1541 3211 1610 posthac
3237 1556 3486 1609 separare
3515 1558 3611 1596 eos
3649 1559 3739 1595 vo-

2147 1629 2263 1683 lens
2302 1629 2371 1682 ab
2401 1629 2520 1684 aliis
2545 1629 2846 1684 hominibus
2867 1673 2880 1691 ,
2908 1631 3116 1701 adjecta
3143 1632 3357 1700 quidem
3390 1632 3538 1686 litera
3567 1633 3740 1687 decla-

2145 1718 2279 1772 ravit
2300 1719 2444 1772 illum
2469 1721 2751 1775 multorum
2777 1722 3088 1791 populorum
3116 1723 3230 1777 fore
3255 1737 3492 1792 patrem;
3515 1723 3740 1777 circum-

2143 1810 2344 1863 cisione
2371 1818 2548 1864 autem
2568 1811 2683 1878 ejus
2707 1813 2956 1880 pepulum
2985 1812 3294 1867 distinctum
3319 1812 3450 1876 fore,
3479 1823 3536 1868 et
3559 1827 3739 1869 semen

2143 1914 2208 1954 ex
2234 1913 2299 1954 eo
2320 1899 2643 1954 nasciturum
2664 1901 2733 1954 ab
2751 1901 2867 1954 aliis
2887 1902 3134 1970 gentibus
3153 1910 3567 1972 sequestratum.
3590 1901 3741 1968 Quod

2143 1993 2187 2045 si
2231 1999 2285 2047 et
2332 1991 2406 2046 illi
2436 1993 2506 2046 ob
2547 1993 2841 2047 caecitatem
2889 2007 3039 2047 suam
3079 1993 3252 2048 adhuc
3287 2008 3507 2048 servare
3559 1995 3741 2048 volunt

2143 2083 2320 2135 carnis
2346 2082 2831 2147 circumcisionem,
2864 2097 2970 2137 non
2989 2082 3266 2138 audientes
3297 2062 3490 2139 iterum
3513 2083 3732 2138 Paulum

2142 2171 2405 2225 dicentem
2427 2189 2439 2224 :
2461 2171 2521 2225 Si
2531 2172 2967 2234 circumcidimiui,
2985 2171 3214 2227 Christus
3225 2174 3352 2227 nihil
3373 2173 3507 2227 nobis
3520 2174 3741 2242 proderit

2143 2260 2356 2331 (Colat.
2389 2261 2442 2316 5.
2473 2260 2547 2331 2’)
2581 2262 2744 2333 (nam
2784 2271 3003 2331 propter
3041 2262 3156 2318 haec
3196 2262 3411 2316 advenit
3441 2263 3696 2319 Dominus
3722 2304 3738 2324 .

2144 2361 2200 2404 ut
2229 2350 2408 2404 omnia
2436 2350 2526 2404 illa
2553 2350 2785 2412 tolleret,
2817 2361 2978 2421 atque
3007 2351 3124 2406 ideo
3151 2360 3317 2406 totam
3349 2353 3520 2420 legem
3554 2352 3738 2416 imple-

2143 2442 2238 2505 vit,
2275 2448 2332 2494 ut
2351 2440 2483 2510 legis
2509 2441 2814 2495 observatio
2845 2443 3002 2494 linem
3023 2440 3244 2496 haberet
3272 2458 3287 2498 :
3312 2439 3511 2495 idcirco
3531 2440 3740 2495 dicebat

2144 2530 2329 2584 beatus
2350 2529 2544 2584 Paulus
2569 2545 2584 2582 :
2611 2528 2922 2598 Quicumque
2942 2531 2995 2583 in
3013 2530 3123 2600 lege
3128 2529 3503 2601 justi/immitti,
3529 2547 3560 2580 a
3581 2531 3742 2599 gratia

446 2634 642 2695 potest.
669 2626 776 2679 Cur
795 2626 934 2680 enim
957 2626 1049 2688 ait,
1077 2625 1201 2680 Octo
1224 2628 1416 2680 dierum
1436 2627 1606 2698 infans
1633 2627 2040 2682 circumcidctur?
2134 2621 2399 2676 excidistis
2427 2619 2591 2694 [Ιιίά.
2621 2637 2672 2675 s.
2703 2619 2798 2694 4])
2824 2640 2840 2676 :
2887 2635 3074 2676 verum
3116 2633 3217 2675 nos
3255 2635 3539 2691 pareamus
3588 2621 3743 2674 beato

447 2714 682 2786 Tempus
698 2715 974 2770 deﬁnitum
996 2731 1114 2771 esse
1135 2733 1164 2771 a
1186 2717 1413 2787 benigno
1433 2718 1539 2772 Deo
1557 2718 1762 2771 duabus
1781 2717 1848 2772 de
1862 2719 2036 2772 causis

451 2807 644 2876 opinor
672 2825 687 2861 :
717 2822 822 2862 uua
844 2848 860 2872 ,
890 2817 946 2862 ut
977 2808 1029 2862 in
1059 2818 1218 2864 aetate
1247 2808 1522 2863 immatura
1565 2808 1771 2864 facilius
1799 2823 2032 2866 circum-

446 2896 666 2952 cisiouis
700 2897 751 2951 in
779 2913 942 2952 carne
968 2898 1267 2952 molestiam
1309 2897 1450 2954 ferre
1477 2907 1688 2968 posset;
1718 2899 1822 2953 alia
1863 2909 1919 2954 ut
1943 2915 2032 2956 re-

446 2984 549 3041 bus
577 2985 706 3058 ipsis
739 2985 1068 3042 disceremus
1097 2987 1148 3042 id
1172 2989 1368 3043 animte
1397 2988 1528 3043 nihil
1566 2989 1894 3055 conducere,
1938 2993 2031 3046 sed

445 3073 550 3132 hoc
579 3074 692 3131 fieri
719 3077 854 3147 signi
882 3078 1070 3146 gratia.
1102 3078 1240 3132 Puer
1262 3079 1404 3132 enim
1435 3079 1749 3135 immaturus
1767 3122 1783 3147 ,
1813 3096 1936 3136 cum
1965 3097 2029 3137 ea

448 3183 572 3238 qua:
597 3166 731 3224 [lunt
760 3170 991 3240 ignorat,
1015 3184 1188 3236 neque
1213 3184 1428 3224 sensum
1454 3185 1640 3225 eorum
1663 3171 1843 3234 habet,
1874 3187 2033 3242 quam

449 3257 576 3314 inde
618 3260 670 3312 in
710 3260 888 3314 anima
931 3273 1022 3312 sua
1063 3260 1341 3314 utilitatem
1380 3261 1622 3329 accipere
1661 3261 1902 3331 poterit?
1940 3262 2032 3317 llla

448 3349 592 3404 enim
627 3357 752 3404 sunt
779 3363 902 3404 vere
929 3348 1065 3402 bona
1093 3363 1254 3417 Opera
1284 3347 1475 3402 anime
1493 3389 1508 3412 ,
1540 3364 1659 3418 quae
1685 3364 1751 3403 ex
1775 3350 2034 3405 electione

450 3439 602 3492 fiunt.
633 3436 838 3492 Auimze
865 3439 1007 3493 enim
1030 3438 1226 3492 bonum
1252 3453 1384 3507 opus
1415 3447 1498 3493 est
1527 3439 1772 3493 virtutem
1798 3441 1996 3509 eligere
2016 3483 2032 3504 ,

447 3537 504 3583 et
524 3527 778 3582 malitiam
799 3527 1011 3598 fugere;
1034 3529 1226 3583 anima:
1246 3528 1445 3582 bonum
1465 3544 1597 3597 opus
1618 3539 1720 3594 est,
1743 3546 1848 3583 nou
1875 3529 2036 3584 modo

450 3634 558 3674 non
589 3620 738 3687 plura
760 3633 920 3688 quam
949 3629 1161 3688 oportet
1187 3619 1566 3688 concupiscere
1589 3661 1605 3684 ,
1639 3619 1730 3673 sed
1765 3622 1926 3674 etiam
1952 3619 2032 3673 fa-

449 3708 676 3762 cultates
713 3708 948 3763 tribuere
993 3707 1390 3775 indigentibus;
1439 3709 1630 3766 anima:
1669 3710 1863 3763 bonum
1902 3725 2034 3778 opus

451 3809 534 3851 est
556 3838 572 3862 ,
606 3813 710 3850 non
734 3797 1002 3851 addictum
1039 3812 1159 3852 esse
1203 3797 1361 3852 rebus
1405 3798 1787 3869 praesentibus,
1820 3799 1914 3853 sed
1943 3815 2035 3854 cas

454 3889 668 3957 quidem
697 3888 972 3956 despicere
991 3928 1007 3953 ,
1041 3885 1244 3942 futuras
1281 3899 1459 3943 autem
1487 3891 1742 3944 continuo
1773 3891 1825 3943 in
1855 3891 2036 3943 animo

451 3979 669 4034 habere.
697 3979 751 4033 In
780 3994 940 4034 carne
961 3993 1090 4034 vero
1117 3978 1326 4049 signum
1357 3980 1619 4048 accipere,
1647 3983 1804 4049 quale
1833 3981 2031 4035 bonum

451 4084 584 4137 opus
626 4067 826 4121 fuerit?
856 4068 1048 4122 Verum
1094 4069 1284 4134 ingrati
1328 4067 1400 4122 illi
1445 4076 1499 4122 et
1545 4070 1798 4124 insensati
1824 4069 1991 4124 Judwi
2022 4111 2036 4134 ,

454 4159 694 4227 quamvis
716 4159 823 4226 jam
847 4158 1077 4210 illuxerit
1099 4159 1316 4224 veritas,
1345 4157 1518 4212 adhuc
1546 4159 1597 4212 iu
1619 4161 1804 4213 umbra
1831 4160 2040 4228 sedent,

454 4260 507 4304 et
537 4250 784 4318 quamvis
814 4248 890 4302 sol
911 4248 1129 4317 justitia:
1151 4247 1426 4313 affulserit,
1455 4250 1545 4318 qui
1567 4248 1701 4303 lucis
1726 4265 1836 4304 sua!
1861 4249 2041 4305 radios

456 4340 686 4409 undique
710 4339 904 4402 emisit,
928 4339 1101 4392 adhuc
1129 4339 1436 4393 lueernaria:
1462 4341 1564 4394 luci
1592 4350 1717 4396 sunt
1739 4341 1932 4396 addicti
1954 4360 1968 4409 ;
1990 4352 2044 4398 et

454 4431 694 4501 quamvis
743 4432 810 4484 sit
855 4440 1062 4497 tempus
1107 4439 1164 4482 ut
1205 4429 1375 4483 solido
1412 4439 1696 4500 pascantur
1738 4432 1894 4495 cibo,
1944 4435 2040 4502 ipsi

455 4524 630 4578 adhuc
652 4525 782 4575 lacte
813 4523 1159 4586 nutriuntur;
1186 4535 1359 4590 neque
1379 4521 1586 4574 beatum
1612 4523 1828 4575 Paulum
1858 4526 2041 4578 audire

457 4613 640 4667 volunt
661 4611 972 4666 clamantem
991 4627 1036 4665 et
1058 4611 1319 4665 dicentem
1339 4609 1406 4664 de
1426 4612 1716 4679 patriarcha
1737 4630 1751 4666 :
1769 4612 1831 4665 Et
1847 4617 2043 4683 signum

459 4703 648 4772 accepit
673 4702 1093 4764 circumcisiouis,
1119 4700 1432 4769 signaculum
1446 4701 1665 4769 justitite
1687 4702 1807 4768 ﬁdei
1831 4719 1944 4772 (μιαν
1971 4714 2044 4758 est

459 4795 511 4845 in
535 4792 782 4861 prteputio
811 4790 994 4860 (Rom.
1026 4792 1078 4845 4.
1106 4791 1162 4843 ll
1192 4792 1230 4856 ).
1265 4788 1395 4843 Vide
1415 4790 1680 4859 quomodo
1705 4801 1925 4862 utraque
1947 4809 2045 4849 nos

462 4885 661 4949 docuit,
694 4891 747 4938 et
774 4885 946 4952 ipsum
974 4882 1243 4950 accepisse
1269 4881 1403 4951 signi
1428 4883 1544 4935 loco
1564 4883 2042 4948 circumcisionem,

464 4985 518 5029 et
547 4991 665 5030 eum
715 4977 1054 5045 prteputiatus
1100 4982 1215 5028 erat
1240 5015 1255 5040 ,
1280 4973 1537 5041 justitiam
1576 4989 1694 5043 qua:
1730 4985 1812 5029 est
1849 4991 1912 5030 es
1944 4976 2045 5030 [ide

462 5066 779 5121 ostendisse.
807 5063 936 5118 Nam
967 5077 1031 5116 ne
1061 5063 1391 5130 impudenter
1411 5061 1625 5116 Judmns
1646 5062 1789 5116 dicat
1820 5083 1832 5117 :
1860 5064 2046 5118 Nonne

463 5157 798 5215 circumcisio
844 5156 892 5210 ei
931 5153 1189 5224 justitiam
1233 5154 1574 5208 conciliavit?
1618 5155 1815 5209 idcirco
1863 5157 2046 5212 beatus

472 5252 558 5306 ille
582 5252 647 5305 ad
675 5249 837 5318 pedes
867 5245 1171 5302 Gamalielis
1204 5245 1443 5301 eruditus
1472 5245 1621 5315 (Act.
1656 5248 1743 5300 22.
1774 5249 1880 5316 5),
1912 5258 1964 5302 et
1996 5251 2047 5303 in

468 5344 582 5412 lege
623 5339 859 5410 apprime
907 5338 1175 5393 institutus
1198 5379 1210 5398 ,
1245 5336 1412 5405 inquit
1445 5357 1458 5392 :
1487 5335 1564 5391 Ne
1598 5339 1790 5404 putetis
1813 5379 1828 5403 ,
1875 5340 2044 5408 impu.

467 5433 654 5487 dentes
677 5429 868 5494 Judaei,
896 5427 1349 5482 circumcisionem
1373 5427 1470 5496 ipsi
1493 5426 1689 5495 aliquid
1709 5427 1772 5479 ad
1790 5427 2049 5495 justitiam

467 5522 756 5579 contulisse
783 5537 796 5574 :
821 5533 944 5572 nam
974 5532 1092 5571 cum
1114 5515 1204 5568 illo
1231 5524 1466 5583 tempore
1493 5516 1731 5583 prmputii
1763 5517 1916 5570 fidem
1943 5531 2050 5584 pra:

536 5681 552 5710 ¹
586 5679 747 5734 savil.,
789 5675 860 5726 ita
893 5675 1037 5726 etiam
1085 5673 1182 5738 hic,
1223 5682 1349 5738 cum.
1388 5676 1438 5717 ut
1473 5669 1844 5738 distatqueretur
1892 5686 2050 5722 semen

466 5740 692 5792 Abram”.
727 5747 767 5786 α
793 5750 882 5786 mn
906 5749 1014 5786 cum
1037 5734 1250 5795 gentibus
1275 5735 1571 5789 misceretur,
1600 5733 1784 5793 signant
1810 5733 1894 5782 hoc
1920 5749 2046 5797 apud

468 5814 548 5851 ως
557 5838 568 5850 .

2142 2711 2286 2776 huic,
2309 2721 2485 2766 etnon
2504 2710 2858 2765 manufactam
2874 2711 3338 2766 circumcisionem
3358 2711 3736 2779 suscipiamus.

2146 2805 2282 2859 Dicit
2304 2804 2451 2859 enim
2470 2845 2485 2868 ,
2515 2803 2583 2857 in
2607 2819 2706 2873 quo
2739 2803 3023 2856 circumcisi
3063 2803 3182 2856 estis
3213 2802 3597 2856 circumcisione
3637 2818 3737 2855 nou

2142 2897 2456 2965 martufacta,
2501 2896 2554 2950 in
2578 2893 2947 2964 despoliatione
2975 2904 3298 2964 peccatorum
3327 2894 3497 2947 carnis
3515 2933 3531 2956 ,
3563 2896 3617 2947 in
3643 2895 3719 2946 cir

2139 2987 2443 3042 cumcisione
2465 2986 2654 3042 Christi
2677 2989 2696 3056 (
2717 2987 2911 3046 (ἐρίοιο.
2943 2986 2998 3040 2.
3029 2987 3088 3041 li
3113 2987 3152 3054 ).
3186 2985 3388 3040 Deinde
3410 2986 3615 3041 docens
3644 3001 3715 3039 no

2141 3077 2452 3147 diligentius
2497 3076 2622 3146 quid
2654 3078 2723 3128 sit
2765 3075 3030 3145 ejusmodi
3099 3074 3469 3137 circumcisio,
3518 3075 3692 3129 subdit
3727 3097 3739 3130 :

2141 3170 2432 3241 (ἔσπειραᾱὶ
2484 3172 2529 3223 ei
2553 3172 2609 3223 iu
2648 3169 2895 3239 baptismo
2927 3165 3102 3241 (Ibid.
3155 3183 3204 3222 υ.
3252 3167 3373 3236 12).
3415 3167 3566 3223 Sicut
3599 3169 3738 3222 enim

2143 3261 2261 3315 illos
2284 3259 2701 3315 circumcisionis
2730 3260 2940 3328 signum
2964 3258 3032 3312 ah
3075 3259 3193 3312 aliis
3218 3258 3464 3328 gentibus
3493 3273 3739 3328 segrega-

2141 3350 2262 3414 hat,
2288 3359 2344 3404 et
2367 3349 2768 3404 demonstrabat
2792 3363 2887 3402 eos
2933 3347 3274 3417 peculiariter
3311 3347 3377 3401 ad
3406 3348 3572 3403 Deum
3618 3363 3739 3418 pcr-

2143 3441 2313 3494 tinere
2355 3457 2370 3493 :
2401 3438 2563 3493 simili
2594 3437 2761 3491 modo
2779 3439 2941 3493 etiam
2982 3438 3121 3507 apud
3149 3453 3247 3493 nos
3285 3439 3620 3511 circumcisio
3651 3454 3742 3507 per

2143 3531 2462 3599 baptismum
2487 3529 2870 3583 evidentiorem
2889 3527 3011 3582 facit
3035 3528 3427 3596 separatiouem
3458 3538 3512 3582 et
3535 3527 3740 3582 discre-

2140 3620 2341 3674 tionem
2368 3617 2602 3678 fidelium
2629 3629 2682 3674 et
2713 3619 3022 3673 inﬁdelium.
3057 3617 3193 3673 Dicit
3219 3619 3362 3673 enim
3393 3637 3405 3671 :
3445 3617 3627 3690 inquo
3646 3621 3742 3672 εἰν.

2142 3711 2349 3763 cumcisi
2361 3711 2477 3764 estis
2492 3709 2868 3762 circumcisione
2878 3725 2976 3762 non
2991 3724 3142 3762 manu
3147 3708 3298 3776 facta.
3320 3709 3372 3762 in
3384 3710 3743 3778 despoliatiouc

2144 3813 2462 3872 peccatorum
2480 3802 2668 3854 carnis.
2705 3800 2835 3856 Nam
2865 3801 2916 3855 id
2943 3801 3086 3870 quod
3117 3801 3222 3855 illic
3239 3810 3494 3868 operatur
3511 3802 3739 3854 circum-

2143 3895 2277 3948 cisio
2297 3893 2350 3947 in
2367 3893 2754 3962 depositionem
2774 3892 3080 3958 carnis,hoc
3109 3892 3196 3946 hic
3231 3893 3340 3960 agit
3370 3893 3664 3962 baptismus
3692 3893 3741 3946 in

2145 3985 2533 4054 depositionem
2578 3991 2938 4052 peccatorum.
3002 3982 3163 4053 igitur
3205 3984 3294 4053 qui
3357 3983 3523 4038 semel
3569 3984 3744 4038 carnis

2147 4087 2362 4144 peccata
2408 4074 2686 4138 exuimus,
2728 4085 2782 4128 et
2823 4089 3010 4143 puram
3059 4073 3225 4128 induti
3265 4088 3451 4127 sumus
3499 4084 3702 4127 vestem
3727 4115 3742 4130 .

2149 4178 2476 4229 maneamus,
2508 4163 2711 4229 dilecti,
2741 4164 2792 4216 in
2820 4165 3067 4232 puritate.
3093 4174 3145 4216 et
3171 4162 3540 4217 affectionibus
3565 4165 3745 4218 carnis

2149 4255 2453 4324 superiores
2467 4254 2586 4307 facti
2604 4256 2847 4306 virtutem
2869 4253 3253 4321 amplexemur.
3277 4253 3337 4304 Et
3357 4252 3448 4320 qui
3465 4252 3564 4306 sub
3580 4253 3746 4319 gratia

2150 4359 2364 4410 sumus,
2393 4359 2515 4399 eum
2534 4345 2622 4414 qui
2647 4345 2699 4398 in
2720 4345 2864 4413 lege,
2901 4345 3007 4396 imo
3032 4353 3155 4396 ante
3181 4342 3352 4410 legem
3383 4342 3498 4406 fuit,
3529 4345 3750 4397 aemule-

2149 4452 2310 4491 mur:
2345 4445 2403 4490 ut
2429 4449 2552 4490 cum
2577 4436 2796 4504 vestigia
2817 4435 2934 4503 ejus
2973 4433 3246 4501 sequendo
3289 4433 3454 4486 vitam
3501 4441 3746 4487 nostram

2152 4527 2448 4581 rexerimus
2472 4567 2486 4589 ,
2536 4539 2839 4580 mereamur
2878 4524 2930 4579 in
2981 4525 3123 4578 illius
3161 4525 3307 4577 sinus
3344 4538 3652 4585 occurrere,
3699 4536 3752 4578 et

2151 4615 2491 4683 sempiternis
2534 4614 2634 4668 t‘rui
2662 4614 2847 4678 bonis,
2887 4615 3054 4684 gratia
3091 4623 3147 4668 et
3187 4613 3508 4681 benignitate
3540 4613 3752 4669 Domini

2153 4705 2319 4757 nostri
2349 4703 2474 4756 Jesu
2499 4701 2731 4767 Christi,
2760 4717 2881 4756 cum
2913 4715 3019 4771 quo
3052 4701 3216 4765 Patri,
3240 4710 3297 4756 et
3319 4700 3539 4770 Spiritui
3565 4715 3753 4758 sancto

2154 4793 2223 4848 sit
2250 4793 2440 4861 gloria,
2465 4791 2744 4859 imperium
2768 4801 2822 4845 et
2857 4792 3026 4846 honor
3047 4830 3062 4857 ,
3101 4804 3244 4846 nunc
3267 4799 3324 4846 et
3349 4805 3584 4862 semper,
3613 4802 3670 4847 et
3700 4795 3754 4847 in

2152 4884 2343 4941 secula
2369 4883 2705 4940 stcculorum.
2735 4886 2924 4938 Amen.

2731 5017 3010 5072 IIOMILIA
3049 5017 3164 5071 XL.

2156 5130 2222 5182 Et
2268 5130 2396 5182 dixit
2439 5127 2580 5181 Deus
2626 5129 2842 5181 Abraha:
2869 5145 2887 5182 :
2929 5128 3062 5180 Sara
3093 5144 3224 5181 tta-or
3250 5138 3337 5180 tua
3365 5146 3465 5182 non
3494 5132 3754 5184 vocabitur

2252 5221 2404 5282 Sara,
2436 5223 2522 5273 sed
2553 5220 2714 5274 Sarra
2745 5221 2836 5271 erit
2868 5236 3046 5271 nomen
3078 5221 3188 5290 ejus
3213 5219 3374 5290 (Gen.
3401 5221 3486 5275 17.
3521 5223 3590 5277 IS
3611 5225 3652 5293 ).

2234 5314 2284 5365 l.
2319 5315 2428 5380 Age
2463 5311 2718 5379 reliquias
2756 5309 3018 5364 hesterna:
3061 5327 3257 5365 mensa!
3284 5313 3436 5365 vobis
3483 5329 3753 5383 propona-

2160 5418 2299 5466 mus,
2332 5413 2384 5455 et
2412 5402 2571 5456 finem
2606 5401 2765 5454 hodie
2794 5402 3129 5469 imponamus
3155 5404 3413 5464 sermoni,
3449 5405 3558 5458 imo
3586 5407 3754 5460 bene-

2159 5493 2378 5548 dictioni
2421 5502 2474 5545 et
2506 5491 2842 5560 promissioni
2882 5508 3040 5561 quam
3089 5493 3212 5547 fecit
3239 5496 3610 5549 universorum
3653 5497 3754 5550 Do-

2163 5587 2338 5639 minus
2368 5583 2704 5652 patriarchze.
2754 5583 2948 5638 Verum
2988 5585 3209 5640 audiens
3235 5587 3487 5656 reliquias
3515 5603 3712 5642 mensa:
3732 5627 3749 5650 ,

2163 5692 2229 5731 ne
2259 5676 2383 5744 quid
2411 5673 2664 5727 sensibile
2688 5675 2974 5742 suspiceris
2999 5693 3011 5728 :
3043 5691 3214 5745 neque
3239 5678 3381 5730 enim
3408 5677 3594 5746 quales
3631 5690 3747 5732 sunt

2165 5768 2462 5821 eduliorum
2508 5766 2871 5830 Sensihilium,
2921 5767 3053 5822 tales
3099 5769 3450 5838 spiritualium
3491 5771 3740 5837 relinu‘.
