4054 6324
277 511 422 565 τικᾶ..
456 511 668 568 Ἐκεῖνα
702 516 801 586 μὲν
826 515 932 587 γὰρ
954 517 1094 570 ἕωλα
1114 519 1375 590 γινόμενα
1402 523 1464 574 οὐ
1485 520 1584 594 τὴν
1606 524 1776 595 αὐτὴν
1796 542 1869 577 π²
1879 542 1938 597 Ρ“’

275 597 392 668 έχει
431 597 625 671 ήδονήν
661 604 775 665 τοῖς
806 602 1187 672 ἑστιωμένοις⁸
1215 607 1265 659 εί
1308 607 1366 660 δὲ
1401 609 1494 662 καὶ
1531 609 1661 680 μίαν
1694 613 1789 664 καὶ
1819 612 1939 665 δευ-

275 686 442 754 τέραν
469 687 685 758 ήμέραν
716 689 1120 761 καταλειφθεΐη,
1159 692 1613 765 ἀχρησταελοιπδν
1645 698 1821 770 πάντη
1851 701 1942 768 γί-

275 787 428 824 νεται
446 788 461 801 ο
490 772 662 826 ταῦτα
691 773 748 826 δέ
775 773 843 826 τά
866 774 1095 844 λείψανα
1123 778 1186 830 οὑ
1226 779 1356 850 μίαν
1386 781 1479 836 καὶ
1509 781 1765 856 δευτέραν
1804 784 1940 855 ήμέ-

277 874 399 927 ραν.
430 858 566 912 ἀλλά
591 858 690 912 κάν
710 859 947 928 διηνεκεῖ
969 861 1045 932 τῷ
1072 864 1229 917 αίῶνι
1252 866 1664 937 καταλείπηται,
1691 871 1791 942 τήν
1817 871 1938 939 ῐσην

272 944 539 1014 ὠφέλειαν
564 945 879 1016 παρέχεται,
911 949 1007 1001 καὶ
1033 949 1132 1021 τήν
1159 951 1349 1022 ήδονὴν
1369 953 1470 1006 οὑκ
1494 955 1755 1010 ἀπόλλυσι
1775 973 1788 988 ο
1819 957 1938 1012 θεῖα

271 1031 382 1102 γάρ
412 1033 528 1084 ἐστι
556 1032 649 1084 καὶ
677 1035 1043 1104 πνευματικὰ,
1079 1039 1172 1090 καὶ
1194 1037 1450 1108 οὐδεμίαν
1481 1040 1587 1095 ὑπὸ
1613 1041 1708 1096 τοῦ
1743 1044 1934 1114 χρόνου

272 1117 476 1188 βλάδην
515 1117 828 1186 ὑφίσταται,
862 1121 996 1175 ἀλλά
1033 1121 1155 1174 καθ’
1193 1123 1429 1194 ἑκάστην
1477 1127 1688 1198 ἡμέραν
1734 1129 1934 1200 νεαράν

267 1204 504 1258 δείκνυσι
528 1206 629 1276 τὴν
654 1206 839 1278 χάριν,
867 1209 960 1260 καὶ
987 1207 1190 1279 πολλῆς
1213 1210 1522 1283 ἐμπίπλησι
1546 1213 1644 1285 τῆς
1669 1216 1934 1287 εὐφροσὺ-

267 1307 366 1360 νης
417 1292 545 1354 τοὺς
585 1290 880 1346 ἀπολαύειν
929 1292 1136 1348 τούτων
1204 1294 1578 1366 βουλομένους.
1638 1297 1790 1353 Ἐπεὶ
1840 1296 1934 1355 οὖν

267 1377 489 1446 τοιαύτη
527 1376 732 1430 τούτων
759 1377 868 1431 τῶν
898 1378 1169 1449 λειψάνων
1213 1382 1248 1453 ή
1296 1381 1548 1452 δύναμις,
1591 1385 1744 1455 φέρε.
1796 1388 1936 1458 μετά

266 1464 576 1536 προθυμίας
605 1467 697 1519 καὶ
715 1465 875 1536 ὑμεῖς
906 1466 1009 1536 τῆς
1032 1468 1143 1522 ἀπὸ
1165 1469 1370 1523 τούτων
1391 1469 1744 1535 ἀπολαύσεως
1766 1475 1936 1543 ἐμφο-

271 1552 493 1622 ρήθητε,
529 1551 625 1604 καὶ
646 1554 808 1622 ήμεῖς
836 1552 1165 1624 θαρροῦντες
1193 1553 1373 1607 αὐτῶν
1393 1557 1461 1626 τῇ
1489 1557 1717 1627 δυνάμει
1749 1577 1932 1631 παρα-

268 1638 451 1711 θῶμεν
480 1637 621 1692 αὑτά
643 1642 709 1710 τῇ
731 1639 975 1711 ὑμετέρᾳ
992 1639 1204 1711 ἀγάπῃ.
1243 1640 1383 1694 Ἀλλ’
1408 1643 1496 1697 ῖνα
1518 1643 1647 1716 δόξῃ
1669 1646 1934 1716 σαφέστε-
1968 1663 1969 1666 ‘

271 1743 365 1798 ρος
402 1727 532 1795 ὑμῖν
570 1726 815 1794 γίνεσθαι
855 1728 884 1779 6
915 1725 1092 1794 λόγος,
1131 1727 1428 1796 ἀναγκαῖον
1461 1729 1558 1784 τοῦ
1603 1731 1789 1797 τέλους
1823 1734 1933 1790 τῶν

265 1812 395 1885 χθὲς
416 1812 720 1882 εἰρημένων
747 1812 1182 1884 ὑπομνησθῆναι,
1213 1815 1284 1867 ἶν’
1318 1814 1465 1870 οὕτω
1485 1820 1584 1888 τῆς
1610 1819 1931 1887 ἀκολουθίας

265 1897 672 1970 ἐπιλαϐόμενοι,
701 1899 799 1970 τῆς
831 1899 1176 1965 διδασκαλίας
1208 1901 1493 1975 ἁψώμεθα.
1526 1905 1636 1976 Τὴν
1669 1909 1799 1979 περὶ
1832 1909 1932 1980 τῆς

266 1985 572 2056 περιτομῆς
598 1985 815 2056 ἐντολὴν
847 1988 928 2050 είς
958 1987 1124 2058 μέσον
1164 1991 1600 2061 παραγαγόντες,
1635 1991 1932 2050 13161:“!-

269 2091 367 2128 πεν
399 2075 427 2127 6
449 2073 580 2136 Θεὸς
602 2073 683 2143 τῷ
715 2074 1048 2147 πατριάρχῃ.
1078 2077 1587 2146 Περιτμηθήσεται
1615 2079 1784 2150 ὑμῶν
1808 2080 1934 2138 πᾶν

263 2157 607 2226 ἀρσενικὸν,
629 2159 726 2212 καί
757 2157 929 2212 ἔσται
952 2159 1023 2212 ἐν
1043 2163 1269 2228 σημείῳ
1285 2161 1576 2230 διαθήκης
1600 2164 1718 2218 ἀνὰ
1734 2165 1932 2234 μέσον

263 2245 412 2314 ἐμοῦ
436 2246 534 2298 καί
557 2244 751 2314 ὑμῶν’
792 2245 890 2298 καί
933 2245 1175 2299 παιδίον
1212 2247 1364 2300 ὀκτὼ
1394 2247 1625 2317 ἡμερῶν
1650 2267 1930 2322 περιτμη-

264 2331 509 2397 θήσεται
530 2349 544 2364 ο
573 2333 672 2385 καὶ
695 2331 763 2396 ὃς
785 2333 856 2385 οὐ
879 2331 1398 2402 περιτμηθήσετειι,
1427 2334 1928 2405 6450.10093an-

261 2433 358 2471 τοι
382 2419 420 2485 ἡ
443 2416 615 2486 ψυχὴ
647 2417 871 2484 ἐκείνη,
903 2418 993 2472 ὅτι
1021 2417 1137 2486 τὴν
1159 2419 1454 2488 διαθήκην
1477 2439 1598 2490 μου
1622 2422 1928 2478 διεσκέδα-

259 2519 400 2556 σεν·
427 2503 658 2556 ἐνταῦθα
681 2507 760 2568 είς
793 2505 883 2558 τὸν
907 2505 1006 2573 τῆς
1034 2506 1339 2577 περιτομῆς
1365 2505 1526 2575 «λόγον
1552 2509 1650 2578 τήν
1677 2510 1929 2564 διδασκα-

262 2589 384 2642 λίαν
424 2590 804 2660 κατε).ύσαμεν
824 2608 838 2622 ο
876 2593 969 2644 καὶ
1003 2592 1091 2644 ἵνα
1127 2593 1202 2662 μή
1238 2592 1317 2662 τῷ
1341 2592 1535 2663 πλήθει
1563 2593 1670 2647 τῶν
1697 2594 1926 2667 λεγομέο

261 2692 368 2727 νων
390 2674 796 2745 καταχώσωμεν
813 2676 965 2746 ὑμῶν
990 2677 1086 2747 τὴν
1105 2677 1362 2742 διάνοιαν,
1393 2679 1703 2750 περαιτέρω
1732 2682 1926 2752 προελ-

261 2761 376 2814 θεῖν
407 2763 509 2814 οὑκ
551 2762 916 2831 ἠνεσχόμεθα.
948 2763 1082 2814 Οὐδὲ
1115 2763 1224 2833 γάρ
1249 2763 1406 2815 τοῦτο
1435 2767 1592 2834 μόνον
1619 2767 1766 2820 ἐστὶν
1792 2769 1926 2838 ἡμῖν

258 2847 322 2900 τὺ
349 2846 801 2916 σπουδαζόμενον,
816 2848 877 2900 τὸ
892 2847 1064 2899 πολλά
1089 2849 1262 2903 είπεῖν
1279 2850 1380 2902 καὶ
1398 2850 1772 2921 ἀναχωρῆσαι,
1789 2853 1926 2908 ἀλλά

261 2935 598 3004 συμμετρεῖν
625 2932 928 3003 βουλόμεθα
951 2937 1017 3004 τῇ
1040 2934 1265 3006 δυνάμει
1288 2938 1354 3006 τῇ
1383 2937 1628 3009 ὑμετέρᾳ
1649 2939 1742 2993 τοῦ
1764 2941 1923 3010 λόγου

256 3021 358 3088 τὴν
385 3019 757 3084 διδασκαλίαν,
785 3020 879 3072 ἱνα
909 3022 1330 3092 καρπωσάμενοί
1357 3039 1410 3074 τι
1432 3027 1496 3075 ἐκ
1519 3024 1620 3093 τῆς
1638 3025 1747 3078 τῶν
1772 3027 1926 3096 λεγο-

262 3106 442 3176 μένων
487 3105 774 3175 ὠφελείας,
807 3106 983 3169 οὕτως
1021 3106 1204 3159 οῐκαδε
1252 3107 1454 3171 πάντες
1510 3110 1922 3183 ἀναχωρήσητε.

257 3193 395 3263 Φέρε
431 3187 525 3246 οῦν
551 3192 621 3245 τά
640 3193 934 3263 λειπόμενα
964 3193 1291 3264 προσθῶμεν
1314 3197 1428 3258 τοῖς
1465 3195 1798 3265 εἰρημένοις,
1832 3198 1928 3251 καὶ

259 3279 463 3348 ἴδωμεν
495 3279 632 3349 μετά
664 3278 764 3347 τήν
796 3279 895 3348 τῆς
922 3280 1226 3348 περιτομῆς
1254 3279 1493 3349 ἐντολήν,
1531 3282 1584 3334 τί
1614 3283 1870 3352 προσθεὶς
1897 3285 1927 3338 6

262 3363 643 3432 φιλάνθρωπος
673 3363 807 3426 Θεὸς
826 3363 1134 3430 διαλέγεται
1153 3363 1231 3432 τῷ
1263 3366 1596 3437 πατριάρχῃ.
1634 3367 1745 3420 Καὶ
1771 3364 1923 3432 εἷπε,

256 3452 444 3518 φησὶν,
475 3453 506 3502 ό
533 3451 678 3513 Θεὸς
701 3447 781 3512 τῷ
813 3448 1058 3516 Ἀϐραάμ
1076 3465 1091 3478 ·
1120 3449 1284 3517 Σὰρα
1303 3451 1342 3518 ιή
1373 3452 1524 3520 γυνή
1543 3467 1659 3506 σου
1682 3454 1754 3507 οὐ
1779 3458 1926 3528 κλῃ-

256 3536 502 3601 θήσεται
536 3536 602 3588 τὸ
631 3537 820 3603 ὄνομα
855 3534 1044 3603 αὐτῆς
1100 3535 1280 3602 Σάρα,
1310 3535 1472 3589 ἀλλὰ
1522 3537 1720 3605 Σὰρῤα
1752 3529 1924 3594 ἑστίαι

258 3625 324 3675 τὸ
355 3623 542 3690 ὄνομα
567 3620 779 3688 αὐτῆς.
825 3623 1033 3691 Ὥσπερ
1059 3621 1160 3685 σοὶ,
1190 3621 1344 3691 φησὶ,
1372 3621 1436 3673 τὸ
1465 3627 1723 3694 στοιχεῖον
1757 3643 1924 3696 προσ-

259 3710 370 3764 θεὶς
401 3710 667 3779 ἐμήνυσα,
695 3708 778 3761 ὅτι
809 3709 989 3778 πατὴρ
1023 3706 1119 3780 ἔσῃ
1159 3705 1370 3759 πολλῶν
1408 3705 1600 3771 ἐθνῶν,
1643 3709 1786 3763 οῦτω
1829 3711 1925 3764 καὶ

258 3799 324 3865 τῇ
361 3796 512 3866 Σάρα
541 3794 741 3863 ὁμοίως
772 3794 1105 3863 προστίθημι
1133 3793 1195 3845 τὸ
1223 3796 1505 3863 στοιχεῖον,
1529 3795 1616 3847 ἴνα
1641 3797 1818 3869 μάθῃς
1841 3799 1923 3852 δτι

259 3884 354 3936 νῦν
385 3886 414 3937 ό
444 3882 633 3954 καιρὸς
671 3883 796 3951 ἥκει
824 3879 919 3933 τοῦ
967 3883 1045 3943 εἰς
1079 3881 1239 3950 ἔργον
1267 3881 1443 3936 ἐλθεῖν
1486 3882 1554 3936 τὰ
1593 3885 1757 3937 πάλαι
1792 3888 1921 3957 παρ’

258 3969 390 4038 ἐμοῦ
412 3966 838 4036 ἐπαγγελθέντα.
870 3967 1076 4018 Ἔσται
1100 3965 1232 4035 γάρ,
1261 3968 1415 4036 φησι,
1443 3966 1508 4044 τὸ
1534 3968 1718 4036 ὄνομα
1733 3970 1924 4038 αὐτῆς

261 4055 475 4123 Σάρῤα.
505 4052 838 4122 Εὑλογήσω
863 4052 930 4104 δὲ
952 4049 1168 4118 αὐτὴν,
1193 4053 1290 4105 καὶ
1318 4051 1490 4106 δώσω
1510 4067 1608 4106 σοι
1637 4054 1706 4118 ἐξ
1734 4056 1925 4123 αὐτῆς

261 4143 498 4207 τέκνον,
539 4141 639 4192 καί
678 4137 993 4207 εὐλογήσω
1021 4137 1227 4202 αὐτὸν,
1264 4137 1361 4190 καί
1400 4139 1570 4191 ἔσται
1601 4141 1689 4203 είς
1725 4139 1922 4207 ἔθνος,

260 4225 650 4292 καὶβασιλεῖς
663 4225 853 4278 ἐθνῶν
870 4224 938 4286 ἐξ
961 4223 1147 4276 αὐτοῦ
1167 4223 1609 4285 ἐξελεύσονται.
1647 4224 1747 4278 Διά
1767 4226 1925 4280 τοῦτο

259 4311 546 4384 προλαϐὼν
564 4311 658 4364 τοῦ
684 4310 947 4380 στοιχείου
978 4310 1076 4378 τὴν
1099 4308 1415 4379 προσθήκην
1446 4310 1808 4381 ἐποιησάμην,
1838 4311 1925 4365 ἶνα

263 4401 440 4471 μάθῃς
465 4401 547 4452 ὅτι
591 4399 805 4459 πάντως
838 4397 990 4448 ἔσται
1020 4395 1086 4448 τὰ
1116 4395 1245 4465 παρ’
1279 4393 1411 4465 ἐμοῦ
1441 4395 1725 4466 λεγόμενα.
1771 4398 1923 4468 Μηδὲ

263 4489 401 4558 πρὸς
448 4489 547 4556 τήν
589 4485 872 4539 ἀσθένειαν
905 4485 1004 4551 τῆς
1049 4482 1261 4550 φύσεως
1299 4483 1519 4553 ἀφορῶν
1566 4483 1918 4555 καταπέσῃςο

262 4576 394 4629 ἀλλά
439 4575 574 4644 πρδς
609 4573 670 4624 τὸ
708 4571 933 4641 μέγεθος
963 4570 1062 4638 τῆς
1088 4569 1365 4636 δυνάμεως
1393 4569 1490 4637 τῆς
1515 4570 1649 4639 ἐμῆς,
1687 4570 1920 4624 ἀποϐλέ-

261 4680 399 4723 πων,
439 4661 715 4731 θάρσησον
742 4659 851 4719 τοῖς
884 4655 1015 4727 παρ’
1058 4654 1190 4724 ἐμοῦ
1226 4655 1555 4723 λεγομένοις.
1594 4657 1923 4725 Ευλογήσω

261 4748 366 4818 γὰρ
396 4746 612 4814 αὐτὴν,
637 4745 734 4798 καί
763 4742 934 4795 δώσω
960 4759 1058 4795 σοι
1078 4741 1146 4806 ἐξ
1177 4739 1368 4807 αὐτῆς
1389 4741 1621 4804 τέκνον,
1655 4740 1803 4814 [405]
1826 4743 1922 4796 καί

261 4835 573 4901 εὐλογήσω
613 4832 821 4896 αὑτὸν,
853 4830 951 4883 καὶ
979 4829 1149 4882 ἔσται
1184 4830 1272 4892 είς
1319 4828 1486 4893 ἔθνη,
1513 4829 1608 4880 καὶ
1641 4830 1923 4895 βασιλεῖς

261 4921 449 4975 ἐθνῶν
481 4921 547 4982 ἐξ
575 4918 759 4972 αὐτοῦ
784 4917 1228 4981 ἐξελεύσονται.
1269 4914 1438 4984 ’Υπὲρ
1467 4915 1623 4982 φύσιν
1645 4916 1919 4985 ἀνθρωπί-

264 5025 358 5076 νην
388 5007 457 5060 τὰ
499 5005 923 5072 ἐπαγγελθέντα,
957 5003 1050 5055 καί⁵
1074 5003 1256 5071 ὅμοιον
1285 4996 1353 5071 ἦν
1377 5001 1452 5063 ὡς
1482 5002 1546 5055 ἂν
1571 5003 1618 5054 εἰ
1653 5004 1922 5073 ὑπέσχετο

262 5097 366 5149 ἀπὸ
396 5093 558 5147 λίθων
589 5091 907 5162 ἀνθρώπους
935 5091 1176 5160 ποιῆσαι.
1206 5089 1372 5141 υὺδέν
1425 5090 1531 5160 γὰρ
1586 5091 1747 5144 λίθων
1777 5088 1918 5161 ἦσαν

263 5182 659 5253 διενηνοχότες,
695 5181 819 5233 ὅσον
853 5178 989 5249 πρὸς
1033 5177 1095 5229 τὸ
1139 5179 1336 5240 τεκεῖν,
1377 5178 1469 5229 καὶ
1507 5179 1534 5231 6
1581 5179 1922 5249 πατριάρχης

264 5272 367 5324 ὑπὸ
395 5268 488 5322 τοῦ
517 5271 703 5338 γήρως
729 5266 912 5319 λοιπὸν
941 5264 1302 5335 ἀνενέργητος
1337 5263 1432 5326 ὢν,
1461 5266 1554 5317 καὶ
1580 5267 1714 5337 πρὸς
1738 5267 1922 5322 παιδο-

264 5358 762 5426 ποιίανάχρηστος,
802 5356 896 5407 καὶ
926 5356 959 5423 ή
1013 5355 1199 5424 Σάρρα
1245 5352 1381 5422 μετά
1435 5352 1536 5421 τῆς
1585 5356 1921 5423 στειρὼσεως

265 5445 466 5514 ἐχουσα
500 5445 593 5495 καὶ⁸
613 5442 710 5512 τὴν
739 5439 847 5494 ἀπὸ
875 5439 974 5508 τῆς
1001 5439 1212 5508 ήλικίας
1233 5438 1325 5491 καὶ
1356 5437 1450 5491 τοῦ
1480 5441 1662 5508 γήρως
1693 5443 1924 5514 προσθεῖ)-

265 5512 386 5596 κην.
441 5525 576 5577 Ἀλλ’
593 5527 622 5577 6
650 5524 855 5586 δίκαιος
885 5521 1056 5575 ταῦτα
1086 5521 1299 5574 ἀκούων
1326 5522 1420 5574 καὶ
1441 5522 1674 5591 νομίζων
1699 5512 1795 5592 τὴ]
1817 5526 1922 5576 πάι

273 5612 362 5664 λαι
396 5610 771 5680 γεγενημένην
795 5609 945 5680 παρά
970 5606 1064 5662 τοῦ
1094 5607 1230 5660 Θεοῦ
1265 5608 1595 5676 ἐπαγγελίαν
1631 5610 1924 5680 ἐκϐεϐηκέ-

268 5718 351 5751 ναι
382 5701 461 5763 εἰς
490 5699 580 5750 τὸν
617 5697 858 5768 Ἰσμαήλ⁸
882 5695 1068 5765 ἐπειδὴ
1093 5695 1203 5766 γὰρ
1225 5693 1367 5760 εἷπε,
1395 5696 1497 5748 Σοί
1525 5696 1622 5749 καί
1646 5695 1724 5760 τῷ
1743 5702 1923 5766 σπέρ-

266 5787 404 5854 ματί
426 5802 542 5840 σου
564 5784 735 5838 δώσω
761 5783 872 5852 τὴν
890 5781 1008 5854 τῆν
1029 5782 1278 5852 ταύτην,
1296 5783 1356 5836 οὑ
1371 5782 1603 5854 διέκρινε
1619 5783 1676 5837 δὲ
1694 5785 1773 5839 ὃτι
1793 5786 1918 5855 περὶ

1123 403 1180 458 S.
1221 403 1507 463 JOANNIS
1543 409 1927 466 CIIRYSOS'N

2069 411 2390 469 Αιιωιιει).
2432 413 2981 475 CONSTANTINOP.

3613 420 3718 480 570

2063 527 2147 580 τοῦ
2167 529 2282 582 ἀπὸ
2311 529 2408 598 τῆς
2450 529 2666 600 Σάρρας
2709 538 3028 604 τικτομένου
3069 535 3226 603 φησὶ,
3270 534 3542 604 ἐλογίζετο
3593 534 3716 587 καθ’

2046 612 2240 666 ἐαυτὸν
2256 617 2337 668 ὅτι
2360 618 2428 668 τά
2448 616 2544 685 τῆς
2579 617 2923 688 ὑποσχέσεως
2944 619 3212 690 ἐκϐέϐηκε
3228 635 3243 649 ”
3269 623 3384 674 νυνὶ
3412 621 3470 674 δὲ
3498 619 3715 674 ἀκούων

2048 699 2255 770 Κυρίου
2290 700 2385 754 τοῦ
2403 701 2540 754 Θεοῦ
2559 702 2833 770 λέγοντος.
2860 705 2941 758 ὅτι
2967 704 3302 774 Εὐλοτήσω
3320 704 3435 773 τὴν
3455 705 3713 773 Σάρῤαν,

2047 787 2150 840 καί
2163 787 2335 841 δώσω
2356 804 2454 842 σοι
2474 788 2545 853 ἐξ
2560 789 2752 858 αὐτῆς
2771 791 3010 857 τέκνον,
3036 792 3136 848 καί
3163 791 3481 862 εὐλογήσω
3499 790 3714 858 αὐτὸν,

2045 874 2144 928 καί
2177 876 2349 929 ἔσται
2370 878 2458 942 εὶς
2640 894 2654 908 ο
2677 878 2774 931 καὶ
2811 878 2997 942 πάλιν,
3042 879 3138 943 Ἐξ
3170 880 3405 933 ἐκείνου
3427 877 3714 945 ,ϐασιλεῖς

2042 961 2236 1016 ἐθνῶν
2273 963 2726 1028 ἐξελεύσονται·
2769 965 2871 1019 οὐκ
2907 965 3046 1036 έχων
3077 966 3107 1019 6
3133 983 3185 1019 τι
3224 964 3354 1036 είπη
3404 964 3551 1036 (οὔτε
3601 964 3716 1036 γὰρ

2042 1050 2294 1102 ἀπιστεῖν
2325 1049 2556 1119 ἠδύνατο
2579 1053 2693 1115 τοῖς
2718 1051 2870 1123 παρά
2893 1051 2990 1106 τοῦ
3016 1052 3151 1106 Θεοῦ
3189 1052 3526 1124 λεγομένοις,
3562 1051 3714 1121 φιλό-

2045 1135 2166 1198 θεος
2197 1135 2317 1206 ὢν),
2353 1138 2449 1203 καὶ
2482 1138 2622 1209 πρὸς
2663 1140 2764 1210 τὴν
2805 1140 3025 1211 ήλικίαν
3055 1141 3199 1210 δρῶν
3227 1142 3328 1212 τὴν
3355 1141 3576 1207 ἐαυτοῦ,
3617 1141 3716 1194 καὶ

2042 1223 2179 1292 πρὸς
2205 1225 2304 1293 τὴν
2325 1224 2426 1294 τῆς
2447 1224 2667 1296 Σάρρας
2689 1226 2976 1299 στείρωσιν
3001 1226 3101 1297 τήν
3130 1227 3328 1298 μέχρις
3352 1227 3570 1299 ἐκείνης
3596 1228 3714 1300 ήλι-

2041 1308 2166 1372 κίας
2201 1310 2599 1381 γεγενημένην,
2636 1311 2695 1365 ἐν
2725 1313 3008 1384 ἀμηχανίᾳ
3027 1313 3286 1381 γεγονὼς,
3314 1314 3407 1368 καὶ
3435 1313 3716 1370 καταπλαρ

2041 1397 2158 1465 γεὶς
2185 1395 2278 1449 τοῦ
2310 1395 2445 1449 Θεοῦ
2466 1396 2565 1469 τὴν
2594 1399 2905 1470 ὑπόσχεσιν,
2931 1400 3176 1466 Ἔπεσε,
3207 1401 3392 1472 φησὶν,
3412 1401 3506 1455 ἐπὶ
3532 1402 3714 1472 πρόσ-

2041 1500 2226 1547 ωπον,
2251 1484 2350 1536 καὶ
2378 1482 2694 1551 ἐγέλασεν.

2113 1621 2178 1691 β’.
2206 1617 2326 1674 Εἰδε
2346 1623 2445 1692 τὴν
2473 1622 2576 1675 ὑπε
2585 1621 2780 1693 ρδολὴν
2798 1624 2898 1694 τῆς
2917 1624 3287 1696 ὑποσχέσεως.
3302 1626 3400 1681 καὶ
3417 1627 3518 1698 τῆς
3543 1628 3712 1683 δυνά-

2043 1726 2188 1780 μεως
2207 1707 2301 1762 τοῦ
2321 1709 2790 1781 ἐπαγγειλαμένου
2811 1711 2872 1764 τὸ
2891 1711 3120 1782 μέγεθος
3142 1714 3422 1783 ἐννοήσας,
3445 1717 3714 1770 Ἔπεσεν

2039 1795 2138 1848 ἐπὶ
2177 1796 2523 1863 πρόσωπον,
2566 1796 2666 1850 καί
2704 1795 3024 1867 ἐγέλασεν,
3070 1797 3192 1852 ἀντὶ
3234 1798 3347 1864 τοῦ,
3403 1801 3711 1872 περιχαρὴς

2040 1877 2254 1946 ἐγένετο
2271 1891 2286 1906 °
2314 1877 2408 1932 καὶ
2433 1878 2575 1931 κατά
2602 1879 2728 1943 τοὺς
2758 1881 2859 1949 τῆς
2890 1879 3126 1944 διανοίας
3162 1881 3455 1952 λογισμοὺς
3483 1883 3708 1948 ἐνενόει,

2040 1964 2156 2028 πῶς
2183 1963 2250 2018 ἀν
2278 1965 2418 2018 κατὰ
2440 1964 2788 2038 ἀνθρωπίνην
2808 1966 3130 2022 ἀκολουθίαν
3151 1967 3310 2022 τοῦτο
3326 1969 3539 2037 γένοιτό
3554 1986 3708 2036 ποτε,

2041 2053 2136 2107 καὶ
2152 2055 2199 2106 εί
2215 2053 2292 2123 τῷ
2311 2053 2685 2108 ἐκατονταέτει
2708 2055 2921 2108 παιδίον
2933 2056 3244 2125 γενήσεται,
3263 2056 3359 2109 καὶ
3375 2057 3425 2109 εί
3444 2058 3478 2126 ή
3497 2059 3710 2128 στεῖρα,

2041 2140 2135 2193 καὶ
2162 2140 2356 2210 μέχρις
2385 2141 2738 2210 ἐννενήκοντα
2784 2141 2922 2194 ἐτῶν
2951 2142 3143 2208 ἄγονος
3179 2143 3525 2212 διαμείνασα,
3564 2143 3713 2209 ἐξαί-

2038 2243 2176 2296 φνης
2198 2226 2486 2296 δυνήσεται
2504 2227 2639 2298 πρὸς
2653 2229 2999 2296 τεκνογονίαν
3017 2223 3378 2300 δωγερθῆναι.
3404 2231 3514 2284 Καὶ
3534 2231 3715 2286 ταῦτα

2038 2317 2182 2372 κατά
2211 2319 2310 2389 τὴν
2335 2318 2574 2372 διάνοιαν
2597 2317 2975 2389 λογισάμενος,
3007 2319 3109 2372 οὑκ
3140 2319 3407 2390 ἐτόλμησέ
3445 2338 3500 2373 τι
3532 2321 3713 2374 τοιοῦ-

2035 2422 2132 2460 τον
2159 2405 2249 2460 διά
2275 2405 2373 2476 τῆς
2409 2403 2655 2475 γλώττης
2694 2410 3068 2476 προενεγκεῖν,
3099 2406 3234 2461 ἀλλά
3269 2407 3484 2471 δεικνὺς
3510 2407 3710 2462 ἑαυτοῦ

2035 2495 2134 2565 τὴν
2187 2493 2639 2565 εὐγνωμοσύνην,
2697 2493 3046 2567 παράκλησιν
3094 2498 3361 2568 προσάγει
3425 2500 3554 2569 περὶ
3610 2498 3710 2552 τοῦ

2049 2581 2288 2654 Ἷσμαήλ,
2311 2583 2591 2652 μονονουχὶ
2619 2580 2819 2650 λέγων’
2839 2582 3104 2646 Δέσποτα,
3133 2583 3447 2653 ἀρκούντως
3474 2601 3542 2652 με
3567 2602 3713 2657 παρ-

2036 2666 2317 2738 εμυθήσω,
2353 2669 2449 2721 καὶ
2497 2669 2596 2738 τήν
2635 2667 2700 2720 ἐκ
2745 2667 2844 2738 τῆς
2881 2668 3140 2732 ἀπαιδίας
3185 2669 3425 2738 ἀθυμίαν
3460 2673 3528 2741 τῇ
3562 2670 3712 2726 δόσει

2033 2753 2126 2806 τοῦ
2159 2754 2383 2825 Ἰσμαήλ
2403 2756 2483 2816 είς
2507 2753 2846 2824 εὐφροσύνην
2864 2754 3177 2826 μετέϐαλες.
3206 2757 3340 2809 Ούδέ
3355 2757 3484 2829 γὰρ,
3514 2759 3712 2812 τούτου

2034 2839 2337 2911 τεχθέντος,
2365 2840 2551 2894 λοιπὸν
2575 2840 2678 2894 κάν
2694 2843 2752 2895 ἐν
2775 2841 2983 2911 διανοίᾳ
2998 2840 3189 2894 ἔλαϐον
3213 2843 3247 2914 ή
3271 2843 3531 2912 ἐνενόησά
3553 2860 3708 2907 ποτε,

2034 2927 2114 2980 δτι
2142 2927 2207 2979 ἐκ
2229 2927 2332 2994 τῆς
2356 2926 2575 2997 Σάρρας
2598 2925 2752 2980 ἔσται
2782 2944 2874 2998 μοι
2907 2929 3058 2992 παῖς,
3083 2927 3199 2980 ἀλλ’
3223 2928 3344 2981 οὑδὲ
3381 2929 3522 2999 αὑτὴ
3547 2927 3713 2983 τοῦτο

2033 3013 2400 3084 προσεδόκησε
2423 3030 2437 3043 ·
2467 3013 2550 3066 διὸ
2578 3013 2672 3066 καὶ
2710 3014 2811 3084 τὴν
2836 3015 3013 3086 Ἅγαρ
3054 3031 3143 3085 μοι
3189 3016 3529 3086 παρέδωκεν,
3596 3017 3706 3069 άπ-

2033 3099 2383 3172 αγορεύσασα
2424 3099 2492 3152 τά
2526 3099 2645 3153 καθ’
2676 3099 2892 3170 ἐαυτήν.
2951 3099 3163 3171 Ἰκανὴν
3193 3101 3371 3154 τοίνυν
3404 3102 3710 3172 ἀμφότεροι

2032 3188 2131 3259 τὴν
2158 3187 2510 3258 παραμυθίαν
2539 3187 2851 3256 ἐσχήκαμεν
2880 3185 3162 3257 τεχθέντος
3198 3187 3294 3240 τοῦ
3334 3187 3582 3258 Ίσμαήλ.
3608 3183 3710 3242 05-

2032 3291 2124 3336 τος
2152 3269 2247 3327 οῦν
2274 3275 2303 3326 6
2324 3272 2486 3342 fmph
2515 3272 2608 3325 σοῦ
2637 3272 2812 3335 δοθεὶς
2838 3273 2970 3342 ἡμῖν
3011 3271 3158 3343 ζήτω
3186 3274 3426 3327 ἐναντίον
3460 3291 3580 3339 σου,
3610 3275 3707 3329 καὶ

2041 3359 2322 3431 ἀρκοῦσαν
2341 3343 2544 3428 λέξομεν
2566 3358 2666 3429 τὴν
2688 3375 2762 3410 πα
2773 3357 3061 3430 ράκλησιν.
3085 3360 3181 3411 καὶ
3209 3360 3270 3412 τὸ
3289 3360 3465 3430 γῆρας
3485 3361 3548 3414 τὸ
3566 3361 3708 3432 ἠμί..

2032 3462 2192 3516 τερον
2216 3446 2250 3515 ἡ
2277 3443 2467 3497 τούτου
2489 3443 2604 3514 ζωή
2625 3443 3104 3515 παραμυθήσεται.
3135 3445 3200 3496 Τί
3231 3440 3326 3498 οὖν
3346 3447 3375 3497 ό
3403 3446 3709 3518 φιλάνθρω-

2033 3550 2132 3594 πος
2156 3531 2463 3600 Δεσπότης;
2508 3531 2723 3602 Ἐπειδὴ
2742 3531 2944 3595 ἱκανῶς
2967 3529 3062 3584 καὶ
3089 3529 3185 3583 τοῦ
3207 3531 3418 3585 δικαίου
3433 3531 3536 3602 τῆς
3563 3531 3708 3602 γνώο

2034 3635 2141 3688 μης
2162 3617 2223 3671 τὸ
2255 3616 2498 3685 φιλόθεον
2527 3617 2614 3669 διὰ
2640 3618 2739 3687 τῆς
2767 3617 2862 3670 τοῦ
2895 3619 3090 3689 χρόνου
3122 3619 3485 3687 παρατάσεως
3506 3620 3707 3675 ἐϐασά-

2031 3720 2169 3764 νισε,
2200 3705 2294 3757 καί
2323 3704 2423 3773 τῆς
2446 3703 2661 3774 Σάρρας
2687 3704 2788 3774 τὴν
2816 3705 3021 3769 πίστιν,
3053 3704 3146 3758 καὶ
3178 3701 3317 3758 είδεν
3358 3706 3706 3778 ἀμφοτέρους

2030 3789 2540 3864 ἀπαγορεύσαντας,
2567 3789 2661 3842 καὶ
2687 3790 2777 3843 τὸν
2805 3790 2903 3861 μέν
2925 3790 3014 3844 διά
3041 3791 3102 3844 τὸ
3121 3791 3322 3863 γῆρας,
3353 3792 3454 3861 τήν
3480 3793 3537 3846 δὲ
3565 3795 3708 3864 μετά

2029 3877 2129 3944 τῆς
2174 3875 2387 3946 ήλικίας
2416 3859 2507 3930 καὶ
2548 3875 2638 3928 διὰ
2665 3875 2772 3946 τήν
2805 3859 3107 3948 στείρωσιν,
3150 3859 3320 3948 φησί·
3356 3859 3472 3933 Νῦν
3514 3859 3706 3953 ἐπειδὴ

2029 3962 2210 4032 πάντη
2234 3964 2362 4033 ὑμῖν
2391 3962 2651 4016 ἀδύνατον
2662 3963 2819 4016 τοῦτο
2841 3959 2978 4016 εἶναι
3004 3964 3284 4032 φαίνεται·
3303 3965 3393 4018 διὰ
3419 3966 3529 4035 γὰρ
3547 3965 3709 4020 τοῦτο

2031 4047 2188 4116 κάγὼ
2209 4049 2309 4120 τήν
2332 4050 2601 4118 τοσαύτην
2625 4049 3009 4121 μακροθυμίαν
3027 4051 3411 4122 ἐπεδειξάμην,
3440 4054 3528 4107 ἴνα
3547 4053 3708 4119 δείξω

2032 4138 2114 4189 ὅτι
2147 4139 2284 4208 ὑπὲρ
2316 4139 2476 4208 φύσιν
2498 4137 2847 4208 ἀνθρωπίνην
2877 4140 3024 4192 ἐστὶν
3059 4142 3092 4209 ή
3126 4139 3303 4209 δωρεά
3334 4143 3367 4211 ὴ
3405 4143 3536 4213 παρ’
3567 4143 3704 4213 ἐμοῦ

2033 4226 2404 4295 παρεχομένη,
2429 4225 2523 4277 καὶ
2552 4226 2638 4277 ἴνα
2653 4225 2747 4277 καὶ
2767 4226 2925 4294 ὑμεῖς
2952 4227 3046 4278 καὶ
3072 4227 3122 4279 οί
3152 4227 3302 4280 ἄλλοι
3325 4229 3525 4290 πάντες
3551 4227 3701 4300 [606]

2031 4312 2097 4365 δι’
2130 4311 2310 4364 αὑτῶν
2343 4309 2553 4380 μάθωσι
2584 4311 2690 4362 τῶν
2729 4311 3089 4381 πραγμάτων,
3120 4313 3201 4366 ὅτι
3233 4315 3326 4366 καὶ
3354 4315 3453 4384 τῆς
3487 4315 3704 4383 φύσεώς

2033 4400 2148 4470 είμι
2180 4398 2477 4466 Δεσπότης,
2509 4398 2603 4448 καὶ
2628 4396 2763 4469 πρὸς
2784 4396 2812 4448 δ
2836 4397 3098 4467 βούλομαι
3133 4400 3271 4468 αὑτὴ
3299 4401 3584 4462 ὑπακούει,
3610 4405 3704 4455 καὶ

2029 4487 2165 4540 είκει
2203 4487 2315 4546 τοῖς
2358 4485 2510 4552 ἐμοῖς
2543 4484 2931 4552 ἐπιτάγμασιν.
2974 4484 3037 4536 El
3071 4484 3182 4555 γάρ
3216 4486 3281 4538 ἐκ
3315 4486 3411 4538 τοῦ
3449 4487 3524 4556 μὴ
3549 4489 3702 4552 ὄντος

2031 4572 2198 4641 αὑτήν
2225 4572 2566 4640 παρήγαγον,
2604 4570 2782 4638 πολλῷ
2816 4570 3016 4639 μᾶλλον
3055 4572 3226 4642 αὑτὴν
3268 4575 3569 4644 γενομένην
3601 4576 3700 4644 τὴν

2032 4658 2195 4725 φύσιν
2223 4659 2314 4710 καὶ
2341 4655 2682 4726 χωλεύουσαν
2705 4655 2993 4727 διορθῶσαι
3026 4656 3341 4728 δυνήσομαι.
3375 4661 3492 4714 Ἰνα
3518 4661 3698 4714 τοίνυν

2034 4746 2257 4816 θαρρεῖν
2285 4745 2434 4815 ἔχῃς,
2471 4743 2634 4797 ἄκουε
2659 4744 2752 4797 καὶ
2784 4743 3111 4814 διεγέρθητι,
3136 4747 3230 4798 καὶ
3254 4747 3377 4810 τοὺς
3400 4749 3456 4799 ἐν
3488 4751 3553 4818 τῇ
3585 4750 3700 4801 δια-

2032 4833 2150 4902 νοίᾳ
2175 4830 2468 4900 λογισμούς
2492 4847 2587 4883 σου
2621 4830 2940 4900 κινηθέντας
2965 4833 3380 4901 παρωσάμενος,
3403 4833 3558 4904 δέχου
3587 4838 3700 4887 ἰκα-

2031 4935 2125 4988 νην
2169 4917 2539 4987 πληροφορίαν
2579 4919 2643 4969 ἐκ
2685 4915 2793 4969 τῶν
2834 4917 2964 4986 παρ’
3005 4918 3138 4988 ἐμοῦ
3191 4918 3518 4988 λεγομένων.
3567 4922 3696 4976 Ἰδοὺ

2029 5005 2140 5073 γὰρ
2174 5003 2358 5073 Σάρρα
2388 5004 2420 5072 ή
2449 5002 2586 5071 γυνή
2624 5019 2739 5064 σου,
2773 5003 2839 5072 ἦν
2871 5003 3114 5072 νομίζεις
3136 5004 3227 5056 διά
3257 5021 3316 5057 τε
3342 5005 3440 5076 τὴν
3476 5009 3697 5079 στείρω-

2034 5108 2139 5152 σιν,
2178 5089 2266 5142 διά
2296 5105 2353 5140 τε
2387 5088 2448 5138 τὸ
2482 5087 2662 5156 γῆρας
2699 5088 2962 5141 ἀδύνατον
2997 5089 3182 5142 λοιπὸν
3211 5095 3412 5156 τεκεῖν,
3445 5095 3583 5164 αῦτη
3615 5095 3695 5148 τέο

2030 5176 2179 5243 ξεταί
2210 5193 2293 5229 σοι
2329 5176 2463 5228 υἱόν.
2499 5175 2611 5228 Καὶ
2639 5176 2723 5227 ἵνα
2749 5177 2881 5246 μηδὲ
2909 5177 3271 5247 ἀμφιϐάλλειν
3301 5180 3449 5252 ἔχῃς,
3485 5183 3592 5235 ἰδού
3615 5199 3694 5236 σοι

2030 5266 2122 5318 καὶ
2142 5263 2237 5334 τὴν
2264 5263 2635 5334 προσηγορίαν
2658 5262 2750 5314 τοῦ
2777 5264 3094 5332 τικτομένου
3124 5267 3441 5335 προμηνύω.
3463 5269 3566 5320 Τὸν
3590 5271 3695 5340 γάρ

2030 5351 2346 5419 τικτόμενον
2369 5349 2624 5412 καλέσεις
2664 5349 2866 5402 Ἰσαάκ.
2907 5349 3060 5417 Πρὸς
3088 5351 3196 5422 γὰρ
3226 5352 3462 5406 ἐκεῖνον
3485 5356 3694 5423 στήσω

2031 5438 2144 5506 τὴν
2179 5436 2473 5505 διαθήκην
2515 5454 2635 5504 μου
2685 5438 2771 5501 είς
2813 5436 3106 5504 διαθήκην
3158 5439 3421 5502 αἰώνιον,
3467 5443 3566 5495 καί
3616 5441 3694 5506 τῷ

2033 5525 2325 5594 σπέρματι
2355 5520 2541 5579 αὐτοῦ
2579 5522 2708 5592 μετ’
2744 5523 2950 5577 αὐτόν.
2993 5518 3163 5588 Οὗτος
3191 5527 3300 5597 γάρ
3343 5528 3510 5592 ἐστιν,
3552 5528 3610 5580 ὃν
3637 5529 3692 5592 ἐξ

2035 5614 2209 5682 ἀρχῆς
2237 5612 2330 5664 καὶ
2358 5612 2420 5662 ἐκ
2450 5609 2751 5680 προοιμίων
2788 5626 2872 5663 σοι
2897 5610 3237 5684 ὑπεσχόμην,
3269 5613 3366 5667 καὶ
3406 5615 3484 5676 είς
3511 5613 3693 5669 τοῦτον

2032 5701 2101 5755 τὰ
2144 5701 2240 5769 τῆς
2277 5696 2614 5765 ἐπαγγελίας
2655 5697 2755 5768 τῆς
2784 5696 2926 5767 ἐμῆς
2970 5698 3407 5770 πληρωθήσεται.
3467 5701 3557 5753 Διὸ
3602 5703 3690 5755 καὶ

2027 5787 2220 5844 διεάντα
2268 5803 2346 5841 σοι
2381 5785 2652 5856 προλέγω,
2686 5786 2785 5858 οὑχ
2819 5787 2902 5841 ὃτι
2946 5786 3158 5856 τέξεται
3208 5788 3387 5860 μόνον,
3421 5787 3555 5843 ἀλλά
3603 5787 3690 5845 καί
3765 5813 3780 5822 -
