4054 6324
311 350 422 408 369

309 463 428 520 illa:
481 461 627 519 enim
655 477 777 517 eum
828 458 1032 530 frigida:
1079 456 1229 512 facta:
1273 453 1468 508 fuerint
1493 494 1506 516 ,
1537 451 1674 506 haud
1724 464 1904 521 parem

307 557 640 626 voluptatem
662 549 1088 610 convivatoribus
1112 553 1399 618 praestant:
1431 560 1551 599 nam
1573 546 1619 597 si
1646 542 1712 598 ad
1741 557 1902 596 unum

304 659 406 702 aut
446 648 678 705 alterum
704 647 848 702 diem
873 642 1073 698 fuerint
1099 647 1382 694 reservata:
1401 677 1417 702 ,
1449 635 1664 690 inutiles
1683 632 1904 687 omnino

305 739 448 794 fiunt
466 759 480 795 :
509 738 623 793 ista
643 751 771 791 vero
785 750 890 789 non
911 732 1084 787 solum
1103 729 1148 785 si
1170 729 1222 784 itt
1242 743 1400 783 unum
1421 737 1476 782 et
1494 725 1718 779 alterum
1736 723 1900 786 diem,

304 831 406 885 sed
467 838 524 884 et
573 826 856 900 quantovis
903 832 1143 892 tempore
1199 819 1402 876 relicta:
1427 816 1660 878 fuerint,
1720 826 1904 882 parem

303 920 570 975 exhibent
594 918 894 979 utilitatem,
917 912 1268 980 eamdemque
1286 908 1516 963 all'erunt
1540 905 1862 974 voluptatem
1882 918 1902 959 ς

301 1012 506 1067 divinat
549 1009 692 1065 enim
717 1015 840 1062 sunt
866 1014 921 1060 et
963 1000 1297 1074 spirituales,
1350 1011 1524 1067 neque
1549 995 1719 1049 ullum
1762 993 1844 1049 eis
1871 1007 1904 1047 a

305 1113 554 1172 tempore
581 1107 963 1156 nocumentum
1001 1093 1284 1157 imminet,
1319 1089 1415 1145 sed
1439 1087 1677 1160 quotidie
1705 1100 1902 1141 novum

305 1193 549 1263 vigorem
587 1190 818 1245 all‘erunt
841 1229 854 1251 ,
876 1197 932 1243 et
954 1201 1053 1242 eos
1078 1182 1172 1255 qui
1216 1181 1322 1239 illis
1363 1179 1467 1234 frui
1493 1178 1711 1244 volunt,
1737 1174 1902 1231 multa

304 1283 532 1352 implettt
560 1281 759 1336 Itetitia.
790 1276 1023 1334 Proinde
1043 1276 1166 1346 quia
1197 1273 1318 1327 talis
1339 1271 1526 1326 harum
1557 1267 1902 1340 reliquiarum

303 1374 388 1426 vis
414 1381 516 1436 est,
545 1387 641 1441 age
665 1369 915 1424 alacriter
937 1376 996 1422 et
1023 1381 1121 1420 vos
1151 1378 1401 1434 magnam
1427 1360 1551 1416 inde
1579 1359 1900 1429 voluptatem

301 1464 530 1527 auferte,
563 1476 765 1531 nosque
791 1459 1015 1514 lidentes
1034 1470 1221 1512 earum
1239 1453 1513 1519 efﬁcaciae,
1542 1464 1903 1522 proponamus

300 1568 400 1610 eas
432 1564 627 1607 vestrae
663 1549 893 1606 caritati.
945 1548 1143 1604 Verum
1169 1555 1228 1601 ut
1270 1544 1420 1600 vobis
1462 1558 1640 1598 sermo
1671 1542 1762 1597 ille
1786 1556 1903 1596 ma-

301 1644 554 1699 nifestior
569 1642 825 1706 videatur,
843 1654 1021 1711 opera:
1038 1639 1266 1708 pretium
1281 1633 1439 1690 fuerit
1453 1633 1761 1689 meminisse
1780 1631 1902 1687 finis

303 1735 421 1792 beri
459 1734 723 1789 dictorum
748 1773 763 1799 ,
797 1741 854 1787 ut
891 1732 971 1786 sic
1012 1728 1258 1785 ordinem
1285 1741 1349 1781 ac
1388 1726 1583 1781 seriem
1627 1722 1899 1794 assequuti

298 1827 601 1882 doctrinam
621 1826 960 1897 attingamus.
986 1821 1110 1878 Heri
1131 1829 1458 1891 praeceptum
1477 1817 1900 1873 circumcisiouis

297 1918 622 1974 adduximus
646 1917 699 1972 in
726 1915 976 1981 medium,
1004 1923 1058 1969 et
1084 1913 1284 1967 dictum
1311 1909 1440 1965 illud
1469 1909 1559 1964 Dei
1576 1909 1641 1962 ad
1670 1907 1899 1978 patriar-

297 2010 459 2064 citam
493 2025 507 2062 :
541 2007 938 2062 Circuntcidetur
978 2019 1124 2059 omne
1178 2002 1514 2056 masculinum
1557 2009 1810 2065 vestrum,
1853 2006 1902 2053 et

297 2099 394 2152 erit
422 2100 475 2152 in
507 2101 706 2169 signum
741 2095 1022 2151 testamenti
1051 2095 1182 2147 inter
1227 2108 1305 2145 ms
1328 2099 1375 2145 et
1406 2107 1511 2145 vos.
1546 2089 1614 2144 Et
1644 2097 1900 2161 puerocto

297 2190 500 2242 dierum
535 2187 943 2241 circumsidetur.
978 2184 1044 2238 Et
1066 2185 1152 2253 qui
1188 2199 1290 2237 non
1327 2183 1654 2236 circumcisus
1696 2181 1849 2251 fuerit
1878 2220 1900 2246 ,

303 2279 489 2349 peribit
531 2278 705 2330 anima
743 2276 860 2340 illa,
885 2277 1004 2346 quia
1033 2273 1386 2328 testamentum
1419 2288 1585 2327 meum
1613 2272 1896 2346 dissipavit.

297 2368 375 2424 llti
401 2383 706 2423 sermonem
739 2366 1006 2420 tinivimus
1033 2364 1084 2418 in
1105 2363 1531 2418 circumcisionis
1559 2373 1894 2434 argumento;

295 2469 354 2513 et
387 2474 452 2510 ne
474 2457 813 2512 multitudine
838 2455 1100 2510 dictorum
1123 2462 1353 2508 vestram
1375 2453 1729 2510 obrueremus
1740 2469 1895 2510 men-

296 2558 427 2616 tem,
461 2549 726 2604 noluimus
770 2548 903 2602 ullra
929 2545 1198 2616 progredi.
1226 2545 1410 2614 Neque
1431 2545 1575 2599 enim
1598 2544 1700 2601 hoc
1721 2545 1896 2601 solum

293 2655 566 2706 curamus,
592 2648 648 2693 ιιι
668 2638 831 2692 multa
851 2636 1114 2701 dicamus,
1136 2643 1188 2690 et
1209 2643 1391 2704 postea
1412 2633 1780 2700 abscedamus,
1801 2635 1895 2690 sed

295 2729 463 2784 nostri
506 2728 770 2784 sermonis
812 2726 1110 2782 doctrinam
1156 2724 1349 2779 vestris
1400 2724 1603 2780 viribus
1653 2725 1897 2794 cupimus

439 2820 795 2891 adtequatam,
821 2829 877 2873 ut
901 2817 1076 2878 fructu
1101 2816 1351 2887 quapiam
1373 2831 1441 2871 ex
1462 2815 1619 2872 dictis
1641 2827 1894 2887 percepto

290 2915 513 2970 domum
544 2913 773 2968 redeatis
797 2927 1008 2967 omnes.
1051 2912 1166 2980 Age
1209 2909 1369 2978 igitur
1394 2909 1464 2964 ad
1502 2925 1564 2964 ea
1590 2904 1710 2979 qum
1751 2909 1894 2966 dicta

290 3014 454 3072 sunt,
497 3004 848 3074 adjungamus
885 3010 940 3058 et
968 3001 1172 3071 reliqua
1201 3016 1216 3053 :
1244 3009 1303 3054 ut
1328 2999 1600 3054 videamus
1627 3009 1747 3070 post
1782 3000 1891 3055 cir-

291 3096 640 3153 cnmcisionis
664 3101 1012 3165 prteceptum,
1042 3091 1168 3162 quid
1200 3092 1460 3161 benignus
1489 3091 1632 3145 Deus
1661 3091 1891 3160 patriar-

287 3193 411 3247 eltte
435 3191 679 3259 loquatur
707 3197 761 3245 et
787 3193 1070 3257 proponat.
1095 3183 1182 3239 l5.
1216 3184 1285 3238 Et
1323 3183 1488 3247 dixit,
1519 3183 1713 3253 inquit,
1746 3182 1885 3239 Deus

290 3281 508 3337 Abralne
530 3297 550 3335 :
581 3279 716 3335 Sara
736 3293 867 3332 tueor
893 3287 979 3330 tua
1005 3293 1106 3330 non
1126 3275 1260 3329 ultra
1287 3275 1544 3329 vocabitur
1573 3275 1775 3329 nomine
1797 3290 1891 3328 suo

288 3374 426 3430 Sara
445 3414 461 3440 ,
496 3371 585 3426 sed
614 3370 777 3425 Sarra
800 3369 894 3423 erit
922 3384 1103 3422 nomen
1125 3367 1234 3438 ejus
1263 3366 1360 3438 (a).
1405 3366 1886 3433 Quemadmodum,

288 3463 497 3535 inquit,
543 3462 813 3517 elemento
845 3459 937 3513 tibi
981 3457 1166 3512 addito
1215 3455 1510 3527 significavi
1535 3497 1553 3523 ,
1583 3467 1635 3512 te
1678 3463 1886 3528 patrem

289 3557 526 3611 futurum
547 3554 832 3618 multarum
855 3551 1091 3623 gentium
1121 3565 1134 3603 :
1165 3548 1234 3603 ita
1266 3555 1324 3603 et
1347 3547 1494 3603 Sarre
1521 3549 1764 3603 similiter
1792 3564 1888 3620 ap-

288 3663 429 3718 pono
451 3647 678 3710 literam,
708 3652 765 3698 ut
784 3643 958 3699 discas
975 3655 1117 3696 nunc
1143 3648 1351 3710 tempus
1375 3638 1586 3703 adesse,
1613 3648 1673 3693 ιιι
1697 3639 1826 3694 olim
1851 3655 1884 3696 a

285 3755 372 3795 nte
399 3739 654 3810 promissa
680 3736 1016 3805 impleantur.
1043 3733 1150 3787 Erit
1176 3733 1332 3801 enim,
1361 3733 1551 3803 inquit,
1574 3749 1753 3787 nomen
1772 3733 1883 3803 ejus

286 3834 467 3888 Sarra.
515 3831 602 3886 i6.
628 3826 934 3883 Benedicam
959 3834 1126 3879 autent
1163 3840 1274 3878 eam
1297 3864 1312 3891 ,
1353 3833 1403 3878 et
1441 3823 1571 3877 dabo
1608 3823 1696 3877 tibi
1736 3840 1798 3878 ea:
1821 3839 1882 3878 ea

286 3926 482 3992 ﬁlium,
513 3931 561 3976 et
582 3920 872 3975 benedicant
894 3917 1040 3971 illum
1059 3959 1073 3982 ,
1105 3926 1151 3969 et
1177 3916 1271 3970 erit
1307 3915 1360 3968 in
1382 3925 1613 3985 gentem,
1660 3925 1706 3968 et
1741 3931 1880 3985 reges

283 4015 503 4087 gentium
536 4029 599 4067 ea:
642 4028 701 4065 eo
729 4011 953 4064 exibunt.
987 4008 1191 4063 idcirco
1231 4007 1377 4076 prius
1416 4006 1626 4061 literattt
1669 4005 1836 4075 adjeci
1859 4046 1876 4072 ,

283 4116 343 4162 ut
366 4106 501 4161 scias
525 4105 747 4158 omnino
779 4105 953 4156 futura
985 4116 1108 4156 esse
1137 4116 1255 4168 qua:
1281 4116 1311 4154 a
1341 4114 1429 4155 me
1460 4099 1599 4155 dicta
1626 4109 1768 4154 sunt.
1800 4100 1878 4155 Ne

285 4199 438 4270 igitur
463 4195 529 4251 ad
558 4195 920 4250 inlirntitatem
949 4201 1152 4246 natura:
1181 4200 1432 4262 spectans
1453 4231 1468 4257 ,
1498 4192 1735 4245 animum
1776 4191 1876 4247 de-

282 4287 503 4359 sponde,
531 4289 625 4341 sed
655 4285 829 4355 potius
853 4282 918 4336 ad
948 4282 1156 4336 virtutis
1184 4297 1318 4336 mea:
1349 4281 1874 4351 magnitudinemre-

280 4378 529 4448 spiciens,
563 4374 722 4430 fidem
751 4372 885 4427 habe
914 4372 977 4425 iis
1004 4385 1123 4440 quae
1150 4386 1181 4424 a
1213 4385 1298 4424 me
1317 4369 1456 4424 dicta
1479 4379 1622 4425 sunt.
1653 4371 1874 4425 Benedi-

281 4485 390 4522 cam
417 4467 559 4522 enim
583 4482 693 4520 eam
711 4504 729 4530 ,
751 4472 799 4517 et
825 4461 955 4515 dabo
984 4461 1072 4514 tibi
1101 4476 1164 4514 ea:
1187 4476 1245 4514 ea
1280 4461 1475 4528 lilium,
1517 4471 1563 4514 et
1584 4462 1873 4516 benedicant

281 4560 443 4623 illum,
474 4567 520 4611 et
556 4557 648 4610 erit
673 4557 725 4609 in
752 4564 943 4625 gentes,
971 4563 1016 4605 et
1043 4568 1182 4623 reges
1211 4552 1418 4605 exibunt
1441 4568 1506 4607 ea:
1524 4569 1601 4607 eo.
1629 4553 1869 4609 Excede-

284 4655 405 4707 battt
431 4651 716 4705 humanam
744 4657 986 4701 naturam
1014 4645 1306 4714 promissa:
1335 4655 1390 4698 et
1415 4645 1636 4713 perinde
1663 4645 1778 4709 fuit,
1806 4663 1870 4702 ac

281 4747 322 4801 si
348 4745 538 4813 aliquis
571 4741 909 4812 polliceretur
946 4754 1008 4790 ex
1038 4737 1304 4805 lapidibus
1335 4737 1581 4792 homines
1607 4753 1666 4792 se
1697 4741 1864 4792 tactu-

282 4853 413 4892 rttut.
442 4835 582 4889 Nihil
607 4833 749 4888 enim
775 4849 804 4885 a
835 4829 1102 4899 lapidibus
1127 4827 1478 4894 differebant,
1509 4839 1766 4898 quantum
1798 4831 1865 4885 ad

279 4927 670 5001 generationem
700 4924 892 4979 attinet
919 4919 1002 4993 (b),
1019 4962 1032 4988 ,
1052 4929 1104 4975 et
1130 4919 1428 4990 patriarcha
1451 4935 1561 4988 prae
1587 4931 1864 4978 senectute

337 5115 409 5179 (a)
444 5120 498 5162 In
517 5112 721 5162 Hebrzeo
741 5118 854 5160 ante
900 5106 1216 5157 mittationem
1253 5104 1485 5163 nominis,
1530 5111 1635 5161 mu
1653 5146 1667 5170 ,
1685 5108 1859 5170 Sami,

281 5186 551 5244 vocabatur;
563 5190 670 5244 post
691 5183 1003 5235 mutationem
1018 5187 1202 5236 autem,
1227 5181 1365 5237 mut,
1390 5188 1527 5231 Sara.
1546 5184 1860 5242 Septuaginta

283 5269 391 5306 vero
412 5255 736 5325 interpretes,
755 5267 902 5325 Διέιέιεςιι,
931 5252 1227 5325 εδιτιὶηιυηξ)
1254 5256 1310 5325 et
1326 5248 1569 5325 duplicato
1593 5281 1611 5316 ρ
1634 5256 1860 5325 mutatio~

281 5331 384 5381 nem
410 5314 537 5381 illam
554 5313 770 5363 indicant
796 5313 930 5381 :’_‘quo
955 5314 1128 5381 factum
1152 5317 1229 5381 est
1265 5317 1319 5357 ιιι
1339 5313 1702 5381 Cluysostoinus
1724 5323 1860 5380 puta-

280 5379 397 5429 verit
417 5377 629 5426 acldiuun
643 5388 670 5423 a
695 5383 795 5425 Deo
819 5374 967 5426 lliisse
990 5374 1166 5423 nomini
1191 5378 1315 5420 Sat-te
1338 5374 1656 5427 elet‘nenmm.
1684 5374 1740 5427 Ai.
1761 5390 1857 5428 non

280 5440 483 5489 additum
503 5437 802 5489 elementum
833 5438 936 5492 fuit,
962 5436 1050 5485 sed
1076 5441 1309 5483 mutatum
1330 5437 1350 5475 ν
1373 5439 1419 5486 in
1441 5443 1495 5488 η,

335 5509 406 5571 (b)
436 5507 651 5573 cetaria
674 5521 827 5566 more,
853 5507 930 5557 vel
956 5505 1248 5573 attentionis
1260 5509 1415 5573 lapsu,
1437 5507 1554 5573 dicit
1584 5507 1857 5573 phrysosto-

279 5568 632 5632 nttt's’ttbraham
653 5577 703 5617 et
724 5577 882 5618 saram
908 5569 1181 5632 nonntagis
1205 5568 1406 5622 idoneos
1420 5568 1482 5632 ad
1502 5568 1689 5632 prolem
1704 5573 1855 5620 susci-

280 5631 494 5696 piendam
515 5638 632 5679 tunc
654 5631 821 5696 fuisse,
844 5643 989 5696 quam
1007 5630 1218 5696 lapides;
1240 5633 1291 5696 id
1316 5630 1514 5695 quidem
1539 5631 1607 5696 de
1627 5632 1853 5696 Sara_dici

281 5692 456 5757 potuit;
493 5704 638 5741 secus
658 5692 722 5741 de
741 5692 1020 5753 Altraltauto,
1046 5694 1128 5756 qui
1154 5692 1318 5745 multis
1336 5692 1448 5757 post
1465 5694 1603 5744 annis
1622 5705 1714 5744 sex
1731 5692 1854 5745 ﬁlios

278 5753 480 5818 incepit
502 5765 567 5805 ex
590 5761 776 5805 cetum.

1368 340 1433 396 IN
1470 339 1626 395 CAP.
1662 335 1824 393 XVII.
1865 335 2110 392 FENES.
2157 336 2387 391 HUMIL.
2434 335 2541 391 XL.

3508 335 3614 388 5ἷο

2009 463 2176 518 prope
2224 449 2489 516 impotens
2518 455 2675 512 erat,
2720 454 2780 501 et
2805 444 2871 500 ad
2915 444 3144 501 litioutm
3183 446 3612 516 procreationem

2009 540 2230 596 omnino
2259 540 2497 605 inutilis,
2521 550 2575 594 et
2603 538 2766 593 Sacra
2802 537 2868 592 ad
2901 537 3003 592 hoc
3027 537 3169 608 quod
3198 548 3384 592 natura
3414 538 3616 593 sterilis

2011 639 2146 696 erat,
2176 630 2454 684 laborabat
2479 639 2534 685 et
2559 630 2735 683 anatis
2760 637 2815 683 et
2839 628 3136 684 senectutis
3161 629 3309 683 vitio.
3342 628 3621 684 (Steterunt

2007 721 2180 792 justus
2201 721 2318 776 inec
2340 721 2584 787 audiens,
2608 730 2906 790 putatisque
2925 720 3054 774 olim
3084 719 3175 774 Dei
3199 721 3616 790 promissionem

2011 812 2282 882 impletam
2309 812 2362 866 in
2395 812 2616 867 lsmaele
2649 829 2664 867 :
2693 811 2818 883 quia
2847 812 2991 866 enim
3016 811 3156 867 dixit
3183 829 3196 866 :
3225 811 3338 866 Tibi
3364 823 3414 868 et
3433 814 3622 869 semini

2011 911 2097 956 tuo
2117 903 2248 956 dabo
2267 905 2455 957 terram
2483 903 2637 968 hanc,
2665 917 2764 958 nec
2783 902 3031 958 distinxit
3056 916 3115 958 se
3137 903 3207 960 de
3231 903 3340 958 ﬁlio
3359 919 3425 960 ex
3450 904 3617 960 Sarra

2011 995 2285 1050 nascituro
2312 995 2493 1065 loqui,
2525 995 2616 1050 ille
2643 995 2910 1065 cogitabat
2947 1009 3131 1050 secum
3153 993 3266 1064 jam
3294 994 3614 1066 promissio-

2010 1100 2108 1141 nes
2155 1086 2403 1156 impletas
2444 1100 2568 1141 esse
2600 1104 2614 1140 :
2648 1101 2792 1142 nunc
2830 1096 3010 1140 autem
3055 1084 3284 1142 audiens
3325 1086 3613 1143 Dominum

2011 1176 2180 1231 Deum
2199 1177 2489 1242 dicentem,
2520 1176 2826 1231 Benedicant
2856 1176 3092 1241 Sarram,
3119 1185 3172 1231 et
3199 1177 3331 1231 dabo
3353 1178 3442 1232 tibi
3463 1194 3527 1233 ea:
3549 1167 3635 1233 ea,

2009 1267 2194 1336 ﬁlium,
2225 1277 2272 1322 et
2297 1268 2586 1322 benedicant
2618 1268 2787 1333 illaut,
2809 1278 2857 1322 et
2878 1267 2974 1321 erit
2992 1267 3047 1322 in
3065 1276 3239 1338 gentes
3259 1283 3281 1332 ;
3305 1277 3363 1324 et
3383 1268 3608 1325 iterum:

2008 1354 2096 1409 Ea:
2121 1356 2212 1412 itto
2241 1373 2383 1428 reges
2421 1358 2648 1427 gentium
2685 1355 3005 1427 egrediantur
3026 1371 3187 1411 :cum
3227 1356 3460 1412 nesciret
3482 1357 3612 1427 quid

2009 1446 2212 1504 diceret
2243 1450 2458 1520 (neque
2491 1449 2635 1504 enim
2662 1449 2754 1504 Dei
2792 1448 2970 1506 verbis
3006 1450 3230 1506 credere
3268 1465 3373 1506 non
3403 1461 3613 1522 poterat

2009 1539 2091 1594 vir
2120 1549 2226 1594 tam
2253 1539 2603 1610 religiosus),
2654 1540 2722 1595 ad
2755 1555 2906 1594 suam
2954 1541 3253 1611 respiciens
3277 1551 3489 1597 aetatem
3514 1583 3530 1606 ,
3559 1554 3614 1597 et

2006 1632 2183 1690 Sarrae
2207 1633 2566 1697 sterilitatem,
2583 1648 2703 1703 quae
2731 1635 2799 1687 ad
2826 1632 2968 1687 illam
2987 1648 3156 1702 neque
3179 1643 3392 1689 attatem
3418 1633 3613 1704 perdu-

2009 1731 2220 1778 raverat
2247 1765 2263 1788 ,
2290 1722 2499 1779 consilii
2545 1724 2700 1792 ineps
2746 1731 2800 1779 et
2841 1722 3228 1791 obstupescens
3269 1723 3342 1779 ob
3377 1724 3609 1794 promis—

2007 1815 2212 1872 sionem
2255 1815 2346 1870 Dei
2377 1833 2392 1871 :
2424 1816 2510 1871 17.
2540 1813 2765 1879 Cecidit,
2801 1815 2992 1885 inquit,
3019 1815 3069 1868 in
3091 1814 3296 1883 facient,
3322 1825 3370 1868 et
3397 1815 3529 1870 risit.

2077 1907 2133 1962 2.
2163 1908 2361 1964 Videtis
2391 1908 2580 1963 miram
2604 1907 3014 1977 promissionem
3032 1949 3047 1972 ,
3075 1915 3130 1963 et
3160 1909 3453 1977 potentiam
3486 1907 3609 1978 eius

2005 1998 2096 2068 qui
2144 1999 2465 2069 promiserat
2503 1999 2765 2068 cogitans,
2807 1998 3000 2054 Cecidit
3024 2000 3078 2052 in
3115 1999 3334 2070 facient,
3381 2007 3440 2054 et
3472 2000 3608 2065 risit,

2008 2089 2113 2146 hoc
2156 2102 2259 2156 est,
2309 2092 2582 2162 voluptate
2612 2091 2864 2161 perfusus
2905 2103 3030 2159 est;
3055 2103 3110 2148 et
3150 2094 3202 2148 itt
3247 2093 3431 2150 animo
3465 2095 3613 2166 cogi-

2008 2181 2174 2246 tabat,
2205 2182 2476 2251 quomodo
2502 2184 2795 2237 secundum
2828 2184 3117 2238 humanam
3166 2185 3611 2242 consuetudinem

2009 2269 2111 2326 hoc
2136 2272 2251 2326 ﬁeri
2283 2281 2485 2341 posset,
2522 2289 2647 2327 num
2676 2275 2991 2329 centenario
3017 2287 3333 2331 nasceretur
3362 2277 3521 2343 titius,
3547 2293 3611 2334 ac

2009 2378 2135 2417 unm
2179 2363 2383 2419 sterilis
2429 2373 2485 2419 et
2529 2365 2891 2434 nonagenaria
2934 2374 3156 2435 repente
3195 2376 3391 2436 posset
3418 2367 3610 2425 idonea

2007 2452 2120 2508 lleri
2142 2452 2209 2507 ad
2237 2461 2448 2523 partum
2481 2451 2552 2524 (tt.
2588 2454 2702 2527 17).
2735 2454 2910 2524 Atque
2935 2469 3057 2509 cum
3097 2457 3214 2512 lucc
3244 2455 3426 2511 animo
3465 2459 3610 2527 cogi.

2005 2551 2189 2608 tasset,
2222 2559 2328 2600 non
2358 2544 2592 2601 audebat
2629 2547 2735 2601 tale
2777 2545 3028 2615 quiddam
3077 2547 3255 2618 lingua
3298 2549 3482 2616 effari;
3511 2551 3613 2605 sed

2001 2647 2211 2706 gratum
2254 2637 2518 2693 exhibens
2554 2639 2793 2693 animum
2822 2639 2997 2694 oravit
3027 2654 3125 2710 pro
3164 2639 3390 2695 lsmaele
3410 2682 3424 2705 ,
3454 2643 3613 2712 quasi

2000 2727 2244 2783 diceret:
2277 2727 2525 2795 Domine,
2556 2729 2687 2784 satis
2717 2744 2804 2784 me
2825 2730 3136 2785 consolatus
3164 2745 3247 2796 es,
3281 2740 3336 2785 ct
3361 2731 3606 2786 dolorem

2000 2832 2160 2888 quem
2189 2833 2257 2874 ex
2290 2819 2455 2887 prolis
2477 2819 2652 2889 inopia
2678 2820 2954 2890 gerebam,
2986 2821 3113 2875 dato
3143 2821 3368 2877 lsmaelc
3388 2822 3439 2876 in
3468 2823 3604 2878 ltt-ti-

2003 2910 2130 2965 tiam
2155 2910 2385 2966 vertisti.
2412 2909 2548 2965 Nato
2568 2911 2711 2966 enim
2735 2911 2849 2975 illo,
2875 2927 3051 2982 neque
3075 2913 3128 2965 in
3156 2922 3390 2967 mentem
3421 2923 3604 2982 postea

1999 3000 2205 3070 accepi,
2253 3001 2336 3056 vel
2381 3001 2609 3072 cogitavi
2657 3000 2950 3072 aliquando
2991 3017 3022 3057 e
3064 3002 3225 3058 Sarra
3273 3004 3604 3060 nasciturum

1999 3092 2128 3147 tttilti
2155 3092 2346 3158 lilium,
2373 3092 2468 3148 sed
2496 3107 2672 3162 neque
2697 3092 2811 3162 ipsa
2843 3092 2946 3148 ltoc
2966 3094 3299 3163 exspectavit
3326 3112 3346 3148 τ
3376 3095 3604 3164 idecque

1997 3185 2139 3253 Agar
2190 3182 2323 3238 mihi
2377 3183 2617 3251 tradidit,
2667 3197 2884 3239 omnem
2938 3184 3040 3239 sibi
3100 3199 3250 3254 spem
3304 3185 3599 3255 denegans.

1995 3273 2240 3344 Magnam
2286 3272 2708 3329 censolationem
2752 3273 2915 3328 ambo
2968 3273 3276 3344 accepimus
3326 3284 3456 3330 nato
3493 3277 3603 3331 lilio

1994 3363 2238 3438 lgmaele.
2262 3363 2362 3420 llic
2386 3365 2565 3438 igitur,
2589 3365 2676 3434 qui
2700 3380 2730 3421 a
2759 3373 2812 3420 te
2840 3364 2998 3420 datus
3017 3374 3122 3433 est,
3141 3367 3281 3420 vivat
3306 3382 3491 3422 coram
3523 3378 3597 3434 te,

1993 3466 2051 3512 et
2075 3456 2290 3511 abunde
2337 3456 2468 3510 satis
2497 3456 2727 3512 recreati
2771 3457 2978 3511 erimus
2999 3498 3015 3523 ,
3046 3466 3102 3512 et
3130 3466 3462 3514 senectutem
3497 3476 3596 3514 no-

1991 3559 2161 3603 stram
2207 3547 2350 3603 illius
2380 3547 2488 3602 vita
2528 3546 2813 3602 solabitur.
2853 3548 2991 3617 Quid
3037 3549 3200 3620 igitur
3235 3551 3302 3606 ad
3345 3551 3464 3608 hate
3498 3551 3597 3608 be«

1992 3641 2183 3710 nignus
2212 3640 2511 3695 Dominus?
2531 3639 2665 3707 Quia
2693 3640 2834 3710 piam
2853 3640 2984 3711 justi
3012 3652 3252 3698 meutent
3277 3653 3427 3700 tanto
3458 3654 3598 3701 lent-

1988 3748 2120 3804 pore
2147 3733 2285 3787 satis
2307 3733 2650 3802 probaverat,
2682 3744 2739 3789 et
2776 3734 2958 3791 Sarrae
3005 3735 3199 3803 fidem;
3231 3739 3356 3808 quia
3388 3739 3598 3796 viderat

1988 3833 2280 3894 utrumque
2325 3823 2456 3878 nihil
2500 3825 2601 3880 sibi
2648 3825 2717 3881 de
2756 3827 2869 3882 suis
2910 3829 3313 3896 promittentem
3352 3833 3592 3895 viribus.

1988 3914 2260 3970 Abraham
2291 3916 2509 3986 quidem
2536 3926 2758 3987 propter
2778 3929 3135 3986 senectutem,
3163 3921 3381 3978 Sarram
3410 3934 3590 3980 autem

1986 4019 2207 4079 propter
2236 4010 2575 4066 sterilitatem
2605 4020 2768 4082 atque
2795 4021 3006 4067 :etatem
3032 4055 3047 4079 ,
3074 4013 3206 4069 dicit
3230 4033 3243 4070 :
3276 4015 3428 4071 Nunc
3467 4018 3589 4088 quia

1985 4100 2206 4154 omnino
2231 4100 2384 4155 vobis
2426 4101 2529 4157 hoc
2567 4117 2689 4156 esse
2728 4102 2938 4158 videtur
2965 4103 3299 4174 impossibile
3335 4125 3348 4161 :
3389 4108 3591 4165 idcirco

1983 4192 2127 4246 enim
2156 4202 2210 4246 et
2231 4207 2332 4262 ego
2362 4191 2562 4247 tamdiu
2606 4191 2822 4260 distuli,
2854 4205 2912 4248 ut
2945 4196 3226 4250 ostendam
3259 4198 3419 4268 longe
3447 4200 3586 4255 ultra

1982 4293 2227 4337 naturam
2267 4297 2388 4338 esse
2436 4283 2637 4339 donum
2685 4285 2830 4355 quod
2876 4287 3153 4354 concedo,
3197 4289 3340 4356 quod
3383 4299 3440 4344 ct
3491 4307 3588 4346 vos

1978 4372 2176 4441 aliique
2219 4388 2408 4428 omnes
2449 4373 2534 4428 his
2574 4375 2728 4429 factis
2768 4375 2978 4431 discant
3008 4393 3095 4433 me
3119 4388 3174 4433 et
3217 4390 3425 4436 natura:
3476 4382 3586 4437 Do-

1980 4465 2184 4518 minum
2239 4478 2391 4529 esse,
2443 4474 2499 4520 et
2543 4465 2610 4519 ad
2652 4465 3032 4538 quodcumque
3078 4469 3294 4525 libuerit
3339 4488 3400 4527 ea
3463 4474 3538 4528 nti
3566 4517 3580 4538 ,

1978 4557 2254 4627 ipsamque
2274 4557 2519 4627 obmqni,
2543 4567 2594 4611 et
2612 4559 2806 4615 cedere
2824 4563 3107 4631 praeceptis
3136 4565 3289 4617 meis.
3313 4565 3413 4632 Qui
3438 4567 3581 4619 enim

1976 4664 2095 4704 eam
2119 4665 2185 4703 ex
2211 4649 2378 4705 nihilo
2405 4650 2675 4718 produxi,
2702 4653 2872 4707 multo
2913 4655 3082 4724 magis
3111 4670 3233 4708 eum
3257 4655 3369 4726 jam
3408 4658 3500 4724 sit,
3527 4670 3584 4713 et

1974 4740 2254 4805 claudicet,
2291 4740 2498 4810 erigere
2527 4755 2764 4810 possunt.
2799 4742 2867 4798 Ut
2895 4743 3056 4813 igitur
3084 4745 3276 4801 melius
3303 4748 3580 4802 conlidere

1974 4834 2170 4902 possis,
2218 4833 2345 4886 audi
2387 4842 2436 4888 et
2483 4835 2891 4903 expergiscere,
2924 4837 3259 4906 repulsismte
3296 4840 3580 4909 rogitatio-

1971 4923 2130 4977 nibus
2160 4923 2357 4978 mentis
2394 4933 2531 4988 tttu',
2563 4924 2792 4991 accipito
2836 4942 2904 4980 cx
2950 4928 3014 4982 iis
3042 4943 3162 4997 qua:
3193 4928 3284 4982 tibi
3328 4931 3578 4986 dicuntur

1971 5024 2176 5071 certum
2223 5025 2620 5085 argmnentmn.
2674 5017 2813 5072 Ecce
2855 5021 2998 5073 enim
3054 5020 3215 5074 Sarra
3266 5037 3405 5077 uxor
3451 5033 3574 5089 tua,

1963 5123 2127 5178 quant
2157 5117 2313 5176 putas
2340 5116 2451 5161 tum
2485 5118 2704 5178 propter
2724 5111 3084 5174 sterilitatem,
3118 5121 3227 5165 tum
3255 5123 3473 5183 propter
3492 5129 3578 5169 sc-

1970 5203 2114 5252 nium
2141 5214 2331 5268 parere
2355 5216 2460 5255 non
2487 5216 2668 5270 posse,
2702 5202 2812 5271 ipsa
2837 5203 3010 5274 pariet
3031 5205 3124 5258 tibi
3149 5205 3317 5261 lilium
3348 5209 3417 5278 (ν.
3450 5207 3573 5278 19)ε

1965 5297 2022 5343 ct
2066 5299 2124 5343 ut
2159 5290 2289 5344 nihil
2345 5291 2594 5355 ltmsites,
2643 5308 2770 5347 ecce
2809 5293 2905 5348 tibi
2951 5303 3007 5350 et
3056 5312 3253 5352 nomen
3311 5298 3431 5368 ejus
3479 5302 3573 5371 qui

1967 5392 2218 5435 nascetur
2251 5385 2696 5451 praemonstrabo.
2732 5386 2864 5440 Eunt
2894 5389 3036 5442 enim
3071 5392 3161 5461 qui
3195 5402 3446 5448 nascetur
3473 5410 3564 5448 vo-

1963 5474 2114 5529 cabis
2139 5472 2306 5529 Isaac.
2337 5474 2406 5530 Et
2434 5491 2624 5545 ponam
2661 5486 3013 5535 testamentum
3053 5499 3218 5538 meum
3260 5485 3330 5539 ad
3356 5503 3470 5539 eum
3515 5488 3568 5541 in

1964 5575 2316 5620 testamentum
2339 5567 2730 5636 sempiternum,
2755 5580 2801 5624 ct
2821 5572 3000 5626 semini
3029 5575 3141 5644 ejus
3165 5585 3281 5648 post
3305 5594 3442 5631 eum.
3471 5579 3567 5633 llie

1961 5655 2162 5710 etenint
2193 5664 2279 5711 est
2307 5672 2464 5726 quem
2489 5659 2721 5729 primum
2754 5670 2808 5717 ct
2832 5663 2902 5716 ab
2926 5663 3079 5718 initio
3101 5667 3198 5723 tibi
3231 5669 3474 5739 promisi,
3503 5685 3566 5725 ac

1964 5747 2017 5807 in
2059 5746 2161 5802 ltoc
2199 5749 2585 5820 promissioncs
2621 5768 2758 5814 mea:
2800 5755 3187 5814 imolclnttttur.
3238 5759 3470 5817 Proinde
3514 5773 3568 5818 et
