4054 6324
507 370 602 424 371

510 505 688 559 omnia
721 505 814 559 tibi
848 504 1107 574 pra-dico,
1142 520 1244 557 non
1271 505 1444 558 solum
1477 503 1616 573 quod
1647 506 1944 560 nasciturus
1972 505 2074 568 sit,

507 597 603 654 sed
624 606 678 652 et
698 595 968 667 quomodo
993 610 1121 650 eum
1138 609 1330 648 vocare
1350 593 1566 658 debeas,
1589 603 1748 662 atque
1775 610 1860 649 me
1881 596 1928 649 ei
1949 609 2080 648 con-

502 690 810 742 stituturum
834 693 1205 741 testamentum
1229 701 1403 738 meum
1425 702 1438 737 :
1464 700 1634 753 neque
1652 687 1754 740 hoc
1769 687 1962 748 solum,
1987 685 2079 739 sed

507 778 573 832 Et
603 781 779 834 semini
806 781 915 847 ejus
963 787 1073 847 post
1115 794 1247 830 eum.
1283 777 1479 832 Deinde
1522 777 1753 831 liberalis
1794 778 2076 842 Dominus,

504 871 594 937 qui
642 885 856 936 semper
900 867 1238 922 accumulare
1290 868 1424 921 solet
1477 866 1768 931 beneficia,
1817 876 1871 920 et
1920 867 2078 935 longe

508 971 714 1013 nostras
760 960 1022 1014 excedere
1051 959 1363 1028 petitiones,
1390 958 1638 1028 quoniam
1680 969 1913 1012 mentem
1949 958 2076 1027 justi

499 1061 762 1114 erexerat,
805 1061 858 1104 et
885 1067 979 1120 per
1019 1066 1079 1104 ea
1107 1065 1223 1118 quae
1273 1049 1532 1116 promisit,
1579 1051 1689 1102 fere
1727 1049 1977 1117 juvenem
2008 1063 2072 1101 ex

499 1156 629 1196 sene
657 1142 876 1205 fecerat,
906 1155 1133 1210 eumque
1155 1139 1243 1208 qui
1269 1148 1511 1192 mortuus
1538 1147 1674 1204 erat,
1705 1147 1760 1191 ut
1788 1139 1855 1190 ita
1877 1138 2071 1201 dicam,

496 1233 672 1287 verbis
698 1232 1029 1296 fecuttdarat,
1063 1231 1337 1286 beneﬁciis
1369 1246 1490 1286 eum
1527 1230 1838 1300 largissimis
1885 1244 2070 1298 prose-

493 1340 684 1392 quens,
717 1324 885 1392 inquit
914 1339 927 1375 :
954 1323 1020 1376 Et
1045 1322 1160 1376 lucc
1191 1321 1427 1390 quidem,
1451 1336 1569 1389 quae
1595 1321 1796 1374 scilicet
1825 1321 2069 1388 promisi,

490 1430 654 1481 opere
687 1412 970 1482 complebo
1003 1431 1016 1466 :
1046 1423 1099 1468 et
1127 1414 1285 1466 etiam
1326 1411 1466 1479 quod
1496 1411 1562 1464 de
1590 1409 1810 1464 lsmaele
1849 1411 2067 1477 rogasti,

492 1505 781 1559 concedam
813 1504 928 1559 tibi.
964 1505 1152 1559 Audivi
1179 1503 1322 1557 enim
1351 1503 1647 1556 orationem
1675 1514 1818 1557 tuam
1836 1543 1851 1568 ,
1880 1502 1970 1555 20.
2001 1502 2068 1555 Et

493 1595 723 1647 benedixi
742 1612 873 1656 eum,
903 1606 954 1648 et
970 1594 1156 1663 augebo
1177 1610 1290 1646 etun
1317 1601 1363 1645 et
1387 1592 1732 1659 multiplicabo
1759 1609 1870 1647 eum
1900 1593 2064 1657 valde,

494 1685 652 1737 valde.
680 1683 953 1736 Duodecim
979 1693 1146 1753 gentes
1170 1683 1426 1753 generabit
1446 1723 1462 1748 ,
1493 1692 1538 1735 et
1569 1683 1698 1735 dabo
1727 1699 1841 1736 eum
1868 1684 1919 1735 in
1945 1700 2068 1753 gen-

490 1785 586 1826 tem
631 1792 886 1844 magnam.
934 1774 1375 1843 Quandoquidem
1423 1776 1586 1838 enim,
1634 1773 1835 1843 inquit,
1881 1788 2064 1826 semen

495 1877 639 1918 tuum
669 1875 784 1931 est,
815 1865 892 1918 sic
921 1865 1126 1934 augebo
1151 1880 1297 1930 eum,
1327 1875 1380 1918 et
1407 1864 1771 1931 multiplicabo
1797 1865 1978 1928 valde,
2011 1877 2066 1918 ut

490 1956 768 2010 duodecim
794 1968 980 2025 gentes
1006 1973 1070 2010 ex
1100 1971 1166 2011 eo
1190 1957 1497 2025 procedant.
1523 1956 1613 2010 2|.
1642 1956 1888 2011 Caeterum
1916 1968 2064 2010 testa-

489 2058 712 2100 mentum
751 2063 913 2098 meum
959 2057 1175 2100 statuant
1219 2063 1334 2101 cum
1368 2045 1555 2108 Isaac,
1583 2063 1729 2115 quem
1771 2047 1860 2099 tibi
1905 2048 2065 2099 Sarra

490 2137 650 2204 pariet
672 2148 892 2204 tempore
931 2141 1043 2203 hoc,
1066 2153 1199 2188 anno
1235 2145 1483 2205 sequente.
1513 2135 1665 2201 Vide,
1688 2137 1932 2198 obsecro,
1954 2138 2059 2200 hic,

488 2226 711 2289 dilecte,
743 2226 1011 2294 quomodo
1049 2227 1225 2292 juStus
1267 2227 1316 2279 in
1351 2241 1456 2278 uno
1495 2226 1750 2293 temporis
1794 2237 2064 2281 momento

491 2316 763 2368 mercedes
798 2316 971 2370 omnis
1013 2316 1267 2383 temporis
1310 2317 1544 2383 accepit,
1573 2325 1628 2368 et
1675 2315 1951 2384 impletum
1982 2328 2064 2370 est

488 2405 616 2459 illud
647 2405 786 2473 quod
808 2404 1050 2459 Christus
1080 2406 1348 2474 discipulis
1373 2407 1484 2460 suis
1511 2407 1644 2460 dixit
1674 2425 1688 2461 :
1723 2407 1960 2476 Quisquis
1985 2426 2062 2461 re-

487 2499 686 2568 liquerit
709 2498 784 2551 νει
805 2509 1020 2568 patrem,
1053 2499 1128 2550 uel
1152 2507 1380 2559 matrem,
1409 2498 1483 2550 vel
1518 2497 1741 2561 domum,
1775 2497 1852 2550 vel
1881 2502 2062 2567 fratres

491 2597 694 2658 propter
721 2604 906 2642 nomen
934 2605 1121 2648 meum,
1154 2600 1199 2640 et
1226 2589 1307 2641 Itic
1333 2589 1622 2656 centuplum
1648 2590 1889 2657 accipiet,
1919 2600 1964 2640 et
1984 2591 2058 2640 tti-

488 2689 592 2732 tam
634 2688 872 2732 cateruam
918 2677 1186 2745 possidebit
1233 2676 1441 2746 (Matth.
1487 2676 1574 2731 l9.
1619 2675 1735 2747 29).
1770 2677 2061 2731 Considera

484 2772 626 2824 enim
656 2770 783 2822 mihi
812 2770 1012 2838 justum
1047 2771 1215 2832 illum,
1245 2771 1364 2838 quia
1399 2781 1642 2839 prompte
1666 2781 1931 2840 praecepto
1957 2771 2058 2823 Do-

486 2859 617 2913 ntitti
647 2859 915 2926 obedivit,
948 2868 1001 2913 et
1038 2861 1216 2913 relicta
1245 2859 1404 2913 domo
1433 2871 1647 2928 paterna
1678 2862 1909 2929 praetulit
1929 2861 2060 2914 alic-

485 2965 607 3002 nam
639 2949 800 3003 natali
827 2967 838 3001 :
863 2949 1133 3019 quomodo
1156 2950 1404 3018 paulatim
1430 2951 1647 3004 multam
1670 2967 1776 3020 pra:
1797 2967 1857 3005 se
1885 2952 2061 3007 ferens

487 3039 796 3110 patientiam
819 3081 833 3103 ,
863 3041 915 3093 in
944 3039 1207 3110 fastigium
1243 3040 1448 3094 virtutis
1485 3055 1816 3108 progressus,
1850 3043 1919 3095 ita
1947 3043 2063 3095 illu-

483 3131 612 3185 stris
630 3143 684 3185 et
709 3131 1012 3200 spectabilis
1033 3131 1200 3186 factus
1222 3140 1322 3196 est,
1343 3139 1398 3182 ut
1425 3146 1486 3183 es
1511 3145 1576 3184 eo
1599 3131 1706 3184 nati
1729 3131 2064 3186 multitudine

484 3224 646 3278 astris
673 3223 788 3276 caeli
830 3218 1198 3292 adtequentur.
1232 3222 1480 3278 Fortasse
1519 3223 1561 3275 si
1590 3224 1707 3292 quis
1738 3225 1901 3292 probe
1938 3226 2063 3278 velit

484 3315 802 3384 intelligere,
835 3331 939 3369 non
971 3316 1141 3370 solum
1170 3315 1477 3386 centuplum
1518 3317 1723 3385 accepit
1766 3316 1853 3370 hic
1883 3317 2061 3385 justus

481 3406 603 3469 ille,
636 3406 729 3461 sed
767 3417 1016 3461 sexcenta
1065 3407 1247 3461 millia.
1278 3407 1432 3472 Quod
1474 3409 1516 3461 si
1548 3407 1631 3461 hic
1670 3416 1810 3462 tanta
1863 3423 2060 3463 conse-

478 3506 678 3566 quutus
693 3508 796 3561 est,
824 3500 943 3569 quis
959 3514 1138 3553 sermo
1160 3514 1377 3553 narrare
1397 3511 1593 3567 posset,
1614 3501 1806 3569 quibus
1823 3500 2061 3570 postba-c

481 3590 742 3644 fruiturus
773 3589 862 3642 ille
887 3590 993 3642 sit?
1019 3588 1128 3642 lmo
1157 3590 1314 3643 etiam
1341 3592 1458 3649 hoc,
1489 3599 1746 3656 quantum
1774 3592 1926 3645 nobis
1946 3607 2061 3661 pos-

479 3682 655 3745 sibile,
686 3696 869 3736 sermo
894 3679 1178 3734 ostendere
1219 3682 1432 3750 poterit.
1465 3680 1687 3747 Quando
1724 3682 1866 3735 enim
1907 3681 2062 3735 audis

481 3785 669 3825 omnes
692 3771 867 3839 justos
893 3770 959 3823 ab
990 3770 1079 3824 illo
1103 3770 1168 3824 ad
1199 3771 1298 3823 hoc
1343 3786 1509 3840 usque
1543 3781 1749 3840 tempus
1769 3814 1782 3834 ,
1819 3782 1871 3826 et
1894 3788 2061 3839 uSqne

481 3861 545 3915 ad
575 3861 1087 3914 consnnnnationetn
1117 3870 1451 3929 temporum,
1487 3861 1536 3913 id
1564 3863 1797 3915 maxime
1841 3863 1892 3914 in
1926 3864 2062 3918 votis

484 3953 701 4016 habere,
736 3961 793 4005 ut
834 3953 900 4008 ad
946 3954 1117 4007 sinum
1168 3953 1482 4020 patriarchae
1524 3955 1855 4020 perveniant,
1903 3969 2059 4022 quem

479 4042 641 4094 alium
700 4040 804 4097 hoc
869 4040 1125 4110 majorem
1182 4040 1437 4095 honorem
1503 4041 1756 4096 exhibere
1813 4044 2064 4112 poteris?

485 4129 670 4184 Vidisti
743 4142 936 4200 quanta
992 4147 1080 4185 res
1138 4132 1210 4186 sit
1270 4132 1555 4200 patientia,
1611 4144 1806 4202 quanta
1860 4135 2058 4201 virtus,

481 4233 736 4291 quantum
784 4223 852 4279 sit
896 4238 1017 4278 esse
1065 4224 1407 4294 religiosum,
1465 4235 1519 4278 et
1573 4220 1779 4294 gratum
1845 4241 1953 4295 pra:
2003 4244 2066 4282 se

483 4313 622 4367 terre
662 4313 897 4368 animum
936 4329 1060 4384 erga
1107 4313 1363 4369 beneficia
1403 4314 1652 4368 Domini?
1702 4317 1834 4382 Quia
1893 4317 2058 4381 enim,

481 4404 694 4470 quando
718 4403 1021 4471 oportebat,
1046 4417 1138 4456 sua
1170 4403 1365 4468 attulit,
1394 4419 1513 4457 cum
1541 4407 1827 4472 gratiarum
1854 4405 2062 4460 actione

481 4493 658 4546 omnia
686 4491 890 4560 ferens,
915 4492 1463 4562 tamjucunda,quatn
1487 4493 1792 4561 injucunda,
1821 4505 2063 4562 pr0pter.

484 4601 545 4640 ea
592 4587 895 4640 misericors
918 4584 1059 4640 Deus
1090 4585 1274 4638 ultimo
1301 4594 1460 4654 caput
1512 4585 1770 4639 honorum
1801 4587 2060 4654 omnium,

479 4685 532 4730 et
559 4677 608 4730 id
642 4675 783 4745 quod
807 4674 982 4746 justus
1002 4677 1235 4731 maxime
1254 4676 1683 4745 concupiscebat.
1714 4676 1934 4743 largitus
1959 4689 2059 4732 est.

481 4766 768 4821 Considera
800 4766 964 4827 enim,
991 4765 1259 4835 quomodo
1284 4767 1467 4836 viginti
1490 4775 1719 4835 quatuor
1746 4782 1915 4820 annos
1944 4784 2064 4834 pro-

486 4857 695 4911 baverit
737 4857 866 4927 justi
895 4859 1165 4911 virtutem.
1210 4856 1435 4926 Quando
1463 4857 1605 4911 enim
1632 4857 1792 4910 exivit
1836 4873 1864 4910 a
1896 4858 2064 4912 Char—

486 4963 578 5000 ran
601 4987 617 5012 ,
650 4956 706 5000 et
751 4947 982 5002 obedivit
1007 4960 1276 5017 praecepto
1301 4948 1525 5009 Domini,
1557 4949 1884 5018 septuaginta
1909 4950 2063 5016 quin-

482 5052 585 5104 que
619 5052 878 5090 annorum
923 5046 1058 5102 erat,
1112 5038 1327 5105 inquit:
1380 5052 1520 5090 nunc
1561 5045 1736 5090 autent
1784 5047 2060 5106 postquam

484 5126 598 5180 h.t-e
640 5126 871 5191 audivit,
922 5127 1203 5195 nonaginta
1233 5137 1288 5180 et
1321 5141 1507 5181 novem
1539 5142 1709 5179 annos
1735 5137 2058 5182 excesserat.

553 5219 607 5271 5.
649 5216 861 5272 Moralis
880 5217 1177 5271 exhortatio.
1201 5247 1273 5256 -ο
1295 5217 1418 5270 Ιλιειιο
1437 5217 1726 5280 audientes,
1751 5217 1950 5277 dilecti.
1976 5217 2061 5271 di-

480 5328 692 5367 scamus
718 5311 940 5365 multant
980 5310 1232 5364 exhibere
1263 5310 1588 5380 patientiam,
1613 5319 1666 5363 et
1693 5326 1976 5381 numquam
2010 5313 2062 5365 in

481 5403 751 5459 laboribus
772 5404 1026 5457 virtutum
1051 5403 1132 5457 vel
1155 5401 1461 5469 desperare,
1495 5402 1574 5455 vel
1603 5411 1944 5469 torpescere;
1966 5401 2060 5456 sed

484 5495 714 5546 sciamus
753 5492 1030 5547 Dominum
1055 5509 1139 5546 no:
1155 5501 1291 5546 trum
1325 5490 1604 5560 benignum
1628 5505 1744 5544 esse
1768 5499 1821 5545 et
1845 5492 2061 5545 muniti-

482 5601 626 5646 unn,
657 5599 720 5639 ac
769 5599 866 5651 pro
887 5584 1061 5654 parvis
1086 5581 1354 5638 laboribus
1401 5597 1589 5652 magna
1633 5581 1785 5636 nobis
1839 5582 2063 5641 reddere

486 5676 722 5746 praemia,
754 5691 857 5730 non
875 5675 1045 5731 solum
1075 5677 1126 5730 in
1159 5675 1388 5728 futurum
1414 5673 1726 5728 immortalia
1750 5673 1885 5728 bona
1909 5691 2062 5744 repo-

490 5773 666 5824 uendo
693 5807 706 5830 ,
737 5767 832 5823 sed
859 5777 910 5822 et
941 5767 990 5822 in
1019 5765 1269 5837 pt‘tescnti
1300 5767 1403 5820 vita
1446 5773 1640 5820 nostra:
1686 5774 1889 5821 natura:
1920 5765 2062 5823 infit-

1203 373 1256 425 S.
1299 370 1574 426 JOANNIS
1612 371 2075 430 CHRYSOSTOMI
2113 375 2426 430 ARCHIEP.
2465 377 2989 438 CONSTANTlNOP.

3677 395 3786 451 579

2197 506 2432 562 mitatetn
2463 510 2642 566 multis
2671 513 3038 583 largitionibus
3053 522 3396 578 consolando.
3427 523 3778 594 Quandoqui-

2192 598 2315 652 dem
2368 602 2667 668 patriarcha
2695 608 2794 660 iste
2833 622 2938 662 non
2983 610 3321 666 mediocriter
3360 613 3635 682 interjecto
3681 616 3781 670 illo

2192 699 2427 758 tempore
2447 691 2681 747 adversis
2711 696 2870 751 rebus
2888 701 3150 754 exercitus
3166 711 3268 766 est,
3297 702 3535 770 quamvis
3559 719 3781 775 semper

2187 779 2409 834 adversa
2446 790 2865 853 temperarentur
2893 790 3179 856 prositeris.
3214 790 3592 848 Universorutn
3623 797 3777 852 enim

2192 872 2328 927 Deus
2381 887 2574 931 nastra:
2601 878 2925 935 inﬁrmitatis
2971 897 3155 937 curam
3187 901 3372 952 agens,
3406 903 3511 941 non
3559 903 3780 957 semper

2189 961 2241 1015 in
2271 963 2511 1020 adversis
2532 982 2626 1021 nos
2656 984 2874 1024 manere
2903 971 3050 1034 sinit,
3099 984 3154 1026 ut
3180 989 3285 1027 non
3315 977 3648 1044 opprimatur
3677 996 3779 1031 no-

2182 1061 2227 1104 st
2237 1069 2292 1106 ra
2311 1054 2615 1113 infirmitas:
2640 1058 2734 1114 sed
2754 1061 2998 1116 celeriter
3016 1075 3072 1118 et
3092 1064 3203 1132 ipse
3217 1067 3412 1134 Opitula
3423 1076 3528 1133 tur,
3553 1067 3778 1122 firmans

2184 1152 2421 1199 nostram
2472 1147 2822 1212 alacritatem,
2882 1162 2936 1205 et
2979 1166 3212 1207 mentem
3269 1157 3529 1210 excitans.
3579 1157 3770 1227 Neque

2182 1247 2394 1302 semper
2420 1236 2473 1289 in
2493 1239 2842 1306 prosperitate
2863 1256 2960 1294 nos
2988 1257 3104 1296 esse
3131 1244 3274 1308 sinit,
3302 1253 3360 1298 ut
3380 1260 3448 1300 ne
3469 1246 3655 1300 fiamus
3683 1261 3776 1300 ne-

2180 1324 2541 1392 gligentiores,
2586 1337 2640 1380 et
2687 1328 2738 1381 in
2795 1329 3043 1383 vitiorum
3105 1342 3280 1400 partes
3334 1333 3769 1404 transfugiantus.

2183 1415 2419 1490 Humana
2449 1417 2592 1471 enim
2643 1427 2859 1485 natura,
2899 1421 3113 1490 quando
3153 1424 3376 1477 multum
3433 1439 3684 1494 prospere
3721 1427 3773 1479 ei

2177 1505 2434 1570 succedit,
2463 1520 2574 1561 suae
2600 1508 2934 1563 obliviscitur
2955 1510 3264 1576 nobilitatis,
3289 1529 3460 1582 neque
3485 1515 3620 1568 intra
3640 1529 3773 1568 suos

2179 1594 2370 1650 limites
2397 1596 2635 1651 subsistit
2661 1617 2673 1651 :
2703 1597 2900 1653 idcirco
2919 1601 3070 1669 quasi
3095 1602 3492 1659 amantissimus
3510 1606 3774 1673 paterali-

2176 1686 2391 1754 quando
2435 1689 2588 1742 nobis
2627 1689 2885 1760 indulget,
2915 1693 3199 1762 aliquando
3229 1695 3472 1765 castigat,
3505 1707 3562 1750 ut
3608 1699 3773 1751 variis

2177 1776 2274 1828 viis
2301 1786 2496 1830 nostra:
2535 1780 2725 1833 animm
2748 1783 2973 1836 salutem
3017 1795 3187 1839 curet.
3215 1786 3477 1853 Quoniam
3505 1797 3562 1844 et
3591 1791 3768 1845 medi-

2178 1879 2294 1931 cus,
2313 1866 2525 1934 quando
2552 1868 2816 1923 inlirmum
2831 1881 3000 1938 curat,
3023 1889 3195 1942 neque
3214 1890 3428 1946 semper
3457 1879 3632 1947 inepia
3663 1881 3770 1934 cibi

2176 1965 2405 2024 torquet,
2427 1973 2596 2026 neque
2609 1975 2820 2028 semper
2840 1961 2980 2030 larga
3000 1979 3182 2018 mensa
3201 1966 3299 2019 frui
3320 1967 3466 2032 sinit,
3483 1984 3550 2024 ne
3562 1970 3772 2022 voraci-

2175 2053 2253 2098 tas
2299 2046 2485 2100 febrim
2530 2049 2741 2114 pariens
2781 2063 2970 2118 augeat
2998 2054 3260 2118 morbum,
3289 2057 3392 2110 cibi
3424 2073 3549 2112 vero
3590 2059 3770 2128 inopia

2173 2133 2516 2189 infinniorem
2545 2152 2668 2190 eum
2712 2139 2909 2193 efficiat
2948 2142 3077 2194 :sed
3134 2145 3443 2213 conjectans
3485 2149 3625 2216 apud
3680 2167 3765 2213 se,

2171 2235 2384 2292 quanta:
2432 2229 2539 2280 sint
2590 2230 2896 2296 tegrotantis
2961 2232 3135 2298 vires,
3184 2245 3238 2289 et
3279 2236 3563 2306 diligenter
3613 2251 3772 2294 utens

2170 2325 2286 2368 arte
2345 2316 2520 2369 omnia
2587 2332 2680 2370 sua
2741 2318 2791 2373 in
2852 2322 3084 2375 medium
3140 2323 3293 2378 affert
3347 2347 3360 2378 :
3410 2329 3657 2384 similiter
3711 2342 3772 2384 et

2171 2405 2428 2474 benignus
2481 2407 2620 2462 Deus
2677 2411 2852 2465 sciens
2895 2413 3019 2481 quid
3079 2415 3246 2470 cuivis
3307 2419 3578 2488 expediat,
3663 2423 3770 2476 alio

2168 2497 2381 2564 quando
2457 2498 2704 2554 concedit
2786 2502 2939 2556 nobis
3018 2506 3370 2573 prosperitate
3449 2508 3572 2570 frui,
3660 2511 3768 2565 ali-

2169 2585 2380 2652 quando
2404 2598 2584 2643 autem
2607 2591 3004 2648 exercitationis
3033 2597 3198 2664 gratia
3234 2599 3615 2655 teutationibus
3667 2618 3770 2658 nos

2170 2675 2485 2731 circumdat.
2551 2679 2683 2734 Nam
2709 2682 2754 2735 si
2781 2683 2982 2738 virtute
3013 2685 3223 2752 praediti
3274 2698 3398 2743 sunt
3447 2691 3537 2759 qui
3585 2700 3769 2746 tenta-

2174 2764 2347 2819 tiones
2372 2769 2737 2836 experiuntur,
2763 2773 3018 2828 clariores
3039 2776 3288 2843 evadunt,
3320 2779 3766 2837 abundantiorem

2169 2854 2269 2907 sibi
2313 2869 2598 2924 supernam
2639 2862 2864 2929 gratiam
2893 2865 3238 2920 conciliantes
3268 2885 3280 2920 :
3313 2869 3354 2921 si
3384 2880 3561 2923 autem
3583 2883 3639 2926 ut
3667 2888 3769 2925 nos

2172 2955 2481 3011 peccatores
2520 2948 2645 3014 sint,
2671 2959 2726 3004 et
2764 2966 2886 3005 cum
2929 2955 3215 3021 gratiarum
3253 2958 3463 3013 actione
3511 2961 3768 3016 tentatio-

2170 3049 2264 3088 nes
2293 3034 2482 3101 ferant,
2505 3052 2719 3106 gravem
2772 3040 3048 3109 deponent
3090 3055 3426 3110 peccatorum
3469 3050 3763 3118 sarcinam,

2169 3125 2437 3195 multaque
2462 3128 2616 3181 venia
2636 3139 2689 3182 et
2716 3130 2815 3199 ipsi
2845 3133 3131 3200 potientur.
3163 3135 3288 3190 Ideo
3331 3138 3580 3203 obsecro,
3637 3157 3764 3195 curn

2170 3213 2401 3268 sciamus
2431 3217 2720 3285 potentiam
2769 3229 2823 3274 et
2848 3223 3161 3289 sapientiam
3215 3225 3402 3283 Medici
3457 3231 3763 3285 animarum

2170 3314 2492 3370 nostrarum,
2528 3325 2817 3379 numquam
2844 3315 3056 3369 curiose
3076 3315 3192 3384 ejus
3220 3315 3644 3386 dispensationes
3677 3321 3763 3374 in-

2167 3396 2461 3462 quiramus.
2488 3398 2620 3453 Cum
2648 3402 2790 3456 enim
2815 3417 2907 3458 eas
2927 3419 3077 3459 mens
3097 3415 3277 3459 nostra
3304 3407 3764 3477 comprehendere

2169 3498 2420 3556 nequeat,
2479 3488 2601 3543 hinc
2645 3492 2812 3561 magis
2835 3493 3294 3563 obstupescamus,
3318 3506 3371 3551 et
3399 3497 3764 3567 gloriﬁcetnus

2169 3577 2334 3632 Deum
2391 3595 2486 3647 pro
2523 3582 2790 3647 omnibus,
2844 3585 2985 3652 quod
3026 3585 3182 3640 talem
3241 3586 3528 3643 habeamus
3566 3589 3758 3643 Domi-

2169 3682 2313 3732 num,
2355 3669 2506 3738 cujus
2553 3672 2977 3740 dispensationes
3014 3692 3187 3746 neque
3231 3693 3384 3732 mens
3423 3690 3624 3744 nostra,
3657 3696 3755 3735 ne-

2169 3776 2271 3825 que
2331 3761 2577 3815 humana:
2635 3775 2835 3819 natura:
2889 3767 3024 3820 ratio
3077 3783 3269 3836 capere
3325 3780 3517 3839 potest.
3573 3771 3762 3841 Neque

2168 3851 2310 3904 enim
2342 3861 2445 3905 tam
2499 3853 2636 3908 bene
2665 3855 2863 3909 scimus
2893 3857 3018 3924 quid
3073 3859 3225 3912 nobis
3280 3860 3547 3930 expediat,
3595 3877 3759 3931 quam

2171 3940 2285 4008 ipse
2312 3943 2445 4007 scit;
2477 3960 2648 4014 neque
2676 3945 2753 3999 sic
2783 3956 2961 4000 nostra
2999 3963 3097 4001 nos
3126 3963 3398 4015 curamus,
3433 3961 3490 4004 ut
3519 3950 3633 4018 ipse
3673 3967 3762 4006 sa-

2171 4029 2332 4085 lutem
2360 4045 2614 4099 nostram,
2645 4045 2697 4090 et
2716 4037 2891 4089 omnia
2922 4037 3045 4090 facit
3069 4047 3123 4092 et
3153 4039 3388 4104 molitur,
3410 4050 3466 4093 ut
3490 4041 3557 4094 ad
3590 4042 3762 4102 virtu-

2172 4129 2276 4174 teut
2309 4137 2405 4176 nos
2427 4123 2656 4186 inducat,
2685 4135 2741 4180 et
2768 4143 2796 4178 a
2823 4127 3018 4181 diaboli
3041 4129 3284 4182 manibus
3303 4129 3513 4200 eripiat.
3540 4131 3607 4185 Et
3634 4148 3758 4187 cunt

2173 4210 2312 4264 videt
2347 4213 2473 4265 nihil
2500 4215 2754 4282 prodesse
2802 4216 2955 4270 nobis
3011 4219 3407 4285 prosperitates,
3446 4231 3571 4274 tunc
3623 4222 3761 4276 sicut

2170 4301 2342 4354 bonus
2367 4303 2624 4367 medicus,
2651 4305 2739 4372 qui
2784 4306 3162 4360 animadvertit
3187 4309 3460 4364 obesiores
3487 4310 3519 4363 ft
3540 4311 3599 4364 ‘ri
3638 4326 3756 4377 eos,

2167 4406 2395 4462 quorum
2418 4409 2602 4453 curam
2626 4395 2781 4465 gerit,
2822 4407 3038 4466 propter
3058 4399 3352 4472 crapulam,
3381 4399 3447 4454 ad
3473 4402 3758 4456 sanitatem

2172 4497 2266 4550 per
2318 4485 2659 4539 sobrietatem
2705 4486 2953 4541 reducit:
2985 4487 3055 4540 ita
3108 4497 3163 4542 et
3204 4489 3430 4545 eximius
3459 4492 3756 4545 animarum

2172 4586 2483 4629 uestrarum
2526 4573 2758 4629 Medicus
2801 4577 3057 4644 permittit
3093 4578 3362 4648 paulisper
3401 4595 3499 4634 nos
3541 4583 3754 4646 tentari,

2173 4678 2226 4720 ut
2249 4665 2541 4720 sentiamus
2564 4676 2818 4734 quantum
2846 4666 3021 4720 damni
3050 4683 3114 4723 ex
3146 4670 3495 4738 prosperitate
3529 4686 3756 4740 accepe.

2173 4760 2338 4813 rimus
2373 4774 2386 4822 ;
2429 4766 2482 4812 et
2529 4757 2740 4826 quando
2778 4758 2921 4812 videt
2947 4758 3249 4816 restitutam
3268 4761 3571 4827 sanitatem,
3631 4772 3757 4819 tunc

2171 4850 2328 4904 celeri
2353 4849 2502 4902 nobis
2530 4848 2765 4920 subsidio
2795 4848 3038 4907 concedit
3066 4857 3124 4903 ut
3148 4864 3176 4902 a
3199 4851 3578 4906 tentationibus
3626 4853 3759 4908 libe-

2172 4956 2371 5006 rentur,
2411 4947 2466 4991 ct
2523 4953 2633 4990 sute
2679 4939 3028 5006 providentiae
3072 4957 3257 4995 curam
3297 4943 3522 4996 ubertim
3575 4945 3757 4999 decla-

2171 5041 2271 5084 rat.
2301 5031 2481 5099 Itaque
2501 5029 2600 5082 etsi
2634 5029 2796 5098 aliqui
2843 5031 3038 5086 virtute
3083 5033 3288 5104 prmditi
3336 5035 3388 5088 itt
3437 5036 3758 5092 tentationes

2172 5120 2430 5182 incidant,
2482 5135 2547 5172 ne
2595 5119 2905 5186 turbentur,
2954 5121 3049 5176 sed
3101 5123 3224 5177 hinc
3283 5125 3559 5179 meliorem
3606 5141 3756 5196 spem

2171 5211 2496 5279 concipiant,
2537 5209 2660 5278 quia
2718 5211 3068 5266 tentationum
3116 5213 3377 5276 incursus,
3433 5229 3757 5272 coronarum

2171 5312 2225 5358 et
2275 5301 2614 5371 pramiorum
2649 5301 2727 5353 eis
2772 5311 2899 5354 sunt
2949 5305 3190 5358 materia.
3246 5306 3398 5370 Quod
3446 5309 3489 5358 si
3528 5310 3578 5360 itt
3629 5323 3755 5376 pec-

2170 5397 2301 5450 catis
2353 5408 2476 5447 cum
2516 5394 2637 5450 sint.
2689 5393 2738 5444 in
2787 5394 3010 5449 adversa
3078 5395 3347 5462 incidant,
3391 5413 3457 5452 ne
3517 5410 3757 5468 propter-

2169 5503 2230 5543 ea
2256 5486 2512 5556 gravatim
2558 5485 2747 5550 ferant,
2790 5488 3020 5543 scientes
3067 5490 3210 5544 omni
3258 5497 3496 5560 tempore
3543 5505 3756 5561 peccata

2169 5577 2403 5632 adversis
2426 5575 2656 5645 purgari,
2676 5577 2833 5632 modo
2848 5594 2968 5633 cum
2984 5581 3268 5650 gratiarum
3280 5581 3488 5638 actione
3501 5583 3643 5636 sust-i
3653 5584 3757 5650 pia-

2171 5686 2286 5726 nms
2306 5686 2366 5725 ea
2385 5685 2501 5738 qua:
2519 5669 2783 5724 eveniunt.
2805 5672 2951 5727 Grati
2972 5673 3117 5728 enim
3133 5671 3312 5730 famuli
3329 5683 3432 5740 est,
3458 5690 3562 5728 non
3585 5679 3754 5731 solum

2177 5764 2368 5838 gratias
2385 5775 2546 5828 ageto
2588 5761 3066 5834 domino,qttando
3095 5764 3318 5820 ubertim
3360 5782 3455 5838 pro
3481 5765 3752 5821 sententia
