  <div class='ocr_page' id='page_1' title='image "/cluster/home/n/w/nwhite01/storage/ocr_20150623/53/pst.000005712526/374.png"; bbox 0 0 4054 6324; ppageno 0'>
   <div class='ocr_carea' id='block_1_1' title="bbox 295 326 389 383">
    <p class='ocr_par' dir='ltr' id='par_1_1' title="bbox 295 326 389 383">
     <span class='ocr_line' id='line_1_1' title="bbox 295 326 389 383; baseline -0.011 0"><span class='ocrx_word' id='word_1_1' title='bbox 295 326 389 383; x_wconf 76' lang='lat'><strong>373</strong></span> 
     </span>
    </p>
   </div>
   <div class='ocr_carea' id='block_1_2' title="bbox 289 427 1866 505">
    <p class='ocr_par' dir='ltr' id='par_1_2' title="bbox 289 427 1866 505">
     <span class='ocr_line' id='line_1_2' title="bbox 289 427 1866 505; baseline -0.005 -9"><span class='ocrx_word' id='word_1_2' title='bbox 289 440 455 496; x_wconf 87' lang='lat' dir='ltr'><strong>omnia</strong></span> <span class='ocrx_word' id='word_1_3' title='bbox 498 437 791 496; x_wconf 82' lang='lat' dir='ltr'><strong>succedunt</strong></span> <span class='ocrx_word' id='word_1_4' title='bbox 817 454 832 502; x_wconf 89' lang='lat'><strong>;</strong></span> <span class='ocrx_word' id='word_1_5' title='bbox 864 438 958 493; x_wconf 84' lang='lat' dir='ltr'><strong>sed</strong></span> <span class='ocrx_word' id='word_1_6' title='bbox 979 446 1032 492; x_wconf 89' lang='lat' dir='ltr'><strong>et</strong></span> <span class='ocrx_word' id='word_1_7' title='bbox 1052 436 1095 491; x_wconf 87' lang='lat' dir='ltr'><strong>si</strong></span> <span class='ocrx_word' id='word_1_8' title='bbox 1117 435 1167 490; x_wconf 90' lang='lat' dir='ltr'><strong>in</strong></span> <span class='ocrx_word' id='word_1_9' title='bbox 1188 434 1450 501; x_wconf 80' lang='lat' dir='ltr'><strong>adversis,</strong></span> <span class='ocrx_word' id='word_1_10' title='bbox 1468 427 1711 489; x_wconf 83' lang='lat' dir='ltr'><strong>eamdem</strong></span> <span class='ocrx_word' id='word_1_11' title='bbox 1732 445 1866 505; x_wconf 75' lang='lat' dir='ltr'><strong>grati</strong></span> 
     </span>
    </p>
   </div>
   <div class='ocr_carea' id='block_1_3' title="bbox 285 524 1869 604">
    <p class='ocr_par' dir='ltr' id='par_1_3' title="bbox 285 524 1869 604">
     <span class='ocr_line' id='line_1_3' title="bbox 285 524 1869 604; baseline -0.006 -19"><span class='ocrx_word' id='word_1_12' title='bbox 285 533 443 588; x_wconf 81' lang='lat' dir='ltr'><strong>animi</strong></span> <span class='ocrx_word' id='word_1_13' title='bbox 463 531 904 604; x_wconf 79' lang='lat' dir='ltr'><strong>signiﬁcationem</strong></span> <span class='ocrx_word' id='word_1_14' title='bbox 929 530 1038 583; x_wconf 88' lang='lat' dir='ltr'><strong>det.</strong></span> <span class='ocrx_word' id='word_1_15' title='bbox 1062 526 1150 582; x_wconf 98' lang='lat' dir='ltr'><strong>Sic</strong></span> <span class='ocrx_word' id='word_1_16' title='bbox 1171 527 1314 580; x_wconf 88' lang='lat' dir='ltr'><strong>enim</strong></span> <span class='ocrx_word' id='word_1_17' title='bbox 1340 524 1636 593; x_wconf 88' lang='lat' dir='ltr'><strong>patriarcha</strong></span> <span class='ocrx_word' id='word_1_18' title='bbox 1675 524 1764 578; x_wconf 91' lang='lat' dir='ltr'><strong>ille</strong></span> <span class='ocrx_word' id='word_1_19' title='bbox 1781 539 1869 576; x_wconf 86' lang='lat' dir='ltr'><strong>cc-</strong></span> 
     </span>
    </p>
   </div>
   <div class='ocr_carea' id='block_1_4' title="bbox 285 614 1864 687">
    <p class='ocr_par' dir='ltr' id='par_1_4' title="bbox 285 614 1864 687">
     <span class='ocr_line' id='line_1_4' title="bbox 285 614 1864 687; baseline -0.008 -9"><span class='ocrx_word' id='word_1_20' title='bbox 285 623 439 678; x_wconf 88' lang='lat' dir='ltr'><strong>lebris</strong></span> <span class='ocrx_word' id='word_1_21' title='bbox 457 631 512 679; x_wconf 91' lang='lat' dir='ltr'><strong>et</strong></span> <span class='ocrx_word' id='word_1_22' title='bbox 528 622 748 678; x_wconf 89' lang='lat' dir='ltr'><strong>illustris</strong></span> <span class='ocrx_word' id='word_1_23' title='bbox 772 620 888 683; x_wconf 82' lang='lat' dir='ltr'><strong>fuit,</strong></span> <span class='ocrx_word' id='word_1_24' title='bbox 909 628 963 674; x_wconf 91' lang='lat' dir='ltr'><strong>et</strong></span> <span class='ocrx_word' id='word_1_25' title='bbox 981 627 1180 674; x_wconf 88' lang='lat' dir='ltr'><strong>tantam</strong></span> <span class='ocrx_word' id='word_1_26' title='bbox 1201 617 1340 687; x_wconf 88' lang='lat' dir='ltr'><strong>apud</strong></span> <span class='ocrx_word' id='word_1_27' title='bbox 1370 616 1537 670; x_wconf 90' lang='lat' dir='ltr'><strong>Deum</strong></span> <span class='ocrx_word' id='word_1_28' title='bbox 1553 615 1781 668; x_wconf 87' lang='lat' dir='ltr'><strong>obtinuit</strong></span> <span class='ocrx_word' id='word_1_29' title='bbox 1801 614 1864 667; x_wconf 80' lang='lat' dir='ltr'><strong>ti-</strong></span> 
     </span>
    </p>
   </div>
   <div class='ocr_carea' id='block_1_5' title="bbox 283 708 1864 781">
    <p class='ocr_par' dir='ltr' id='par_1_5' title="bbox 283 708 1864 781">
     <span class='ocr_line' id='line_1_5' title="bbox 283 708 1864 781; baseline -0.008 -12"><span class='ocrx_word' id='word_1_30' title='bbox 283 711 486 769; x_wconf 86' lang='lat' dir='ltr'><strong>duciam</strong></span> <span class='ocrx_word' id='word_1_31' title='bbox 517 756 532 780; x_wconf 97' lang='lat'><strong>,</strong></span> <span class='ocrx_word' id='word_1_32' title='bbox 585 729 648 767; x_wconf 88' lang='lat' dir='ltr'><strong>ac</strong></span> <span class='ocrx_word' id='word_1_33' title='bbox 690 713 836 767; x_wconf 76' lang='lat' dir='ltr'><strong>dona</strong></span> <span class='ocrx_word' id='word_1_34' title='bbox 893 711 1098 781; x_wconf 87' lang='lat' dir='ltr'><strong>accepit</strong></span> <span class='ocrx_word' id='word_1_35' title='bbox 1153 726 1272 779; x_wconf 72' lang='lat' dir='ltr'><strong>quae</strong></span> <span class='ocrx_word' id='word_1_36' title='bbox 1349 722 1508 777; x_wconf 85' lang='lat' dir='ltr'><strong>supra</strong></span> <span class='ocrx_word' id='word_1_37' title='bbox 1578 708 1864 761; x_wconf 77' lang='lat' dir='ltr'><strong>humanam</strong></span> 
     </span>
    </p>
   </div>
   <div class='ocr_carea' id='block_1_6' title="bbox 280 800 691 862">
    <p class='ocr_par' dir='ltr' id='par_1_6' title="bbox 280 800 691 862">
     <span class='ocr_line' id='line_1_6' title="bbox 280 800 691 862; baseline -0.012 0"><span class='ocrx_word' id='word_1_38' title='bbox 280 816 395 862; x_wconf 82' lang='lat' dir='ltr'><strong>sunt</strong></span> <span class='ocrx_word' id='word_1_39' title='bbox 417 800 691 861; x_wconf 84' lang='lat' dir='ltr'><strong>naturain.</strong></span> 
     </span>
    </p>
   </div>
   <div class='ocr_carea' id='block_1_7' title="bbox 341 896 1860 967">
    <p class='ocr_par' dir='ltr' id='par_1_7' title="bbox 341 896 1860 967">
     <span class='ocr_line' id='line_1_7' title="bbox 341 896 1860 967; baseline -0.005 -15"><span class='ocrx_word' id='word_1_40' title='bbox 341 899 393 952; x_wconf 74' lang='grc' dir='ltr'>ι.</span> <span class='ocrx_word' id='word_1_41' title='bbox 436 896 543 953; x_wconf 88' lang='lat' dir='ltr'><strong>Sed</strong></span> <span class='ocrx_word' id='word_1_42' title='bbox 572 912 753 967; x_wconf 76' lang='lat' dir='ltr'><strong>opera:</strong></span> <span class='ocrx_word' id='word_1_43' title='bbox 785 897 1013 967; x_wconf 89' lang='lat' dir='ltr'><strong>pretium</strong></span> <span class='ocrx_word' id='word_1_44' title='bbox 1036 907 1118 953; x_wconf 91' lang='lat' dir='ltr'><strong>est</strong></span> <span class='ocrx_word' id='word_1_45' title='bbox 1149 906 1205 951; x_wconf 91' lang='lat' dir='ltr'><strong>ut</strong></span> <span class='ocrx_word' id='word_1_46' title='bbox 1224 896 1290 952; x_wconf 90' lang='lat' dir='ltr'><strong>ad</strong></span> <span class='ocrx_word' id='word_1_47' title='bbox 1321 897 1620 952; x_wconf 89' lang='lat' dir='ltr'><strong>institutum</strong></span> <span class='ocrx_word' id='word_1_48' title='bbox 1651 904 1860 948; x_wconf 67' lang='lat' dir='ltr'><strong>sermo-</strong></span> 
     </span>
    </p>
   </div>
   <div class='ocr_carea' id='block_1_8' title="bbox 277 988 1861 1059">
    <p class='ocr_par' dir='ltr' id='par_1_8' title="bbox 277 988 1861 1059">
     <span class='ocr_line' id='line_1_8' title="bbox 277 988 1861 1059; baseline -0.004 -15"><span class='ocrx_word' id='word_1_49' title='bbox 277 1005 392 1045; x_wconf 87' lang='lat' dir='ltr'><strong>nem</strong></span> <span class='ocrx_word' id='word_1_50' title='bbox 420 989 727 1055; x_wconf 80' lang='lat' dir='ltr'><strong>redeamus,</strong></span> <span class='ocrx_word' id='word_1_51' title='bbox 745 1000 799 1044; x_wconf 91' lang='lat' dir='ltr'><strong>et</strong></span> <span class='ocrx_word' id='word_1_52' title='bbox 821 990 1096 1044; x_wconf 90' lang='lat' dir='ltr'><strong>videamus</strong></span> <span class='ocrx_word' id='word_1_53' title='bbox 1104 989 1231 1059; x_wconf 86' lang='lat' dir='ltr'><strong>justi</strong></span> <span class='ocrx_word' id='word_1_54' title='bbox 1250 988 1634 1051; x_wconf 86' lang='lat' dir='ltr'><strong>obedientiam,</strong></span> <span class='ocrx_word' id='word_1_55' title='bbox 1655 995 1709 1040; x_wconf 94' lang='lat' dir='ltr'><strong>et</strong></span> <span class='ocrx_word' id='word_1_56' title='bbox 1728 998 1861 1054; x_wconf 51' lang='lat' dir='ltr'><strong>quo-</strong></span> 
     </span>
    </p>
   </div>
   <div class='ocr_carea' id='block_1_9' title="bbox 276 1080 1858 1150">
    <p class='ocr_par' dir='ltr' id='par_1_9' title="bbox 276 1080 1858 1150">
     <span class='ocr_line' id='line_1_9' title="bbox 276 1080 1858 1150; baseline -0.003 -17"><span class='ocrx_word' id='word_1_57' title='bbox 276 1081 432 1135; x_wconf 91' lang='lat' dir='ltr'><strong>modo</strong></span> <span class='ocrx_word' id='word_1_58' title='bbox 463 1080 647 1138; x_wconf 79' lang='lat' dir='ltr'><strong>fecerit</strong></span> <span class='ocrx_word' id='word_1_59' title='bbox 673 1080 813 1150; x_wconf 86' lang='lat' dir='ltr'><strong>quod</strong></span> <span class='ocrx_word' id='word_1_60' title='bbox 854 1096 885 1136; x_wconf 94' lang='lat' dir='ltr'><strong>a</strong></span> <span class='ocrx_word' id='word_1_61' title='bbox 917 1081 1024 1135; x_wconf 86' lang='lat' dir='ltr'><strong>Deo</strong></span> <span class='ocrx_word' id='word_1_62' title='bbox 1055 1081 1375 1150; x_wconf 87' lang='lat' dir='ltr'><strong>imperattttn</strong></span> <span class='ocrx_word' id='word_1_63' title='bbox 1421 1088 1536 1144; x_wconf 83' lang='lat' dir='ltr'><strong>est,</strong></span> <span class='ocrx_word' id='word_1_64' title='bbox 1573 1094 1677 1131; x_wconf 90' lang='lat' dir='ltr'><strong>non</strong></span> <span class='ocrx_word' id='word_1_65' title='bbox 1707 1089 1858 1145; x_wconf 75' lang='lat' dir='ltr'><strong>qua:-</strong></span> 
     </span>
    </p>
   </div>
   <div class='ocr_carea' id='block_1_10' title="bbox 272 1164 1856 1242">
    <p class='ocr_par' dir='ltr' id='par_1_10' title="bbox 272 1164 1856 1242">
     <span class='ocr_line' id='line_1_10' title="bbox 272 1164 1856 1242; baseline -0.004 -17"><span class='ocrx_word' id='word_1_66' title='bbox 272 1187 393 1227; x_wconf 86' lang='lat' dir='ltr'><strong>rens</strong></span> <span class='ocrx_word' id='word_1_67' title='bbox 441 1187 682 1236; x_wconf 85' lang='lat' dir='ltr'><strong>causam,</strong></span> <span class='ocrx_word' id='word_1_68' title='bbox 737 1188 912 1242; x_wconf 86' lang='lat' dir='ltr'><strong>neque</strong></span> <span class='ocrx_word' id='word_1_69' title='bbox 941 1173 1201 1226; x_wconf 80' lang='lat' dir='ltr'><strong>rationem</strong></span> <span class='ocrx_word' id='word_1_70' title='bbox 1233 1172 1476 1242; x_wconf 78' lang='lat' dir='ltr'><strong>exigens,</strong></span> <span class='ocrx_word' id='word_1_71' title='bbox 1524 1169 1663 1224; x_wconf 83' lang='lat' dir='ltr'><strong>sicut</strong></span> <span class='ocrx_word' id='word_1_72' title='bbox 1705 1164 1856 1220; x_wconf 87' lang='lat' dir='ltr'><strong>tnttlti</strong></span> 
     </span>
    </p>
   </div>
   <div class='ocr_carea' id='block_1_11' title="bbox 267 1257 1857 1333">
    <p class='ocr_par' dir='ltr' id='par_1_11' title="bbox 267 1257 1857 1333">
     <span class='ocr_line' id='line_1_11' title="bbox 267 1257 1857 1333; baseline -0.004 -16"><span class='ocrx_word' id='word_1_73' title='bbox 267 1263 582 1333; x_wconf 83' lang='lat' dir='ltr'><strong>insipientes</strong></span> <span class='ocrx_word' id='word_1_74' title='bbox 610 1261 834 1327; x_wconf 74' lang='lat' dir='ltr'><strong>faciunt,</strong></span> <span class='ocrx_word' id='word_1_75' title='bbox 861 1262 931 1318; x_wconf 88' lang='lat' dir='ltr'><strong>de.</strong></span> <span class='ocrx_word' id='word_1_76' title='bbox 958 1262 1022 1316; x_wconf 92' lang='lat' dir='ltr'><strong>iis</strong></span> <span class='ocrx_word' id='word_1_77' title='bbox 1049 1277 1169 1332; x_wconf 65' lang='lat' dir='ltr'><strong>quae</strong></span> <span class='ocrx_word' id='word_1_78' title='bbox 1197 1262 1338 1316; x_wconf 88' lang='lat' dir='ltr'><strong>Deus</strong></span> <span class='ocrx_word' id='word_1_79' title='bbox 1368 1268 1623 1331; x_wconf 85' lang='lat' dir='ltr'><strong>operatur</strong></span> <span class='ocrx_word' id='word_1_80' title='bbox 1645 1257 1857 1312; x_wconf 83' lang='lat' dir='ltr'><strong>curiose</strong></span> 
     </span>
    </p>
   </div>
   <div class='ocr_carea' id='block_1_12' title="bbox 264 1348 1856 1422">
    <p class='ocr_par' dir='ltr' id='par_1_12' title="bbox 264 1348 1856 1422">
     <span class='ocr_line' id='line_1_12' title="bbox 264 1348 1856 1422; baseline -0.004 -14"><span class='ocrx_word' id='word_1_81' title='bbox 264 1363 584 1422; x_wconf 73' lang='lat' dir='ltr'><strong>quau-entes,</strong></span> <span class='ocrx_word' id='word_1_82' title='bbox 609 1362 665 1408; x_wconf 89' lang='lat' dir='ltr'><strong>et</strong></span> <span class='ocrx_word' id='word_1_83' title='bbox 689 1353 958 1410; x_wconf 74' lang='lat' dir='ltr'><strong>dicentes:</strong></span> <span class='ocrx_word' id='word_1_84' title='bbox 987 1354 1164 1422; x_wconf 84' lang='lat' dir='ltr'><strong>Quare</strong></span> <span class='ocrx_word' id='word_1_85' title='bbox 1192 1353 1316 1420; x_wconf 92' lang='lat' dir='ltr'><strong>hoc,</strong></span> <span class='ocrx_word' id='word_1_86' title='bbox 1343 1361 1398 1407; x_wconf 91' lang='lat' dir='ltr'><strong>et</strong></span> <span class='ocrx_word' id='word_1_87' title='bbox 1416 1366 1583 1422; x_wconf 90' lang='lat' dir='ltr'><strong>quare</strong></span> <span class='ocrx_word' id='word_1_88' title='bbox 1609 1348 1774 1405; x_wconf 86' lang='lat' dir='ltr'><strong>illud?</strong></span> <span class='ocrx_word' id='word_1_89' title='bbox 1799 1356 1856 1403; x_wconf 90' lang='lat' dir='ltr'><strong>et</strong></span> 
     </span>
    </p>
   </div>
   <div class='ocr_carea' id='block_1_13' title="bbox 263 1436 1851 1515">
    <p class='ocr_par' dir='ltr' id='par_1_13' title="bbox 263 1436 1851 1515">
     <span class='ocr_line' id='line_1_13' title="bbox 263 1436 1851 1515; baseline -0.001 -17"><span class='ocrx_word' id='word_1_90' title='bbox 263 1460 381 1513; x_wconf 70' lang='lat' dir='ltr'><strong>quae</strong></span> <span class='ocrx_word' id='word_1_91' title='bbox 412 1441 561 1511; x_wconf 82' lang='lat' dir='ltr'><strong>hinc,</strong></span> <span class='ocrx_word' id='word_1_92' title='bbox 595 1445 679 1500; x_wconf 87' lang='lat' dir='ltr'><strong>vel</strong></span> <span class='ocrx_word' id='word_1_93' title='bbox 701 1460 822 1515; x_wconf 66' lang='lat' dir='ltr'><strong>qua:</strong></span> <span class='ocrx_word' id='word_1_94' title='bbox 853 1436 999 1498; x_wconf 85' lang='lat' dir='ltr'><strong>illinc</strong></span> <span class='ocrx_word' id='word_1_95' title='bbox 1031 1445 1232 1499; x_wconf 88' lang='lat' dir='ltr'><strong>utilitas</strong></span> <span class='ocrx_word' id='word_1_96' title='bbox 1278 1442 1590 1498; x_wconf 77' lang='lat' dir='ltr'><strong>enascitur?</strong></span> <span class='ocrx_word' id='word_1_97' title='bbox 1633 1443 1699 1496; x_wconf 82' lang='lat' dir='ltr'><strong>At</strong></span> <span class='ocrx_word' id='word_1_98' title='bbox 1744 1457 1851 1496; x_wconf 88' lang='lat' dir='ltr'><strong>non</strong></span> 
     </span>
    </p>
   </div>
   <div class='ocr_carea' id='block_1_14' title="bbox 260 1535 1850 1607">
    <p class='ocr_par' dir='ltr' id='par_1_14' title="bbox 260 1535 1850 1607">
     <span class='ocr_line' id='line_1_14' title="bbox 260 1535 1850 1607; baseline 0.001 -19"><span class='ocrx_word' id='word_1_99' title='bbox 260 1536 323 1592; x_wconf 88' lang='lat' dir='ltr'><strong>ad</strong></span> <span class='ocrx_word' id='word_1_100' title='bbox 361 1553 487 1594; x_wconf 88' lang='lat' dir='ltr'><strong>eum</strong></span> <span class='ocrx_word' id='word_1_101' title='bbox 514 1537 732 1592; x_wconf 88' lang='lat' dir='ltr'><strong>modum</strong></span> <span class='ocrx_word' id='word_1_102' title='bbox 776 1538 900 1593; x_wconf 76' lang='lat' dir='ltr'><strong>fecit</strong></span> <span class='ocrx_word' id='word_1_103' title='bbox 930 1537 1107 1607; x_wconf 78' lang='lat' dir='ltr'><strong>justus</strong></span> <span class='ocrx_word' id='word_1_104' title='bbox 1139 1537 1260 1602; x_wconf 91' lang='lat' dir='ltr'><strong>ille;</strong></span> <span class='ocrx_word' id='word_1_105' title='bbox 1308 1537 1404 1591; x_wconf 89' lang='lat' dir='ltr'><strong>sed</strong></span> <span class='ocrx_word' id='word_1_106' title='bbox 1460 1537 1596 1591; x_wconf 87' lang='lat' dir='ltr'><strong>sicut</strong></span> <span class='ocrx_word' id='word_1_107' title='bbox 1624 1535 1850 1590; x_wconf 79' lang='lat' dir='ltr'><strong>famulus</strong></span> 
     </span>
    </p>
   </div>
   <div class='ocr_carea' id='block_1_15' title="bbox 259 1625 1848 1700">
    <p class='ocr_par' dir='ltr' id='par_1_15' title="bbox 259 1625 1848 1700">
     <span class='ocr_line' id='line_1_15' title="bbox 259 1625 1848 1700; baseline -0.001 -19"><span class='ocrx_word' id='word_1_108' title='bbox 259 1627 485 1698; x_wconf 89' lang='lat' dir='ltr'><strong>diligens</strong></span> <span class='ocrx_word' id='word_1_109' title='bbox 512 1628 812 1694; x_wconf 91' lang='lat' dir='ltr'><strong>dominum,</strong></span> <span class='ocrx_word' id='word_1_110' title='bbox 840 1642 1193 1700; x_wconf 70' lang='lat' dir='ltr'><strong>qumCumque</strong></span> <span class='ocrx_word' id='word_1_111' title='bbox 1221 1627 1565 1698; x_wconf 71' lang='lat' dir='ltr'><strong>praecepisset</strong></span> <span class='ocrx_word' id='word_1_112' title='bbox 1625 1625 1848 1692; x_wconf 88' lang='lat' dir='ltr'><strong>implere</strong></span> 
     </span>
    </p>
   </div>
   <div class='ocr_carea' id='block_1_16' title="bbox 255 1715 1847 1790">
    <p class='ocr_par' dir='ltr' id='par_1_16' title="bbox 255 1715 1847 1790">
     <span class='ocr_line' id='line_1_16' title="bbox 255 1715 1847 1790; baseline -0.004 -14"><span class='ocrx_word' id='word_1_113' title='bbox 255 1720 482 1783; x_wconf 80' lang='lat' dir='ltr'><strong>studuit,</strong></span> <span class='ocrx_word' id='word_1_114' title='bbox 513 1718 645 1774; x_wconf 84' lang='lat' dir='ltr'><strong>nihil</strong></span> <span class='ocrx_word' id='word_1_115' title='bbox 675 1719 898 1774; x_wconf 88' lang='lat' dir='ltr'><strong>ulterius</strong></span> <span class='ocrx_word' id='word_1_116' title='bbox 921 1729 1265 1790; x_wconf 85' lang='lat' dir='ltr'><strong>percontans.</strong></span> <span class='ocrx_word' id='word_1_117' title='bbox 1299 1719 1366 1774; x_wconf 86' lang='lat' dir='ltr'><strong>Et</strong></span> <span class='ocrx_word' id='word_1_118' title='bbox 1391 1728 1451 1773; x_wconf 88' lang='lat' dir='ltr'><strong>ut</strong></span> <span class='ocrx_word' id='word_1_119' title='bbox 1489 1718 1686 1782; x_wconf 70' lang='lat' dir='ltr'><strong>discas,</strong></span> <span class='ocrx_word' id='word_1_120' title='bbox 1722 1715 1847 1770; x_wconf 91' lang='lat' dir='ltr'><strong>audi</strong></span> 
     </span>
    </p>
   </div>
   <div class='ocr_carea' id='block_1_17' title="bbox 255 1809 1848 1884">
    <p class='ocr_par' dir='ltr' id='par_1_17' title="bbox 255 1809 1848 1884">
     <span class='ocr_line' id='line_1_17' title="bbox 255 1809 1848 1884; baseline -0.003 -18"><span class='ocrx_word' id='word_1_121' title='bbox 255 1829 373 1883; x_wconf 74' lang='lat' dir='ltr'><strong>qua:</strong></span> <span class='ocrx_word' id='word_1_122' title='bbox 415 1823 731 1884; x_wconf 86' lang='lat' dir='ltr'><strong>sequuntur.</strong></span> <span class='ocrx_word' id='word_1_123' title='bbox 773 1813 1062 1882; x_wconf 84' lang='lat' dir='ltr'><strong>Postquam</strong></span> <span class='ocrx_word' id='word_1_124' title='bbox 1115 1811 1258 1866; x_wconf 91' lang='lat' dir='ltr'><strong>enim</strong></span> <span class='ocrx_word' id='word_1_125' title='bbox 1312 1811 1568 1865; x_wconf 88' lang='lat' dir='ltr'><strong>Dominus</strong></span> <span class='ocrx_word' id='word_1_126' title='bbox 1619 1809 1848 1880; x_wconf 86' lang='lat' dir='ltr'><strong>promis-</strong></span> 
     </span>
    </p>
   </div>
   <div class='ocr_carea' id='block_1_18' title="bbox 252 1902 1841 1974">
    <p class='ocr_par' dir='ltr' id='par_1_18' title="bbox 252 1902 1841 1974">
     <span class='ocr_line' id='line_1_18' title="bbox 252 1902 1841 1974; baseline -0.004 -17"><span class='ocrx_word' id='word_1_127' title='bbox 252 1905 459 1959; x_wconf 87' lang='lat' dir='ltr'><strong>sionem</strong></span> <span class='ocrx_word' id='word_1_128' title='bbox 480 1905 528 1958; x_wconf 94' lang='lat' dir='ltr'><strong>ci</strong></span> <span class='ocrx_word' id='word_1_129' title='bbox 551 1903 674 1958; x_wconf 77' lang='lat' dir='ltr'><strong>fecit</strong></span> <span class='ocrx_word' id='word_1_130' title='bbox 693 1902 713 1974; x_wconf 92' lang='lat'>(</span> <span class='ocrx_word' id='word_1_131' title='bbox 730 1920 775 1956; x_wconf 81' lang='grc' dir='ltr'><strong>υ.</strong></span> <span class='ocrx_word' id='word_1_132' title='bbox 805 1902 900 1971; x_wconf 73' lang='grc'><strong>22)</strong></span> <span class='ocrx_word' id='word_1_133' title='bbox 918 1945 931 1966; x_wconf 89' lang='grc'><strong>,</strong></span> <span class='ocrx_word' id='word_1_134' title='bbox 962 1912 1016 1958; x_wconf 89' lang='lat' dir='ltr'><strong>et</strong></span> <span class='ocrx_word' id='word_1_135' title='bbox 1035 1902 1645 1971; x_wconf 90' lang='lat' dir='ltr'><strong>complevitsermouem</strong></span> <span class='ocrx_word' id='word_1_136' title='bbox 1664 1915 1841 1966; x_wconf 91' lang='lat' dir='ltr'><strong>suum,</strong></span> 
     </span>
    </p>
   </div>
   <div class='ocr_carea' id='block_1_19' title="bbox 249 1991 1840 2064">
    <p class='ocr_par' dir='ltr' id='par_1_19' title="bbox 249 1991 1840 2064">
     <span class='ocr_line' id='line_1_19' title="bbox 249 1991 1840 2064; baseline -0.003 -17"><span class='ocrx_word' id='word_1_137' title='bbox 249 1995 620 2064; x_wconf 83' lang='lat' dir='ltr'><strong>statimjustus</strong></span> <span class='ocrx_word' id='word_1_138' title='bbox 644 2010 763 2064; x_wconf 76' lang='lat' dir='ltr'><strong>qua:</strong></span> <span class='ocrx_word' id='word_1_139' title='bbox 783 1995 1035 2063; x_wconf 87' lang='lat' dir='ltr'><strong>imperata</strong></span> <span class='ocrx_word' id='word_1_140' title='bbox 1061 1991 1273 2046; x_wconf 81' lang='lat' dir='ltr'><strong>luerunt</strong></span> <span class='ocrx_word' id='word_1_141' title='bbox 1298 1992 1539 2061; x_wconf 80' lang='lat' dir='ltr'><strong>perfecit,</strong></span> <span class='ocrx_word' id='word_1_142' title='bbox 1561 2003 1614 2046; x_wconf 89' lang='lat' dir='ltr'><strong>et</strong></span> <span class='ocrx_word' id='word_1_143' title='bbox 1633 1991 1840 2060; x_wconf 78' lang='lat' dir='ltr'><strong>signum</strong></span> 
     </span>
    </p>
   </div>
   <div class='ocr_carea' id='block_1_20' title="bbox 250 2081 1838 2156">
    <p class='ocr_par' dir='ltr' id='par_1_20' title="bbox 250 2081 1838 2156">
     <span class='ocr_line' id='line_1_20' title="bbox 250 2081 1838 2156; baseline -0.003 -17"><span class='ocrx_word' id='word_1_144' title='bbox 250 2087 349 2140; x_wconf 91' lang='lat' dir='ltr'><strong>hoc</strong></span> <span class='ocrx_word' id='word_1_145' title='bbox 370 2085 522 2156; x_wconf 80' lang='lat' dir='ltr'><strong>quod</strong></span> <span class='ocrx_word' id='word_1_146' title='bbox 543 2101 572 2138; x_wconf 91' lang='lat' dir='ltr'><strong>a</strong></span> <span class='ocrx_word' id='word_1_147' title='bbox 604 2085 712 2140; x_wconf 87' lang='lat' dir='ltr'><strong>Deo</strong></span> <span class='ocrx_word' id='word_1_148' title='bbox 740 2093 858 2138; x_wconf 89' lang='lat' dir='ltr'><strong>erat</strong></span> <span class='ocrx_word' id='word_1_149' title='bbox 881 2084 1087 2151; x_wconf 89' lang='lat' dir='ltr'><strong>datum,</strong></span> <span class='ocrx_word' id='word_1_150' title='bbox 1113 2083 1301 2137; x_wconf 85' lang='lat' dir='ltr'><strong>indidit</strong></span> <span class='ocrx_word' id='word_1_151' title='bbox 1330 2082 1542 2138; x_wconf 88' lang='lat' dir='ltr'><strong>lsmaeli</strong></span> <span class='ocrx_word' id='word_1_152' title='bbox 1590 2082 1610 2152; x_wconf 93' lang='lat'>(</span> <span class='ocrx_word' id='word_1_153' title='bbox 1626 2098 1673 2135; x_wconf 80' lang='grc' dir='ltr'><strong>υ.</strong></span> <span class='ocrx_word' id='word_1_154' title='bbox 1701 2081 1792 2148; x_wconf 71' lang='grc'><strong>25)</strong></span> <span class='ocrx_word' id='word_1_155' title='bbox 1821 2121 1838 2146; x_wconf 87' lang='grc'><strong><em>,</em></strong></span> 
     </span>
    </p>
   </div>
   <div class='ocr_carea' id='block_1_21' title="bbox 245 2173 1840 2242">
    <p class='ocr_par' dir='ltr' id='par_1_21' title="bbox 245 2173 1840 2242">
     <span class='ocr_line' id='line_1_21' title="bbox 245 2173 1840 2242; baseline -0.003 -13"><span class='ocrx_word' id='word_1_156' title='bbox 245 2179 710 2232; x_wconf 85' lang='lat' dir='ltr'><strong>circumcisiouem</strong></span> <span class='ocrx_word' id='word_1_157' title='bbox 727 2175 868 2240; x_wconf 84' lang='lat' dir='ltr'><strong>dico,</strong></span> <span class='ocrx_word' id='word_1_158' title='bbox 894 2185 949 2230; x_wconf 89' lang='lat' dir='ltr'><strong>et</strong></span> <span class='ocrx_word' id='word_1_159' title='bbox 971 2175 1220 2238; x_wconf 78' lang='lat' dir='ltr'><strong>mutiihus</strong></span> <span class='ocrx_word' id='word_1_160' title='bbox 1247 2175 1546 2229; x_wconf 74' lang='lat' dir='ltr'><strong>vernaculis</strong></span> <span class='ocrx_word' id='word_1_161' title='bbox 1571 2183 1625 2228; x_wconf 91' lang='lat' dir='ltr'><strong>et</strong></span> <span class='ocrx_word' id='word_1_162' title='bbox 1649 2173 1840 2242; x_wconf 83' lang='lat' dir='ltr'><strong>cmpti-</strong></span> 
     </span>
    </p>
   </div>
   <div class='ocr_carea' id='block_1_22' title="bbox 245 2264 1838 2336">
    <p class='ocr_par' dir='ltr' id='par_1_22' title="bbox 245 2264 1838 2336">
     <span class='ocr_line' id='line_1_22' title="bbox 245 2264 1838 2336; baseline -0.003 -15"><span class='ocrx_word' id='word_1_163' title='bbox 245 2267 352 2330; x_wconf 89' lang='lat' dir='ltr'><strong>tiis,</strong></span> <span class='ocrx_word' id='word_1_164' title='bbox 384 2269 522 2321; x_wconf 86' lang='lat' dir='ltr'><strong>sicut</strong></span> <span class='ocrx_word' id='word_1_165' title='bbox 545 2268 793 2336; x_wconf 84' lang='lat' dir='ltr'><strong>loquutus</strong></span> <span class='ocrx_word' id='word_1_166' title='bbox 816 2276 898 2320; x_wconf 89' lang='lat' dir='ltr'><strong>est</strong></span> <span class='ocrx_word' id='word_1_167' title='bbox 922 2266 969 2321; x_wconf 92' lang='lat' dir='ltr'><strong>ei</strong></span> <span class='ocrx_word' id='word_1_168' title='bbox 994 2266 1148 2320; x_wconf 84' lang='lat' dir='ltr'><strong>Deus.</strong></span> <span class='ocrx_word' id='word_1_169' title='bbox 1172 2264 1532 2320; x_wconf 87' lang='lat' dir='ltr'><strong>Circumcisus</strong></span> <span class='ocrx_word' id='word_1_170' title='bbox 1552 2274 1636 2318; x_wconf 89' lang='lat' dir='ltr'><strong>est</strong></span> <span class='ocrx_word' id='word_1_171' title='bbox 1659 2273 1838 2317; x_wconf 71' lang='lat' dir='ltr'><strong>autc-tn</strong></span> 
     </span>
    </p>
   </div>
   <div class='ocr_carea' id='block_1_23' title="bbox 241 2356 1835 2430">
    <p class='ocr_par' dir='ltr' id='par_1_23' title="bbox 241 2356 1835 2430">
     <span class='ocr_line' id='line_1_23' title="bbox 241 2356 1835 2430; baseline -0.004 -17"><span class='ocrx_word' id='word_1_172' title='bbox 241 2369 296 2414; x_wconf 92' lang='lat' dir='ltr'><strong>et</strong></span> <span class='ocrx_word' id='word_1_173' title='bbox 317 2360 451 2430; x_wconf 89' lang='lat' dir='ltr'><strong>ipse.</strong></span> <span class='ocrx_word' id='word_1_174' title='bbox 481 2359 553 2413; x_wconf 67' lang='grc' dir='ltr'>ει</span> <span class='ocrx_word' id='word_1_175' title='bbox 613 2356 904 2429; x_wconf 82' lang='lat' dir='ltr'><strong>Nonaginta</strong></span> <span class='ocrx_word' id='word_1_176' title='bbox 929 2357 1072 2414; x_wconf 85' lang='lat' dir='ltr'><strong>cuitu</strong></span> <span class='ocrx_word' id='word_1_177' title='bbox 1099 2367 1145 2410; x_wconf 87' lang='lat' dir='ltr'><strong>et</strong></span> <span class='ocrx_word' id='word_1_178' title='bbox 1173 2373 1347 2409; x_wconf 79' lang='lat' dir='ltr'><strong>novem</strong></span> <span class='ocrx_word' id='word_1_179' title='bbox 1383 2371 1639 2409; x_wconf 80' lang='lat' dir='ltr'><strong>annorum</strong></span> <span class='ocrx_word' id='word_1_180' title='bbox 1680 2362 1788 2407; x_wconf 83' lang='lat' dir='ltr'><strong>erat</strong></span> <span class='ocrx_word' id='word_1_181' title='bbox 1819 2392 1835 2416; x_wconf 96' lang='lat'><strong>,</strong></span> 
     </span>
    </p>
   </div>
   <div class='ocr_carea' id='block_1_24' title="bbox 239 2431 1833 2522">
    <p class='ocr_par' dir='ltr' id='par_1_24' title="bbox 239 2431 1833 2522">
     <span class='ocr_line' id='line_1_24' title="bbox 239 2431 1833 2522; baseline -0.004 -16"><span class='ocrx_word' id='word_1_182' title='bbox 239 2450 434 2522; x_wconf 88' lang='lat' dir='ltr'><strong>inquit,</strong></span> <span class='ocrx_word' id='word_1_183' title='bbox 469 2451 672 2518; x_wconf 77' lang='lat' dir='ltr'><strong>quando</strong></span> <span class='ocrx_word' id='word_1_184' title='bbox 717 2449 1030 2503; x_wconf 82' lang='lat' dir='ltr'><strong>circumcidit</strong></span> <span class='ocrx_word' id='word_1_185' title='bbox 1070 2464 1274 2501; x_wconf 81' lang='lat' dir='ltr'><strong>carnem</strong></span> <span class='ocrx_word' id='word_1_186' title='bbox 1320 2431 1559 2517; x_wconf 72' lang='lat' dir='ltr'><strong>prwputii</strong></span> <span class='ocrx_word' id='word_1_187' title='bbox 1607 2447 1717 2511; x_wconf 87' lang='lat' dir='ltr'><strong>sui;</strong></span> <span class='ocrx_word' id='word_1_188' title='bbox 1741 2445 1833 2500; x_wconf 76' lang='grc'><strong>25.</strong></span> 
     </span>
    </p>
   </div>
   <div class='ocr_carea' id='block_1_25' title="bbox 239 2536 1836 2606">
    <p class='ocr_par' dir='ltr' id='par_1_25' title="bbox 239 2536 1836 2606">
     <span class='ocr_line' id='line_1_25' title="bbox 239 2536 1836 2606; baseline -0.004 -10"><span class='ocrx_word' id='word_1_189' title='bbox 239 2540 433 2596; x_wconf 83' lang='lat' dir='ltr'><strong>Ismael</strong></span> <span class='ocrx_word' id='word_1_190' title='bbox 457 2553 626 2594; x_wconf 84' lang='lat' dir='ltr'><strong>autem</strong></span> <span class='ocrx_word' id='word_1_191' title='bbox 653 2549 761 2593; x_wconf 80' lang='lat' dir='ltr'><strong>erat</strong></span> <span class='ocrx_word' id='word_1_192' title='bbox 788 2556 1038 2592; x_wconf 82' lang='lat' dir='ltr'><strong>annorum</strong></span> <span class='ocrx_word' id='word_1_193' title='bbox 1065 2537 1321 2592; x_wconf 81' lang='lat' dir='ltr'><strong>tredecim.</strong></span> <span class='ocrx_word' id='word_1_194' title='bbox 1349 2536 1428 2592; x_wconf 86' lang='lat' dir='ltr'><strong>Ne</strong></span> <span class='ocrx_word' id='word_1_195' title='bbox 1458 2546 1611 2606; x_wconf 88' lang='lat' dir='ltr'><strong>putes</strong></span> <span class='ocrx_word' id='word_1_196' title='bbox 1632 2537 1836 2606; x_wconf 76' lang='lat' dir='ltr'><strong>alisque</strong></span> 
     </span>
    </p>
   </div>
   <div class='ocr_carea' id='block_1_26' title="bbox 237 2611 1833 2700">
    <p class='ocr_par' dir='ltr' id='par_1_26' title="bbox 237 2611 1833 2700">
     <span class='ocr_line' id='line_1_26' title="bbox 237 2611 1833 2700; baseline -0.007 -14"><span class='ocrx_word' id='word_1_197' title='bbox 237 2647 396 2686; x_wconf 89' lang='lat' dir='ltr'><strong>causa</strong></span> <span class='ocrx_word' id='word_1_198' title='bbox 426 2631 755 2700; x_wconf 86' lang='lat' dir='ltr'><strong>Scripturam</strong></span> <span class='ocrx_word' id='word_1_199' title='bbox 780 2643 1080 2698; x_wconf 83' lang='lat' dir='ltr'><strong>praponere</strong></span> <span class='ocrx_word' id='word_1_200' title='bbox 1125 2627 1280 2681; x_wconf 86' lang='lat' dir='ltr'><strong>nobis</strong></span> <span class='ocrx_word' id='word_1_201' title='bbox 1329 2611 1608 2682; x_wconf 88' lang='lat' dir='ltr'><strong>numerum</strong></span> <span class='ocrx_word' id='word_1_202' title='bbox 1659 2641 1833 2680; x_wconf 83' lang='lat' dir='ltr'><strong>anno-</strong></span> 
     </span>
    </p>
   </div>
   <div class='ocr_carea' id='block_1_27' title="bbox 236 2717 1828 2788">
    <p class='ocr_par' dir='ltr' id='par_1_27' title="bbox 236 2717 1828 2788">
     <span class='ocr_line' id='line_1_27' title="bbox 236 2717 1828 2788; baseline -0.006 -12"><span class='ocrx_word' id='word_1_203' title='bbox 236 2737 357 2776; x_wconf 91' lang='lat' dir='ltr'><strong>rum</strong></span> <span class='ocrx_word' id='word_1_204' title='bbox 386 2739 398 2774; x_wconf 91' lang='lat'>:</span> <span class='ocrx_word' id='word_1_205' title='bbox 430 2721 523 2775; x_wconf 87' lang='lat' dir='ltr'><strong>sed</strong></span> <span class='ocrx_word' id='word_1_206' title='bbox 548 2732 605 2775; x_wconf 89' lang='lat' dir='ltr'><strong>ut</strong></span> <span class='ocrx_word' id='word_1_207' title='bbox 626 2736 691 2776; x_wconf 80' lang='lat' dir='ltr'><strong>ex</strong></span> <span class='ocrx_word' id='word_1_208' title='bbox 709 2720 811 2774; x_wconf 90' lang='lat' dir='ltr'><strong>hoc</strong></span> <span class='ocrx_word' id='word_1_209' title='bbox 825 2718 1144 2788; x_wconf 84' lang='lat' dir='ltr'><strong>discasjusti</strong></span> <span class='ocrx_word' id='word_1_210' title='bbox 1169 2732 1414 2787; x_wconf 88' lang='lat' dir='ltr'><strong>magnam</strong></span> <span class='ocrx_word' id='word_1_211' title='bbox 1445 2717 1828 2781; x_wconf 85' lang='lat' dir='ltr'><strong>obedientiam,</strong></span> 
     </span>
    </p>
   </div>
   <div class='ocr_carea' id='block_1_28' title="bbox 233 2808 1832 2885">
    <p class='ocr_par' dir='ltr' id='par_1_28' title="bbox 233 2808 1832 2885">
     <span class='ocr_line' id='line_1_28' title="bbox 233 2808 1832 2885; baseline -0.004 -18"><span class='ocrx_word' id='word_1_212' title='bbox 233 2814 376 2885; x_wconf 88' lang='lat' dir='ltr'><strong>quod</strong></span> <span class='ocrx_word' id='word_1_213' title='bbox 404 2830 524 2869; x_wconf 91' lang='lat' dir='ltr'><strong>cum</strong></span> <span class='ocrx_word' id='word_1_214' title='bbox 542 2814 652 2882; x_wconf 89' lang='lat' dir='ltr'><strong>jam</strong></span> <span class='ocrx_word' id='word_1_215' title='bbox 684 2813 736 2867; x_wconf 93' lang='lat' dir='ltr'><strong>in</strong></span> <span class='ocrx_word' id='word_1_216' title='bbox 765 2811 1036 2881; x_wconf 88' lang='lat' dir='ltr'><strong>decrepita</strong></span> <span class='ocrx_word' id='word_1_217' title='bbox 1061 2819 1206 2865; x_wconf 74' lang='lat' dir='ltr'><strong>esset</strong></span> <span class='ocrx_word' id='word_1_218' title='bbox 1227 2820 1405 2876; x_wconf 80' lang='lat' dir='ltr'><strong>:etate,</strong></span> <span class='ocrx_word' id='word_1_219' title='bbox 1437 2809 1630 2864; x_wconf 89' lang='lat' dir='ltr'><strong>leniter</strong></span> <span class='ocrx_word' id='word_1_220' title='bbox 1653 2808 1832 2862; x_wconf 91' lang='lat' dir='ltr'><strong>tulerit</strong></span> 
     </span>
    </p>
   </div>
   <div class='ocr_carea' id='block_1_29' title="bbox 233 2897 1828 2972">
    <p class='ocr_par' dir='ltr' id='par_1_29' title="bbox 233 2897 1828 2972">
     <span class='ocr_line' id='line_1_29' title="bbox 233 2897 1828 2972; baseline -0.004 -14"><span class='ocrx_word' id='word_1_221' title='bbox 233 2904 475 2958; x_wconf 78' lang='lat' dir='ltr'><strong>dolorem</strong></span> <span class='ocrx_word' id='word_1_222' title='bbox 501 2911 720 2972; x_wconf 85' lang='lat' dir='ltr'><strong>propter</strong></span> <span class='ocrx_word' id='word_1_223' title='bbox 745 2909 1070 2971; x_wconf 66' lang='lat' dir='ltr'><strong>praeceptum</strong></span> <span class='ocrx_word' id='word_1_224' title='bbox 1094 2901 1202 2964; x_wconf 90' lang='lat' dir='ltr'><strong>Dei,</strong></span> <span class='ocrx_word' id='word_1_225' title='bbox 1238 2910 1518 2969; x_wconf 80' lang='lat' dir='ltr'><strong>propterea</strong></span> <span class='ocrx_word' id='word_1_226' title='bbox 1534 2898 1656 2952; x_wconf 80' lang='lat' dir='ltr'><strong>facit</strong></span> <span class='ocrx_word' id='word_1_227' title='bbox 1682 2897 1828 2952; x_wconf 88' lang='lat' dir='ltr'><strong>illam</strong></span> 
     </span>
    </p>
   </div>
   <div class='ocr_carea' id='block_1_30' title="bbox 231 2987 1831 3061">
    <p class='ocr_par' dir='ltr' id='par_1_30' title="bbox 231 2987 1831 3061">
     <span class='ocr_line' id='line_1_30' title="bbox 231 2987 1831 3061; baseline -0.004 -12"><span class='ocrx_word' id='word_1_228' title='bbox 231 2994 715 3060; x_wconf 89' lang='lat' dir='ltr'><strong>enumerationem,</strong></span> <span class='ocrx_word' id='word_1_229' title='bbox 748 3002 924 3048; x_wconf 90' lang='lat' dir='ltr'><strong>etnon</strong></span> <span class='ocrx_word' id='word_1_230' title='bbox 956 2991 1072 3061; x_wconf 87' lang='lat' dir='ltr'><strong>ipse</strong></span> <span class='ocrx_word' id='word_1_231' title='bbox 1099 2992 1293 3054; x_wconf 88' lang='lat' dir='ltr'><strong>solum,</strong></span> <span class='ocrx_word' id='word_1_232' title='bbox 1320 2989 1415 3044; x_wconf 91' lang='lat' dir='ltr'><strong>sed</strong></span> <span class='ocrx_word' id='word_1_233' title='bbox 1462 2998 1518 3045; x_wconf 93' lang='lat' dir='ltr'><strong>et</strong></span> <span class='ocrx_word' id='word_1_234' title='bbox 1537 2987 1748 3053; x_wconf 88' lang='lat' dir='ltr'><strong>lsmael,</strong></span> <span class='ocrx_word' id='word_1_235' title='bbox 1775 2998 1831 3043; x_wconf 92' lang='lat' dir='ltr'><strong>et</strong></span> 
     </span>
    </p>
   </div>
   <div class='ocr_carea' id='block_1_31' title="bbox 232 3081 1826 3152">
    <p class='ocr_par' dir='ltr' id='par_1_31' title="bbox 232 3081 1826 3152">
     <span class='ocr_line' id='line_1_31' title="bbox 232 3081 1826 3152; baseline -0.006 -9"><span class='ocrx_word' id='word_1_236' title='bbox 232 3102 425 3143; x_wconf 84' lang='lat' dir='ltr'><strong>omnes</strong></span> <span class='ocrx_word' id='word_1_237' title='bbox 451 3085 727 3141; x_wconf 84' lang='lat' dir='ltr'><strong>vernaculi</strong></span> <span class='ocrx_word' id='word_1_238' title='bbox 756 3083 1237 3139; x_wconf 88' lang='lat' dir='ltr'><strong>circumciduntur.</strong></span> <span class='ocrx_word' id='word_1_239' title='bbox 1272 3081 1460 3152; x_wconf 89' lang='lat' dir='ltr'><strong>Neque</strong></span> <span class='ocrx_word' id='word_1_240' title='bbox 1481 3082 1582 3135; x_wconf 90' lang='lat' dir='ltr'><strong>hoc</strong></span> <span class='ocrx_word' id='word_1_241' title='bbox 1606 3095 1826 3149; x_wconf 88' lang='lat' dir='ltr'><strong>parvum</strong></span> 
     </span>
    </p>
   </div>
   <div class='ocr_carea' id='block_1_32' title="bbox 230 3172 1828 3239">
    <p class='ocr_par' dir='ltr' id='par_1_32' title="bbox 230 3172 1828 3239">
     <span class='ocr_line' id='line_1_32' title="bbox 230 3172 1828 3239; baseline -0.006 -4"><span class='ocrx_word' id='word_1_242' title='bbox 230 3189 288 3236; x_wconf 85' lang='lat' dir='ltr'><strong>et</strong></span> <span class='ocrx_word' id='word_1_243' title='bbox 311 3181 428 3235; x_wconf 83' lang='lat' dir='ltr'><strong>leve</strong></span> <span class='ocrx_word' id='word_1_244' title='bbox 457 3178 634 3234; x_wconf 79' lang='lat' dir='ltr'><strong>fuerit.</strong></span> <span class='ocrx_word' id='word_1_245' title='bbox 662 3177 779 3232; x_wconf 89' lang='lat' dir='ltr'><strong>Non</strong></span> <span class='ocrx_word' id='word_1_246' title='bbox 810 3176 952 3232; x_wconf 91' lang='lat' dir='ltr'><strong>enim</strong></span> <span class='ocrx_word' id='word_1_247' title='bbox 977 3175 1116 3230; x_wconf 91' lang='lat' dir='ltr'><strong>idem</strong></span> <span class='ocrx_word' id='word_1_248' title='bbox 1151 3182 1256 3239; x_wconf 89' lang='lat' dir='ltr'><strong>est,</strong></span> <span class='ocrx_word' id='word_1_249' title='bbox 1288 3172 1585 3236; x_wconf 87' lang='lat' dir='ltr'><strong>carissime,</strong></span> <span class='ocrx_word' id='word_1_250' title='bbox 1609 3187 1828 3227; x_wconf 86' lang='lat' dir='ltr'><strong>carnem</strong></span> 
     </span>
    </p>
   </div>
   <div class='ocr_carea' id='block_1_33' title="bbox 230 3260 1826 3335">
    <p class='ocr_par' dir='ltr' id='par_1_33' title="bbox 230 3260 1826 3335">
     <span class='ocr_line' id='line_1_33' title="bbox 230 3260 1826 3335; baseline -0.005 -10"><span class='ocrx_word' id='word_1_251' title='bbox 230 3260 441 3335; x_wconf 82' lang='lat' dir='ltr'><strong>sanam,</strong></span> <span class='ocrx_word' id='word_1_252' title='bbox 471 3279 526 3325; x_wconf 90' lang='lat' dir='ltr'><strong>et</strong></span> <span class='ocrx_word' id='word_1_253' title='bbox 575 3269 714 3324; x_wconf 88' lang='lat' dir='ltr'><strong>male</strong></span> <span class='ocrx_word' id='word_1_254' title='bbox 756 3267 1041 3322; x_wconf 84' lang='lat' dir='ltr'><strong>habentem</strong></span> <span class='ocrx_word' id='word_1_255' title='bbox 1072 3265 1446 3322; x_wconf 75' lang='lat' dir='ltr'><strong>secare..Nam</strong></span> <span class='ocrx_word' id='word_1_256' title='bbox 1485 3265 1586 3320; x_wconf 85' lang='lat' dir='ltr'><strong>etsi</strong></span> <span class='ocrx_word' id='word_1_257' title='bbox 1633 3263 1826 3318; x_wconf 90' lang='lat' dir='ltr'><strong>medici</strong></span> 
     </span>
    </p>
   </div>
   <div class='ocr_carea' id='block_1_34' title="bbox 231 3355 1824 3430">
    <p class='ocr_par' dir='ltr' id='par_1_34' title="bbox 231 3355 1824 3430">
     <span class='ocr_line' id='line_1_34' title="bbox 231 3355 1824 3430; baseline -0.004 -15"><span class='ocrx_word' id='word_1_258' title='bbox 231 3375 447 3430; x_wconf 90' lang='lat' dir='ltr'><strong>quoque</strong></span> <span class='ocrx_word' id='word_1_259' title='bbox 469 3359 707 3414; x_wconf 89' lang='lat' dir='ltr'><strong>tnemhra</strong></span> <span class='ocrx_word' id='word_1_260' title='bbox 739 3356 981 3412; x_wconf 88' lang='lat' dir='ltr'><strong>morbida</strong></span> <span class='ocrx_word' id='word_1_261' title='bbox 1002 3356 1289 3425; x_wconf 86' lang='lat' dir='ltr'><strong>aliquando</strong></span> <span class='ocrx_word' id='word_1_262' title='bbox 1315 3355 1578 3418; x_wconf 87' lang='lat' dir='ltr'><strong>incidunt,</strong></span> <span class='ocrx_word' id='word_1_263' title='bbox 1633 3363 1689 3408; x_wconf 91' lang='lat' dir='ltr'><strong>at</strong></span> <span class='ocrx_word' id='word_1_264' title='bbox 1718 3369 1824 3408; x_wconf 90' lang='lat' dir='ltr'><strong>non</strong></span> 
     </span>
    </p>
   </div>
   <div class='ocr_carea' id='block_1_35' title="bbox 227 3445 1825 3510">
    <p class='ocr_par' dir='ltr' id='par_1_35' title="bbox 227 3445 1825 3510">
     <span class='ocr_line' id='line_1_35' title="bbox 227 3445 1825 3510; baseline -0.005 -4"><span class='ocrx_word' id='word_1_265' title='bbox 227 3459 316 3507; x_wconf 88' lang='lat' dir='ltr'><strong>est</strong></span> <span class='ocrx_word' id='word_1_266' title='bbox 344 3449 534 3505; x_wconf 87' lang='lat' dir='ltr'><strong>similis</strong></span> <span class='ocrx_word' id='word_1_267' title='bbox 553 3448 726 3503; x_wconf 88' lang='lat' dir='ltr'><strong>dolor.</strong></span> <span class='ocrx_word' id='word_1_268' title='bbox 757 3447 1075 3501; x_wconf 84' lang='lat' dir='ltr'><strong>Emortuom</strong></span> <span class='ocrx_word' id='word_1_269' title='bbox 1107 3447 1251 3501; x_wconf 89' lang='lat' dir='ltr'><strong>enim</strong></span> <span class='ocrx_word' id='word_1_270' title='bbox 1282 3447 1606 3510; x_wconf 87' lang='lat' dir='ltr'><strong>membrum,</strong></span> <span class='ocrx_word' id='word_1_271' title='bbox 1652 3455 1710 3500; x_wconf 92' lang='lat' dir='ltr'><strong>ut</strong></span> <span class='ocrx_word' id='word_1_272' title='bbox 1753 3445 1825 3499; x_wconf 89' lang='lat' dir='ltr'><strong>ita</strong></span> 
     </span>
    </p>
   </div>
   <div class='ocr_carea' id='block_1_36' title="bbox 227 3538 1826 3609">
    <p class='ocr_par' dir='ltr' id='par_1_36' title="bbox 227 3538 1826 3609">
     <span class='ocr_line' id='line_1_36' title="bbox 227 3538 1826 3609; baseline -0.003 -13"><span class='ocrx_word' id='word_1_273' title='bbox 227 3542 428 3607; x_wconf 87' lang='lat' dir='ltr'><strong>dicam,</strong></span> <span class='ocrx_word' id='word_1_274' title='bbox 451 3540 566 3609; x_wconf 87' lang='lat' dir='ltr'><strong>jam</strong></span> <span class='ocrx_word' id='word_1_275' title='bbox 608 3550 664 3594; x_wconf 94' lang='lat' dir='ltr'><strong>et</strong></span> <span class='ocrx_word' id='word_1_276' title='bbox 687 3539 834 3594; x_wconf 82' lang='lat' dir='ltr'><strong>vitali</strong></span> <span class='ocrx_word' id='word_1_277' title='bbox 860 3539 1172 3609; x_wconf 90' lang='lat' dir='ltr'><strong>operatione</strong></span> <span class='ocrx_word' id='word_1_278' title='bbox 1193 3538 1506 3592; x_wconf 90' lang='lat' dir='ltr'><strong>destitutum</strong></span> <span class='ocrx_word' id='word_1_279' title='bbox 1539 3548 1663 3592; x_wconf 90' lang='lat' dir='ltr'><strong>tunc</strong></span> <span class='ocrx_word' id='word_1_280' title='bbox 1689 3539 1826 3592; x_wconf 85' lang='lat' dir='ltr'><strong>inei-</strong></span> 
     </span>
    </p>
   </div>
   <div class='ocr_carea' id='block_1_37' title="bbox 227 3629 1822 3699">
    <p class='ocr_par' dir='ltr' id='par_1_37' title="bbox 227 3629 1822 3699">
     <span class='ocr_line' id='line_1_37' title="bbox 227 3629 1822 3699; baseline -0.003 -11"><span class='ocrx_word' id='word_1_281' title='bbox 227 3633 384 3689; x_wconf 89' lang='lat' dir='ltr'><strong>dunt.</strong></span> <span class='ocrx_word' id='word_1_282' title='bbox 417 3631 514 3686; x_wconf 90' lang='lat' dir='ltr'><strong>llic</strong></span> <span class='ocrx_word' id='word_1_283' title='bbox 550 3640 728 3686; x_wconf 85' lang='lat' dir='ltr'><strong>autem</strong></span> <span class='ocrx_word' id='word_1_284' title='bbox 753 3645 918 3686; x_wconf 78' lang='lat' dir='ltr'><strong>senex</strong></span> <span class='ocrx_word' id='word_1_285' title='bbox 951 3641 1005 3684; x_wconf 92' lang='lat' dir='ltr'><strong>et</strong></span> <span class='ocrx_word' id='word_1_286' title='bbox 1049 3629 1352 3699; x_wconf 89' lang='lat' dir='ltr'><strong>decrepitus</strong></span> <span class='ocrx_word' id='word_1_287' title='bbox 1379 3630 1632 3699; x_wconf 87' lang='lat' dir='ltr'><strong>(centum</strong></span> <span class='ocrx_word' id='word_1_288' title='bbox 1679 3630 1822 3684; x_wconf 90' lang='lat' dir='ltr'><strong>enim</strong></span> 
     </span>
    </p>
   </div>
   <div class='ocr_carea' id='block_1_38' title="bbox 227 3721 1823 3792">
    <p class='ocr_par' dir='ltr' id='par_1_38' title="bbox 227 3721 1823 3792">
     <span class='ocr_line' id='line_1_38' title="bbox 227 3721 1823 3792; baseline -0.003 -12"><span class='ocrx_word' id='word_1_289' title='bbox 227 3740 492 3780; x_wconf 89' lang='lat' dir='ltr'><strong>annorum</strong></span> <span class='ocrx_word' id='word_1_290' title='bbox 517 3726 671 3791; x_wconf 91' lang='lat' dir='ltr'><strong>erat)</strong></span> <span class='ocrx_word' id='word_1_291' title='bbox 697 3724 989 3778; x_wconf 87' lang='lat' dir='ltr'><strong>cruciatum</strong></span> <span class='ocrx_word' id='word_1_292' title='bbox 1011 3723 1203 3778; x_wconf 90' lang='lat' dir='ltr'><strong>leniter</strong></span> <span class='ocrx_word' id='word_1_293' title='bbox 1225 3721 1362 3785; x_wconf 90' lang='lat' dir='ltr'><strong>tulit,</strong></span> <span class='ocrx_word' id='word_1_294' title='bbox 1415 3722 1573 3776; x_wconf 90' lang='lat' dir='ltr'><strong>simul</strong></span> <span class='ocrx_word' id='word_1_295' title='bbox 1601 3731 1654 3776; x_wconf 92' lang='lat' dir='ltr'><strong>et</strong></span> <span class='ocrx_word' id='word_1_296' title='bbox 1685 3737 1823 3792; x_wconf 79' lang='lat' dir='ltr'><strong>pra:-</strong></span> 
     </span>
    </p>
   </div>
   <div class='ocr_carea' id='block_1_39' title="bbox 226 3813 1825 3886">
    <p class='ocr_par' dir='ltr' id='par_1_39' title="bbox 226 3813 1825 3886">
     <span class='ocr_line' id='line_1_39' title="bbox 226 3813 1825 3886; baseline -0.003 -14"><span class='ocrx_word' id='word_1_297' title='bbox 226 3825 443 3886; x_wconf 88' lang='lat' dir='ltr'><strong>ceptum</strong></span> <span class='ocrx_word' id='word_1_298' title='bbox 474 3816 567 3870; x_wconf 89' lang='lat' dir='ltr'><strong>Dei</strong></span> <span class='ocrx_word' id='word_1_299' title='bbox 591 3814 816 3882; x_wconf 88' lang='lat' dir='ltr'><strong>implere</strong></span> <span class='ocrx_word' id='word_1_300' title='bbox 842 3815 1051 3880; x_wconf 89' lang='lat' dir='ltr'><strong>volens,</strong></span> <span class='ocrx_word' id='word_1_301' title='bbox 1108 3825 1159 3868; x_wconf 92' lang='lat' dir='ltr'><strong>et</strong></span> <span class='ocrx_word' id='word_1_302' title='bbox 1191 3814 1354 3867; x_wconf 90' lang='lat' dir='ltr'><strong>ﬁlium</strong></span> <span class='ocrx_word' id='word_1_303' title='bbox 1401 3824 1456 3869; x_wconf 91' lang='lat' dir='ltr'><strong>et</strong></span> <span class='ocrx_word' id='word_1_304' title='bbox 1511 3813 1825 3868; x_wconf 90' lang='lat' dir='ltr'><strong>vernaculos</strong></span> 
     </span>
    </p>
   </div>
   <div class='ocr_carea' id='block_1_40' title="bbox 228 3903 1821 3975">
    <p class='ocr_par' dir='ltr' id='par_1_40' title="bbox 228 3903 1821 3975">
     <span class='ocr_line' id='line_1_40' title="bbox 228 3903 1821 3975; baseline -0.002 -14"><span class='ocrx_word' id='word_1_305' title='bbox 228 3920 424 3962; x_wconf 90' lang='lat' dir='ltr'><strong>omnes</strong></span> <span class='ocrx_word' id='word_1_306' title='bbox 453 3905 810 3975; x_wconf 78' lang='lat' dir='ltr'><strong>promptiores</strong></span> <span class='ocrx_word' id='word_1_307' title='bbox 843 3903 1098 3968; x_wconf 84' lang='lat' dir='ltr'><strong>reddens,</strong></span> <span class='ocrx_word' id='word_1_308' title='bbox 1125 3913 1178 3957; x_wconf 94' lang='lat' dir='ltr'><strong>ut</strong></span> <span class='ocrx_word' id='word_1_309' title='bbox 1209 3919 1275 3958; x_wconf 90' lang='lat' dir='ltr'><strong>ne</strong></span> <span class='ocrx_word' id='word_1_310' title='bbox 1296 3911 1696 3967; x_wconf 88' lang='lat' dir='ltr'><strong>cunctarentur,</strong></span> <span class='ocrx_word' id='word_1_311' title='bbox 1727 3903 1821 3958; x_wconf 87' lang='lat' dir='ltr'><strong>sed</strong></span> 
     </span>
    </p>
   </div>
   <div class='ocr_carea' id='block_1_41' title="bbox 229 3993 1822 4067">
    <p class='ocr_par' dir='ltr' id='par_1_41' title="bbox 229 3993 1822 4067">
     <span class='ocr_line' id='line_1_41' title="bbox 229 3993 1822 4067; baseline -0.001 -17"><span class='ocrx_word' id='word_1_312' title='bbox 229 4011 422 4067; x_wconf 89' lang='lat' dir='ltr'><strong>magna</strong></span> <span class='ocrx_word' id='word_1_313' title='bbox 450 3996 728 4049; x_wconf 86' lang='lat' dir='ltr'><strong>alacritate</strong></span> <span class='ocrx_word' id='word_1_314' title='bbox 771 3995 862 4048; x_wconf 87' lang='lat' dir='ltr'><strong>Dei</strong></span> <span class='ocrx_word' id='word_1_315' title='bbox 910 4003 1234 4063; x_wconf 67' lang='lat' dir='ltr'><strong>praeceptum</strong></span> <span class='ocrx_word' id='word_1_316' title='bbox 1279 3993 1582 4062; x_wconf 87' lang='lat' dir='ltr'><strong>implerent.</strong></span> <span class='ocrx_word' id='word_1_317' title='bbox 1633 3993 1822 4048; x_wconf 84' lang='lat' dir='ltr'><strong>Vidisti</strong></span> 
     </span>
    </p>
   </div>
   <div class='ocr_carea' id='block_1_42' title="bbox 226 4086 1823 4158">
    <p class='ocr_par' dir='ltr' id='par_1_42' title="bbox 226 4086 1823 4158">
     <span class='ocr_line' id='line_1_42' title="bbox 226 4086 1823 4158; baseline 0 -18"><span class='ocrx_word' id='word_1_318' title='bbox 226 4100 424 4158; x_wconf 88' lang='lat' dir='ltr'><strong>quanta</strong></span> <span class='ocrx_word' id='word_1_319' title='bbox 453 4102 540 4142; x_wconf 89' lang='lat' dir='ltr'><strong>res</strong></span> <span class='ocrx_word' id='word_1_320' title='bbox 578 4088 648 4142; x_wconf 88' lang='lat' dir='ltr'><strong>sit</strong></span> <span class='ocrx_word' id='word_1_321' title='bbox 678 4087 758 4141; x_wconf 92' lang='lat' dir='ltr'><strong>vir</strong></span> <span class='ocrx_word' id='word_1_322' title='bbox 779 4096 1037 4156; x_wconf 71' lang='lat' dir='ltr'><strong>praestans</strong></span> <span class='ocrx_word' id='word_1_323' title='bbox 1093 4086 1305 4151; x_wconf 84' lang='lat' dir='ltr'><strong>virtute,</strong></span> <span class='ocrx_word' id='word_1_324' title='bbox 1349 4086 1618 4156; x_wconf 88' lang='lat' dir='ltr'><strong>quomodo</strong></span> <span class='ocrx_word' id='word_1_325' title='bbox 1663 4088 1823 4140; x_wconf 83' lang='lat' dir='ltr'><strong>mini-</strong></span> 
     </span>
    </p>
   </div>
   <div class='ocr_carea' id='block_1_43' title="bbox 227 4177 1822 4249">
    <p class='ocr_par' dir='ltr' id='par_1_43' title="bbox 227 4177 1822 4249">
     <span class='ocr_line' id='line_1_43' title="bbox 227 4177 1822 4249; baseline -0.003 -13"><span class='ocrx_word' id='word_1_326' title='bbox 227 4191 373 4236; x_wconf 86' lang='lat' dir='ltr'><strong>stros</strong></span> <span class='ocrx_word' id='word_1_327' title='bbox 393 4195 584 4235; x_wconf 89' lang='lat' dir='ltr'><strong>onmes</strong></span> <span class='ocrx_word' id='word_1_328' title='bbox 609 4182 798 4234; x_wconf 88' lang='lat' dir='ltr'><strong>doceat</strong></span> <span class='ocrx_word' id='word_1_329' title='bbox 820 4188 876 4232; x_wconf 93' lang='lat' dir='ltr'><strong>ut</strong></span> <span class='ocrx_word' id='word_1_330' title='bbox 904 4195 997 4233; x_wconf 85' lang='lat' dir='ltr'><strong>sua</strong></span> <span class='ocrx_word' id='word_1_331' title='bbox 1021 4179 1240 4248; x_wconf 89' lang='lat' dir='ltr'><strong>vestigia</strong></span> <span class='ocrx_word' id='word_1_332' title='bbox 1267 4177 1584 4249; x_wconf 79' lang='lat' dir='ltr'><strong>sequantur?</strong></span> <span class='ocrx_word' id='word_1_333' title='bbox 1609 4178 1740 4233; x_wconf 90' lang='lat' dir='ltr'><strong>Nam</strong></span> <span class='ocrx_word' id='word_1_334' title='bbox 1771 4177 1822 4232; x_wconf 91' lang='lat' dir='ltr'><strong>id</strong></span> 
     </span>
    </p>
   </div>
   <div class='ocr_carea' id='block_1_44' title="bbox 225 4268 1824 4342">
    <p class='ocr_par' dir='ltr' id='par_1_44' title="bbox 225 4268 1824 4342">
     <span class='ocr_line' id='line_1_44' title="bbox 225 4268 1824 4342; baseline -0.001 -18"><span class='ocrx_word' id='word_1_335' title='bbox 225 4272 372 4342; x_wconf 88' lang='lat' dir='ltr'><strong>quod</strong></span> <span class='ocrx_word' id='word_1_336' title='bbox 416 4271 532 4326; x_wconf 88' lang='lat' dir='ltr'><strong>heri</strong></span> <span class='ocrx_word' id='word_1_337' title='bbox 562 4271 825 4336; x_wconf 87' lang='lat' dir='ltr'><strong>dicebam,</strong></span> <span class='ocrx_word' id='word_1_338' title='bbox 852 4268 955 4324; x_wconf 89' lang='lat' dir='ltr'><strong>hoc</strong></span> <span class='ocrx_word' id='word_1_339' title='bbox 981 4270 1107 4323; x_wconf 91' lang='lat' dir='ltr'><strong>item</strong></span> <span class='ocrx_word' id='word_1_340' title='bbox 1135 4279 1187 4323; x_wconf 90' lang='lat' dir='ltr'><strong>et</strong></span> <span class='ocrx_word' id='word_1_341' title='bbox 1227 4285 1367 4323; x_wconf 93' lang='lat' dir='ltr'><strong>nunc</strong></span> <span class='ocrx_word' id='word_1_342' title='bbox 1412 4269 1531 4323; x_wconf 91' lang='lat' dir='ltr'><strong>dico</strong></span> <span class='ocrx_word' id='word_1_343' title='bbox 1562 4286 1590 4322; x_wconf 77' lang='grc' dir='ltr'><strong>ε-</strong></span> <span class='ocrx_word' id='word_1_344' title='bbox 1608 4279 1824 4339; x_wconf 85' lang='lat' dir='ltr'><strong>pr0pter</strong></span> 
     </span>
    </p>
   </div>
   <div class='ocr_carea' id='block_1_45' title="bbox 229 4360 1820 4430">
    <p class='ocr_par' dir='ltr' id='par_1_45' title="bbox 229 4360 1820 4430">
     <span class='ocr_line' id='line_1_45' title="bbox 229 4360 1820 4430; baseline -0.004 -13"><span class='ocrx_word' id='word_1_345' title='bbox 229 4363 336 4418; x_wconf 90' lang='lat' dir='ltr'><strong>hoc</strong></span> <span class='ocrx_word' id='word_1_346' title='bbox 359 4362 468 4416; x_wconf 84' lang='lat' dir='ltr'><strong>fere</strong></span> <span class='ocrx_word' id='word_1_347' title='bbox 499 4377 563 4415; x_wconf 81' lang='lat' dir='ltr'><strong>ex</strong></span> <span class='ocrx_word' id='word_1_348' title='bbox 597 4362 689 4415; x_wconf 92' lang='lat' dir='ltr'><strong>illo</strong></span> <span class='ocrx_word' id='word_1_349' title='bbox 715 4360 803 4415; x_wconf 90' lang='lat' dir='ltr'><strong>die</strong></span> <span class='ocrx_word' id='word_1_350' title='bbox 834 4369 1157 4430; x_wconf 65' lang='lat' dir='ltr'><strong>praeceptum</strong></span> <span class='ocrx_word' id='word_1_351' title='bbox 1182 4360 1346 4414; x_wconf 78' lang='lat' dir='ltr'><strong>fuisse</strong></span> <span class='ocrx_word' id='word_1_352' title='bbox 1373 4376 1400 4412; x_wconf 90' lang='lat' dir='ltr'><strong>a</strong></span> <span class='ocrx_word' id='word_1_353' title='bbox 1428 4361 1558 4426; x_wconf 92' lang='lat' dir='ltr'><strong>Deo,</strong></span> <span class='ocrx_word' id='word_1_354' title='bbox 1608 4371 1664 4413; x_wconf 91' lang='lat' dir='ltr'><strong>ut</strong></span> <span class='ocrx_word' id='word_1_355' title='bbox 1716 4361 1820 4412; x_wconf 84' lang='lat' dir='ltr'><strong>im-</strong></span> 
     </span>
    </p>
   </div>
   <div class='ocr_carea' id='block_1_46' title="bbox 229 4451 1819 4521">
    <p class='ocr_par' dir='ltr' id='par_1_46' title="bbox 229 4451 1819 4521">
     <span class='ocr_line' id='line_1_46' title="bbox 229 4451 1819 4521; baseline -0.003 -12"><span class='ocrx_word' id='word_1_356' title='bbox 229 4465 437 4509; x_wconf 85' lang='lat' dir='ltr'><strong>matura</strong></span> <span class='ocrx_word' id='word_1_357' title='bbox 468 4461 625 4507; x_wconf 65' lang='lat' dir='ltr'><strong>a&#39;tate</strong></span> <span class='ocrx_word' id='word_1_358' title='bbox 647 4451 750 4506; x_wconf 92' lang='lat' dir='ltr'><strong>hoc</strong></span> <span class='ocrx_word' id='word_1_359' title='bbox 776 4451 1016 4505; x_wconf 86' lang='lat' dir='ltr'><strong>subirent</strong></span> <span class='ocrx_word' id='word_1_360' title='bbox 1043 4451 1217 4521; x_wconf 86' lang='lat' dir='ltr'><strong>pueri,</strong></span> <span class='ocrx_word' id='word_1_361' title='bbox 1273 4465 1379 4518; x_wconf 90' lang='lat' dir='ltr'><strong>quo</strong></span> <span class='ocrx_word' id='word_1_362' title='bbox 1408 4451 1612 4519; x_wconf 85' lang='lat' dir='ltr'><strong>absque</strong></span> <span class='ocrx_word' id='word_1_363' title='bbox 1657 4466 1819 4504; x_wconf 90' lang='lat' dir='ltr'><strong>sensu</strong></span> 
     </span>
    </p>
   </div>
   <div class='ocr_carea' id='block_1_47' title="bbox 227 4540 1296 4597">
    <p class='ocr_par' dir='ltr' id='par_1_47' title="bbox 227 4540 1296 4597">
     <span class='ocr_line' id='line_1_47' title="bbox 227 4540 1296 4597; baseline -0.005 0"><span class='ocrx_word' id='word_1_364' title='bbox 227 4554 282 4597; x_wconf 90' lang='lat' dir='ltr'><strong>et</strong></span> <span class='ocrx_word' id='word_1_365' title='bbox 311 4543 495 4596; x_wconf 90' lang='lat' dir='ltr'><strong>dolore</strong></span> <span class='ocrx_word' id='word_1_366' title='bbox 523 4541 836 4596; x_wconf 85' lang='lat' dir='ltr'><strong>incisionem</strong></span> <span class='ocrx_word' id='word_1_367' title='bbox 867 4541 1046 4594; x_wconf 90' lang='lat' dir='ltr'><strong>carnis</strong></span> <span class='ocrx_word' id='word_1_368' title='bbox 1073 4540 1296 4596; x_wconf 79' lang='lat' dir='ltr'><strong>ferrent.</strong></span> 
     </span>
    </p>
   </div>
   <div class='ocr_carea' id='block_1_48' title="bbox 303 4633 1817 4703">
    <p class='ocr_par' dir='ltr' id='par_1_48' title="bbox 303 4633 1817 4703">
     <span class='ocr_line' id='line_1_48' title="bbox 303 4633 1817 4703; baseline 0 -15"><span class='ocrx_word' id='word_1_369' title='bbox 303 4635 472 4689; x_wconf 71' lang='lat' dir='ltr'><strong>Brevis</strong></span> <span class='ocrx_word' id='word_1_370' title='bbox 513 4633 908 4687; x_wconf 84' lang='lat' dir='ltr'><strong>circumcisionis</strong></span> <span class='ocrx_word' id='word_1_371' title='bbox 959 4650 1072 4685; x_wconf 81' lang='lat' dir='ltr'><strong>cum</strong></span> <span class='ocrx_word' id='word_1_372' title='bbox 1137 4634 1435 4702; x_wconf 75' lang='lat' dir='ltr'><strong>baptismate</strong></span> <span class='ocrx_word' id='word_1_373' title='bbox 1481 4633 1817 4703; x_wconf 85' lang='lat' dir='ltr'><strong>comparatio.</strong></span> 
     </span>
    </p>
   </div>
   <div class='ocr_carea' id='block_1_49' title="bbox 229 4725 1820 4795">
    <p class='ocr_par' dir='ltr' id='par_1_49' title="bbox 229 4725 1820 4795">
     <span class='ocr_line' id='line_1_49' title="bbox 229 4725 1820 4795; baseline 0 -15"><span class='ocrx_word' id='word_1_374' title='bbox 229 4726 368 4780; x_wconf 82' lang='lat' dir='ltr'><strong>Licet</strong></span> <span class='ocrx_word' id='word_1_375' title='bbox 400 4725 701 4779; x_wconf 73' lang='lat' dir='ltr'><strong>Christianis</strong></span> <span class='ocrx_word' id='word_1_376' title='bbox 727 4725 856 4776; x_wconf 88' lang='lat' dir='ltr'><strong>inter</strong></span> <span class='ocrx_word' id='word_1_377' title='bbox 879 4732 1048 4794; x_wconf 78' lang='lat' dir='ltr'><strong>gentes</strong></span> <span class='ocrx_word' id='word_1_378' title='bbox 1103 4725 1286 4777; x_wconf 81' lang='lat' dir='ltr'><strong>versari</strong></span> <span class='ocrx_word' id='word_1_379' title='bbox 1313 4726 1582 4795; x_wconf 79' lang='lat' dir='ltr'><strong>quomodo.</strong></span> <span class='ocrx_word' id='word_1_380' title='bbox 1613 4756 1683 4766; x_wconf 91' lang='lat'><strong><em>——</em></strong></span> <span class='ocrx_word' id='word_1_381' title='bbox 1715 4725 1820 4780; x_wconf 84' lang='lat' dir='ltr'><strong>Ve-</strong></span> 
     </span>
    </p>
   </div>
   <div class='ocr_carea' id='block_1_50' title="bbox 231 4814 1820 4882">
    <p class='ocr_par' dir='ltr' id='par_1_50' title="bbox 231 4814 1820 4882">
     <span class='ocr_line' id='line_1_50' title="bbox 231 4814 1820 4882; baseline -0.002 -11"><span class='ocrx_word' id='word_1_382' title='bbox 231 4833 350 4871; x_wconf 87' lang='lat' dir='ltr'><strong>rutn</strong></span> <span class='ocrx_word' id='word_1_383' title='bbox 376 4814 654 4869; x_wconf 86' lang='lat' dir='ltr'><strong>considera</strong></span> <span class='ocrx_word' id='word_1_384' title='bbox 684 4814 774 4868; x_wconf 86' lang='lat' dir='ltr'><strong>Dei</strong></span> <span class='ocrx_word' id='word_1_385' title='bbox 805 4814 1206 4882; x_wconf 74' lang='lat' dir='ltr'><strong>benignitatem,</strong></span> <span class='ocrx_word' id='word_1_386' title='bbox 1254 4823 1308 4867; x_wconf 94' lang='lat' dir='ltr'><strong>et</strong></span> <span class='ocrx_word' id='word_1_387' title='bbox 1351 4815 1670 4868; x_wconf 79' lang='lat' dir='ltr'><strong>inetl&#39;ahilem</strong></span> <span class='ocrx_word' id='word_1_388' title='bbox 1703 4814 1820 4882; x_wconf 89' lang='lat' dir='ltr'><strong>ejus</strong></span> 
     </span>
    </p>
   </div>
   <div class='ocr_carea' id='block_1_51' title="bbox 227 4903 1821 4977">
    <p class='ocr_par' dir='ltr' id='par_1_51' title="bbox 227 4903 1821 4977">
     <span class='ocr_line' id='line_1_51' title="bbox 227 4903 1821 4977; baseline -0.004 -14"><span class='ocrx_word' id='word_1_389' title='bbox 227 4903 356 4977; x_wconf 80' lang='lat' dir='ltr'><strong>erga</strong></span> <span class='ocrx_word' id='word_1_390' title='bbox 387 4922 485 4961; x_wconf 91' lang='lat' dir='ltr'><strong>nos</strong></span> <span class='ocrx_word' id='word_1_391' title='bbox 513 4904 938 4960; x_wconf 90' lang='lat' dir='ltr'><strong>beneﬁcentiam.</strong></span> <span class='ocrx_word' id='word_1_392' title='bbox 996 4904 1082 4957; x_wconf 87' lang='lat' dir='ltr'><strong>Illa</strong></span> <span class='ocrx_word' id='word_1_393' title='bbox 1111 4905 1251 4958; x_wconf 88' lang='lat' dir='ltr'><strong>enim</strong></span> <span class='ocrx_word' id='word_1_394' title='bbox 1281 4904 1616 4959; x_wconf 90' lang='lat' dir='ltr'><strong>circumcisio</strong></span> <span class='ocrx_word' id='word_1_395' title='bbox 1664 4903 1821 4956; x_wconf 86' lang='lat' dir='ltr'><strong>dolo-</strong></span> 
     </span>
    </p>
   </div>
   <div class='ocr_carea' id='block_1_52' title="bbox 231 4991 1822 5061">
    <p class='ocr_par' dir='ltr' id='par_1_52' title="bbox 231 4991 1822 5061">
     <span class='ocr_line' id='line_1_52' title="bbox 231 4991 1822 5061; baseline -0.001 -8"><span class='ocrx_word' id='word_1_396' title='bbox 231 4991 275 5053; x_wconf 72' lang='lat' dir='ltr'><strong>&#39;r.</strong></span> <span class='ocrx_word' id='word_1_397' title='bbox 296 5015 346 5052; x_wconf 91' lang='lat' dir='ltr'><strong>m</strong></span> <span class='ocrx_word' id='word_1_398' title='bbox 377 4996 561 5053; x_wconf 79' lang='lat' dir='ltr'><strong>[tabuit</strong></span> <span class='ocrx_word' id='word_1_399' title='bbox 585 5009 637 5052; x_wconf 89' lang='lat' dir='ltr'><strong>et</strong></span> <span class='ocrx_word' id='word_1_400' title='bbox 663 4996 919 5061; x_wconf 87' lang='lat' dir='ltr'><strong>laborent,</strong></span> <span class='ocrx_word' id='word_1_401' title='bbox 955 5004 1008 5049; x_wconf 92' lang='lat' dir='ltr'><strong>et</strong></span> <span class='ocrx_word' id='word_1_402' title='bbox 1036 4996 1176 5049; x_wconf 86' lang='lat' dir='ltr'><strong>nulla</strong></span> <span class='ocrx_word' id='word_1_403' title='bbox 1208 4995 1308 5048; x_wconf 85' lang='lat' dir='ltr'><strong>alia</strong></span> <span class='ocrx_word' id='word_1_404' title='bbox 1324 5011 1388 5049; x_wconf 82' lang='lat' dir='ltr'><strong>ex</strong></span> <span class='ocrx_word' id='word_1_405' title='bbox 1410 4995 1822 5051; x_wconf 88' lang='lat' dir='ltr'><strong>circumcisione</strong></span> 
     </span>
    </p>
   </div>
   <div class='ocr_carea' id='block_1_53' title="bbox 231 5087 1820 5160">
    <p class='ocr_par' dir='ltr' id='par_1_53' title="bbox 231 5087 1820 5160">
     <span class='ocr_line' id='line_1_53' title="bbox 231 5087 1820 5160; baseline 0 -18"><span class='ocrx_word' id='word_1_406' title='bbox 231 5092 330 5149; x_wconf 77' lang='lat' dir='ltr'><strong>[nit</strong></span> <span class='ocrx_word' id='word_1_407' title='bbox 356 5093 574 5154; x_wconf 80' lang='lat' dir='ltr'><strong>utilitas,</strong></span> <span class='ocrx_word' id='word_1_408' title='bbox 593 5105 749 5160; x_wconf 89' lang='lat' dir='ltr'><strong>quam</strong></span> <span class='ocrx_word' id='word_1_409' title='bbox 773 5091 885 5143; x_wconf 62' lang='lat' dir='ltr'><strong>haec</strong></span> <span class='ocrx_word' id='word_1_410' title='bbox 896 5089 1028 5151; x_wconf 88' lang='lat' dir='ltr'><strong>sola,</strong></span> <span class='ocrx_word' id='word_1_411' title='bbox 1046 5087 1186 5158; x_wconf 89' lang='lat' dir='ltr'><strong>quod</strong></span> <span class='ocrx_word' id='word_1_412' title='bbox 1208 5103 1271 5142; x_wconf 80' lang='lat' dir='ltr'><strong>ex</strong></span> <span class='ocrx_word' id='word_1_413' title='bbox 1291 5087 1391 5141; x_wconf 92' lang='lat' dir='ltr'><strong>hoc</strong></span> <span class='ocrx_word' id='word_1_414' title='bbox 1408 5089 1558 5157; x_wconf 77' lang='lat' dir='ltr'><strong>signo</strong></span> <span class='ocrx_word' id='word_1_415' title='bbox 1583 5089 1820 5158; x_wconf 85' lang='lat' dir='ltr'><strong>dignosci</strong></span> 
     </span>
    </p>
   </div>
   <div class='ocr_carea' id='block_1_54' title="bbox 233 5180 1818 5254">
    <p class='ocr_par' dir='ltr' id='par_1_54' title="bbox 233 5180 1818 5254">
     <span class='ocr_line' id='line_1_54' title="bbox 233 5180 1818 5254; baseline -0.003 -15"><span class='ocrx_word' id='word_1_416' title='bbox 233 5195 474 5254; x_wconf 89' lang='lat' dir='ltr'><strong>possent,</strong></span> <span class='ocrx_word' id='word_1_417' title='bbox 504 5193 560 5238; x_wconf 89' lang='lat' dir='ltr'><strong>et</strong></span> <span class='ocrx_word' id='word_1_418' title='bbox 585 5184 653 5237; x_wconf 85' lang='lat' dir='ltr'><strong>ab</strong></span> <span class='ocrx_word' id='word_1_419' title='bbox 678 5183 797 5236; x_wconf 88' lang='lat' dir='ltr'><strong>aliis</strong></span> <span class='ocrx_word' id='word_1_420' title='bbox 817 5180 1066 5252; x_wconf 79' lang='lat' dir='ltr'><strong>gentibus</strong></span> <span class='ocrx_word' id='word_1_421' title='bbox 1090 5191 1594 5249; x_wconf 86' lang='lat' dir='ltr'><strong>sequestrarentur;</strong></span> <span class='ocrx_word' id='word_1_422' title='bbox 1640 5190 1818 5234; x_wconf 89' lang='lat' dir='ltr'><strong>nostra</strong></span> 
     </span>
    </p>
   </div>
   <div class='ocr_carea' id='block_1_55' title="bbox 231 5270 1816 5340">
    <p class='ocr_par' dir='ltr' id='par_1_55' title="bbox 231 5270 1816 5340">
     <span class='ocr_line' id='line_1_55' title="bbox 231 5270 1816 5340; baseline -0.004 -10"><span class='ocrx_word' id='word_1_423' title='bbox 231 5286 409 5331; x_wconf 84' lang='lat' dir='ltr'><strong>autem</strong></span> <span class='ocrx_word' id='word_1_424' title='bbox 441 5273 798 5337; x_wconf 87' lang='lat' dir='ltr'><strong>circumcisio,</strong></span> <span class='ocrx_word' id='word_1_425' title='bbox 829 5273 910 5327; x_wconf 88' lang='lat' dir='ltr'><strong>vel</strong></span> <span class='ocrx_word' id='word_1_426' title='bbox 942 5270 1297 5340; x_wconf 87' lang='lat' dir='ltr'><strong>baptismatis,</strong></span> <span class='ocrx_word' id='word_1_427' title='bbox 1343 5271 1574 5340; x_wconf 89' lang='lat' dir='ltr'><strong>inquam,</strong></span> <span class='ocrx_word' id='word_1_428' title='bbox 1611 5271 1778 5340; x_wconf 81' lang='lat' dir='ltr'><strong>gratia</strong></span> <span class='ocrx_word' id='word_1_429' title='bbox 1803 5311 1816 5334; x_wconf 88' lang='lat'><strong>,</strong></span> 
     </span>
    </p>
   </div>
   <div class='ocr_carea' id='block_1_56' title="bbox 231 5363 1820 5432">
    <p class='ocr_par' dir='ltr' id='par_1_56' title="bbox 231 5363 1820 5432">
     <span class='ocr_line' id='line_1_56' title="bbox 231 5363 1820 5432; baseline -0.006 -6"><span class='ocrx_word' id='word_1_430' title='bbox 231 5368 552 5426; x_wconf 86' lang='lat' dir='ltr'><strong>medicinam</strong></span> <span class='ocrx_word' id='word_1_431' title='bbox 581 5365 740 5419; x_wconf 87' lang='lat' dir='ltr'><strong>habet</strong></span> <span class='ocrx_word' id='word_1_432' title='bbox 767 5364 897 5418; x_wconf 88' lang='lat' dir='ltr'><strong>citra</strong></span> <span class='ocrx_word' id='word_1_433' title='bbox 920 5363 1182 5427; x_wconf 88' lang='lat' dir='ltr'><strong>dolorem,</strong></span> <span class='ocrx_word' id='word_1_434' title='bbox 1243 5363 1632 5432; x_wconf 89' lang='lat' dir='ltr'><strong>innumeraquc</strong></span> <span class='ocrx_word' id='word_1_435' title='bbox 1683 5363 1820 5416; x_wconf 89' lang='lat' dir='ltr'><strong>bona</strong></span> 
     </span>
    </p>
   </div>
   <div class='ocr_carea' id='block_1_57' title="bbox 220 5453 1823 5526">
    <p class='ocr_par' dir='ltr' id='par_1_57' title="bbox 220 5453 1823 5526">
     <span class='ocr_line' id='line_1_57' title="bbox 220 5453 1823 5526; baseline -0.004 -12"><span class='ocrx_word' id='word_1_436' title='bbox 220 5461 388 5514; x_wconf 72' lang='lat' dir='ltr'><strong>nobis</strong></span> <span class='ocrx_word' id='word_1_437' title='bbox 418 5457 593 5524; x_wconf 82' lang='lat' dir='ltr'><strong>aﬂ’ert,</strong></span> <span class='ocrx_word' id='word_1_438' title='bbox 617 5455 846 5526; x_wconf 88' lang='lat' dir='ltr'><strong>Spiritus</strong></span> <span class='ocrx_word' id='word_1_439' title='bbox 875 5455 1042 5509; x_wconf 85' lang='lat' dir='ltr'><strong>sancti</strong></span> <span class='ocrx_word' id='word_1_440' title='bbox 1071 5455 1237 5524; x_wconf 86' lang='lat' dir='ltr'><strong>gratia</strong></span> <span class='ocrx_word' id='word_1_441' title='bbox 1273 5468 1368 5508; x_wconf 90' lang='lat' dir='ltr'><strong>nos</strong></span> <span class='ocrx_word' id='word_1_442' title='bbox 1399 5454 1601 5522; x_wconf 82' lang='lat' dir='ltr'><strong>implet,</strong></span> <span class='ocrx_word' id='word_1_443' title='bbox 1626 5464 1680 5508; x_wconf 93' lang='lat' dir='ltr'><strong>ct</strong></span> <span class='ocrx_word' id='word_1_444' title='bbox 1706 5453 1823 5508; x_wconf 86' lang='lat' dir='ltr'><strong>nul-</strong></span> 
     </span>
    </p>
   </div>
   <div class='ocr_carea' id='block_1_58' title="bbox 233 5545 1820 5616">
    <p class='ocr_par' dir='ltr' id='par_1_58' title="bbox 233 5545 1820 5616">
     <span class='ocr_line' id='line_1_58' title="bbox 233 5545 1820 5616; baseline -0.003 -10"><span class='ocrx_word' id='word_1_445' title='bbox 233 5553 342 5606; x_wconf 90' lang='lat' dir='ltr'><strong>lum</strong></span> <span class='ocrx_word' id='word_1_446' title='bbox 364 5549 643 5605; x_wconf 90' lang='lat' dir='ltr'><strong>deﬁnitum</strong></span> <span class='ocrx_word' id='word_1_447' title='bbox 675 5546 838 5602; x_wconf 86' lang='lat' dir='ltr'><strong>habet</strong></span> <span class='ocrx_word' id='word_1_448' title='bbox 860 5556 1072 5616; x_wconf 88' lang='lat' dir='ltr'><strong>tempus</strong></span> <span class='ocrx_word' id='word_1_449' title='bbox 1091 5547 1230 5601; x_wconf 90' lang='lat' dir='ltr'><strong>sicut</strong></span> <span class='ocrx_word' id='word_1_450' title='bbox 1253 5545 1362 5600; x_wconf 90' lang='lat' dir='ltr'><strong>illic</strong></span> <span class='ocrx_word' id='word_1_451' title='bbox 1383 5563 1395 5598; x_wconf 93' lang='lat'><strong>:</strong></span> <span class='ocrx_word' id='word_1_452' title='bbox 1416 5545 1509 5600; x_wconf 91' lang='lat' dir='ltr'><strong>sed</strong></span> <span class='ocrx_word' id='word_1_453' title='bbox 1541 5547 1665 5601; x_wconf 89' lang='lat' dir='ltr'><strong>licet</strong></span> <span class='ocrx_word' id='word_1_454' title='bbox 1690 5556 1740 5600; x_wconf 86' lang='lat' dir='ltr'><strong>et</strong></span> <span class='ocrx_word' id='word_1_455' title='bbox 1768 5547 1820 5602; x_wconf 92' lang='lat' dir='ltr'><strong>in</strong></span> 
     </span>
    </p>
   </div>
   <div class='ocr_carea' id='block_1_59' title="bbox 233 5637 1820 5715">
    <p class='ocr_par' dir='ltr' id='par_1_59' title="bbox 233 5637 1820 5715">
     <span class='ocr_line' id='line_1_59' title="bbox 233 5637 1820 5715; baseline -0.003 -18"><span class='ocrx_word' id='word_1_456' title='bbox 233 5643 425 5715; x_wconf 88' lang='lat' dir='ltr'><strong>prima,</strong></span> <span class='ocrx_word' id='word_1_457' title='bbox 454 5649 511 5697; x_wconf 89' lang='lat' dir='ltr'><strong>et</strong></span> <span class='ocrx_word' id='word_1_458' title='bbox 540 5641 593 5696; x_wconf 91' lang='lat' dir='ltr'><strong>in</strong></span> <span class='ocrx_word' id='word_1_459' title='bbox 621 5639 819 5706; x_wconf 88' lang='lat' dir='ltr'><strong>media,</strong></span> <span class='ocrx_word' id='word_1_460' title='bbox 847 5637 978 5694; x_wconf 89' lang='lat' dir='ltr'><strong>etin</strong></span> <span class='ocrx_word' id='word_1_461' title='bbox 1007 5637 1188 5692; x_wconf 89' lang='lat' dir='ltr'><strong>ultima</strong></span> <span class='ocrx_word' id='word_1_462' title='bbox 1215 5646 1373 5692; x_wconf 73' lang='lat' dir='ltr'><strong>aztate</strong></span> <span class='ocrx_word' id='word_1_463' title='bbox 1404 5637 1540 5692; x_wconf 90' lang='lat' dir='ltr'><strong>hanc</strong></span> <span class='ocrx_word' id='word_1_464' title='bbox 1566 5653 1672 5692; x_wconf 88' lang='lat' dir='ltr'><strong>non</strong></span> <span class='ocrx_word' id='word_1_465' title='bbox 1702 5654 1820 5693; x_wconf 81' lang='lat' dir='ltr'><strong>rna-</strong></span> 
     </span>
    </p>
   </div>
   <div class='ocr_carea' id='block_1_60' title="bbox 233 5727 1818 5799">
    <p class='ocr_par' dir='ltr' id='par_1_60' title="bbox 233 5727 1818 5799">
     <span class='ocr_line' id='line_1_60' title="bbox 233 5727 1818 5799; baseline -0.005 -7"><span class='ocrx_word' id='word_1_466' title='bbox 233 5732 502 5793; x_wconf 84' lang='lat' dir='ltr'><strong>nul‘actam</strong></span> <span class='ocrx_word' id='word_1_467' title='bbox 528 5728 989 5788; x_wconf 86' lang='lat' dir='ltr'><strong>circumcisionem</strong></span> <span class='ocrx_word' id='word_1_468' title='bbox 1020 5727 1280 5799; x_wconf 86' lang='lat' dir='ltr'><strong>recipere,</strong></span> <span class='ocrx_word' id='word_1_469' title='bbox 1312 5727 1362 5783; x_wconf 91' lang='lat' dir='ltr'><strong>in</strong></span> <span class='ocrx_word' id='word_1_470' title='bbox 1391 5743 1494 5799; x_wconf 87' lang='lat' dir='ltr'><strong>qua</strong></span> <span class='ocrx_word' id='word_1_471' title='bbox 1521 5743 1627 5783; x_wconf 92' lang='lat' dir='ltr'><strong>non</strong></span> <span class='ocrx_word' id='word_1_472' title='bbox 1656 5729 1818 5784; x_wconf 87' lang='lat' dir='ltr'><strong>susti-</strong></span> 
     </span>
    </p>
   </div>
   <div class='ocr_carea' id='block_1_61' title="bbox 1271 320 2504 380">
    <p class='ocr_par' dir='ltr' id='par_1_61' title="bbox 1271 320 2504 380">
     <span class='ocr_line' id='line_1_61' title="bbox 1271 320 2504 380; baseline -0.003 -2"><span class='ocrx_word' id='word_1_473' title='bbox 1271 321 1336 378; x_wconf 82' lang='grc' dir='ltr'><strong>ΙΝ</strong></span> <span class='ocrx_word' id='word_1_474' title='bbox 1375 322 1526 378; x_wconf 77' lang='lat' dir='ltr'><strong>CAP.</strong></span> <span class='ocrx_word' id='word_1_475' title='bbox 1568 321 1756 378; x_wconf 75' lang='lat' dir='ltr'><strong>XVIII.</strong></span> <span class='ocrx_word' id='word_1_476' title='bbox 1799 321 2044 380; x_wconf 82' lang='lat' dir='ltr'><strong>GENES.</strong></span> <span class='ocrx_word' id='word_1_477' title='bbox 2090 320 2324 377; x_wconf 78' lang='lat' dir='ltr'><strong>lIOMIL.</strong></span> <span class='ocrx_word' id='word_1_478' title='bbox 2369 321 2504 377; x_wconf 74' lang='lat' dir='ltr'><strong>XLI.</strong></span> 
     </span>
    </p>
   </div>
   <div class='ocr_carea' id='block_1_62' title="bbox 3478 323 3586 381">
    <p class='ocr_par' dir='ltr' id='par_1_62' title="bbox 3478 323 3586 381">
     <span class='ocr_line' id='line_1_62' title="bbox 3478 323 3586 381; baseline 0.009 -1"><span class='ocrx_word' id='word_1_479' title='bbox 3478 323 3586 381; x_wconf 70' lang='grc' dir='ltr'><strong>δν.</strong></span> 
     </span>
    </p>
   </div>
   <div class='ocr_carea' id='block_1_63' title="bbox 1982 433 3579 504">
    <p class='ocr_par' dir='ltr' id='par_1_63' title="bbox 1982 433 3579 504">
     <span class='ocr_line' id='line_1_63' title="bbox 1982 433 3579 504; baseline 0.001 -17"><span class='ocrx_word' id='word_1_480' title='bbox 1982 443 2138 489; x_wconf 89' lang='lat' dir='ltr'><strong>netur</strong></span> <span class='ocrx_word' id='word_1_481' title='bbox 2166 435 2335 500; x_wconf 86' lang='lat' dir='ltr'><strong>labor,</strong></span> <span class='ocrx_word' id='word_1_482' title='bbox 2381 434 2474 488; x_wconf 90' lang='lat' dir='ltr'><strong>sed</strong></span> <span class='ocrx_word' id='word_1_483' title='bbox 2503 443 2844 504; x_wconf 89' lang='lat' dir='ltr'><strong>peccatorum</strong></span> <span class='ocrx_word' id='word_1_484' title='bbox 2890 433 3234 502; x_wconf 89' lang='lat' dir='ltr'><strong>deponuntur</strong></span> <span class='ocrx_word' id='word_1_485' title='bbox 3276 450 3479 502; x_wconf 88' lang='lat' dir='ltr'><strong>onera,</strong></span> <span class='ocrx_word' id='word_1_486' title='bbox 3523 448 3579 490; x_wconf 91' lang='lat' dir='ltr'><strong>et</strong></span> 
     </span>
    </p>
   </div>
   <div class='ocr_carea' id='block_1_64' title="bbox 1979 529 3572 600">
    <p class='ocr_par' dir='ltr' id='par_1_64' title="bbox 1979 529 3572 600">
     <span class='ocr_line' id='line_1_64' title="bbox 1979 529 3572 600; baseline 0.003 -20"><span class='ocrx_word' id='word_1_487' title='bbox 1979 529 2227 582; x_wconf 88' lang='lat' dir='ltr'><strong>remissio</strong></span> <span class='ocrx_word' id='word_1_488' title='bbox 2258 530 2528 583; x_wconf 86' lang='lat' dir='ltr'><strong>invenitur</strong></span> <span class='ocrx_word' id='word_1_489' title='bbox 2556 531 2796 583; x_wconf 91' lang='lat' dir='ltr'><strong>omnium</strong></span> <span class='ocrx_word' id='word_1_490' title='bbox 2823 538 3185 597; x_wconf 87' lang='lat' dir='ltr'><strong>peccatorum,</strong></span> <span class='ocrx_word' id='word_1_491' title='bbox 3216 545 3338 600; x_wconf 77' lang='lat' dir='ltr'><strong>qua:</strong></span> <span class='ocrx_word' id='word_1_492' title='bbox 3362 546 3459 599; x_wconf 89' lang='lat' dir='ltr'><strong>per</strong></span> <span class='ocrx_word' id='word_1_493' title='bbox 3486 541 3572 585; x_wconf 86' lang='lat' dir='ltr'><strong>to-</strong></span> 
     </span>
    </p>
   </div>
   <div class='ocr_carea' id='block_1_65' title="bbox 1977 618 3578 689">
    <p class='ocr_par' dir='ltr' id='par_1_65' title="bbox 1977 618 3578 689">
     <span class='ocr_line' id='line_1_65' title="bbox 1977 618 3578 689; baseline 0.001 -17"><span class='ocrx_word' id='word_1_494' title='bbox 1977 629 2083 672; x_wconf 92' lang='lat' dir='ltr'><strong>tam</strong></span> <span class='ocrx_word' id='word_1_495' title='bbox 2112 619 2276 673; x_wconf 90' lang='lat' dir='ltr'><strong>vitam</strong></span> <span class='ocrx_word' id='word_1_496' title='bbox 2305 628 2454 689; x_wconf 84' lang='lat' dir='ltr'><strong>gesta</strong></span> <span class='ocrx_word' id='word_1_497' title='bbox 2481 628 2626 674; x_wconf 89' lang='lat' dir='ltr'><strong>sunt.</strong></span> <span class='ocrx_word' id='word_1_498' title='bbox 2657 618 2866 688; x_wconf 83' lang='lat' dir='ltr'><strong>Quippe</strong></span> <span class='ocrx_word' id='word_1_499' title='bbox 2892 634 3015 674; x_wconf 88' lang='lat' dir='ltr'><strong>cum</strong></span> <span class='ocrx_word' id='word_1_500' title='bbox 3046 619 3307 689; x_wconf 85' lang='lat' dir='ltr'><strong>benignus</strong></span> <span class='ocrx_word' id='word_1_501' title='bbox 3328 620 3468 674; x_wconf 84' lang='lat' dir='ltr'><strong>Deus</strong></span> <span class='ocrx_word' id='word_1_502' title='bbox 3496 620 3578 673; x_wconf 88' lang='lat' dir='ltr'><strong>vi-</strong></span> 
     </span>
    </p>
   </div>
   <div class='ocr_carea' id='block_1_66' title="bbox 1972 707 3581 777">
    <p class='ocr_par' dir='ltr' id='par_1_66' title="bbox 1972 707 3581 777">
     <span class='ocr_line' id='line_1_66' title="bbox 1972 707 3581 777; baseline 0.001 -16"><span class='ocrx_word' id='word_1_503' title='bbox 1972 707 2051 761; x_wconf 92' lang='lat' dir='ltr'><strong>dit</strong></span> <span class='ocrx_word' id='word_1_504' title='bbox 2077 722 2296 777; x_wconf 89' lang='lat' dir='ltr'><strong>gravem</strong></span> <span class='ocrx_word' id='word_1_505' title='bbox 2315 718 2553 762; x_wconf 89' lang='lat' dir='ltr'><strong>nostram</strong></span> <span class='ocrx_word' id='word_1_506' title='bbox 2581 707 2969 773; x_wconf 85' lang='lat' dir='ltr'><strong>inﬁrmitatem,</strong></span> <span class='ocrx_word' id='word_1_507' title='bbox 3003 724 3068 763; x_wconf 91' lang='lat' dir='ltr'><strong>ac</strong></span> <span class='ocrx_word' id='word_1_508' title='bbox 3093 723 3190 764; x_wconf 87' lang='lat' dir='ltr'><strong>nos</strong></span> <span class='ocrx_word' id='word_1_509' title='bbox 3212 708 3581 764; x_wconf 80' lang='lat' dir='ltr'><strong>incurabiliter</strong></span> 
     </span>
    </p>
   </div>
   <div class='ocr_carea' id='block_1_67' title="bbox 1970 801 3579 874">
    <p class='ocr_par' dir='ltr' id='par_1_67' title="bbox 1970 801 3579 874">
     <span class='ocr_line' id='line_1_67' title="bbox 1970 801 3579 874; baseline 0.001 -18"><span class='ocrx_word' id='word_1_510' title='bbox 1970 813 2316 874; x_wconf 44' lang='lat' dir='ltr'><strong>a‘grotantes,</strong></span> <span class='ocrx_word' id='word_1_511' title='bbox 2339 817 2552 870; x_wconf 86' lang='lat' dir='ltr'><strong>summa</strong></span> <span class='ocrx_word' id='word_1_512' title='bbox 2581 803 2823 874; x_wconf 80' lang='lat' dir='ltr'><strong>indigere</strong></span> <span class='ocrx_word' id='word_1_513' title='bbox 2853 803 3141 868; x_wconf 83' lang='lat' dir='ltr'><strong>medicina,</strong></span> <span class='ocrx_word' id='word_1_514' title='bbox 3187 811 3349 873; x_wconf 87' lang='lat' dir='ltr'><strong>atque</strong></span> <span class='ocrx_word' id='word_1_515' title='bbox 3388 801 3579 858; x_wconf 76' lang='lat' dir='ltr'><strong>ineffa-</strong></span> 
     </span>
    </p>
   </div>
   <div class='ocr_carea' id='block_1_68' title="bbox 1970 892 3577 966">
    <p class='ocr_par' dir='ltr' id='par_1_68' title="bbox 1970 892 3577 966">
     <span class='ocr_line' id='line_1_68' title="bbox 1970 892 3577 966; baseline 0.002 -19"><span class='ocrx_word' id='word_1_516' title='bbox 1970 892 2060 948; x_wconf 91' lang='lat' dir='ltr'><strong>bili</strong></span> <span class='ocrx_word' id='word_1_517' title='bbox 2093 893 2458 964; x_wconf 87' lang='lat' dir='ltr'><strong>benignitate:</strong></span> <span class='ocrx_word' id='word_1_518' title='bbox 2483 902 2723 948; x_wconf 90' lang='lat' dir='ltr'><strong>nostram</strong></span> <span class='ocrx_word' id='word_1_519' title='bbox 2746 909 2942 950; x_wconf 91' lang='lat' dir='ltr'><strong>curans</strong></span> <span class='ocrx_word' id='word_1_520' title='bbox 2959 895 3212 962; x_wconf 88' lang='lat' dir='ltr'><strong>salutem,</strong></span> <span class='ocrx_word' id='word_1_521' title='bbox 3247 895 3472 966; x_wconf 89' lang='lat' dir='ltr'><strong>largitus</strong></span> <span class='ocrx_word' id='word_1_522' title='bbox 3491 905 3577 950; x_wconf 91' lang='lat' dir='ltr'><strong>est</strong></span> 
     </span>
    </p>
   </div>
   <div class='ocr_carea' id='block_1_69' title="bbox 1967 985 3576 1055">
    <p class='ocr_par' dir='ltr' id='par_1_69' title="bbox 1967 985 3576 1055">
     <span class='ocr_line' id='line_1_69' title="bbox 1967 985 3576 1055; baseline -0.001 -15"><span class='ocrx_word' id='word_1_523' title='bbox 1967 986 2122 1040; x_wconf 90' lang='lat' dir='ltr'><strong>nobis</strong></span> <span class='ocrx_word' id='word_1_524' title='bbox 2154 1001 2249 1053; x_wconf 90' lang='lat' dir='ltr'><strong>per</strong></span> <span class='ocrx_word' id='word_1_525' title='bbox 2277 985 2548 1044; x_wconf 86' lang='lat' dir='ltr'><strong>lavacrum</strong></span> <span class='ocrx_word' id='word_1_526' title='bbox 2589 985 3013 1055; x_wconf 75' lang='lat' dir='ltr'><strong>regenerationis</strong></span> <span class='ocrx_word' id='word_1_527' title='bbox 3044 986 3482 1040; x_wconf 90' lang='lat' dir='ltr'><strong>innovationem:</strong></span> <span class='ocrx_word' id='word_1_528' title='bbox 3518 995 3576 1039; x_wconf 95' lang='lat' dir='ltr'><strong>nt</strong></span> 
     </span>
    </p>
   </div>
   <div class='ocr_carea' id='block_1_70' title="bbox 1966 1075 3574 1147">
    <p class='ocr_par' dir='ltr' id='par_1_70' title="bbox 1966 1075 3574 1147">
     <span class='ocr_line' id='line_1_70' title="bbox 1966 1075 3574 1147; baseline 0.001 -17"><span class='ocrx_word' id='word_1_529' title='bbox 1966 1076 2215 1145; x_wconf 88' lang='lat' dir='ltr'><strong>deposito</strong></span> <span class='ocrx_word' id='word_1_530' title='bbox 2240 1076 2461 1132; x_wconf 90' lang='lat' dir='ltr'><strong>homine</strong></span> <span class='ocrx_word' id='word_1_531' title='bbox 2483 1085 2691 1145; x_wconf 80' lang='lat' dir='ltr'><strong>vetere,</strong></span> <span class='ocrx_word' id='word_1_532' title='bbox 2713 1075 2815 1132; x_wconf 88' lang='lat' dir='ltr'><strong>hoc</strong></span> <span class='ocrx_word' id='word_1_533' title='bbox 2846 1085 2950 1144; x_wconf 90' lang='lat' dir='ltr'><strong>est,</strong></span> <span class='ocrx_word' id='word_1_534' title='bbox 3006 1077 3262 1147; x_wconf 89' lang='lat' dir='ltr'><strong>operibus</strong></span> <span class='ocrx_word' id='word_1_535' title='bbox 3283 1077 3459 1144; x_wconf 86' lang='lat' dir='ltr'><strong>malis,</strong></span> <span class='ocrx_word' id='word_1_536' title='bbox 3518 1087 3574 1133; x_wconf 92' lang='lat' dir='ltr'><strong>et</strong></span> 
     </span>
    </p>
   </div>
   <div class='ocr_carea' id='block_1_71' title="bbox 1964 1166 3568 1232">
    <p class='ocr_par' dir='ltr' id='par_1_71' title="bbox 1964 1166 3568 1232">
     <span class='ocr_line' id='line_1_71' title="bbox 1964 1166 3568 1232; baseline 0.001 -10"><span class='ocrx_word' id='word_1_537' title='bbox 1964 1166 2138 1222; x_wconf 90' lang='lat' dir='ltr'><strong>induti</strong></span> <span class='ocrx_word' id='word_1_538' title='bbox 2165 1183 2385 1232; x_wconf 90' lang='lat' dir='ltr'><strong>novum,</strong></span> <span class='ocrx_word' id='word_1_539' title='bbox 2429 1167 2484 1223; x_wconf 89' lang='lat' dir='ltr'><strong>in</strong></span> <span class='ocrx_word' id='word_1_540' title='bbox 2512 1168 2597 1224; x_wconf 88' lang='lat' dir='ltr'><strong>via</strong></span> <span class='ocrx_word' id='word_1_541' title='bbox 2621 1167 2835 1223; x_wconf 91' lang='lat' dir='ltr'><strong>virtutis</strong></span> <span class='ocrx_word' id='word_1_542' title='bbox 2864 1167 3198 1224; x_wconf 69' lang='lat' dir='ltr'><strong>incedamus.</strong></span> <span class='ocrx_word' id='word_1_543' title='bbox 3235 1168 3431 1223; x_wconf 85' lang='lat' dir='ltr'><strong>Verum</strong></span> <span class='ocrx_word' id='word_1_544' title='bbox 3462 1169 3568 1224; x_wconf 88' lang='lat' dir='ltr'><strong>ite-</strong></span> 
     </span>
    </p>
   </div>
   <div class='ocr_carea' id='block_1_72' title="bbox 1962 1259 3566 1330">
    <p class='ocr_par' dir='ltr' id='par_1_72' title="bbox 1962 1259 3566 1330">
     <span class='ocr_line' id='line_1_72' title="bbox 1962 1259 3566 1330; baseline 0.001 -16"><span class='ocrx_word' id='word_1_545' title='bbox 1962 1275 2081 1314; x_wconf 92' lang='lat' dir='ltr'><strong>rum</strong></span> <span class='ocrx_word' id='word_1_546' title='bbox 2108 1274 2226 1324; x_wconf 88' lang='lat' dir='ltr'><strong>oro,</strong></span> <span class='ocrx_word' id='word_1_547' title='bbox 2254 1275 2323 1316; x_wconf 89' lang='lat' dir='ltr'><strong>ne</strong></span> <span class='ocrx_word' id='word_1_548' title='bbox 2348 1259 2648 1316; x_wconf 89' lang='lat' dir='ltr'><strong>deteriores</strong></span> <span class='ocrx_word' id='word_1_549' title='bbox 2694 1260 2865 1316; x_wconf 89' lang='lat' dir='ltr'><strong>simus</strong></span> <span class='ocrx_word' id='word_1_550' title='bbox 2910 1261 3133 1330; x_wconf 80' lang='lat' dir='ltr'><strong>ingratis</strong></span> <span class='ocrx_word' id='word_1_551' title='bbox 3173 1269 3229 1316; x_wconf 92' lang='lat' dir='ltr'><strong>et</strong></span> <span class='ocrx_word' id='word_1_552' title='bbox 3277 1261 3566 1316; x_wconf 86' lang='lat' dir='ltr'><strong>insensatis</strong></span> 
     </span>
    </p>
   </div>
   <div class='ocr_carea' id='block_1_73' title="bbox 1959 1349 3566 1422">
    <p class='ocr_par' dir='ltr' id='par_1_73' title="bbox 1959 1349 3566 1422">
     <span class='ocr_line' id='line_1_73' title="bbox 1959 1349 3566 1422; baseline 0 -16"><span class='ocrx_word' id='word_1_553' title='bbox 1959 1349 2181 1406; x_wconf 69' lang='lat' dir='ltr'><strong>Judaeis.</strong></span> <span class='ocrx_word' id='word_1_554' title='bbox 2213 1351 2290 1406; x_wconf 91' lang='lat' dir='ltr'><strong>Illi</strong></span> <span class='ocrx_word' id='word_1_555' title='bbox 2309 1354 2452 1407; x_wconf 86' lang='lat' dir='ltr'><strong>enim</strong></span> <span class='ocrx_word' id='word_1_556' title='bbox 2482 1352 2838 1422; x_wconf 89' lang='lat' dir='ltr'><strong>suscipientes</strong></span> <span class='ocrx_word' id='word_1_557' title='bbox 2866 1352 3292 1407; x_wconf 89' lang='lat' dir='ltr'><strong>circumeisionis</strong></span> <span class='ocrx_word' id='word_1_558' title='bbox 3311 1353 3566 1422; x_wconf 81' lang='lat' dir='ltr'><strong>signacu-</strong></span> 
     </span>
    </p>
   </div>
   <div class='ocr_carea' id='block_1_74' title="bbox 1959 1443 3566 1516">
    <p class='ocr_par' dir='ltr' id='par_1_74' title="bbox 1959 1443 3566 1516">
     <span class='ocr_line' id='line_1_74' title="bbox 1959 1443 3566 1516; baseline 0.002 -19"><span class='ocrx_word' id='word_1_559' title='bbox 1959 1444 2091 1509; x_wconf 91' lang='lat' dir='ltr'><strong>lum,</strong></span> <span class='ocrx_word' id='word_1_560' title='bbox 2121 1444 2250 1498; x_wconf 91' lang='lat' dir='ltr'><strong>satis</strong></span> <span class='ocrx_word' id='word_1_561' title='bbox 2294 1444 2394 1498; x_wconf 90' lang='lat' dir='ltr'><strong>sibi</strong></span> <span class='ocrx_word' id='word_1_562' title='bbox 2424 1450 2709 1512; x_wconf 87' lang='lat' dir='ltr'><strong>cavebant,</strong></span> <span class='ocrx_word' id='word_1_563' title='bbox 2736 1460 2806 1500; x_wconf 91' lang='lat' dir='ltr'><strong>ne</strong></span> <span class='ocrx_word' id='word_1_564' title='bbox 2851 1443 2988 1500; x_wconf 70' lang='lat' dir='ltr'><strong>ulfra</strong></span> <span class='ocrx_word' id='word_1_565' title='bbox 3039 1460 3160 1500; x_wconf 91' lang='lat' dir='ltr'><strong>cum</strong></span> <span class='ocrx_word' id='word_1_566' title='bbox 3209 1446 3456 1516; x_wconf 89' lang='lat' dir='ltr'><strong>gentibus</strong></span> <span class='ocrx_word' id='word_1_567' title='bbox 3503 1460 3566 1500; x_wconf 90' lang='lat' dir='ltr'><strong>se</strong></span> 
     </span>
    </p>
   </div>
   <div class='ocr_carea' id='block_1_75' title="bbox 1959 1535 3562 1606">
    <p class='ocr_par' dir='ltr' id='par_1_75' title="bbox 1959 1535 3562 1606">
     <span class='ocr_line' id='line_1_75' title="bbox 1959 1535 3562 1606; baseline 0.001 -18"><span class='ocrx_word' id='word_1_568' title='bbox 1959 1535 2270 1602; x_wconf 87' lang='lat' dir='ltr'><strong>miscerent,</strong></span> <span class='ocrx_word' id='word_1_569' title='bbox 2298 1545 2556 1606; x_wconf 89' lang='lat' dir='ltr'><strong>quantum</strong></span> <span class='ocrx_word' id='word_1_570' title='bbox 2586 1536 2652 1590; x_wconf 91' lang='lat' dir='ltr'><strong>ad</strong></span> <span class='ocrx_word' id='word_1_571' title='bbox 2676 1537 3080 1592; x_wconf 91' lang='lat' dir='ltr'><strong>communionis</strong></span> <span class='ocrx_word' id='word_1_572' title='bbox 3101 1538 3364 1592; x_wconf 86' lang='lat' dir='ltr'><strong>rationem</strong></span> <span class='ocrx_word' id='word_1_573' title='bbox 3393 1537 3562 1606; x_wconf 80' lang='lat' dir='ltr'><strong>perti-</strong></span> 
     </span>
    </p>
   </div>
   <div class='ocr_carea' id='block_1_76' title="bbox 1957 1619 3560 1700">
    <p class='ocr_par' dir='ltr' id='par_1_76' title="bbox 1957 1619 3560 1700">
     <span class='ocr_line' id='line_1_76' title="bbox 1957 1619 3560 1700; baseline 0.001 -19"><span class='ocrx_word' id='word_1_574' title='bbox 1957 1637 2084 1684; x_wconf 88' lang='lat' dir='ltr'><strong>net:</strong></span> <span class='ocrx_word' id='word_1_575' title='bbox 2115 1637 2372 1698; x_wconf 86' lang='lat' dir='ltr'><strong>quantum</strong></span> <span class='ocrx_word' id='word_1_576' title='bbox 2398 1638 2579 1685; x_wconf 88' lang='lat' dir='ltr'><strong>autem</strong></span> <span class='ocrx_word' id='word_1_577' title='bbox 2602 1628 2668 1684; x_wconf 89' lang='lat' dir='ltr'><strong>ad</strong></span> <span class='ocrx_word' id='word_1_578' title='bbox 2703 1619 3054 1699; x_wconf 84' lang='lat' dir='ltr'><strong>impietatem,</strong></span> <span class='ocrx_word' id='word_1_579' title='bbox 3107 1644 3254 1700; x_wconf 65' lang='lat' dir='ltr'><strong>saepe</strong></span> <span class='ocrx_word' id='word_1_580' title='bbox 3312 1629 3432 1682; x_wconf 88' lang='lat' dir='ltr'><strong>illos</strong></span> <span class='ocrx_word' id='word_1_581' title='bbox 3475 1627 3560 1682; x_wconf 89' lang='lat' dir='ltr'><strong>in-</strong></span> 
     </span>
    </p>
   </div>
   <div class='ocr_carea' id='block_1_77' title="bbox 1952 1720 3563 1792">
    <p class='ocr_par' dir='ltr' id='par_1_77' title="bbox 1952 1720 3563 1792">
     <span class='ocr_line' id='line_1_77' title="bbox 1952 1720 3563 1792; baseline -0.001 -18"><span class='ocrx_word' id='word_1_582' title='bbox 1952 1721 2091 1792; x_wconf 87' lang='lat' dir='ltr'><strong>grati</strong></span> <span class='ocrx_word' id='word_1_583' title='bbox 2121 1721 2469 1790; x_wconf 88' lang='lat' dir='ltr'><strong>superabant.</strong></span> <span class='ocrx_word' id='word_1_584' title='bbox 2499 1721 2609 1778; x_wconf 87' lang='lat' dir='ltr'><strong>Nos</strong></span> <span class='ocrx_word' id='word_1_585' title='bbox 2658 1738 2788 1777; x_wconf 87' lang='lat' dir='ltr'><strong>vero</strong></span> <span class='ocrx_word' id='word_1_586' title='bbox 2831 1737 2953 1777; x_wconf 91' lang='lat' dir='ltr'><strong>cum</strong></span> <span class='ocrx_word' id='word_1_587' title='bbox 3004 1721 3175 1777; x_wconf 87' lang='lat' dir='ltr'><strong>semel</strong></span> <span class='ocrx_word' id='word_1_588' title='bbox 3222 1720 3563 1788; x_wconf 89' lang='lat' dir='ltr'><strong>suscepimus</strong></span> 
     </span>
    </p>
   </div>
   <div class='ocr_carea' id='block_1_78' title="bbox 1955 1811 3560 1883">
    <p class='ocr_par' dir='ltr' id='par_1_78' title="bbox 1955 1811 3560 1883">
     <span class='ocr_line' id='line_1_78' title="bbox 1955 1811 3560 1883; baseline 0 -18"><span class='ocrx_word' id='word_1_589' title='bbox 1955 1813 2201 1881; x_wconf 83' lang='lat' dir='ltr'><strong>baptismi</strong></span> <span class='ocrx_word' id='word_1_590' title='bbox 2238 1814 2723 1878; x_wconf 90' lang='lat' dir='ltr'><strong>circumcisionem,</strong></span> <span class='ocrx_word' id='word_1_591' title='bbox 2777 1823 2935 1869; x_wconf 90' lang='lat' dir='ltr'><strong>caute</strong></span> <span class='ocrx_word' id='word_1_592' title='bbox 2964 1822 3186 1883; x_wconf 85' lang='lat' dir='ltr'><strong>tuteque</strong></span> <span class='ocrx_word' id='word_1_593' title='bbox 3216 1822 3398 1866; x_wconf 90' lang='lat' dir='ltr'><strong>nostra</strong></span> <span class='ocrx_word' id='word_1_594' title='bbox 3448 1811 3560 1866; x_wconf 90' lang='lat' dir='ltr'><strong>dis-</strong></span> 
     </span>
    </p>
   </div>
   <div class='ocr_carea' id='block_1_79' title="bbox 1953 1902 3558 1972">
    <p class='ocr_par' dir='ltr' id='par_1_79' title="bbox 1953 1902 3558 1972">
     <span class='ocr_line' id='line_1_79' title="bbox 1953 1902 3558 1972; baseline 0.001 -16"><span class='ocrx_word' id='word_1_595' title='bbox 1953 1917 2260 1972; x_wconf 91' lang='lat' dir='ltr'><strong>peuscmus.</strong></span> <span class='ocrx_word' id='word_1_596' title='bbox 2294 1903 2411 1958; x_wconf 92' lang='lat' dir='ltr'><strong>Non</strong></span> <span class='ocrx_word' id='word_1_597' title='bbox 2442 1903 2678 1959; x_wconf 84' lang='lat' dir='ltr'><strong>dixerim</strong></span> <span class='ocrx_word' id='word_1_598' title='bbox 2697 1921 2801 1958; x_wconf 91' lang='lat' dir='ltr'><strong>non</strong></span> <span class='ocrx_word' id='word_1_599' title='bbox 2836 1904 2999 1959; x_wconf 91' lang='lat' dir='ltr'><strong>licere</strong></span> <span class='ocrx_word' id='word_1_600' title='bbox 3045 1904 3202 1958; x_wconf 91' lang='lat' dir='ltr'><strong>nobis</strong></span> <span class='ocrx_word' id='word_1_601' title='bbox 3224 1903 3428 1958; x_wconf 88' lang='lat' dir='ltr'><strong>versari</strong></span> <span class='ocrx_word' id='word_1_602' title='bbox 3483 1902 3558 1957; x_wconf 84' lang='lat' dir='ltr'><strong>in-</strong></span> 
     </span>
    </p>
   </div>
   <div class='ocr_carea' id='block_1_80' title="bbox 1953 1994 3553 2072">
    <p class='ocr_par' dir='ltr' id='par_1_80' title="bbox 1953 1994 3553 2072">
     <span class='ocr_line' id='line_1_80' title="bbox 1953 1994 3553 2072; baseline 0.003 -26"><span class='ocrx_word' id='word_1_603' title='bbox 1953 2005 2034 2049; x_wconf 92' lang='lat' dir='ltr'><strong>ter</strong></span> <span class='ocrx_word' id='word_1_604' title='bbox 2057 2004 2249 2065; x_wconf 89' lang='lat' dir='ltr'><strong>gentes</strong></span> <span class='ocrx_word' id='word_1_605' title='bbox 2281 2012 2294 2049; x_wconf 89' lang='lat'><strong>:</strong></span> <span class='ocrx_word' id='word_1_606' title='bbox 2321 1997 2418 2050; x_wconf 88' lang='lat' dir='ltr'><strong>sed</strong></span> <span class='ocrx_word' id='word_1_607' title='bbox 2445 1995 2498 2049; x_wconf 93' lang='lat' dir='ltr'><strong>in</strong></span> <span class='ocrx_word' id='word_1_608' title='bbox 2534 1994 2746 2066; x_wconf 65' lang='lat' dir='ltr'><strong>proliria</strong></span> <span class='ocrx_word' id='word_1_609' title='bbox 2774 1996 2928 2049; x_wconf 85' lang='lat' dir='ltr'><strong>nobis</strong></span> <span class='ocrx_word' id='word_1_610' title='bbox 2961 1997 3168 2072; x_wconf 62' lang='lat' dir='ltr'><strong>,virtute</strong></span> <span class='ocrx_word' id='word_1_611' title='bbox 3219 2003 3503 2050; x_wconf 85' lang='lat' dir='ltr'><strong>manentes</strong></span> <span class='ocrx_word' id='word_1_612' title='bbox 3535 2035 3553 2062; x_wconf 88' lang='lat'><strong>,</strong></span> 
     </span>
    </p>
   </div>
   <div class='ocr_carea' id='block_1_81' title="bbox 1949 2086 3558 2158">
    <p class='ocr_par' dir='ltr' id='par_1_81' title="bbox 1949 2086 3558 2158">
     <span class='ocr_line' id='line_1_81' title="bbox 1949 2086 3558 2158; baseline 0 -19"><span class='ocrx_word' id='word_1_613' title='bbox 1949 2086 2018 2139; x_wconf 87' lang='lat' dir='ltr'><strong>ita</strong></span> <span class='ocrx_word' id='word_1_614' title='bbox 2046 2102 2167 2140; x_wconf 91' lang='lat' dir='ltr'><strong>cum</strong></span> <span class='ocrx_word' id='word_1_615' title='bbox 2201 2087 2306 2141; x_wconf 89' lang='lat' dir='ltr'><strong>illis</strong></span> <span class='ocrx_word' id='word_1_616' title='bbox 2335 2089 2788 2142; x_wconf 78' lang='lat' dir='ltr'><strong>commisceantur</strong></span> <span class='ocrx_word' id='word_1_617' title='bbox 2808 2130 2822 2153; x_wconf 92' lang='lat'><strong>,</strong></span> <span class='ocrx_word' id='word_1_618' title='bbox 2867 2095 2926 2142; x_wconf 91' lang='lat' dir='ltr'><strong>ut</strong></span> <span class='ocrx_word' id='word_1_619' title='bbox 2953 2087 3023 2140; x_wconf 83' lang='lat' dir='ltr'><strong>ad</strong></span> <span class='ocrx_word' id='word_1_620' title='bbox 3048 2088 3191 2158; x_wconf 90' lang='lat' dir='ltr'><strong>piam</strong></span> <span class='ocrx_word' id='word_1_621' title='bbox 3223 2102 3318 2142; x_wconf 88' lang='lat' dir='ltr'><strong>eos</strong></span> <span class='ocrx_word' id='word_1_622' title='bbox 3347 2096 3558 2157; x_wconf 89' lang='lat' dir='ltr'><strong>pertra-</strong></span> 
     </span>
    </p>
   </div>
   <div class='ocr_carea' id='block_1_82' title="bbox 1949 2174 3555 2256">
    <p class='ocr_par' dir='ltr' id='par_1_82' title="bbox 1949 2174 3555 2256">
     <span class='ocr_line' id='line_1_82' title="bbox 1949 2174 3555 2256; baseline 0.001 -29"><span class='ocrx_word' id='word_1_623' title='bbox 1949 2176 2138 2229; x_wconf 89' lang='lat' dir='ltr'><strong>hamus</strong></span> <span class='ocrx_word' id='word_1_624' title='bbox 2173 2174 2512 2256; x_wconf 86' lang='lat' dir='ltr'><strong>religionem,</strong></span> <span class='ocrx_word' id='word_1_625' title='bbox 2561 2191 2625 2231; x_wconf 89' lang='lat' dir='ltr'><strong>ac</strong></span> <span class='ocrx_word' id='word_1_626' title='bbox 2653 2194 2747 2245; x_wconf 87' lang='lat' dir='ltr'><strong>per</strong></span> <span class='ocrx_word' id='word_1_627' title='bbox 2778 2178 3042 2231; x_wconf 90' lang='lat' dir='ltr'><strong>bonorum</strong></span> <span class='ocrx_word' id='word_1_628' title='bbox 3095 2191 3318 2246; x_wconf 89' lang='lat' dir='ltr'><strong>operum</strong></span> <span class='ocrx_word' id='word_1_629' title='bbox 3374 2188 3555 2230; x_wconf 81' lang='lat' dir='ltr'><strong>exem-</strong></span> 
     </span>
    </p>
   </div>
   <div class='ocr_carea' id='block_1_83' title="bbox 1947 2266 3543 2336">
    <p class='ocr_par' dir='ltr' id='par_1_83' title="bbox 1947 2266 3543 2336">
     <span class='ocr_line' id='line_1_83' title="bbox 1947 2266 3543 2336; baseline 0.002 -18"><span class='ocrx_word' id='word_1_630' title='bbox 1947 2267 2092 2336; x_wconf 92' lang='lat' dir='ltr'><strong>plum</strong></span> <span class='ocrx_word' id='word_1_631' title='bbox 2114 2266 2376 2321; x_wconf 74' lang='lat' dir='ltr'><strong>doctrina:</strong></span> <span class='ocrx_word' id='word_1_632' title='bbox 2406 2267 2486 2322; x_wconf 91' lang='lat' dir='ltr'><strong>eis</strong></span> <span class='ocrx_word' id='word_1_633' title='bbox 2502 2276 2750 2323; x_wconf 89' lang='lat' dir='ltr'><strong>auctores</strong></span> <span class='ocrx_word' id='word_1_634' title='bbox 2774 2268 2966 2322; x_wconf 87' lang='lat' dir='ltr'><strong>simus.</strong></span> <span class='ocrx_word' id='word_1_635' title='bbox 2998 2268 3070 2322; x_wconf 89' lang='lat' dir='ltr'><strong>Ea</strong></span> <span class='ocrx_word' id='word_1_636' title='bbox 3097 2267 3241 2322; x_wconf 89' lang='lat' dir='ltr'><strong>enim</strong></span> <span class='ocrx_word' id='word_1_637' title='bbox 3269 2267 3339 2323; x_wconf 86' lang='lat' dir='ltr'><strong>de</strong></span> <span class='ocrx_word' id='word_1_638' title='bbox 3381 2280 3543 2321; x_wconf 87' lang='lat' dir='ltr'><strong>causa</strong></span> 
     </span>
    </p>
   </div>
   <div class='ocr_carea' id='block_1_84' title="bbox 1943 2357 3628 2427">
    <p class='ocr_par' dir='ltr' id='par_1_84' title="bbox 1943 2357 3628 2427">
     <span class='ocr_line' id='line_1_84' title="bbox 1943 2357 3628 2427; baseline -0.001 -16"><span class='ocrx_word' id='word_1_639' title='bbox 1943 2357 2245 2411; x_wconf 90' lang='lat' dir='ltr'><strong>communis</strong></span> <span class='ocrx_word' id='word_1_640' title='bbox 2292 2359 2535 2412; x_wconf 88' lang='lat' dir='ltr'><strong>omnium</strong></span> <span class='ocrx_word' id='word_1_641' title='bbox 2577 2359 2837 2414; x_wconf 88' lang='lat' dir='ltr'><strong>Dominus</strong></span> <span class='ocrx_word' id='word_1_642' title='bbox 2879 2357 3122 2427; x_wconf 88' lang='lat' dir='ltr'><strong>permisit</strong></span> <span class='ocrx_word' id='word_1_643' title='bbox 3147 2357 3307 2413; x_wconf 88' lang='lat' dir='ltr'><strong>simul</strong></span> <span class='ocrx_word' id='word_1_644' title='bbox 3344 2358 3550 2412; x_wconf 83' lang='lat' dir='ltr'><strong>versari</strong></span> <span class='ocrx_word' id='word_1_645' title='bbox 3626 2407 3628 2409; x_wconf 71' lang='grc'><strong>,</strong></span> 
     </span>
    </p>
   </div>
   <div class='ocr_carea' id='block_1_85' title="bbox 1944 2445 3550 2519">
    <p class='ocr_par' dir='ltr' id='par_1_85' title="bbox 1944 2445 3550 2519">
     <span class='ocr_line' id='line_1_85' title="bbox 1944 2445 3550 2519; baseline -0.001 -17"><span class='ocrx_word' id='word_1_646' title='bbox 1944 2447 2114 2502; x_wconf 80' lang='lat' dir='ltr'><strong>bonos</strong></span> <span class='ocrx_word' id='word_1_647' title='bbox 2132 2457 2186 2502; x_wconf 90' lang='lat' dir='ltr'><strong>et</strong></span> <span class='ocrx_word' id='word_1_648' title='bbox 2211 2447 2404 2514; x_wconf 91' lang='lat' dir='ltr'><strong>malos,</strong></span> <span class='ocrx_word' id='word_1_649' title='bbox 2435 2450 2557 2519; x_wconf 86' lang='lat' dir='ltr'><strong>pios</strong></span> <span class='ocrx_word' id='word_1_650' title='bbox 2583 2460 2638 2502; x_wconf 93' lang='lat' dir='ltr'><strong>et</strong></span> <span class='ocrx_word' id='word_1_651' title='bbox 2666 2447 2884 2518; x_wconf 84' lang='lat' dir='ltr'><strong>impios,</strong></span> <span class='ocrx_word' id='word_1_652' title='bbox 2940 2457 2998 2501; x_wconf 93' lang='lat' dir='ltr'><strong>ut</strong></span> <span class='ocrx_word' id='word_1_653' title='bbox 3030 2447 3156 2502; x_wconf 91' lang='lat' dir='ltr'><strong>boni</strong></span> <span class='ocrx_word' id='word_1_654' title='bbox 3210 2445 3550 2502; x_wconf 80' lang='lat' dir='ltr'><strong>lucrifaciant</strong></span> 
     </span>
    </p>
   </div>
   <div class='ocr_carea' id='block_1_86' title="bbox 1943 2538 3550 2609">
    <p class='ocr_par' dir='ltr' id='par_1_86' title="bbox 1943 2538 3550 2609">
     <span class='ocr_line' id='line_1_86' title="bbox 1943 2538 3550 2609; baseline -0.001 -16"><span class='ocrx_word' id='word_1_655' title='bbox 1943 2540 2137 2604; x_wconf 90' lang='lat' dir='ltr'><strong>malos,</strong></span> <span class='ocrx_word' id='word_1_656' title='bbox 2161 2549 2215 2593; x_wconf 91' lang='lat' dir='ltr'><strong>et</strong></span> <span class='ocrx_word' id='word_1_657' title='bbox 2257 2539 2348 2609; x_wconf 88' lang='lat' dir='ltr'><strong>qui</strong></span> <span class='ocrx_word' id='word_1_658' title='bbox 2400 2539 2452 2594; x_wconf 92' lang='lat' dir='ltr'><strong>in</strong></span> <span class='ocrx_word' id='word_1_659' title='bbox 2477 2540 2677 2594; x_wconf 90' lang='lat' dir='ltr'><strong>malitia</strong></span> <span class='ocrx_word' id='word_1_660' title='bbox 2725 2539 2902 2594; x_wconf 90' lang='lat' dir='ltr'><strong>adhuc</strong></span> <span class='ocrx_word' id='word_1_661' title='bbox 2927 2539 3257 2607; x_wconf 87' lang='lat' dir='ltr'><strong>detinentur,</strong></span> <span class='ocrx_word' id='word_1_662' title='bbox 3291 2538 3550 2593; x_wconf 80' lang='lat' dir='ltr'><strong>Inanudu-</strong></span> 
     </span>
    </p>
   </div>
   <div class='ocr_carea' id='block_1_87' title="bbox 1938 2629 3548 2701">
    <p class='ocr_par' dir='ltr' id='par_1_87' title="bbox 1938 2629 3548 2701">
     <span class='ocr_line' id='line_1_87' title="bbox 1938 2629 3548 2701; baseline -0.001 -17"><span class='ocrx_word' id='word_1_663' title='bbox 1938 2643 2126 2684; x_wconf 90' lang='lat' dir='ltr'><strong>cantur</strong></span> <span class='ocrx_word' id='word_1_664' title='bbox 2150 2629 2216 2684; x_wconf 91' lang='lat' dir='ltr'><strong>ad</strong></span> <span class='ocrx_word' id='word_1_665' title='bbox 2243 2630 2516 2701; x_wconf 84' lang='lat' dir='ltr'><strong>pietatem.</strong></span> <span class='ocrx_word' id='word_1_666' title='bbox 2547 2629 2692 2684; x_wconf 82' lang='lat' dir='ltr'><strong>Nihil</strong></span> <span class='ocrx_word' id='word_1_667' title='bbox 2733 2630 2877 2686; x_wconf 91' lang='lat' dir='ltr'><strong>enim</strong></span> <span class='ocrx_word' id='word_1_668' title='bbox 2927 2630 3063 2686; x_wconf 88' lang='lat' dir='ltr'><strong>adeo</strong></span> <span class='ocrx_word' id='word_1_669' title='bbox 3102 2630 3346 2685; x_wconf 85' lang='lat' dir='ltr'><strong>studiose</strong></span> <span class='ocrx_word' id='word_1_670' title='bbox 3389 2636 3548 2683; x_wconf 89' lang='lat' dir='ltr'><strong>curat</strong></span> 
     </span>
    </p>
   </div>
   <div class='ocr_carea' id='block_1_88' title="bbox 1942 2708 3547 2788">
    <p class='ocr_par' dir='ltr' id='par_1_88' title="bbox 1942 2708 3547 2788">
     <span class='ocr_line' id='line_1_88' title="bbox 1942 2708 3547 2788; baseline -0.003 -10"><span class='ocrx_word' id='word_1_671' title='bbox 1942 2723 2105 2788; x_wconf 88' lang='lat' dir='ltr'><strong>Deus,</strong></span> <span class='ocrx_word' id='word_1_672' title='bbox 2133 2733 2190 2776; x_wconf 91' lang='lat' dir='ltr'><strong>ut</strong></span> <span class='ocrx_word' id='word_1_673' title='bbox 2217 2723 2447 2777; x_wconf 90' lang='lat' dir='ltr'><strong>salutem</strong></span> <span class='ocrx_word' id='word_1_674' title='bbox 2474 2723 2800 2776; x_wconf 88' lang='lat' dir='ltr'><strong>animarum.</strong></span> <span class='ocrx_word' id='word_1_675' title='bbox 2830 2708 3067 2777; x_wconf 81' lang='lat' dir='ltr'><strong>Proinde</strong></span> <span class='ocrx_word' id='word_1_676' title='bbox 3088 2721 3337 2786; x_wconf 89' lang='lat' dir='ltr'><strong>obsecro,</strong></span> <span class='ocrx_word' id='word_1_677' title='bbox 3365 2736 3432 2776; x_wconf 85' lang='lat' dir='ltr'><strong>ne</strong></span> <span class='ocrx_word' id='word_1_678' title='bbox 3457 2735 3547 2775; x_wconf 87' lang='lat' dir='ltr'><strong>cu-</strong></span> 
     </span>
    </p>
   </div>
   <div class='ocr_carea' id='block_1_89' title="bbox 1938 2814 3545 2884">
    <p class='ocr_par' dir='ltr' id='par_1_89' title="bbox 1938 2814 3545 2884">
     <span class='ocr_line' id='line_1_89' title="bbox 1938 2814 3545 2884; baseline -0.002 -16"><span class='ocrx_word' id='word_1_679' title='bbox 1938 2831 2051 2869; x_wconf 89' lang='lat' dir='ltr'><strong>ram</strong></span> <span class='ocrx_word' id='word_1_680' title='bbox 2076 2815 2397 2883; x_wconf 81' lang='lat' dir='ltr'><strong>ahjieiamus</strong></span> <span class='ocrx_word' id='word_1_681' title='bbox 2428 2830 2601 2883; x_wconf 89' lang='lat' dir='ltr'><strong>neque</strong></span> <span class='ocrx_word' id='word_1_682' title='bbox 2636 2815 2826 2880; x_wconf 91' lang='lat' dir='ltr'><strong>nostri,</strong></span> <span class='ocrx_word' id='word_1_683' title='bbox 2872 2829 3046 2884; x_wconf 90' lang='lat' dir='ltr'><strong>neque</strong></span> <span class='ocrx_word' id='word_1_684' title='bbox 3075 2814 3324 2867; x_wconf 90' lang='lat' dir='ltr'><strong>aliorum.</strong></span> <span class='ocrx_word' id='word_1_685' title='bbox 3370 2814 3545 2880; x_wconf 87' lang='lat' dir='ltr'><strong>Quan-</strong></span> 
     </span>
    </p>
   </div>
   <div class='ocr_carea' id='block_1_90' title="bbox 1939 2905 3543 2971">
    <p class='ocr_par' dir='ltr' id='par_1_90' title="bbox 1939 2905 3543 2971">
     <span class='ocr_line' id='line_1_90' title="bbox 1939 2905 3543 2971; baseline -0.001 -10"><span class='ocrx_word' id='word_1_686' title='bbox 1939 2916 2048 2961; x_wconf 90' lang='lat' dir='ltr'><strong>tum</strong></span> <span class='ocrx_word' id='word_1_687' title='bbox 2075 2908 2141 2960; x_wconf 91' lang='lat' dir='ltr'><strong>ad</strong></span> <span class='ocrx_word' id='word_1_688' title='bbox 2175 2923 2275 2962; x_wconf 89' lang='lat' dir='ltr'><strong>uos</strong></span> <span class='ocrx_word' id='word_1_689' title='bbox 2297 2907 2511 2971; x_wconf 91' lang='lat' dir='ltr'><strong>attinet,</strong></span> <span class='ocrx_word' id='word_1_690' title='bbox 2543 2907 2615 2961; x_wconf 93' lang='lat' dir='ltr'><strong>ita</strong></span> <span class='ocrx_word' id='word_1_691' title='bbox 2665 2906 3010 2960; x_wconf 89' lang='lat' dir='ltr'><strong>instituamus</strong></span> <span class='ocrx_word' id='word_1_692' title='bbox 3062 2906 3264 2970; x_wconf 84' lang='lat' dir='ltr'><strong>vitam,</strong></span> <span class='ocrx_word' id='word_1_693' title='bbox 3315 2914 3375 2960; x_wconf 89' lang='lat' dir='ltr'><strong>ut</strong></span> <span class='ocrx_word' id='word_1_694' title='bbox 3427 2905 3543 2960; x_wconf 88' lang='lat' dir='ltr'><strong>Deo</strong></span> 
     </span>
    </p>
   </div>
   <div class='ocr_carea' id='block_1_91' title="bbox 1936 2993 3544 3066">
    <p class='ocr_par' dir='ltr' id='par_1_91' title="bbox 1936 2993 3544 3066">
     <span class='ocr_line' id='line_1_91' title="bbox 1936 2993 3544 3066; baseline 0 -17"><span class='ocrx_word' id='word_1_695' title='bbox 1936 2998 2188 3066; x_wconf 89' lang='lat' dir='ltr'><strong>placitum</strong></span> <span class='ocrx_word' id='word_1_696' title='bbox 2212 3007 2297 3051; x_wconf 91' lang='lat' dir='ltr'><strong>est</strong></span> <span class='ocrx_word' id='word_1_697' title='bbox 2325 3012 2340 3048; x_wconf 89' lang='lat'><strong>:</strong></span> <span class='ocrx_word' id='word_1_698' title='bbox 2372 3006 2634 3066; x_wconf 88' lang='lat' dir='ltr'><strong>quantum</strong></span> <span class='ocrx_word' id='word_1_699' title='bbox 2664 3005 2842 3050; x_wconf 88' lang='lat' dir='ltr'><strong>autem</strong></span> <span class='ocrx_word' id='word_1_700' title='bbox 2864 2993 2929 3048; x_wconf 89' lang='lat' dir='ltr'><strong>ad</strong></span> <span class='ocrx_word' id='word_1_701' title='bbox 2958 2996 3285 3064; x_wconf 74' lang='lat' dir='ltr'><strong>proximum,</strong></span> <span class='ocrx_word' id='word_1_702' title='bbox 3334 2996 3416 3050; x_wconf 91' lang='lat' dir='ltr'><strong>sic</strong></span> <span class='ocrx_word' id='word_1_703' title='bbox 3461 2995 3544 3050; x_wconf 85' lang='lat' dir='ltr'><strong>lu-</strong></span> 
     </span>
    </p>
   </div>
   <div class='ocr_carea' id='block_1_92' title="bbox 1933 3085 3542 3151">
    <p class='ocr_par' dir='ltr' id='par_1_92' title="bbox 1933 3085 3542 3151">
     <span class='ocr_line' id='line_1_92' title="bbox 1933 3085 3542 3151; baseline -0.002 -8"><span class='ocrx_word' id='word_1_704' title='bbox 1933 3104 2153 3144; x_wconf 84' lang='lat' dir='ltr'><strong>ceatnus</strong></span> <span class='ocrx_word' id='word_1_705' title='bbox 2183 3088 2492 3151; x_wconf 88' lang='lat' dir='ltr'><strong>virtutibus,</strong></span> <span class='ocrx_word' id='word_1_706' title='bbox 2520 3096 2579 3142; x_wconf 91' lang='lat' dir='ltr'><strong>ut</strong></span> <span class='ocrx_word' id='word_1_707' title='bbox 2607 3087 2770 3141; x_wconf 89' lang='lat' dir='ltr'><strong>etiam</strong></span> <span class='ocrx_word' id='word_1_708' title='bbox 2799 3086 3090 3140; x_wconf 88' lang='lat' dir='ltr'><strong>silentibus</strong></span> <span class='ocrx_word' id='word_1_709' title='bbox 3118 3085 3301 3151; x_wconf 86' lang='lat' dir='ltr'><strong>nobis,</strong></span> <span class='ocrx_word' id='word_1_710' title='bbox 3348 3099 3542 3140; x_wconf 89' lang='lat' dir='ltr'><strong>omnes</strong></span> 
     </span>
    </p>
   </div>
   <div class='ocr_carea' id='block_1_93' title="bbox 1931 3177 3540 3251">
    <p class='ocr_par' dir='ltr' id='par_1_93' title="bbox 1931 3177 3540 3251">
     <span class='ocr_line' id='line_1_93' title="bbox 1931 3177 3540 3251; baseline -0.002 -15"><span class='ocrx_word' id='word_1_711' title='bbox 1931 3191 2196 3251; x_wconf 88' lang='lat' dir='ltr'><strong>quotquot</strong></span> <span class='ocrx_word' id='word_1_712' title='bbox 2225 3196 2324 3234; x_wconf 89' lang='lat' dir='ltr'><strong>nos</strong></span> <span class='ocrx_word' id='word_1_713' title='bbox 2369 3179 2552 3234; x_wconf 89' lang='lat' dir='ltr'><strong>vident</strong></span> <span class='ocrx_word' id='word_1_714' title='bbox 2591 3180 2724 3234; x_wconf 87' lang='lat' dir='ltr'><strong>satis</strong></span> <span class='ocrx_word' id='word_1_715' title='bbox 2764 3177 3083 3232; x_wconf 87' lang='lat' dir='ltr'><strong>doceantur.</strong></span> <span class='ocrx_word' id='word_1_716' title='bbox 3132 3177 3266 3232; x_wconf 91' lang='lat' dir='ltr'><strong>Nam</strong></span> <span class='ocrx_word' id='word_1_717' title='bbox 3314 3179 3455 3232; x_wconf 81' lang='lat' dir='ltr'><strong>sicut</strong></span> <span class='ocrx_word' id='word_1_718' title='bbox 3493 3177 3540 3232; x_wconf 88' lang='lat' dir='ltr'><strong>si</strong></span> 
     </span>
    </p>
   </div>
   <div class='ocr_carea' id='block_1_94' title="bbox 1933 3268 3540 3340">
    <p class='ocr_par' dir='ltr' id='par_1_94' title="bbox 1933 3268 3540 3340">
     <span class='ocr_line' id='line_1_94' title="bbox 1933 3268 3540 3340; baseline -0.001 -16"><span class='ocrx_word' id='word_1_719' title='bbox 1933 3272 2130 3326; x_wconf 85' lang='lat' dir='ltr'><strong>virtute</strong></span> <span class='ocrx_word' id='word_1_720' title='bbox 2152 3271 2358 3340; x_wconf 50' lang='lat' dir='ltr'><strong>praediti</strong></span> <span class='ocrx_word' id='word_1_721' title='bbox 2377 3272 2567 3332; x_wconf 91' lang='lat' dir='ltr'><strong>simus,</strong></span> <span class='ocrx_word' id='word_1_722' title='bbox 2591 3269 2824 3322; x_wconf 80' lang='lat' dir='ltr'><strong>maxima</strong></span> <span class='ocrx_word' id='word_1_723' title='bbox 2857 3281 2909 3323; x_wconf 90' lang='lat' dir='ltr'><strong>et</strong></span> <span class='ocrx_word' id='word_1_724' title='bbox 2931 3269 3033 3337; x_wconf 74' lang='lat' dir='ltr'><strong>ipsi</strong></span> <span class='ocrx_word' id='word_1_725' title='bbox 3059 3268 3390 3322; x_wconf 89' lang='lat' dir='ltr'><strong>Iucrabimur</strong></span> <span class='ocrx_word' id='word_1_726' title='bbox 3415 3309 3430 3332; x_wconf 93' lang='lat'><strong>,</strong></span> <span class='ocrx_word' id='word_1_727' title='bbox 3481 3276 3540 3323; x_wconf 90' lang='lat' dir='ltr'><strong>et</strong></span> 
     </span>
    </p>
   </div>
   <div class='ocr_carea' id='block_1_95' title="bbox 1933 3358 3536 3429">
    <p class='ocr_par' dir='ltr' id='par_1_95' title="bbox 1933 3358 3536 3429">
     <span class='ocr_line' id='line_1_95' title="bbox 1933 3358 3536 3429; baseline -0.004 -11"><span class='ocrx_word' id='word_1_728' title='bbox 1933 3362 2242 3419; x_wconf 89' lang='lat' dir='ltr'><strong>inﬁdelibus</strong></span> <span class='ocrx_word' id='word_1_729' title='bbox 2270 3361 2389 3416; x_wconf 90' lang='lat' dir='ltr'><strong>usui</strong></span> <span class='ocrx_word' id='word_1_730' title='bbox 2411 3363 2615 3415; x_wconf 91' lang='lat' dir='ltr'><strong>erimus</strong></span> <span class='ocrx_word' id='word_1_731' title='bbox 2643 3378 2656 3414; x_wconf 89' lang='lat'>:</span> <span class='ocrx_word' id='word_1_732' title='bbox 2687 3360 2758 3413; x_wconf 86' lang='lat' dir='ltr'><strong>ita</strong></span> <span class='ocrx_word' id='word_1_733' title='bbox 2790 3359 2833 3413; x_wconf 91' lang='lat' dir='ltr'><strong>si</strong></span> <span class='ocrx_word' id='word_1_734' title='bbox 2865 3360 3203 3429; x_wconf 88' lang='lat' dir='ltr'><strong>negligentes</strong></span> <span class='ocrx_word' id='word_1_735' title='bbox 3229 3358 3490 3412; x_wconf 79' lang='lat' dir='ltr'><strong>fuerimus</strong></span> <span class='ocrx_word' id='word_1_736' title='bbox 3519 3397 3536 3422; x_wconf 95' lang='lat'><strong>,</strong></span> 
     </span>
    </p>
   </div>
   <div class='ocr_carea' id='block_1_96' title="bbox 1931 3446 3539 3523">
    <p class='ocr_par' dir='ltr' id='par_1_96' title="bbox 1931 3446 3539 3523">
     <span class='ocr_line' id='line_1_96' title="bbox 1931 3446 3539 3523; baseline -0.003 -16"><span class='ocrx_word' id='word_1_737' title='bbox 1931 3463 1986 3508; x_wconf 88' lang='lat' dir='ltr'><strong>et</strong></span> <span class='ocrx_word' id='word_1_738' title='bbox 2006 3453 2106 3522; x_wconf 90' lang='lat' dir='ltr'><strong>ipsi</strong></span> <span class='ocrx_word' id='word_1_739' title='bbox 2137 3467 2384 3523; x_wconf 87' lang='lat' dir='ltr'><strong>magnam</strong></span> <span class='ocrx_word' id='word_1_740' title='bbox 2414 3446 2654 3506; x_wconf 79' lang='lat' dir='ltr'><strong>feremus</strong></span> <span class='ocrx_word' id='word_1_741' title='bbox 2681 3466 2918 3519; x_wconf 71' lang='lat' dir='ltr'><strong>poenam,</strong></span> <span class='ocrx_word' id='word_1_742' title='bbox 2950 3461 3004 3505; x_wconf 91' lang='lat' dir='ltr'><strong>et</strong></span> <span class='ocrx_word' id='word_1_743' title='bbox 3026 3449 3373 3504; x_wconf 89' lang='lat' dir='ltr'><strong>aliisoccasio</strong></span> <span class='ocrx_word' id='word_1_744' title='bbox 3389 3463 3539 3502; x_wconf 77' lang='lat' dir='ltr'><strong>scau-</strong></span> 
     </span>
    </p>
   </div>
   <div class='ocr_carea' id='block_1_97' title="bbox 1929 3539 3528 3610">
    <p class='ocr_par' dir='ltr' id='par_1_97' title="bbox 1929 3539 3528 3610">
     <span class='ocr_line' id='line_1_97' title="bbox 1929 3539 3528 3610; baseline -0.004 -11"><span class='ocrx_word' id='word_1_745' title='bbox 1929 3544 2037 3599; x_wconf 91' lang='lat' dir='ltr'><strong>dali</strong></span> <span class='ocrx_word' id='word_1_746' title='bbox 2055 3545 2278 3599; x_wconf 89' lang='lat' dir='ltr'><strong>erimus.</strong></span> <span class='ocrx_word' id='word_1_747' title='bbox 2302 3545 2451 3598; x_wconf 88' lang='lat' dir='ltr'><strong>Sicut</strong></span> <span class='ocrx_word' id='word_1_748' title='bbox 2477 3544 2620 3597; x_wconf 90' lang='lat' dir='ltr'><strong>enim</strong></span> <span class='ocrx_word' id='word_1_749' title='bbox 2642 3543 2891 3597; x_wconf 89' lang='lat' dir='ltr'><strong>virtutem</strong></span> <span class='ocrx_word' id='word_1_750' title='bbox 2921 3541 3213 3610; x_wconf 74' lang='lat' dir='ltr'><strong>amplexati</strong></span> <span class='ocrx_word' id='word_1_751' title='bbox 3257 3539 3528 3609; x_wconf 87' lang='lat' dir='ltr'><strong>duplicem</strong></span> 
     </span>
    </p>
   </div>
   <div class='ocr_carea' id='block_1_98' title="bbox 1931 3632 3536 3704">
    <p class='ocr_par' dir='ltr' id='par_1_98' title="bbox 1931 3632 3536 3704">
     <span class='ocr_line' id='line_1_98' title="bbox 1931 3632 3536 3704; baseline -0.004 -14"><span class='ocrx_word' id='word_1_752' title='bbox 1931 3636 2238 3691; x_wconf 89' lang='lat' dir='ltr'><strong>mercedem</strong></span> <span class='ocrx_word' id='word_1_753' title='bbox 2266 3651 2296 3689; x_wconf 90' lang='lat' dir='ltr'><strong>a</strong></span> <span class='ocrx_word' id='word_1_754' title='bbox 2331 3635 2440 3689; x_wconf 92' lang='lat' dir='ltr'><strong>Deo</strong></span> <span class='ocrx_word' id='word_1_755' title='bbox 2471 3635 2787 3704; x_wconf 82' lang='lat' dir='ltr'><strong>accpimus,</strong></span> <span class='ocrx_word' id='word_1_756' title='bbox 2833 3643 2942 3687; x_wconf 91' lang='lat' dir='ltr'><strong>tum</strong></span> <span class='ocrx_word' id='word_1_757' title='bbox 2970 3633 3112 3702; x_wconf 90' lang='lat' dir='ltr'><strong>quod</strong></span> <span class='ocrx_word' id='word_1_758' title='bbox 3146 3632 3246 3700; x_wconf 89' lang='lat' dir='ltr'><strong>ipsi</strong></span> <span class='ocrx_word' id='word_1_759' title='bbox 3279 3633 3536 3685; x_wconf 87' lang='lat' dir='ltr'><strong>virtutem</strong></span> 
     </span>
    </p>
   </div>
   <div class='ocr_carea' id='block_1_99' title="bbox 1929 3723 3531 3793">
    <p class='ocr_par' dir='ltr' id='par_1_99' title="bbox 1929 3723 3531 3793">
     <span class='ocr_line' id='line_1_99' title="bbox 1929 3723 3531 3793; baseline -0.004 -12"><span class='ocrx_word' id='word_1_760' title='bbox 1929 3740 2302 3790; x_wconf 81' lang='lat' dir='ltr'><strong>exerceamus,</strong></span> <span class='ocrx_word' id='word_1_761' title='bbox 2329 3733 2437 3779; x_wconf 90' lang='lat' dir='ltr'><strong>tum</strong></span> <span class='ocrx_word' id='word_1_762' title='bbox 2455 3724 2599 3793; x_wconf 88' lang='lat' dir='ltr'><strong>quod</strong></span> <span class='ocrx_word' id='word_1_763' title='bbox 2621 3724 2757 3777; x_wconf 90' lang='lat' dir='ltr'><strong>alios</strong></span> <span class='ocrx_word' id='word_1_764' title='bbox 2779 3724 2844 3776; x_wconf 89' lang='lat' dir='ltr'><strong>ad</strong></span> <span class='ocrx_word' id='word_1_765' title='bbox 2864 3723 3076 3778; x_wconf 80' lang='lat' dir='ltr'><strong>virtutis</strong></span> <span class='ocrx_word' id='word_1_766' title='bbox 3094 3723 3531 3777; x_wconf 90' lang='lat' dir='ltr'><strong>eonununionem</strong></span> 
     </span>
    </p>
   </div>
   <div class='ocr_carea' id='block_1_100' title="bbox 1932 3815 3532 3886">
    <p class='ocr_par' dir='ltr' id='par_1_100' title="bbox 1932 3815 3532 3886">
     <span class='ocr_line' id='line_1_100' title="bbox 1932 3815 3532 3886; baseline -0.002 -14"><span class='ocrx_word' id='word_1_767' title='bbox 1932 3818 2343 3872; x_wconf 84' lang='lat' dir='ltr'><strong>trahamus:ita</strong></span> <span class='ocrx_word' id='word_1_768' title='bbox 2388 3819 2431 3871; x_wconf 92' lang='lat' dir='ltr'><strong>si</strong></span> <span class='ocrx_word' id='word_1_769' title='bbox 2464 3816 2516 3870; x_wconf 91' lang='lat' dir='ltr'><strong>in</strong></span> <span class='ocrx_word' id='word_1_770' title='bbox 2563 3817 2803 3886; x_wconf 81' lang='lat' dir='ltr'><strong>nequitia</strong></span> <span class='ocrx_word' id='word_1_771' title='bbox 2849 3831 3164 3881; x_wconf 85' lang='lat' dir='ltr'><strong>versemur,</strong></span> <span class='ocrx_word' id='word_1_772' title='bbox 3206 3831 3312 3868; x_wconf 91' lang='lat' dir='ltr'><strong>nou</strong></span> <span class='ocrx_word' id='word_1_773' title='bbox 3359 3815 3532 3869; x_wconf 84' lang='lat' dir='ltr'><strong>solum</strong></span> 
     </span>
    </p>
   </div>
   <div class='ocr_carea' id='block_1_101' title="bbox 1933 3905 3536 3980">
    <p class='ocr_par' dir='ltr' id='par_1_101' title="bbox 1933 3905 3536 3980">
     <span class='ocr_line' id='line_1_101' title="bbox 1933 3905 3536 3980; baseline -0.001 -20"><span class='ocrx_word' id='word_1_774' title='bbox 1933 3911 2182 3980; x_wconf 88' lang='lat' dir='ltr'><strong>punimur</strong></span> <span class='ocrx_word' id='word_1_775' title='bbox 2211 3908 2354 3979; x_wconf 87' lang='lat' dir='ltr'><strong>quod</strong></span> <span class='ocrx_word' id='word_1_776' title='bbox 2406 3908 2504 3977; x_wconf 83' lang='lat' dir='ltr'><strong>ipsi</strong></span> <span class='ocrx_word' id='word_1_777' title='bbox 2549 3907 2913 3978; x_wconf 71' lang='lat' dir='ltr'><strong>peccavimus,</strong></span> <span class='ocrx_word' id='word_1_778' title='bbox 2970 3906 3066 3960; x_wconf 88' lang='lat' dir='ltr'><strong>sed</strong></span> <span class='ocrx_word' id='word_1_779' title='bbox 3120 3917 3174 3960; x_wconf 92' lang='lat' dir='ltr'><strong>et</strong></span> <span class='ocrx_word' id='word_1_780' title='bbox 3217 3907 3358 3974; x_wconf 88' lang='lat' dir='ltr'><strong>quod</strong></span> <span class='ocrx_word' id='word_1_781' title='bbox 3413 3905 3536 3960; x_wconf 88' lang='lat' dir='ltr'><strong>aliis</strong></span> 
     </span>
    </p>
   </div>
   <div class='ocr_carea' id='block_1_102' title="bbox 1929 3997 3532 4066">
    <p class='ocr_par' dir='ltr' id='par_1_102' title="bbox 1929 3997 3532 4066">
     <span class='ocr_line' id='line_1_102' title="bbox 1929 3997 3532 4066; baseline -0.004 -11"><span class='ocrx_word' id='word_1_782' title='bbox 1929 4001 2184 4055; x_wconf 85' lang='lat' dir='ltr'><strong>scandan</strong></span> <span class='ocrx_word' id='word_1_783' title='bbox 2213 3999 2432 4053; x_wconf 80' lang='lat' dir='ltr'><strong>fuimus.</strong></span> <span class='ocrx_word' id='word_1_784' title='bbox 2473 3999 2672 4054; x_wconf 81' lang='lat' dir='ltr'><strong>Verum</strong></span> <span class='ocrx_word' id='word_1_785' title='bbox 2701 3998 2846 4051; x_wconf 83' lang='lat' dir='ltr'><strong>absit</strong></span> <span class='ocrx_word' id='word_1_786' title='bbox 2877 4006 2934 4051; x_wconf 93' lang='lat' dir='ltr'><strong>ut</strong></span> <span class='ocrx_word' id='word_1_787' title='bbox 2962 3997 3158 4066; x_wconf 87' lang='lat' dir='ltr'><strong>aliquis</strong></span> <span class='ocrx_word' id='word_1_788' title='bbox 3203 4012 3391 4051; x_wconf 88' lang='lat' dir='ltr'><strong>eorum</strong></span> <span class='ocrx_word' id='word_1_789' title='bbox 3442 3998 3532 4065; x_wconf 88' lang='lat' dir='ltr'><strong>qui</strong></span> 
     </span>
    </p>
   </div>
   <div class='ocr_carea' id='block_1_103' title="bbox 1929 4087 3533 4159">
    <p class='ocr_par' dir='ltr' id='par_1_103' title="bbox 1929 4087 3533 4159">
     <span class='ocr_line' id='line_1_103' title="bbox 1929 4087 3533 4159; baseline -0.004 -13"><span class='ocrx_word' id='word_1_790' title='bbox 1929 4091 2017 4146; x_wconf 91' lang='lat' dir='ltr'><strong>hic</strong></span> <span class='ocrx_word' id='word_1_791' title='bbox 2041 4101 2190 4156; x_wconf 89' lang='lat' dir='ltr'><strong>sunt,</strong></span> <span class='ocrx_word' id='word_1_792' title='bbox 2214 4091 2265 4144; x_wconf 91' lang='lat' dir='ltr'><strong>in</strong></span> <span class='ocrx_word' id='word_1_793' title='bbox 2295 4090 2601 4159; x_wconf 87' lang='lat' dir='ltr'><strong>hujusmodi</strong></span> <span class='ocrx_word' id='word_1_794' title='bbox 2626 4098 2768 4143; x_wconf 80' lang='lat' dir='ltr'><strong>statu</strong></span> <span class='ocrx_word' id='word_1_795' title='bbox 2797 4097 3064 4152; x_wconf 80' lang='lat' dir='ltr'><strong>versetur,</strong></span> <span class='ocrx_word' id='word_1_796' title='bbox 3094 4087 3188 4142; x_wconf 88' lang='lat' dir='ltr'><strong>sed</strong></span> <span class='ocrx_word' id='word_1_797' title='bbox 3211 4105 3311 4140; x_wconf 84' lang='lat' dir='ltr'><strong>tius</strong></span> <span class='ocrx_word' id='word_1_798' title='bbox 3341 4102 3533 4140; x_wconf 87' lang='lat' dir='ltr'><strong>omnes</strong></span> 
     </span>
    </p>
   </div>
   <div class='ocr_carea' id='block_1_104' title="bbox 1928 4177 3532 4248">
    <p class='ocr_par' dir='ltr' id='par_1_104' title="bbox 1928 4177 3532 4248">
     <span class='ocr_line' id='line_1_104' title="bbox 1928 4177 3532 4248; baseline -0.004 -12"><span class='ocrx_word' id='word_1_799' title='bbox 1928 4181 1994 4236; x_wconf 90' lang='lat' dir='ltr'><strong>ad</strong></span> <span class='ocrx_word' id='word_1_800' title='bbox 2017 4180 2391 4236; x_wconf 60' lang='lat' dir='ltr'><strong>ardiﬁcandum</strong></span> <span class='ocrx_word' id='word_1_801' title='bbox 2414 4196 2507 4235; x_wconf 89' lang='lat' dir='ltr'><strong>eos</strong></span> <span class='ocrx_word' id='word_1_802' title='bbox 2526 4181 2615 4248; x_wconf 92' lang='lat' dir='ltr'><strong>qui</strong></span> <span class='ocrx_word' id='word_1_803' title='bbox 2641 4195 2737 4233; x_wconf 90' lang='lat' dir='ltr'><strong>nos</strong></span> <span class='ocrx_word' id='word_1_804' title='bbox 2754 4178 2956 4245; x_wconf 88' lang='lat' dir='ltr'><strong>vident,</strong></span> <span class='ocrx_word' id='word_1_805' title='bbox 2976 4179 3142 4231; x_wconf 90' lang='lat' dir='ltr'><strong>vitam</strong></span> <span class='ocrx_word' id='word_1_806' title='bbox 3167 4177 3532 4243; x_wconf 88' lang='lat' dir='ltr'><strong>instituamus,</strong></span> 
     </span>
    </p>
   </div>
   <div class='ocr_carea' id='block_1_105' title="bbox 1930 4265 3538 4343">
    <p class='ocr_par' dir='ltr' id='par_1_105' title="bbox 1930 4265 3538 4343">
     <span class='ocr_line' id='line_1_105' title="bbox 1930 4265 3538 4343; baseline -0.004 -16"><span class='ocrx_word' id='word_1_807' title='bbox 1930 4283 1986 4328; x_wconf 93' lang='lat' dir='ltr'><strong>ut</strong></span> <span class='ocrx_word' id='word_1_808' title='bbox 2011 4275 2280 4343; x_wconf 90' lang='lat' dir='ltr'><strong>possimus</strong></span> <span class='ocrx_word' id='word_1_809' title='bbox 2318 4288 2510 4341; x_wconf 88' lang='lat' dir='ltr'><strong>magna</strong></span> <span class='ocrx_word' id='word_1_810' title='bbox 2539 4271 2730 4325; x_wconf 91' lang='lat' dir='ltr'><strong>ﬁducia</strong></span> <span class='ocrx_word' id='word_1_811' title='bbox 2776 4281 2924 4325; x_wconf 91' lang='lat' dir='ltr'><strong>stare</strong></span> <span class='ocrx_word' id='word_1_812' title='bbox 2953 4269 3096 4340; x_wconf 88' lang='lat' dir='ltr'><strong>apud</strong></span> <span class='ocrx_word' id='word_1_813' title='bbox 3127 4268 3360 4322; x_wconf 88' lang='lat' dir='ltr'><strong>tribunal</strong></span> <span class='ocrx_word' id='word_1_814' title='bbox 3387 4265 3538 4321; x_wconf 81' lang='lat' dir='ltr'><strong>Chri-</strong></span> 
     </span>
    </p>
   </div>
   <div class='ocr_carea' id='block_1_106' title="bbox 1927 4360 3533 4432">
    <p class='ocr_par' dir='ltr' id='par_1_106' title="bbox 1927 4360 3533 4432">
     <span class='ocr_line' id='line_1_106' title="bbox 1927 4360 3533 4432; baseline -0.004 -12"><span class='ocrx_word' id='word_1_815' title='bbox 1927 4366 2016 4431; x_wconf 90' lang='lat' dir='ltr'><strong>sti,</strong></span> <span class='ocrx_word' id='word_1_816' title='bbox 2043 4364 2398 4420; x_wconf 82' lang='lat' dir='ltr'><strong>etineﬁ‘abilia</strong></span> <span class='ocrx_word' id='word_1_817' title='bbox 2423 4365 2510 4418; x_wconf 85' lang='lat' dir='ltr'><strong>illa</strong></span> <span class='ocrx_word' id='word_1_818' title='bbox 2536 4365 2672 4418; x_wconf 92' lang='lat' dir='ltr'><strong>bona</strong></span> <span class='ocrx_word' id='word_1_819' title='bbox 2701 4363 2960 4432; x_wconf 86' lang='lat' dir='ltr'><strong>consequi</strong></span> <span class='ocrx_word' id='word_1_820' title='bbox 2989 4380 3002 4414; x_wconf 86' lang='lat'>:</span> <span class='ocrx_word' id='word_1_821' title='bbox 3027 4379 3148 4431; x_wconf 71' lang='lat' dir='ltr'><strong>qua:</strong></span> <span class='ocrx_word' id='word_1_822' title='bbox 3177 4362 3332 4415; x_wconf 91' lang='lat' dir='ltr'><strong>nobis</strong></span> <span class='ocrx_word' id='word_1_823' title='bbox 3358 4360 3533 4414; x_wconf 86' lang='lat' dir='ltr'><strong>omni-</strong></span> 
     </span>
    </p>
   </div>
   <div class='ocr_carea' id='block_1_107' title="bbox 1929 4452 3532 4526">
    <p class='ocr_par' dir='ltr' id='par_1_107' title="bbox 1929 4452 3532 4526">
     <span class='ocr_line' id='line_1_107' title="bbox 1929 4452 3532 4526; baseline -0.005 -13"><span class='ocrx_word' id='word_1_824' title='bbox 1929 4458 2031 4513; x_wconf 91' lang='lat' dir='ltr'><strong>bus</strong></span> <span class='ocrx_word' id='word_1_825' title='bbox 2060 4459 2453 4523; x_wconf 84' lang='lat' dir='ltr'><strong>concedantur,</strong></span> <span class='ocrx_word' id='word_1_826' title='bbox 2487 4457 2656 4526; x_wconf 82' lang='lat' dir='ltr'><strong>gratia</strong></span> <span class='ocrx_word' id='word_1_827' title='bbox 2684 4466 2740 4510; x_wconf 91' lang='lat' dir='ltr'><strong>et</strong></span> <span class='ocrx_word' id='word_1_828' title='bbox 2761 4455 3092 4526; x_wconf 89' lang='lat' dir='ltr'><strong>benignitate</strong></span> <span class='ocrx_word' id='word_1_829' title='bbox 3120 4453 3330 4507; x_wconf 90' lang='lat' dir='ltr'><strong>Domini</strong></span> <span class='ocrx_word' id='word_1_830' title='bbox 3363 4452 3532 4506; x_wconf 90' lang='lat' dir='ltr'><strong>nostri</strong></span> 
     </span>
    </p>
   </div>
   <div class='ocr_carea' id='block_1_108' title="bbox 1926 4545 3536 4619">
    <p class='ocr_par' dir='ltr' id='par_1_108' title="bbox 1926 4545 3536 4619">
     <span class='ocr_line' id='line_1_108' title="bbox 1926 4545 3536 4619; baseline -0.005 -13"><span class='ocrx_word' id='word_1_831' title='bbox 1926 4551 2056 4606; x_wconf 79' lang='lat' dir='ltr'><strong>Jcsu</strong></span> <span class='ocrx_word' id='word_1_832' title='bbox 2083 4550 2307 4615; x_wconf 70' lang='lat' dir='ltr'><strong>Christi,</strong></span> <span class='ocrx_word' id='word_1_833' title='bbox 2353 4566 2475 4604; x_wconf 91' lang='lat' dir='ltr'><strong>cum</strong></span> <span class='ocrx_word' id='word_1_834' title='bbox 2517 4566 2625 4619; x_wconf 91' lang='lat' dir='ltr'><strong>quo</strong></span> <span class='ocrx_word' id='word_1_835' title='bbox 2677 4548 2820 4602; x_wconf 82' lang='lat' dir='ltr'><strong>Patri</strong></span> <span class='ocrx_word' id='word_1_836' title='bbox 2871 4556 2924 4602; x_wconf 90' lang='lat' dir='ltr'><strong>et</strong></span> <span class='ocrx_word' id='word_1_837' title='bbox 2975 4557 3166 4602; x_wconf 88' lang='lat' dir='ltr'><strong>sancto</strong></span> <span class='ocrx_word' id='word_1_838' title='bbox 3199 4545 3422 4616; x_wconf 90' lang='lat' dir='ltr'><strong>Spiritui</strong></span> <span class='ocrx_word' id='word_1_839' title='bbox 3464 4546 3536 4599; x_wconf 84' lang='lat' dir='ltr'><strong>sit</strong></span> 
     </span>
    </p>
   </div>
   <div class='ocr_carea' id='block_1_109' title="bbox 1927 4637 3537 4712">
    <p class='ocr_par' dir='ltr' id='par_1_109' title="bbox 1927 4637 3537 4712">
     <span class='ocr_line' id='line_1_109' title="bbox 1927 4637 3537 4712; baseline -0.004 -16"><span class='ocrx_word' id='word_1_840' title='bbox 1927 4643 2120 4712; x_wconf 86' lang='lat' dir='ltr'><strong>gloria,</strong></span> <span class='ocrx_word' id='word_1_841' title='bbox 2147 4642 2319 4695; x_wconf 76' lang='lat' dir='ltr'><strong>honor</strong></span> <span class='ocrx_word' id='word_1_842' title='bbox 2348 4651 2402 4695; x_wconf 92' lang='lat' dir='ltr'><strong>et</strong></span> <span class='ocrx_word' id='word_1_843' title='bbox 2433 4640 2742 4710; x_wconf 89' lang='lat' dir='ltr'><strong>imperium,</strong></span> <span class='ocrx_word' id='word_1_844' title='bbox 2775 4653 2917 4694; x_wconf 89' lang='lat' dir='ltr'><strong>nunc</strong></span> <span class='ocrx_word' id='word_1_845' title='bbox 2944 4649 3257 4710; x_wconf 85' lang='lat' dir='ltr'><strong>ctsemper,</strong></span> <span class='ocrx_word' id='word_1_846' title='bbox 3283 4647 3341 4694; x_wconf 91' lang='lat' dir='ltr'><strong>et</strong></span> <span class='ocrx_word' id='word_1_847' title='bbox 3361 4637 3414 4690; x_wconf 90' lang='lat' dir='ltr'><strong>in</strong></span> <span class='ocrx_word' id='word_1_848' title='bbox 3432 4651 3537 4690; x_wconf 70' lang='lat'><strong>83.0-</strong></span> 
     </span>
    </p>
   </div>
   <div class='ocr_carea' id='block_1_110' title="bbox 1928 4713 3134 4788">
    <p class='ocr_par' dir='ltr' id='par_1_110' title="bbox 1928 4713 3134 4788">
     <span class='ocr_line' id='line_1_110' title="bbox 1928 4713 3134 4788; baseline -0.005 -1"><span class='ocrx_word' id='word_1_849' title='bbox 1928 4733 2044 4788; x_wconf 89' lang='lat' dir='ltr'><strong>cula</strong></span> <span class='ocrx_word' id='word_1_850' title='bbox 2071 4734 2411 4788; x_wconf 62' lang='lat' dir='ltr'><strong>sa&#39;cnlorutn.</strong></span> <span class='ocrx_word' id='word_1_851' title='bbox 2443 4733 2635 4785; x_wconf 71' lang='lat' dir='ltr'><strong>Amen.</strong></span> <span class='ocrx_word' id='word_1_852' title='bbox 3128 4713 3134 4720; x_wconf 49' lang='grc'><em>’</em></span> 
     </span>
    </p>
   </div>
   <div class='ocr_carea' id='block_1_111' title="bbox 2507 4861 2955 4917">
    <p class='ocr_par' dir='ltr' id='par_1_111' title="bbox 2507 4861 2955 4917">
     <span class='ocr_line' id='line_1_111' title="bbox 2507 4861 2955 4917; baseline -0.009 -1"><span class='ocrx_word' id='word_1_853' title='bbox 2507 4861 2785 4916; x_wconf 67' lang='lat' dir='ltr'><strong>IlOiIlLIA</strong></span> <span class='ocrx_word' id='word_1_854' title='bbox 2818 4861 2955 4917; x_wconf 76' lang='lat' dir='ltr'><strong>XLI.</strong></span> 
     </span>
    </p>
   </div>
   <div class='ocr_carea' id='block_1_112' title="bbox 1928 4969 3532 5045">
    <p class='ocr_par' dir='ltr' id='par_1_112' title="bbox 1928 4969 3532 5045">
     <span class='ocr_line' id='line_1_112' title="bbox 1928 4969 3532 5045; baseline -0.003 -18"><span class='ocrx_word' id='word_1_855' title='bbox 1928 4974 2182 5045; x_wconf 81' lang='lat' dir='ltr'><strong>Apparuit</strong></span> <span class='ocrx_word' id='word_1_856' title='bbox 2226 4984 2394 5028; x_wconf 86' lang='lat' dir='ltr'><strong>autem</strong></span> <span class='ocrx_word' id='word_1_857' title='bbox 2442 4974 2574 5026; x_wconf 69' lang='lat' dir='ltr'><strong>Deus</strong></span> <span class='ocrx_word' id='word_1_858' title='bbox 2632 4973 2848 5026; x_wconf 74' lang='lat' dir='ltr'><strong>Abruha:</strong></span> <span class='ocrx_word' id='word_1_859' title='bbox 2881 4971 3020 5040; x_wconf 85' lang='lat' dir='ltr'><strong>apud</strong></span> <span class='ocrx_word' id='word_1_860' title='bbox 3062 4987 3301 5037; x_wconf 82' lang='lat' dir='ltr'><strong>quercum</strong></span> <span class='ocrx_word' id='word_1_861' title='bbox 3362 4969 3532 5023; x_wconf 70' lang='lat' dir='ltr'><strong>Blom-</strong></span> 
     </span>
    </p>
   </div>
   <div class='ocr_carea' id='block_1_113' title="bbox 2001 5058 3536 5135">
    <p class='ocr_par' dir='ltr' id='par_1_113' title="bbox 2001 5058 3536 5135">
     <span class='ocr_line' id='line_1_113' title="bbox 2001 5058 3536 5135; baseline -0.003 -17"><span class='ocrx_word' id='word_1_862' title='bbox 2001 5067 2086 5120; x_wconf 83' lang='lat' dir='ltr'><strong>bre</strong></span> <span class='ocrx_word' id='word_1_863' title='bbox 2109 5108 2124 5130; x_wconf 96' lang='lat'><strong>,</strong></span> <span class='ocrx_word' id='word_1_864' title='bbox 2152 5065 2354 5118; x_wconf 79' lang='lat' dir='ltr'><strong>sedente</strong></span> <span class='ocrx_word' id='word_1_865' title='bbox 2389 5066 2499 5134; x_wconf 86' lang='lat' dir='ltr'><strong>ipso</strong></span> <span class='ocrx_word' id='word_1_866' title='bbox 2524 5066 2591 5116; x_wconf 83' lang='lat' dir='ltr'><strong>nd</strong></span> <span class='ocrx_word' id='word_1_867' title='bbox 2620 5066 2831 5135; x_wconf 72' lang='lat' dir='ltr'><strong>ianuam</strong></span> <span class='ocrx_word' id='word_1_868' title='bbox 2863 5061 3177 5116; x_wconf 84' lang='lat' dir='ltr'><strong>tabernaculi</strong></span> <span class='ocrx_word' id='word_1_869' title='bbox 3215 5060 3297 5114; x_wconf 85' lang='lat' dir='ltr'><strong>sui</strong></span> <span class='ocrx_word' id='word_1_870' title='bbox 3324 5058 3536 5114; x_wconf 72' lang='lat' dir='ltr'><strong>meridie</strong></span> 
     </span>
    </p>
   </div>
   <div class='ocr_carea' id='block_1_114' title="bbox 2003 5156 2416 5228">
    <p class='ocr_par' dir='ltr' id='par_1_114' title="bbox 2003 5156 2416 5228">
     <span class='ocr_line' id='line_1_114' title="bbox 2003 5156 2416 5228; baseline -0.007 -17"><span class='ocrx_word' id='word_1_871' title='bbox 2003 5157 2172 5228; x_wconf 77' lang='lat' dir='ltr'><strong>(Cen.</strong></span> <span class='ocrx_word' id='word_1_872' title='bbox 2207 5156 2292 5212; x_wconf 86' lang='lat' dir='ltr'><strong>l8.</strong></span> <span class='ocrx_word' id='word_1_873' title='bbox 2327 5156 2416 5224; x_wconf 82' lang='grc' dir='ltr'><strong>ι).</strong></span> 
     </span>
    </p>
   </div>
   <div class='ocr_carea' id='block_1_115' title="bbox 2005 5263 3534 5328">
    <p class='ocr_par' dir='ltr' id='par_1_115' title="bbox 2005 5263 3534 5328">
     <span class='ocr_line' id='line_1_115' title="bbox 2005 5263 3534 5328; baseline -0.003 -6"><span class='ocrx_word' id='word_1_874' title='bbox 2005 5269 2056 5322; x_wconf 77' lang='grc' dir='ltr'><strong>Ι.</strong></span> <span class='ocrx_word' id='word_1_875' title='bbox 2085 5267 2503 5324; x_wconf 84' lang='lat' dir='ltr'><strong>Cunctahundus</strong></span> <span class='ocrx_word' id='word_1_876' title='bbox 2545 5268 2723 5328; x_wconf 80' lang='lat' dir='ltr'><strong>hodie,</strong></span> <span class='ocrx_word' id='word_1_877' title='bbox 2756 5282 2854 5321; x_wconf 91' lang='lat' dir='ltr'><strong>nec</strong></span> <span class='ocrx_word' id='word_1_878' title='bbox 2884 5265 3175 5320; x_wconf 87' lang='lat' dir='ltr'><strong>admodum</strong></span> <span class='ocrx_word' id='word_1_879' title='bbox 3224 5265 3418 5318; x_wconf 78' lang='lat' dir='ltr'><strong>alacris</strong></span> <span class='ocrx_word' id='word_1_880' title='bbox 3465 5263 3534 5318; x_wconf 89' lang='lat' dir='ltr'><strong>ad</strong></span> 
     </span>
    </p>
   </div>
   <div class='ocr_carea' id='block_1_116' title="bbox 1929 5353 3537 5425">
    <p class='ocr_par' dir='ltr' id='par_1_116' title="bbox 1929 5353 3537 5425">
     <span class='ocr_line' id='line_1_116' title="bbox 1929 5353 3537 5425; baseline -0.002 -11"><span class='ocrx_word' id='word_1_881' title='bbox 1929 5358 2228 5414; x_wconf 89' lang='lat' dir='ltr'><strong>docendum</strong></span> <span class='ocrx_word' id='word_1_882' title='bbox 2264 5353 2739 5425; x_wconf 83' lang='lat' dir='ltr'><strong>enarrandumque</strong></span> <span class='ocrx_word' id='word_1_883' title='bbox 2781 5355 3000 5410; x_wconf 87' lang='lat' dir='ltr'><strong>accedo.</strong></span> <span class='ocrx_word' id='word_1_884' title='bbox 3037 5353 3171 5410; x_wconf 84' lang='lat' dir='ltr'><strong>Nam</strong></span> <span class='ocrx_word' id='word_1_885' title='bbox 3199 5369 3322 5408; x_wconf 91' lang='lat' dir='ltr'><strong>cutn</strong></span> <span class='ocrx_word' id='word_1_886' title='bbox 3355 5364 3537 5410; x_wconf 81' lang='lat' dir='ltr'><strong>mente</strong></span> 
     </span>
    </p>
   </div>
   <div class='ocr_carea' id='block_1_117' title="bbox 1931 5445 3533 5519">
    <p class='ocr_par' dir='ltr' id='par_1_117' title="bbox 1931 5445 3533 5519">
     <span class='ocr_line' id='line_1_117' title="bbox 1931 5445 3533 5519; baseline -0.003 -14"><span class='ocrx_word' id='word_1_887' title='bbox 1931 5459 2143 5519; x_wconf 87' lang='lat' dir='ltr'><strong>reputo,</strong></span> <span class='ocrx_word' id='word_1_888' title='bbox 2165 5449 2318 5502; x_wconf 92' lang='lat' dir='ltr'><strong>nobis</strong></span> <span class='ocrx_word' id='word_1_889' title='bbox 2333 5448 2572 5519; x_wconf 88' lang='lat' dir='ltr'><strong>quotidie</strong></span> <span class='ocrx_word' id='word_1_890' title='bbox 2591 5448 3056 5512; x_wconf 89' lang='lat' dir='ltr'><strong>coneiouautibus,</strong></span> <span class='ocrx_word' id='word_1_891' title='bbox 3094 5445 3533 5508; x_wconf 87' lang='lat' dir='ltr'><strong>admonentibus.</strong></span> 
     </span>
    </p>
   </div>
   <div class='ocr_carea' id='block_1_118' title="bbox 1930 5536 3540 5611">
    <p class='ocr_par' dir='ltr' id='par_1_118' title="bbox 1930 5536 3540 5611">
     <span class='ocr_line' id='line_1_118' title="bbox 1930 5536 3540 5611; baseline -0.004 -14"><span class='ocrx_word' id='word_1_892' title='bbox 1930 5551 1986 5599; x_wconf 88' lang='lat' dir='ltr'><strong>et</strong></span> <span class='ocrx_word' id='word_1_893' title='bbox 2013 5540 2288 5611; x_wconf 88' lang='lat' dir='ltr'><strong>spirituale</strong></span> <span class='ocrx_word' id='word_1_894' title='bbox 2318 5539 2421 5596; x_wconf 89' lang='lat' dir='ltr'><strong>hoc</strong></span> <span class='ocrx_word' id='word_1_895' title='bbox 2451 5538 2603 5593; x_wconf 89' lang='lat' dir='ltr'><strong>vobis</strong></span> <span class='ocrx_word' id='word_1_896' title='bbox 2631 5539 2934 5594; x_wconf 90' lang='lat' dir='ltr'><strong>convivium</strong></span> <span class='ocrx_word' id='word_1_897' title='bbox 2959 5536 3372 5608; x_wconf 85' lang='lat' dir='ltr'><strong>apponentibus,</strong></span> <span class='ocrx_word' id='word_1_898' title='bbox 3401 5540 3540 5590; x_wconf 87' lang='lat' dir='ltr'><strong>mul-</strong></span> 
     </span>
    </p>
   </div>
   <div class='ocr_carea' id='block_1_119' title="bbox 1933 5627 3536 5701">
    <p class='ocr_par' dir='ltr' id='par_1_119' title="bbox 1933 5627 3536 5701">
     <span class='ocr_line' id='line_1_119' title="bbox 1933 5627 3536 5701; baseline -0.004 -12"><span class='ocrx_word' id='word_1_899' title='bbox 1933 5644 2016 5689; x_wconf 88' lang='lat' dir='ltr'><strong>tos</strong></span> <span class='ocrx_word' id='word_1_900' title='bbox 2069 5648 2134 5688; x_wconf 77' lang='lat' dir='ltr'><strong>ex</strong></span> <span class='ocrx_word' id='word_1_901' title='bbox 2177 5633 2259 5688; x_wconf 87' lang='lat' dir='ltr'><strong>his</strong></span> <span class='ocrx_word' id='word_1_902' title='bbox 2287 5633 2418 5701; x_wconf 88' lang='lat' dir='ltr'><strong>ipsis</strong></span> <span class='ocrx_word' id='word_1_903' title='bbox 2469 5632 2560 5700; x_wconf 90' lang='lat' dir='ltr'><strong>qui</strong></span> <span class='ocrx_word' id='word_1_904' title='bbox 2588 5631 2805 5698; x_wconf 86' lang='lat' dir='ltr'><strong>adsunt,</strong></span> <span class='ocrx_word' id='word_1_905' title='bbox 2847 5639 2902 5686; x_wconf 94' lang='lat' dir='ltr'><strong>et</strong></span> <span class='ocrx_word' id='word_1_906' title='bbox 2932 5631 3225 5701; x_wconf 87' lang='lat' dir='ltr'><strong>spiritualis</strong></span> <span class='ocrx_word' id='word_1_907' title='bbox 3253 5627 3412 5698; x_wconf 86' lang='lat' dir='ltr'><strong>hujus</strong></span> <span class='ocrx_word' id='word_1_908' title='bbox 3437 5627 3536 5682; x_wconf 82' lang='lat' dir='ltr'><strong>do-</strong></span> 
     </span>
    </p>
   </div>
   <div class='ocr_carea' id='block_1_120' title="bbox 1937 5717 3536 5797">
    <p class='ocr_par' dir='ltr' id='par_1_120' title="bbox 1937 5717 3536 5797">
     <span class='ocr_line' id='line_1_120' title="bbox 1937 5717 3536 5797; baseline -0.007 -13"><span class='ocrx_word' id='word_1_909' title='bbox 1937 5728 2146 5796; x_wconf 71' lang='lat' dir='ltr'><strong>clt‘intc,</strong></span> <span class='ocrx_word' id='word_1_910' title='bbox 2173 5743 2236 5784; x_wconf 90' lang='lat' dir='ltr'><strong>ac</strong></span> <span class='ocrx_word' id='word_1_911' title='bbox 2266 5724 2557 5783; x_wconf 78' lang='lat' dir='ltr'><strong>tremenda:</strong></span> <span class='ocrx_word' id='word_1_912' title='bbox 2585 5721 2942 5797; x_wconf 85' lang='lat' dir='ltr'><strong>terribilisque</strong></span> <span class='ocrx_word' id='word_1_913' title='bbox 2974 5738 3178 5781; x_wconf 69' lang='lat' dir='ltr'><strong>mensae</strong></span> <span class='ocrx_word' id='word_1_914' title='bbox 3217 5735 3344 5780; x_wconf 88' lang='lat' dir='ltr'><strong>sunt.</strong></span> <span class='ocrx_word' id='word_1_915' title='bbox 3363 5717 3536 5791; x_wconf 82' lang='lat' dir='ltr'><strong>parti-</strong></span> 
     </span>
    </p>
   </div>
  </div>
