4054 6324
529 350 648 438 '37s

535 491 707 561 cipes,
745 495 889 543 totos
909 485 1026 541 dies
1058 485 1109 539 in
1133 481 1431 553 spectandis
1457 481 1595 536 ludis
1631 480 1969 549 equestribus
1998 493 2116 548 per-

539 580 703 642 dere,
757 587 814 634 et
864 576 1082 647 perinde
1127 583 1286 643 atque
1340 572 1385 626 si
1444 587 1550 625 non
1590 569 1942 632 doceremus,
1990 566 2120 622 nihil

539 668 822 736 proiicere,
845 667 939 722 sed
975 665 1124 736 quasi
1141 662 1520 718 consuetudini
1555 661 1784 729 cuipiam
1805 661 2119 724 servientes,

539 759 586 812 si
631 768 833 813 tantum
869 764 1068 811 annuat
1093 755 1171 810 eis
1201 753 1466 818 diabolus,
1506 768 1601 806 sua
1630 763 1820 821 sponte
1845 764 2124 805 accurrere

541 848 610 902 ad
638 850 797 919 impia
827 849 912 902 illa
957 846 1282 916 spectacula,
1315 855 1366 900 et
1407 846 1612 913 seipsos
1655 845 1882 898 libenter
1906 841 2120 910 maligni

541 938 798 991 dzcmtmil
838 936 1130 1006 illaqueare
1158 936 1382 1002 retibus,
1409 945 1464 989 et
1487 948 1658 1002 neque
1678 941 1914 986 nostram
1941 931 2129 984 admo-

543 1027 821 1092 nitionem,
875 1041 1047 1096 neque
1096 1027 1387 1095 periculum
1431 1025 1623 1092 ipsum,
1672 1037 1846 1092 neque
1881 1019 2121 1075 inutilem

542 1118 708 1187 ipsam
732 1117 1209 1186 irequentationem
1235 1115 1494 1169 doctrina:
1521 1114 1640 1168 loco
1667 1115 1747 1168 eis
1769 1128 1890 1168 esse
1913 1126 2072 1183 posse
2105 1129 2120 1165 :

540 1222 648 1277 quo
675 1223 806 1276 ergo
830 1208 1052 1278 posthac
1073 1207 1253 1260 animo
1295 1204 1592 1259 doctrinam
1643 1203 1941 1271 impertiam
1996 1201 2125 1254 viris

541 1313 613 1354 es
637 1299 794 1353 dictis
813 1299 1009 1352 nostris
1045 1298 1173 1352 nihil
1199 1298 1331 1353 lucri
1364 1289 1540 1351 facere
1561 1293 1938 1363 cupientibus!
1964 1294 2032 1348 Et
2057 1310 2124 1350 ne

543 1388 774 1443 mireris.
801 1388 1071 1458 Siquidem
1103 1397 1159 1441 et
1182 1387 1432 1456 agricola,
1458 1400 1578 1439 cum
1605 1392 1726 1452 post
1749 1382 1945 1438 multos
1971 1385 2125 1438 labo-

542 1494 630 1534 res
654 1488 708 1533 et
728 1494 996 1533 aerumnas
1022 1479 1258 1533 sterilem
1293 1476 1435 1530 videt
1459 1490 1664 1545 agrum,
1713 1490 1886 1545 neque
1909 1475 2124 1545 dignam

542 1571 813 1626 laboribus
840 1569 1140 1625 mercedem
1185 1568 1517 1632 reddentem,
1565 1566 1780 1636 segnior
1816 1567 1881 1621 ad
1921 1567 2126 1636 iacien-

541 1661 670 1716 dum
698 1676 900 1722 seinen,
929 1674 1035 1713 non
1056 1659 1168 1728 pari
1195 1650 1470 1713 alacritate
1494 1659 1868 1728 agriculturam
1887 1670 2122 1714 exercet.

542 1752 603 1805 Et
624 1750 859 1805 medicus
881 1750 1065 1804 videns
1087 1749 1352 1804 inﬁrmum
1374 1750 1485 1805 suis
1503 1749 1765 1804 mandatis
1788 1765 1895 1804 non
1921 1751 2128 1806 obtem-

542 1856 750 1909 perare,
794 1840 890 1895 sed
932 1851 1206 1895 vacantem
1244 1841 1481 1910 quotidie
1508 1841 1573 1896 iis
1600 1857 1718 1910 quae
1756 1843 2000 1896 morbum
2026 1858 2125 1896 au-

540 1941 685 2002 gent,
721 1947 1089 2000 stepenumero
1118 1932 1172 1986 in
1209 1946 1304 1986 sua
1331 1932 1475 1986 illum
1517 1931 1830 2000 aegritudine
1857 1933 2123 2002 ielinquit,

546 2033 601 2076 ut
629 2024 956 2091 experientia
989 2023 1102 2091 ipsa
1142 2032 1317 2076 utatur
1358 2024 1632 2092 magistra,
1674 2032 1728 2076 ut
1763 2038 1827 2078 ea
1869 2039 1989 2093 qua:
2028 2026 2130 2080 sibi

545 2113 749 2179 prosint
787 2113 1005 2166 ediscat.
1045 2111 1302 2166 Similiter
1335 2121 1388 2165 et
1435 2113 1525 2181 qui
1577 2111 1887 2180 disciplinas
1933 2129 2128 2182 pueros

543 2203 757 2268 ducent,
786 2203 1027 2257 videntes
1080 2203 1197 2256 illos
1252 2202 1427 2272 priora
1478 2217 1753 2272 respuere,
1800 2213 1855 2258 ct
1897 2206 2130 2275 abjicere

543 2307 729 2346 eorum
758 2307 875 2360 qua:
904 2301 1059 2346 antea
1086 2291 1261 2346 cdDCll
1285 2300 1410 2346 sunt
1435 2297 1766 2355 memoriam,
1801 2308 1945 2362 sa'pe
1971 2313 2128 2350 aver-

541 2390 728 2435 santur
746 2423 760 2445 ,
789 2381 868 2435 sic
891 2381 1265 2451 negligentiam
1296 2397 1480 2436 eorum
1506 2382 1822 2450 coriecturi,
1844 2394 1898 2438 et
1917 2384 1985 2439 ad
2011 2401 2127 2440 ma-

540 2474 628 2540 jus
650 2472 881 2526 studium
914 2472 1206 2527 reduczuri.

619 2564 904 2619 Saculares
947 2565 1146 2618 labores
1192 2581 1307 2618 cunt
1354 2565 1702 2635 spiritualibus
1743 2580 2124 2638 comparantur.

548 2652 668 2706 Non
689 2654 959 2722 fraudetur
978 2656 1222 2720 mercede,
1238 2659 1324 2724 qui
1341 2657 1594 2712 auditores
1617 2674 1717 2710 non
1740 2659 1913 2726 ﬂectit.
1933 2689 2003 2700 —
2022 2660 2126 2716 Ve-

463 2737 469 2742 ’
546 2755 843 2798 rumtamen
861 2746 1089 2814 agricola
1101 2746 1316 2815 quidem
1331 2747 1520 2800 merito
1535 2749 1748 2817 segnior
1766 2763 1909 2817 saepe
1928 2751 2127 2818 evadit,

543 2835 665 2902 quia
696 2834 838 2888 vidct
853 2835 1104 2887 damnum
1142 2849 1296 2888 suum
1329 2837 1502 2904 majus
1534 2837 1669 2900 ﬂeri,
1716 2849 1897 2908 utpote
1920 2843 2008 2910 qui
2049 2842 2130 2897 lac

545 2924 730 2977 liorem
757 2933 809 2977 et
824 2933 1067 2991 sumptus
1095 2924 1251 2987 ierat,
1274 2935 1329 2979 et
1371 2927 1630 2981 iructibus
1653 2927 1989 2985 destituatur.
2021 2932 2131 2986 Me-

545 3017 698 3069 dicus
747 3027 921 3069 autem
952 3031 1056 3070 non
1089 3018 1352 3071 immerito
1390 3033 1589 3088 aegrum
1642 3037 1784 3090 sape
1835 3024 2126 3094 relinquit:

544 3121 743 3172 corpus
784 3107 928 3160 enim
961 3117 1042 3161 est
1069 3107 1209 3176 quod
1234 3116 1469 3173 curatur,
1501 3118 1555 3162 et
1585 3118 1801 3179 propter
1828 3112 1928 3167 hoc
1953 3115 2132 3170 dimit-

547 3197 644 3262 tit,
671 3210 726 3249 ut
754 3196 954 3250 doloris
981 3197 1219 3251 accessio
1246 3198 1299 3249 in
1325 3197 1495 3250 morbi
1519 3214 1735 3252 sensum
1762 3201 1940 3266 ducat,
1973 3213 2028 3257 et
2053 3206 2131 3260 sic

546 3287 757 3340 tandem
779 3285 1095 3340 medicinam
1122 3301 1225 3340 non
1255 3297 1491 3355 respuat.
1517 3287 1766 3356 Magister
1790 3303 1971 3346 autem
1995 3294 2126 3362 ludi,

543 3391 612 3427 eo
637 3373 776 3443 quod
806 3383 983 3428 tenera
1011 3383 1133 3428 sunt
1158 3384 1335 3439 aetate,
1368 3375 1564 3430 utiliter
1591 3393 1985 3450 nonnumquam
2019 3385 2128 3452 pla-

544 3467 626 3536 gis
655 3481 848 3535 pueros
881 3466 1124 3534 castigat.
1185 3464 1380 3520 Verum
1421 3483 1520 3521 nos
1551 3468 1707 3522 hodie
1753 3482 1974 3526 cunctos
2006 3474 2130 3530 illos

545 3567 893 3625 superantes,
945 3557 1046 3610 hoc
1096 3573 1313 3626 agemus
1359 3569 1416 3613 ut
1454 3570 1734 3628 paternum
1778 3581 1901 3631 erga
1951 3567 2131 3637 lapsos

545 3661 784 3700 amorem
810 3646 1160 3710 declarcmus,
1193 3658 1241 3702 et
1283 3649 1589 3713 doceamus,
1623 3651 1667 3705 si
1709 3653 1762 3706 in
1815 3655 1901 3708 illa
1959 3659 2129 3729 negli-

545 3740 719 3808 gentia
751 3739 1080 3803 manserint,
1112 3755 1205 3793 eos
1244 3740 1363 3792 inde
1390 3744 1644 3810 majorem
1669 3745 2129 3806 condeumatloiiis

545 3845 757 3882 causam
811 3828 1100 3882 habituros.
1158 3828 1289 3883 Nam
1337 3833 1566 3900 agricola
1605 3836 1818 3902 quidem
1854 3853 1960 3892 non
2016 3843 2127 3908 pari

545 3920 820 3973 alacritate
841 3921 1069 3973 seminat
1093 3961 1108 3984 ,
1138 3921 1379 3989 Cogitatts
1409 3932 1651 3989 sumptus
1677 3924 1937 3981 hactenus
1966 3932 2129 3986 luisse

548 4012 762 4067 inutiles
791 4032 804 4067 :
834 4026 931 4066 nos
955 4025 1132 4066 autem
1163 4013 1231 4066 ab
1261 4011 1360 4068 bac
1403 4029 1528 4067 cura
1557 4014 1708 4068 liberi
1758 4032 1961 4071 sumus.
1997 4020 2131 4076 Nam

551 4103 673 4156 licet
707 4102 853 4170 jacto
878 4103 1137 4171 spirituali
1177 4105 1380 4158 semine
1401 4143 1416 4168 ,
1443 4105 1512 4159 ob
1539 4105 1837 4162 auditorum
1869 4111 2129 4179 ignaviam

546 4192 774 4246 fructum
803 4208 906 4246 non
931 4193 1222 4262 capiamus,
1249 4195 1483 4262 perfecta
1530 4197 1682 4252 nobis
1726 4208 1899 4254 tamen
1954 4202 2130 4258 futura

547 4298 756 4337 merces
789 4300 802 4338 :
829 4285 1106 4352 pecuniam
1150 4285 1291 4337 enim
1322 4285 1686 4340 concreditatn
1735 4293 2087 4358 expendimus
2110 4335 2126 4361 ,

545 4383 601 4441 et
631 4374 936 4429 mandatum
974 4375 1180 4429 Domini
1215 4376 1550 4445 implevimus
1583 4389 1872 4434 :caaterum
1906 4385 2128 4452 posthac

546 4465 815 4516 auditores
868 4464 1126 4518 rati0uem
1171 4464 1394 4518 reddent
1430 4466 1478 4520 ei
1524 4467 1612 4534 qui
1659 4470 1959 4524 concredita
2004 4490 2126 4528 eum

549 4572 708 4610 usura
745 4555 1066 4624 repetiturus
1115 4555 1447 4611 est.'Vcrum
1474 4557 1577 4611 hoc
1621 4573 1718 4612 nos
1748 4575 1850 4614 non
1877 4565 2132 4618 conside-

547 4662 746 4710 ramus,
775 4661 869 4700 uos
893 4656 1041 4701 extra
1079 4647 1330 4700 damnum
1355 4663 1495 4712 esse,
1526 4659 1579 4702 et
1607 4650 1744 4717 quod
1776 4662 2014 4706 nOstrum
2047 4663 2132 4718 est

550 4739 771 4808 implere
805 4757 820 4793 :
849 4739 942 4813 sed
970 4741 1212 4793 Volumus
1243 4748 1299 4792 ut
1328 4747 1381 4792 et
1423 4755 1515 4792 vos
1544 4755 1611 4793 ex
1649 4741 1994 4797 dinumeratis
2033 4761 2142 4813 pc-‘

546 4831 715 4882 cuniis
747 4831 966 4882 multum
1013 4829 1372 4898 negotiemini,
1422 4840 1477 4884 ut
1505 4847 1571 4884 ne
1614 4830 1824 4885 obnoxii
1852 4834 1967 4888 sitis
1996 4852 2128 4904 sup—

549 4919 703 4996 plicio
739 4917 879 4986 quod
911 4919 1002 4971 luit
1032 4919 1116 4971 ille
1145 4924 1231 4987 qui
1263 4920 1512 4973 talentum
1536 4919 1848 4982 recondidit,
1876 4933 1930 4975 et
1955 4923 2113 4978 domi-

547 5010 719 5062 nicam
752 5009 1027 5077 pecuniam
1072 5025 1175 5061 non
1201 5011 1370 5062 solum
1407 5026 1510 5062 non
1544 5009 1926 5080 multiplicavit,
1957 5015 2048 5068 sed
2074 5025 2129 5068 et

546 5101 712 5167 ipsam
758 5099 809 5152 in
841 5110 976 5153 teria
1006 5097 1227 5153 defodit.
1255 5098 1411 5154 Tales
1451 5110 1593 5165 sunt,
1619 5102 1708 5170 qui
1730 5100 1984 5157 doctrina:
2009 5121 2127 5156 ser-

545 5205 730 5252 mones
778 5190 996 5242 audiunt
1046 5189 1344 5261 (talentum
1393 5192 1532 5243 enim
1583 5192 1682 5246 hoc
1712 5205 1862 5246 vocat
1889 5202 1943 5248 et
1969 5209 2129 5262 pecu-

547 5280 755 5354 niam),
807 5297 976 5348 i.eque
1017 5296 1231 5350 operam
1281 5282 1408 5335 dant
1462 5291 1518 5335 ut
1557 5282 1782 5336 fructum
1823 5284 2045 5337 all'crant
2071 5295 2125 5337 et

545 5372 770 5437 multum
833 5371 1187 5439 ncgutientur.
1239 5370 1344 5424 Sed
1408 5370 1540 5425 forte
1592 5371 1781 5426 dixerit
1821 5373 2122 5442 quiSpiatn,

547 5463 846 5535 parabolam
883 5463 1036 5517 istam
1089 5462 1406 5516 talentorum
1453 5461 1519 5515 de
1561 5462 1863 5517 doctoribus
1893 5482 2012 5519 esse
2037 5465 2122 5517 di-

545 5565 705 5617 ctam.
735 5554 787 5608 ld
817 5569 916 5624 ego
944 5570 1153 5624 quoque
1177 5553 1366 5609 fateor.
1401 5551 1596 5607 Verum
1622 5553 1666 5606 si
1696 5554 1979 5624 diligenter
2002 5572 2120 5611 eam

544 5645 880 5712 scrutemini,
919 5645 1096 5701 scietis
1132 5646 1409 5703 doctorum
1440 5645 1650 5715 quidem
1692 5648 1923 5703 oiiicium
1965 5665 2119 5716 esse,

537 5737 885 5795 dinumerare
906 5738 1178 5808 pecuniam
1210 5754 1223 5792 :
1252 5737 1345 5794 sed
1379 5751 1471 5792 vos
1494 5752 1596 5792 non
1626 5736 1796 5792 solum
1824 5737 2116 5813 depositam

1289 373 1345 429 S.
1383 370 1660 428 JOANNIS
1694 365 2170 425 CllilYSOSTOSlI
2211 363 2527 421 ARCIIIEP.
2566 364 3105 422 CONSTANTINOP.

3713 368 3819 430 376

2234 474 2507 531 custodire
2529 516 2546 541 ,
2601 475 2698 531 sed
2744 477 2906 531 etiam
2953 475 3210 546 negotiari
3272 476 3498 532 debetis.
3553 477 3705 546 Quod
3760 490 3819 534 ut

2227 564 2435 631 discas,
2465 580 2645 634 opera:
2670 568 2899 635 pretium
2920 565 3083 621 fuerit
3119 581 3236 621 eam
3263 568 3315 620 in
3343 567 3574 622 medium
3600 569 3816 625 aderre.

2230 655 2608 726 Paterfamilias
2653 657 2894 726 quidam,
2945 657 3134 727 inquit,
3199 674 3404 731 peregre
3455 660 3781 729 proﬁciscens
3800 697 3818 722 .

2228 747 2416 800 uocauit
2440 762 2606 800 seruos
2627 764 2767 812 suos,
2797 758 2844 802 et
2865 747 3002 803 dedit
3026 750 3114 802 uni
3133 751 3335 819 quidem
3361 751 3551 806 talenta
3577 752 3818 822 quinque,

2229 835 2320 888 alii
2371 846 2540 890 au'em
2579 838 2702 900 duo,
2749 838 2841 891 alii
2885 855 3001 892 sero
3042 856 3216 893 unum.
3250 840 3376 896 Post
3405 843 3619 896 multum
3653 855 3822 896 autem

2229 933 2444 992 tempus.
2488 944 2603 980 cum
2653 928 2933 984 advenisset
2983 930 3109 1000 ipse,
3149 943 3387 986 merant
3432 935 3562 989 serui
3589 950 3609 988 :
3636 945 3685 988 et
3736 935 3826 988 ille

2227 1015 2427 1082 quidem
2456 1018 2543 1085 qui
2587 1028 2850 1086 acceperat
2886 1019 3104 1089 quinque
3127 1021 3339 1088 ωιαω,
3373 1024 3580 1077 accessit
3607 1025 3782 1078 dicens
3803 1039 3826 1080 :

2228 1104 2466 1171 Domine,
2495 1109 2715 1178 quinque
2737 1111 2924 1162 talenta
2961 1111 3217 1165 tradidisti
3244 1113 3389 1180 mihi,
3411 1116 3641 1168 eccealia
3683 1117 3826 1184 quin-

2228 1213 2325 1263 qus
2350 1199 2538 1252 talenta
2570 1199 2952 1267 superlucralus
2977 1218 3092 1254 sunt
3135 1202 3359 1273 (Matth.
3386 1204 3479 1260 25.
3505 1204 3594 1260 ﬂ.
3619 1206 3704 1260 l5.
3734 1206 3823 1260 ω.

2229 1286 2356 1353 20).
2388 1287 2574 1358 Magna
2608 1289 2747 1343 servi
2785 1291 2956 1359 gratia
2975 1295 3040 1345 'et
3067 1293 3325 1359 probitas,
3369 1294 3517 1364 larga
3545 1296 3704 1350 etiam
3725 1297 3829 1348 do-

2230 1381 2360 1436 mini
2397 1380 2714 1451 benignitas.
2749 1382 2813 1437 Et
2855 1383 2983 1453 quid
3015 1384 3182 1439 dicit?
3225 1383 3390 1454 Euge,
3425 1401 3566 1439 serae
3611 1388 3740 1441 bone
3779 1395 3829 1439 et

2229 1471 2416 1538 ﬁdelis,
2447 1487 2601 1540 super
2628 1487 2792 1541 pauca
2819 1473 2964 1542 fuisti
2985 1473 3174 1543 ﬁdelis,
3205 1491 3359 1545 super
3383 1476 3542 1528 multa
3567 1487 3616 1530 te
3640 1477 3829 1530 consti-

2231 1570 2370 1615 tuant
2389 1576 2411 1616 :
2429 1561 2690 1632 ingredere
2716 1564 2768 1617 in
2792 1565 3036 1636 gaudium
3057 1566 3249 1618 domini
3273 1565 3348 1618 tui
3365 1565 3576 1636 (latin.
3594 1565 3684 1622 25.
3705 1567 3824 1636 21).

2231 1651 2518 1720 Quoniam,
2548 1655 2738 1724 inquit,
2770 1656 2821 1710 in
2846 1656 2909 1721 iis
2937 1671 3056 1726 qua:
3096 1655 3190 1710 tibi
3213 1655 3415 1711 credita
3437 1665 3584 1724 sunt,
3612 1667 3826 1727 gratmtt

2236 1759 2346 1812 ιιι-ω
2376 1756 2429 1799 te
2453 1746 2620 1800 tulisti
2646 1747 2908 1813 animum,
2932 1748 3124 1817 dignus
3167 1763 3227 1803 es
3267 1747 3354 1802 cui
3395 1757 3451 1801 et
3483 1749 3683 1818 majora
3711 1758 3827 1802 tra-

2233 1832 2446 1887 dantur.
2486 1833 2706 1889 Accessit
2734 1847 2902 1888 autein
2941 1845 2988 1890 et
3034 1837 3121 1906 qui
3173 1837 3276 1890 duo
3309 1835 3500 1891 talenta
3533 1847 3823 1907 occeperat,

2235 1923 2405 1978 dicens
2433 1943 2453 1980 :
2483 1924 2669 1980 Nonne
2700 1927 2802 1980 duo
2832 1928 3022 1980 talenta
3049 1928 3174 1981 milii
3203 1928 3458 1982 tradidisti
3477 1929 3503 1981 .’
3549 1926 3683 1982 Ecce
3721 1930 3830 1982 alia

2237 2017 2338 2070 duo
2367 2017 2590 2070 lucratus
2631 2035 2743 2072 sum
2784 2020 2991 2089 insuper
3021 2019 3040 2090 (
3057 2019 3084 2073 Ι
3092 2020 3196 2073 bid.
3230 2037 3279 2074 υ.
3306 2019 3436 2092 22).
3460 2020 3645 2090 Magna
3671 2021 3832 2092 hujus

2235 2123 2447 2178 quoque
2469 2109 2610 2163 circa
2641 2111 2889 2178 pecunias
2913 2111 3116 2164 domini
3151 2112 3232 2165 sui
3253 2128 3380 2166 cura
3403 2121 3459 2167 et
3487 2113 3828 2177 sollicitudo;

2239 2199 2378 2254 unde
2402 2199 2669 2257 eteadem
2697 2217 2817 2270 qua:
2842 2202 3088 2272 superior
3131 2203 3355 2259 meritus
3406 2215 3508 2260 est.
3553 2205 3622 2260 Et
3662 2222 3831 2275 quare

2237 2288 2326 2344 ille
2345 2291 2434 2360 qui
2457 2291 2563 2344 duo
2580 2292 2757 2346 attulit
2777 2293 2994 2359 talenta,
3018 2293 3264 2350 eumdem
3288 2297 3634 2366 consequitur
3655 2297 3830 2350 honu-

2238 2393 2372 2445 rem,
2402 2395 2561 2450 quem
2595 2381 2680 2436 ille
2694 2383 2784 2451 qui
2809 2383 3001 2437 talenta
3025 2384 3260 2454 quinque
3281 2383 3572 2441 attulerat?
3597 2387 3789 2441 Merito
3817 2407 3830 2443 :

2237 2473 2594 2527 accretionem
2631 2473 2861 2528 enimet
2907 2474 3333 2530 imminutionem
3383 2491 3491 2530 non
3535 2478 3620 2530 vel
3671 2478 3835 2546 hujus

2237 2563 2540 2634 diligentia,
2569 2563 2651 2618 vel
2674 2562 2816 2618 illius
2851 2565 3173 2635 negligentia
3195 2566 3344 2631 fecit,
3376 2567 3470 2623 sed
3496 2570 3835 2623 concreditu-

2238 2671 2357 2709 rum
2383 2655 2591 2710 modus.
2619 2654 2751 2709 Nam
2778 2657 2920 2726 quod
2950 2657 3017 2712 ad
3068 2657 3395 2726 diligentiam
3421 2662 3632 2727 attinet,
3669 2662 3835 2716 ambo

2239 2760 2393 2815 pares
2416 2746 2666 2813 luerunt;
2713 2746 2937 2817 proinde
2977 2756 3032 2803 et
3075 2749 3318 2804 eamdem
3342 2753 3834 2808 retiiuneratiouem

2237 2836 2376 2888 nacti
2412 2845 2554 2891 sunt.

2299 2925 2354 2978 2.
2383 2925 2577 2980 Verum
2601 2925 2741 2982 alius
2777 2927 2866 2981 ille
2907 2927 3038 2981 nihil
3095 2929 3202 2984 tale
3255 2929 3454 2985 iecerat
3483 2931 3616 2986 :sed
3661 2934 3835 3002 quid?

2235 3017 2496 3078 Accessit,
2523 3017 2706 3071 dicens
2732 3034 2748 3071 :
2771 3017 2992 3088 Cognovi
3029 3029 3096 3085 te,
3122 3019 3259 3090 quod
3299 3030 3533 3077 austerus
3560 3023 3710 3077 homo
3734 3025 3828 3090 sis,

2238 3120 2424 3163 metens
2447 3109 2531 3162 ubi
2558 3124 2658 3161 non
2694 3110 2972 3175 seminasti,
3003 3121 3049 3164 ct
3070 3127 3380 3183 congregans
3401 3114 3484 3167 ubi
3509 3131 3609 3169 non
3629 3118 3832 3186 sparsi-

2237 3201 2302 3252 sti
2334 3215 2353 3254 :
2382 3210 2426 3253 et
2481 3208 2704 3253 metuens
2747 3200 2849 3252 abii
2891 3209 2940 3253 et
2988 3202 3238 3256 occultavi
3282 3203 3524 3257 talentum
3565 3206 3618 3259 in
3669 3217 3830 3262 terra.

2238 3289 2371 3343 Ecce
2397 3290 2549 3344 habes
2575 3290 2706 3359 quod
2744 3298 2886 3343 luunt
2926 3299 2998 3344 est
3027 3289 3202 3362 (Ibid.
3233 3307 3281 3344 υ.
3327 3293 3416 3348 24.
3447 3294 3577 3362 25).
3605 3296 3650 3351 0
3677 3298 3836 3352 mali-

2239 3383 2364 3434 liam
2411 3378 2624 3432 famuli!
2671 3396 2704 3432 ο
2742 3393 3003 3434 summam
3054 3381 3479 3449 improbitatem!
3506 3401 3612 3439 non
3652 3387 3830 3441 solum

2237 3470 2369 3524 nihil
2423 3471 2722 3540 negotiatus
2769 3480 2852 3524 est
2896 3487 2964 3525 ex
3004 3471 3203 3525 talento
3231 3472 3333 3526 sibi
3377 3475 3605 3540 credito,
3634 3477 3728 3530 sed
3775 3486 3834 3532 et

2238 3575 2332 3629 pro
2359 3562 2559 3615 talento
2600 3561 2994 3615 accusationem
3024 3561 3220 3615 attulit.
3253 3561 3324 3615 lta
3369 3564 3511 3618 enim
3541 3566 3681 3620 solet
3709 3583 3832 3620 ma-

2237 3651 2380 3715 litia;
2411 3650 2727 3705 obtenebrat
2769 3650 3030 3704 rationem
3061 3661 3116 3704 et
3153 3667 3275 3707 eum
3304 3655 3395 3721 qui
3425 3654 3591 3708 semel
3618 3670 3649 3708 a
3683 3666 3830 3711 recta

2235 3740 2317 3794 via
2349 3750 2430 3795 est
2480 3755 2720 3802 aversus,
2779 3740 2829 3792 in
2875 3742 3165 3810 pmcipitia
3207 3742 3442 3812 conjicit.
3489 3743 3615 3800 "ac
3647 3754 3828 3803 autem

2235 3831 2411 3884 omnia
2439 3829 2506 3884 de
2532 3830 2798 3900 magistris
2819 3830 2959 3883 dicta
2990 3840 3134 3896 sunt,
3175 3841 3230 3884 ut
3257 3832 3450 3886 talenta
3478 3832 3579 3887 sibi
3601 3850 3826 3892 concre-

2233 3923 2340 3976 dita
2370 3937 2475 3976 non
2501 3921 2851 3984 abscondant.
2881 3922 2972 3975 sed
3005 3923 3149 3975 oumi
3185 3922 3451 3992 diligentia
3478 3923 3689 3980 discere
3729 3941 3826 3982 cu-

2238 4012 2502 4080 pientibus
2548 4020 2839 4080 apponant.
2883 4010 3078 4064 Verum
3116 4011 3369 4079 deinceps
3394 4012 3518 4066 audi
3546 4053 3561 4078 ,
3591 4015 3786 4070 dilecte
3808 4057 3826 4082 ,

2235 4117 2300 4154 ex
2333 4101 2696 4170 indignatione
2717 4116 2839 4168 erga
2865 4101 3033 4165 illum,
3061 4099 3331 4169 quomodo
3359 4101 3522 4156 etiam
3551 4104 3827 4161 auditores

2236 4192 2314 4245 rei
2343 4191 2590 4256 evadant,
2623 4201 2678 4245 et
2706 4207 2812 4244 non
2858 4192 3028 4244 solum
3071 4192 3162 4243 illa
3213 4181 3523 4259 repetantur
3546 4210 3668 4263 qua:
3691 4211 3826 4250 cun-

2235 4285 2434 4339 credita
2462 4293 2603 4347 sunt,
2638 4285 2734 4338 sed
2761 4291 2951 4338 etcum
2983 4297 3141 4336 usura
3169 4284 3503 4340 exactionem
3535 4287 3823 4354 patiantur.

2233 4374 2369 4440 Quid
2405 4375 2563 4444 igitur
2610 4374 2739 4428 dicit
2789 4374 2864 4426 illi
2910 4374 3194 4427 dominus?
3223 4373 3380 4428 Serve
3399 4391 3615 4445 nequam
3643 4379 3662 4445 (
3688 4376 3822 4431 Ibid.

2235 4479 2283 4516 υ.
2313 4464 2442 4532 26).
2488 4463 2768 4518 Terribilis
2799 4464 3111 4533 indignatio,
3165 4473 3220 4518 et
3267 4464 3429 4520 mina:
3460 4467 3702 4522 valentes
3732 4485 3825 4538 per

2235 4570 2294 4608 se
2320 4556 2612 4622 percellere
2660 4555 2916 4608 animum.
2969 4555 3196 4618 Sciebas,
3226 4556 3413 4624 inquit,
3457 4559 3595 4629 quod
3639 4573 3826 4612 metam

2236 4645 2318 4698 ubi
2371 4661 2472 4698 non
2513 4644 2773 4706 seminavi,
2826 4654 2872 4696 et
2923 4661 3220 4715 congregem
3273 4647 3358 4699 ubi
3410 4664 3511 4700 non
3555 4649 3826 4716 dispersi:

2236 4737 2494 4806 oportebat
2521 4735 2688 4804 igitur
2725 4743 2772 4787 te
2817 4735 3081 4802 pecuniam
3125 4752 3287 4789 meant
3324 4737 3646 4792 dinumerare
3683 4757 3825 4794 nteit-

2233 4827 2379 4880 sariis
2399 4867 2415 4890 ,
2458 4836 2505 4879 et
2555 4842 2646 4895 ego
2679 4841 2794 4879 cum
2842 4827 3106 4891 uenissem,
3157 4842 3272 4879 cum
3298 4831 3490 4898 fanore
3514 4831 3825 4900 repetiissetn

2230 4917 2396 4970 illam.
2422 4917 2705 4970 Pecuniam
2738 4918 3118 4985 Vocateloquia
3148 4919 3398 4985 pretiosa,
3431 4923 3824 4979 nummularius

2233 5017 2410 5061 autem
2453 5024 2546 5060 vos
2596 5009 2686 5077 qui
2718 5009 3007 5077 suscipitis.
3040 5008 3212 5064 Tuum
3243 5012 3457 5079 quidem
3484 5013 3680 5082 fuerat,
3714 5019 3822 5085 ait,

2235 5107 2436 5152 tantum
2466 5100 2826 5166 dinumerare,
2879 5117 3056 5154 meum
3085 5111 3264 5156 autem
3287 5113 3530 5173 repetere
3578 5107 3649 5161 ab
3681 5111 3820 5173 illis,

2235 5204 2340 5243 non
2391 5190 2564 5244 solum
2608 5189 2966 5258 diuumerata,
3006 5191 3100 5247 sed
3125 5202 3178 5246 et
3218 5208 3452 5248 usuram.
3483 5194 3712 5265 Videtis,
3743 5201 3828 5252 di-

2232 5283 2376 5343 lecti,
2404 5286 2634 5349 qu‘antus
2664 5282 2717 5336 in
2739 5282 2896 5338 dictis
2926 5293 3118 5340 terror.
3149 5285 3291 5353 Quid
3321 5302 3448 5357 ergo
3483 5288 3688 5357 dicent,
3735 5292 3818 5360 qui

2231 5374 2533 5428 concredita
2571 5389 2788 5429 servare
2825 5375 3118 5464 negligunt,
3143 5379 3357 5448 quando
3376 5380 3536 5434 etiam
3563 5397 3726 5436 usura
3754 5382 3819 5436 ab

2229 5465 2309 5520 eis
2354 5467 2684 5535 requiritur?

2305 5555 2474 5610 Usura
2506 5573 2598 5609 cur
2625 5557 2897 5627 prohibita.
2942 5587 2998 5600 —
3026 5559 3092 5614 Et
3130 5560 3252 5616 vida
3296 5559 3684 5618 humanitatem
3720 5567 3816 5620 Do-

2229 5635 2466 5702 mini..|u
2494 5647 2577 5702 his
2598 5648 2942 5704 seusibilibus
2985 5651 3225 5720 pecuniis
3263 5650 3535 5724 prohibuit
3585 5669 3656 5708 ne
3699 5657 3815 5726 quis

2234 5754 2445 5794 usuram
2475 5740 2758 5810 acciperet.
2797 5741 2994 5809 Quare,
3029 5750 3084 5797 et
3107 5742 3177 5798 ob
3217 5757 3378 5814 quam
3401 5758 3618 5801 causam
3636 5746 3660 5800 ἵ
3679 5747 3810 5812 Quia
