4054 6324
211 350 324 408 375

214 465 354 536 κτῆς
391 475 486 517 και
529 461 766 534 φοϐερᾶς
805 457 1116 532 τραπέζης,
1167 457 1259 511 ἐπὶ
1296 456 1396 518 τὰς
1436 453 1799 526 ἱπποδρομίας

213 543 621 617 διημερεύουσι.
654 541 750 598 καὶ
778 542 930 596 οὐδὲν
945 541 1129 602 αὐτοῖς
1154 538 1316 593 πλέον
1339 538 1447 592 ἀπὸ
1474 537 1573 607 τῆς
1601 537 1800 607 ἡμετέ-

215 644 319 700 ρας
350 626 644 698 γεγένηται
675 624 932 693 σπουδῆς,
968 621 1104 676 ἀλλά
1133 621 1386 693 καθάπερ
1414 619 1673 690 συνηθείᾳ
1694 618 1802 671 τινὶ

215 708 372 783 [6H]
393 709 770 773 δουλεύοντες,
806 707 1027 761 ἐπειδάν
1067 707 1232 778 νεύσῃ
1271 706 1431 776 μόνον
1455 706 1484 758 ὀ
1516 703 1762 765 διάϐολος
1781 741 1798 764 ,

213 792 514 863 αὐτόματοι
535 792 852 845 σπεύδουσιν
866 790 960 844 ἐπὶ
978 790 1047 845 τά
1063 789 1357 860 παράνομα
1373 789 1554 840 ἐκεῖνα
1573 787 1800 855 θέατρα,

214 875 311 929 καὶ
347 875 574 936 ἑαυτοὺς
630 875 846 936 ἑκόντες
890 875 1002 935 τοῖς
1031 871 1266 932 δικτύοις
1307 869 1668 922 ὑποϐάλλουσι
1704 865 1801 920 τοῦ

213 956 458 1028 πονηροῦ
483 957 755 1026 δαίμονος,
781 956 873 1010 καὶ
899 954 1022 1008 οὔτε
1049 954 1293 1025 ήμετέρα
1318 952 1589 1009 νουθεσία,
1617 949 1739 1002 οὔτε
1765 951 1800 1020 ή

215 1041 383 1108 πεῖρα
412 1039 573 1109 αὑτὴ,
607 1038 701 1091 καὶ
735 1039 797 1091 τὸ
823 1038 1080 1108 ἀνόνητον
1116 1037 1216 1104 τῆς
1246 1037 1364 1088 ἐκεῖ
1386 1033 1689 1105 διατριϐῆς,
1725 1033 1802 1084 δι-

215 1121 514 1184 δασκαλίας
541 1121 724 1182 αύτοῖς
755 1120 1012 1181 ὑπόθεσις
1039 1119 1230 1187 γέγονε
1251 1133 1265 1147 ·
1292 1118 1422 1188 ποίᾳ
1448 1117 1634 1169 λοιπὸν
1665 1132 1798 1186 προ-

216 1204 389 1274 θυμία
439 1203 501 1256 τὰ
547 1202 646 1272 τῆς
695 1201 1042 1263 διδασκαλίας
1082 1201 1372 1270 ποιήσαιμι
1420 1198 1559 1270 πρὸς
1603 1197 1802 1274 ἄνδρας

214 1287 371 1341 οὐδὲν
406 1286 707 1356 κερδαίνειν
734 1284 1088 1354 βουλομένους
1124 1285 1188 1338 ἐκ
1220 1284 1328 1337 τῶν
1365 1283 1495 1353 παρ’
1527 1280 1684 1351 ἡμῶν
1722 1278 1802 1330 λε-

216 1368 495 1438 γομένωνς
543 1366 650 1420 Kal
709 1365 783 1436 μὴ
836 1365 1140 1438 θαυμάσῃς.
1197 1365 1352 1418 Ἐπεὶ
1404 1365 1500 1417 καὶ
1533 1362 1799 1434 γηπόνος,

217 1449 438 1504 ἐπειδὰν
488 1450 572 1521 ἴδῃ
621 1449 758 1518 μετά
789 1450 984 1511 πόνους
1025 1447 1249 1508 πολλοὺς
1288 1447 1384 1500 καὶ
1429 1443 1803 1514 ταλαιπωρίας

217 1533 412 1600 ἄγονον
441 1531 733 1601 γινομένην
760 1530 861 1602 τήν
893 1531 1016 1600 γῆν,
1054 1531 1148 1584 καὶ
1172 1532 1273 1583 ούκ
1304 1529 1462 1596 ἀξίαν
1486 1527 1595 1580 τῶν
1623 1527 1803 1578 πόνων

216 1613 316 1684 τὴν
345 1612 577 1684 ἀμοιϐὴν
607 1612 1009 1684 παρεχομένην,
1031 1613 1390 1683 ὀκνηρότερος
1421 1611 1634 1679 γίνεται
1674 1607 1804 1676 περὶ

215 1696 317 1767 τήν
348 1694 458 1747 τῶν
487 1696 818 1765 σπερμάτων
842 1694 1166 1764 καταϐολὴν,
1195 1695 1290 1748 καὶ
1312 1695 1413 1748 οὐκ
1433 1693 1512 1746 ἔτι
1535 1690 1676 1761 μετὰ
1700 1688 1802 1758 τῆς

217 1777 391 1847 αὐτῆς
447 1776 754 1847 προθυμίας
812 1777 913 1846 τῆς
961 1781 1232 1846 γεωργίας
1277 1775 1639 1829 καθάπτεται.
1692 1770 1803 1825 Καὶ

221 1859 404 1929 ἰατρὸς
444 1859 502 1911 δέ
530 1859 747 1912 ἐπειδὰν
786 1858 872 1931 ἴδῃ
910 1859 1006 1912 τὸν
1051 1859 1333 1931 ἀρῤωστον
1375 1858 1451 1930 μὴ
1481 1856 1802 1926 πειθόμενον

216 1937 386 1994 αὐτοῦ
411 1941 524 2001 τοῖς
553 1941 944 2010 ἐπιτάγμασιν,
976 1940 1112 1994 ἀλλά
1139 1941 1237 2012 τὴν
1271 1943 1425 1995 νόσον
1459 1940 1644 2006 αὔξειν
1678 1940 1801 1994 καθ’

217 2023 457 2092 ἑκάστην
477 2021 882 2092 ἐπιτηδεύοντα,
915 2024 1176 2087 πολλάκις
1197 2023 1419 2093 ἀφίησιν
1447 2026 1804 2093 ἐναπομεῖναι

215 2108 283 2177 τῇ
323 2105 484 2176 νόσῳ,
513 2106 602 2159 ἵνα
632 2105 770 2177 αὐτή
789 2107 824 2176 ή
849 2109 1014 2177 πεῖρα
1043 2107 1365 2176 διδάσκαλος
1401 2107 1550 2178 αὐτῷ
1576 2109 1803 2175 γένηται

215 2188 328 2242 τῶν
357 2182 764 2260 συμφερόντων.
793 2188 905 2243 Kal
929 2190 980 2242 οί
1000 2188 1070 2244 τά
1102 2190 1403 2263 μαθήματα
1433 2191 1491 2244 δέ
1523 2193 1650 2253 τοὺς
1677 2193 1803 2243 παῖ-

215 2273 315 2335 δας
352 2272 796 2336 ἐκπαιδεύοντες,
828 2273 1049 2326 ἐπειδὰν
1102 2273 1252 2327 ἴδωσι
1299 2273 1368 2327 τά
1401 2275 1643 2343 πρότερα
1667 2276 1804 2326 ἀπο-

218 2356 511 2420 πτύοντας,
530 2357 625 2409 καὶ
649 2355 746 2426 τὴν
769 2357 990 2426 μνήμην
1011 2354 1120 2409 τῶν
1145 2356 1243 2426 ήδη
1273 2355 1538 2409 δοθέντων
1567 2355 1805 2409 ἀποϐάλ-

215 2438 428 2502 λοντας,
455 2437 713 2501 πολλάκις
739 2437 1173 2508 ἀποστρέφονται
1197 2438 1296 2509 τὴν
1321 2450 1346 2478 ι
1371 2439 1644 2508 ρᾳθυμίαν
1663 2439 1806 2509 διορ-

217 2520 471 2590 θούμενοι
493 2561 508 2581 ,
542 2520 637 2574 καὶ
692 2519 827 2588 πρὸς
861 2519 1094 2590 σπουδὴν
1144 2520 1365 2574 πλείονα
1416 2521 1800 2589 ἐπανάγοντες.

235 2603 371 2657 Ἀλλ’
391 2603 421 2654 6
453 2604 550 2672 μὲν
578 2603 816 2672 γηπόνος
835 2604 1059 2666 εἰκότως
1075 2604 1432 2675 ὀκνηρότερος
1454 2605 1662 2672 γίνεται
1679 2605 1805 2658 πολ-

211 2687 396 2749 λάκις,
429 2685 618 2756 ἐπειδὴ
643 2681 781 2738 οἶδεν
813 2686 894 2738 ότι
922 2686 992 2758 1}
1014 2690 1114 2753 τῆς
1144 2687 1348 2757 ζημίας
1369 2686 1516 2758 αύτῷ
1544 2689 1807 2741 ἐπιτείνε-

215 2687 396 2749 λάκις,
429 2686 618 2756 ἐπειδὴ
643 2686 781 2738 οἶδεν
813 2686 894 2738 ότι
922 2703 952 2738 τ
1014 2690 1114 2753 τῆς
1144 2687 1348 2757 ζημίας
1369 2686 1516 2758 αύτῷ
1544 2689 1800 2741 ἐπιτείνε-

215 2789 330 2832 ται,
361 2773 491 2824 ὅταν
513 2772 606 2824 τὸν
643 2771 742 2838 μὲν
775 2686 1066 2906 πόζίιαὶ
1112 2773 1210 2842 τὴν
1241 2772 1486 2843 δαπάνην
1521 2773 1765 2842 ὑπομένῃ
1785 2814 1800 2834 ,

215 2855 330 2906 τῶν
369 2855 425 2906 δὲ
473 2853 702 2906 καρπῶν
742 2856 852 2906 ἀπο
922 2855 1134 2906 εοῆται.
1183 2853 1287 2906 Kal
1336 2857 1364 2906 6
1397 2856 1580 2906 ἰατρὸς
1619 2856 1675 2906 δὲ
1704 2856 1800 2906 ούκ

215 2855 330 2909 τῶν
369 2855 425 2906 δὲ
473 2853 702 2923 καρπῶν
742 2853 1134 2925 ἀποστερῆται.
1183 2853 1287 2906 Kal
1336 2857 1364 2907 6
1397 2856 1580 2926 ἰατρὸς
1619 2856 1675 2908 δὲ
1704 2856 1804 2908 ούκ

216 2937 524 2999 ἀπεικότως
547 2934 865 2988 καταλείπει
887 2936 1146 3000 πολλάκις
1175 2938 1267 2989 τὸν
1301 2938 1614 3008 ἄρρωστον·
1647 2939 1805 3007 σῶμα

216 3021 330 3090 γάρ
373 3021 490 3072 ἐστι
517 3018 576 3071 τὸ
622 3018 1076 3088 θεραπευόμενον,
1109 3021 1203 3073 καὶ
1247 3020 1336 3073 διὰ
1365 3020 1526 3072 τοῦτο
1553 3020 1802 3090 ἀφίησιν,

218 3103 306 3154 ῖνα
334 3103 369 3171 ή
398 3100 499 3170 τῆς
530 3098 722 3168 ὀδύνης
751 3102 1002 3164 ἐπίτασις
1031 3104 1423 3174 παρασκευάσῃ
1449 3105 1529 3164 είς
1549 3103 1804 3174 αἴσθησιν

214 3183 316 3253 τῆς
339 3184 495 3234 νόσου
525 3181 698 3234 ἐλθεῖν
721 3182 815 3234 καὶ
837 3181 981 3235 οὕτω
1001 3183 1101 3253 τήν
1123 3185 1363 3252 ἰατρείαν
1383 3184 1800 3249 καταδέξασθαι.

217 3266 332 3319 Καὶ
354 3265 383 3315 ὀ
412 3263 522 3316 τῶν
570 3262 774 3315 παίδων
810 3262 1126 3327 διδάσκαλος
1149 3264 1236 3318 διά
1261 3265 1320 3318 τό
1351 3265 1540 3328 ἀτελὲς
1567 3267 1664 3335 τῆς
1683 3267 1803 3336 ἡλι-

217 3344 343 3408 κίας
375 3344 760 3416 συμφερόντως
789 3344 1054 3408 πολλάκις
1081 3346 1178 3409 τάς
1208 3346 1422 3415 πληγὰς
1452 3349 1802 3401 ἐπανατείνε-

217 3444 304 3481 ται
327 3429 442 3489 τοῖς
467 3428 676 3480 παισίν.
703 3427 843 3480 Ἀλλ’
861 3429 1023 3498 ἡμεῖς
1049 3430 1290 3500 σήμερον
1307 3430 1529 3494 τούτους
1555 3431 1804 3496 ἅπαντας

219 3507 719 3580 ὑπερϐαλλόμενοι,
775 3509 1307 3580 παρασκευαζόμεθα
1350 3513 1620 3585 πατρικὴν
1663 3515 1808 3584 φιλο-

221 3593 482 3664 στοργίαν
526 3593 654 3663 περὶ
693 3593 818 3655 τοὺς
867 3594 1190 3657 ἐπταικότας
1246 3596 1652 3660 ἐπιδείξασθαι,
1709 3599 1805 3651 καὶ

217 3674 429 3739 διδάξαι
450 3675 648 3737 αὐτοὺς
670 3675 774 3735 δτι,
797 3677 845 3727 εἰ
875 3675 1184 3744 ἐπιμένοιεν
1209 3678 1266 3727 ἐν
1289 3681 1355 3747 τῇ
1375 3679 1512 3748 αὐτῇ
1538 3679 1802 3750 ῥᾳθυμίᾳ,

219 3755 381 3809 τοῦτο
426 3755 560 3808 αὐτὸ
609 3756 856 3825 μείζονος
905 3760 1084 3820 αὐτοῖς
1139 3759 1515 3830 κατακρίσεως
1550 3760 1806 3823 ὑπόθεσις

221 3839 394 3892 ἐσται.
435 3838 494 3890 '0
522 3841 620 3908 μὲν
650 3839 759 3908 γὰρ
799 3840 1034 3909 γηπόνος
1074 3841 1134 3892 οὑ
1173 3842 1309 3910 μετὰ
1340 3842 1437 3911 τῆς
1469 3844 1641 3913 αὐτῆς
1674 3862 1806 3916 προ-¹

222 3919 420 3985 θυμίας
440 3920 770 3974 καταϐάλλει
790 3921 859 3974 τά
880 3921 1190 3992 σπέρματα,
1218 3925 1317 3993 τὴν
1339 3925 1586 3994 δαπάνην
1609 3928 1805 3980 ἐννοῶν

222 4003 342 4071 εικῆ
382 4003 475 4056 καὶ
508 4002 684 4072 μάτην
734 4003 834 4073 ἢδη
877 4006 1278 4075 γεγενημένην
1323 4009 1482 4077 ἡμεῖς
1512 4009 1568 4061 δὲ
1601 4009 1807 4078 ταύτης

221 4083 621 4155 ἀπηλλάγμεθα
662 4084 763 4152 τῆς
805 4086 1062 4151 ἀγωνίας.
1109 4088 1227 4140 Κᾶν
1257 4090 1367 4159 γάρ
1408 4091 1807 4155 καταϐαλόντες

223 4170 315 4222 τὸν
343 4169 546 4238 σπόρον
567 4166 752 4220 τοῦτον
772 4167 864 4220 τδν
890 4171 1276 4237 πνευματικὸν,
1299 4173 1511 4244 διάτὴν
1534 4175 1806 4244 ῥαθυμίαν

223 4250 332 4303 τῶν
361 4251 666 4302 ἀκουόντων
682 4249 773 4301 τὸν
805 4250 1012 4321 καρπὸν
1044 4253 1118 4322 μὴ
1142 4254 1447 4323 δεχώμεθα,
1469 4259 1603 4326 ἡμῖν
1628 4259 1808 4328 ἀπηρ-

223 4332 478 4401 τισμένος
514 4332 544 4383 6
567 4331 756 4401 μισθὸς
786 4332 966 4384 ἔσται·
1002 4333 1059 4385 τὸ
1097 4335 1206 4404 γάρ
1244 4337 1604 4406 ἐμπιστευθὲν
1639 4340 1809 4411 ἀργύ-

228 4430 342 4484 ριον
368 4413 762 4482 κατεϐάλομεν,
788 4415 881 4466 καὶ
913 4415 972 4466 τὸ
988 4415 1278 4486 ἐπιταχθὲν
1306 4420 1459 4487 παρὰ
1480 4422 1573 4474 τοῦ
1606 4424 1808 4475 Δεσπό-

223 4512 318 4547 του
361 4498 440 4556 εἰς
489 4494 648 4565 ἔργον
681 4496 989 4565 ἠγάγομεν·
1037 4497 1222 4551 λοιπὸν
1271 4503 1384 4563 τοῖς
1439 4503 1731 4573 ἀκηκοόσιν
1779 4507 1808 4557 ὀ

223 4577 382 4644 λόγος
427 4577 563 4648 πρὸς
598 4578 802 4630 ἐκεῖνόν
836 4581 952 4632 ἐστι
995 4580 1084 4634 τὸν
1141 4581 1403 4651 μέλλοντα
1449 4585 1589 4654 μετὰ
1633 4588 1808 4639 τόκων

227 4662 478 4713 ἀπαιτεῖν
495 4661 563 4712 τά
589 4661 1019 4729 καταϐληθέντα.
1048 4664 1188 4715 Ἀλλ’
1214 4664 1275 4717 ού
1296 4665 1453 4719 τοῦτο
1477 4668 1806 4738 σκοποῦμεν,

225 4744 306 4795 ὅτι
339 4743 500 4810 ἡμεῖς
536 4741 689 4804 ἐκτός
717 4744 881 4811 ἐσμεν
909 4745 1005 4813 τῆς
1032 4744 1256 4815 ζημίας,
1282 4749 1377 4801 καὶ
1397 4750 1456 4802 τὸ
1486 4751 1692 4804 ἑαυτῶν
1715 4770 1810 4805 πε-

227 4824 618 4894 πληρώκαμεν,
655 4823 788 4876 ἀλλά
830 4824 1130 4895 βουλόμεθα
1159 4831 1253 4882 καὶ
1285 4833 1428 4900 ὑμᾶς
1472 4834 1672 4903 πολλὴν
1700 4837 1809 4889 τῶν

226 4905 681 4989 καταϐληθέντων
702 4908 801 4989 τὴν
835 4911 1217 4978 πραγματείαν
1239 4915 1589 4985 ποιήσασθαι,
1622 4919 1709 4971 ἵνα
1732 4918 1808 4989 μὴ

226 4990 295 5056 τῇ
323 4987 564 5056 τιμωρίᾳ
599 4987 782 5059 ἐκείνη
812 4989 1103 5044 ὑπεύθυνοι
1141 4994 1390 5066 γένησθε,
1422 4997 1487 5067 ἢν
1518 4987 1808 5068 ὑπέμεινεν

229 5071 434 5130 ἐκεῖνος
457 5070 485 5121 ὀ
523 5070 583 5121 τὸ
612 5069 870 5123 τάλαντον
895 5073 1247 5141 καταχώσας,
1282 5079 1373 5130 καὶ
1406 5081 1468 5132 τὸ
1495 5080 1811 5137 δεσποτικὸν

229 5148 490 5219 ἀργύριον
515 5152 575 5202 οὐ
609 5151 769 5219 μόνον
798 5153 857 5204 ού
885 5153 1347 5221 πολυπλασιάσας,
1374 5158 1524 5231 [419]
1549 5163 1684 5215 ἀλλά
1718 5168 1810 5220 καὶ

230 5231 553 5301 κατορύξας.
582 5232 822 5286 Τοιοῦτοί
847 5237 982 5288 εἰσιν
998 5239 1047 5288 οἱ
1071 5239 1159 5290 τὸν
1172 5239 1327 5308 λόγον
1347 5243 1445 5312 τῆς
1463 5243 1810 5311 διδασκαλίας

228 5316 506 5399 δεχόμενοι
537 5316 816 5399 (τάλαντον
849 5321 956 5388 γάρ
995 5323 1088 5373 καὶ
1117 5322 1378 5395 ἀργύριον
1410 5325 1566 5380 τοῦτο
1593 5330 1807 5399 καλεῖ),

227 5397 322 5448 καί
353 5397 413 5448 ού
445 5397 834 5462 σπουδάζοντες
863 5405 1302 5473 καρποφορῆσαι,
1339 5411 1433 5462 καὶ
1477 5411 1676 5481 πολλὴν
1711 5397 1809 5485 τήν

230 5481 610 5570 πραγματείαν
633 5484 1145 5570 ποιήσασθαικἋλΥ
1171 5490 1298 5554 ἴσως
1323 5495 1463 5546 είποι
1487 5513 1570 5557 τις
1594 5497 1680 5560 ἂν,
1711 5481 1809 5570 τῆν

229 5562 544 5630 παραϐολὴν
575 5562 776 5633 ταύτην
811 5568 910 5637 τήν
939 5569 1045 5620 τῶν
1087 5572 1364 5625 ταλάντων
1411 5579 1536 5647 περὶ
1580 5579 1688 5630 τῶν
1727 5562 1807 5632 δί-

228 5644 513 5697 δασκάλων
553 5646 822 5717 εἰρῆσθαι.
886 5651 1056 5718 Κάγὼ
1093 5653 1250 5706 τοῦτό
1298 5644 1494 5725 φημι.-
1530 5660 1670 5713 Ἀλλ’
1713 5663 1808 5715 ἐὰν

229 5729 545 5797 ἐπέλθωμεν
580 5732 749 5800 αὐτὴν
783 5733 1024 5802 ἀκριϐῶς
1046 5775 1060 5796 ,
1088 5738 1293 5790 εἴσεσθε
1334 5741 1412 5792 ὅτι
1444 5743 1493 5794 οἰ
1528 5746 1626 5812 μὲν
1665 5747 1806 5801 διδά-

302 5821 325 5847 ⁶
357 5807 506 5859 Βατὶι.
535 5816 586 5859 el
607 5817 706 5862 [res
729 5827 839 5860 mss.
868 5817 1091 5873 πολλάκις
1113 5820 1438 5881 ἐπιστρέφουσι
1459 5807 1554 5880 τήν,

1240 342 1305 397 IN
1343 325 1498 398 CAP.
1540 335 1706 394 xvm
1748 334 1995 392 GENES.
2041 339 2271 395 nomL.
2307 341 2445 394 xu.

3391 339 3496 397 376

1912 450 2099 505 σκαλοι
2127 453 2229 522 τῆς
2262 452 2570 522 καταϐολῆς
2608 451 2770 522 μόνον
2801 449 3090 505 ὑπεύθυνοι
3113 452 3499 523 τυγχάνουσιν.

1909 535 2072 605 ὑμεῖς
2102 535 2160 590 δέ
2183 536 2245 589 ού
2281 537 2438 607 μόνον
2466 538 2566 606 τῆς
2589 536 2836 606 φυλακῆς
2876 536 2986 589 τῶν
3011 535 3497 606 καταϐληθέντων,

1909 618 2045 672 ἀλλά
2070 619 2284 690 καὶτῆς
2305 619 2710 692 πραγματείας.
2734 619 2846 673 Kal
2869 619 2953 673 ἵνα
2979 618 3178 690 μάθῃς,
3203 621 3501 688 ἀναγκαῖον

1909 701 2079 772 αὐτὴν
2117 703 2198 764 εἰς
2228 703 2391 770 μέσον
2420 705 2667 770 ἀγαγεῖν.
2690 701 3134 768 Οίκοδεσπότης
3159 719 3282 766 τις,
3310 704 3500 772 φησιν,

1908 783 2235 853 ἀποδημῶν
2262 783 2518 839 ἐκάλεσε
2543 784 2684 852 τοὺς
2708 785 2898 850 ἰδίους
2927 782 3207 849 δούλους.
3236 785 3336 837 καί
3358 784 3503 837 ἐδω-

1910 883 2020 919 κεν
2053 861 2101 932 ᾧ
2125 867 2244 935 μὲν
2280 868 2460 922 πέντε
2495 868 2797 932 τάλαντα,
2833 865 2880 930 ᾦ
2917 866 2986 919 δὲ
3033 868 3144 919 δύο
3165 907 3181 929 ,
3219 860 3269 932 ᾧ
3305 867 3375 919 δὲ
3407 866 3500 923 ἐν.

1907 952 2072 1004 Μετὰ
2102 946 2168 1002 δὲ
2196 953 2420 1020 χρόνον
2450 951 2956 1020 ,παραγενομένου
2993 950 3180 1005 αὑτοῦ
3220 949 3414 1018 ἦλθον
3445 952 3502 1002 οἰ

1909 1031 2117 1085 δοῦλοι
2136 1051 2151 1065 ·
2175 1035 2267 1086 καὶ
2289 1037 2322 1086 ὀ
2361 1036 2435 1086 τὰ
2461 1025 2644 1086 πέντε
2675 1033 2942 1086 τάλαντα
2968 1031 3172 1086 ,λαϐὼν
3192 1029 3504 1102 προσῆλθε

1909 1115 2137 1186 λέγων·
2179 1116 2378 1182 Κύριε,
2430 1116 2609 1170 πέντε
2655 1113 2925 1169 τάλαντά
2969 1131 3069 1185 μοι
3115 1114 3365 1178 ἔδωκας,
3411 1111 3536 1163 ιδε·

1909 1201 2071 1254 ἆλλα
2098 1201 2278 1255 πέντε
2310 1201 2575 1255 τάλαντα
2605 1201 2902 1270 ἐκέρδησα
2929 1201 3023 1252 ἐπ’
3057 1200 3282 1264 αὐτοῖς.
3325 1198 3504 1269 Πολλὴ

1909 1282 2004 1336 τοῦ
2037 1284 2248 1336 οἰκέτου
2293 1287 2326 1356 ή
2378 1284 2765 1354 εὐγνωμοσύνη
2795 1324 2810 1348 ,
2857 1282 3081 1353 δαψιλὴς
3109 1284 3144 1352 ή
3183 1282 3279 1334 τοῦ
3306 1281 3504 1333 δεσπό-

1908 1383 2004 1418 του
2037 1364 2441 1435 φιλανθρωπία.
2480 1367 2545 1418 Τί
2573 1366 2685 1436 γάρ
2720 1382 2915 1434 φησινς
2954 1360 3063 1423 Εὖ.
3096 1363 3282 1417 δοῦλε
3319 1361 3504 1431 ἀγαθὲ

1910 1449 2007 1502 καί
2042 1449 2221 1502 πιστέ
2247 1466 2262 1480 ·
2303 1450 2402 1501 ἐπὶ
2445 1449 2620 1516 ὀλίγα
2651 1444 2727 1516 ἦς
2763 1449 3000 1512 πιστὸς,
3027 1447 3122 1500 ἐπὶ
3154 1445 3402 1499 πολλῶν
3428 1460 3507 1498 σε

1910 1531 2302 1596 καταστήσω·
2343 1532 2584 1585 8108.108
2624 1533 2712 1595 είς
2750 1529 2865 1595 τὴν
2914 1531 3108 1597 χαρὰν
3136 1528 3245 1582 τοῦ
3290 1528 3510 1593 κυρίου

1911 1629 2048 1666 σου.
2093 1612 2330 1683 Ἐπειδὴ,
2364 1615 2498 1682 φησὶ
2520 1654 2535 1674 ,
2565 1613 2767 1683 πολλὴν
2792 1612 3000 1676 ἔδειξας
3034 1616 3092 1664 έν
3124 1613 3238 1674 τοῖς
3276 1611 3376 1680 ήδη
3409 1627 3505 1661 πι-

1911 1693 2187 1747 στευθεῖσι
2222 1693 2324 1766 τὴν
2371 1696 2825 1766 εὐγνωμοσύνην,
2867 1693 3016 1757 ἄξιος
3063 1688 3114 1746 εἰ
3147 1693 3242 1746 καὶ⁵
3281 1692 3512 1746 πλείονα

1910 1777 2344 1848 ἐγχειρισθῆναι.
2379 1777 2696 1845 Προσῆλθε
2718 1777 2786 1832 δὲ
2822 1777 2918 1829 καί
2943 1780 2976 1830 ό
3009 1775 3079 1828 τὰ
3099 1776 3208 1828 δύο
3237 1773 3504 1828 τάλαντα

1909 1859 2194 1928 είληςςὼς,
2220 1861 2417 1929 λέγων
2437 1876 2448 1888 ·
2472 1861 2620 1928 Οὑχί
2659 1859 2770 1913 δύο
2796 1857 3064 1913 τάλαντὰ
3088 1875 3188 1927 μοι
3236 1857 3509 1925 παρέδω-⁹

1911 1958 2061 2007 autc;
2084 1942 2206 1996 Ἴδε
2231 1942 2395 1996 ἄλλα
2420 1943 2530 1996 δύο
2550 1943 2818 1996 τάλαντα
2839 1941 3138 2009 ἐκέρδησα
3158 1940 3248 1994 ἐπ’
3270 1939 3498 2004 αὐτοῖς.

1913 2025 2091 2095 Πολλὴ
2118 2025 2214 2078 καὶ
2237 2024 2429 2077 τούτου
2461 2027 2494 2094 ή
2524 2026 2653 2094 περὶ
2691 2025 2761 2076 τά
2790 2023 3086 2076 δεσποτικὰ
3121 2025 3378 2095 χρήματα
3410 2021 3506 2074 εὗ-

1911 2124 2050 2171 νοια,
2080 2093 2168 2160 διὸ
2198 2107 2292 2161 καὶ⁵
2326 2107 2436 2158 τῶν
2470 2093 2652 2160 αὐτῶν
2686 2103 2932 2170 ἀξιοῦται
2964 2105 3044 2175 τῷ
3087 2093 3360 2176 προτέρῳ.
3394 2106 3507 2157 Kal

1910 2190 2054 2252 τίνος
2109 2189 2297 2241 ἕνεκεν
2341 2187 2435 2241 δύο
2477 2187 2860 2258 προσενεγκὼν
2909 2189 3148 2244 τάλαντα
3193 2188 3290 2256 τῆς
3330 2187 3504 2256 αὐτῆς

1912 2272 2106 2341 ἐκείνῳ
2151 2271 2231 2340 τῷ
2266 2271 2335 2323 τά
2366 2271 2529 2324 πέντε
2553 2272 2974 2338 ,προσαγαγόντι
3011 2271 3257 2337 ἀξιοῦται
3299 2272 3504 2340 τιμῆςς

1915 2354 2154 2416 Εἰκότως
2172 2370 2188 2386 ·
2210 2353 2300 2406 τὸν
2331 2354 2429 2423 μὲν
2453 2352 2562 2424 γάρ
2586 2349 2926 2421 πλεονασμὸν
2962 2353 3057 2406 καὶ
3083 2353 3180 2424 τὴν
3207 2353 3506 2406 ἐλάττωσιν

1912 2437 2011 2505 οὐχ
2043 2437 2076 2505 ἠ
2107 2434 2300 2487 τούτου
2330 2434 2564 2505 σπουδὴ.
2584 2435 2706 2488 ούδέ
2732 2437 2766 2505 ή
2789 2435 2998 2487 ἐκείνου
3021 2434 3263 2506 ῥᾳθυμία
3283 2434 3510 2504 πεποίηο

1913 2535 2027 2582 κεν,
2059 2517 2173 2570 ἀλλ’
2206 2519 2242 2587 η
2271 2515 2379 2568 τῶν
2404 2516 2877 2586 ἐμπιστευθέντων
2921 2517 3174 2586 ποσότης.
3208 2515 3292 2569 Τά
3320 2517 3508 2585 μέντοι

1912 2600 2012 2668 τῆς
2049 2599 2287 2668 σπουδῆς
2323 2601 2412 2652 ίσα
2440 2600 2535 2651 καὶ
2565 2598 2715 2669 παρὰ
2746 2599 2936 2650 τούτου
2956 2639 2971 2659 ,
3010 2598 3103 2651 καὶ
3128 2598 3260 2668 παρ’
3295 2596 3507 2650 ἐκείνου

1913 2683 2324 2751 εἰσενήνεκται·
2359 2681 2445 2734 διὰ
2473 2680 2633 2734 τοῦτο
2669 2682 2762 2734 καὶ
2792 2682 2891 2750 τῆς
2919 2681 3155 2752 ἀμοιϐῆς
3198 2682 3297 2752 τῆς
3336 2679 3510 2749 αὐτῆς

1914 2765 2264 2833 ἀπήλαυσαν.

1985 2935 2052 3005 β’.
2087 2935 2228 2987 Ἀλλ’
2250 2937 2278 2988 6
2302 2935 2489 3003 ἕτερος
2519 2933 2671 2986 οὐδὲν
2704 2931 2947 2986 τοιοῦτον
2983 2932 3312 3004 διεπράξατο
3331 2949 3345 2964 ·
3370 2934 3509 2988 άλλά

1911 3019 2003 3080 τίς
2059 3016 2337 3087 Προσῆλθε
2372 3017 2544 3085 λέγων
2566 3034 2581 3048 ·
2617 3018 2845 3084 Ἐγνων
2887 3032 2981 3078 σε,
3022 3017 3110 3069 ὅτι
3150 3018 3421 3084 σκληρὸς
3454 3015 3515 3071 εἴ

1912 3098 2224 3166 ἅνθρωπός
2242 3137 2256 3162 ,
2284 3097 2524 3167 θερίζῑυν
2564 3097 2858 3152 ὅπου-οὐκ
2888 3099 3198 3168 ἔσπειρας,
3227 3102 3326 3153 καί
3354 3119 3510 3156 συν-

1912 3180 2073 3248 άγων
2106 3182 2246 3234 ὅθεν
2276 3183 2348 3234 οὐ
2380 3180 2852 3247 διεσκόρπισας·
2899 3183 2998 3234 καί
3047 3185 3352 3251 φοϐηθεὶς,
3390 3186 3508 3239 ἁπ-

1912 3261 2106 3315 ελοὼν
2133 3262 2372 3328 ἔκρυψα
2410 3262 2476 3313 τὸ
2511 3261 2812 3315 τάλαντον
2840 3263 2912 3315 ἐν
2929 3263 3002 3332 τῇ
3170 3265 3319 3320 Ἰδοὺ
3346 3267 3512 3335 ἔχεις

1913 3343 1977 3396 τὸ
2023 3344 2161 3397 σόν.
2209 3345 2274 3395 Ὢ
2316 3344 2487 3396 κακία
2532 3344 2781 3396 οἰκέτουί
2827 3344 2873 3396 ὣ
2905 3347 3303 3418 ἀγνωμοσύνης
3339 3351 3513 3421 ὑπερ-

1915 3425 2046 3494 ϐολὴ
2072 3465 2086 3484 ,
2127 3425 2189 3477 ού
2220 3426 2378 3495 μόνον
2416 3425 2506 3478 ’ὅτι
2547 3426 2701 3478 οὐδὲν
2731 3428 3030 3498 εἰργάσατο
3059 3430 3154 3482 ἐπὶ
3193 3430 3272 3500 τῷ
3297 3432 3508 3485 δοθέντι

1914 3507 2064 3577 αύτῷ
2094 3507 2343 3577 ταλάντῳ
2365 3547 2381 3570 ,
2420 3507 2537 3559 ἀλλ’
2567 3509 2648 3561 ὃτι
2695 3511 2789 3562 καὶ
2825 3512 2942 3564 ἀντὶ
2972 3512 3240 3566 ταλάντου
3273 3531 3511 3585 κατηγο-

1916 3589 2038 3659 ρίαν
2081 3589 2458 3661 προσήνεγκεί
2506 3590 2761 3644 Τοιοῦτον
2790 3593 2900 3664 γάρ
2940 3596 2973 3663 ή
3016 3596 3269 3665 πονηρία·
3326 3601 3514 3650 σκοτοῖ

1913 3673 2004 3724 τὸν
2034 3673 2314 3742 λογισμὸν,
2353 3674 2447 3727 καὶ
2483 3674 2626 3726 κατά
2661 3676 2925 3745 κρημνῶν
2952 3680 3097 3729 ποιεῖ
3121 3678 3386 3749 φέρεσθαι
3414 3680 3511 3733 τὸν

1915 3754 2061 3820 ἀπαξ
2092 3755 2189 3822 τῆς
2230 3755 2444 3817 εύοείας
2476 3757 2834 3826 ἐκτραπέντα.
2855 3759 2996 3813 ὀδοῦ.
3031 3760 3218 3813 Ταῦτα
3242 3762 3299 3814 δὲ
3331 3762 3510 3816 πάντα

1916 3838 2045 3907 περὶ¹
2072 3837 2180 3888 τῶν
2211 3837 2554 3891 διδασκάλων
2586 3838 2829 3908 εἴρηται,
2856 3840 2996 3892 ὥστε
3034 3842 3109 3912 μὴ
3163 3843 3510 3915 ἀποκρύπτε-

1917 3920 2042 3970 σθαι
2073 3917 2142 3970 τά
2187 3920 2650 3988 ἐμπιστευθέντα,
2694 3921 2834 3974 ἀλλά
2868 3925 3006 3993 μετά
3051 3924 3233 3994 πάσης
3271 3927 3510 3994 σπουδῆς

1918 4001 2277 4070 παρατιθέναι
2320 4005 2431 4064 τοῖς
2475 4002 2959 4073 μαθητευομένοις.
3008 4005 3148 4058 Ἀλλ’
3189 4007 3354 4060 ἄκουε
3396 4008 3510 4059 λοι-

1917 4082 2038 4141 πὸν,
2071 4083 2323 4152 ἀγαπητέ
2348 4122 2363 4143 ,
2395 4085 2455 4136 ἐκ
2501 4085 2599 4153 τῆς
2643 4086 2781 4154 πρὸς
2813 4088 3020 4138 ἐκεῖνον
3053 4090 3504 4160 ἀγανακτήσεως,

1915 4166 2063 4225 ὅπως
2090 4166 2185 4218 καὶ
2221 4167 2271 4217 οἰ
2322 4167 2753 4238 μαθητευόμενοι
2790 4170 3086 4223 ὑπεύθυνοι
3112 4172 3375 4238 γίνονται,
3411 4177 3506 4226 καὶ

1916 4249 2015 4300 οὐκ
2063 4251 2244 4300 ἐκεῖνα
2308 4250 2468 4318 μόνον
2527 4253 2886 4306 ἀπαιτοῦνται
2937 4254 3008 4306 τά
3072 4255 3508 4326 καταϐληθέντα,

1918 4332 2053 4385 ἀλλά
2080 4335 2174 4385 καὶ
2199 4335 2333 4402 μετά
2351 4334 2446 4387 106
2469 4335 2628 4388 τόκου
2679 4337 2778 4405 τὴν
2809 4337 3034 4406 μέθοδον
3064 4340 3418 4408 ὑπομένουσι.
3443 4344 3508 4396 Τί

1918 4409 2008 4465 οὖν
2063 4431 2195 4484 φησι
2250 4417 2388 4486 πρὸς
2446 4418 2610 4470 αὐτὸν
2665 4421 2694 4469 6
2738 4419 3036 4489 δεσπότηςς
3070 4420 3222 4493 [415]
3276 4424 3512 4493 Πονηρὲ

1918 4495 2123 4549 δοῦλε.
2154 4498 2364 4568 Φοϐερά
2409 4500 2443 4568 ὴ
2468 4500 2864 4570 ἀγανάκτησις,
2904 4502 3063 4573 ἱκανὴ
3090 4506 3435 4574 καταπλῆξαι
3477 4510 3505 4576 ἡ

1920 4579 2140 4648 ἀπειλή.
2188 4581 2255 4632 Εἰ
2297 4580 2502 4649 ᾕδεις,
2566 4583 2761 4654 φησὶν,
2809 4584 2896 4637 ὅτι
2951 4587 3147 4654 θερίζὶιι
3192 4587 3345 4641 ὅπου
3396 4593 3508 4643 οὐκ

1918 4661 2192 4731 ἔσπειρα,
2210 4664 2306 4715 καὶ
2331 4665 2574 4735 συνάγω
2597 4667 2749 4720 ὅπου
2768 4670 2839 4720 οὑ
2851 4667 3272 4737 διεσκόρπισα,
3289 4672 3410 4726 ἔδει
3434 4690 3512 4726 σε

1918 4745 2281 4798 καταϐαλεῖν
2296 4747 2361 4798 τὸ
2379 4748 2665 4816 ἀργύριόν
2688 4767 2809 4818 μου
2837 4751 2933 4802 ἐπὶ
2963 4753 3103 4816 τοὺς
3128 4755 3504 4821 τραπεζῖτας,

1918 4827 2017 4877 καί
2055 4826 2399 4895 ἐγὼὲλθὼν
2439 4831 2591 4898 μετὰ
2635 4833 2815 4885 τόκου
2858 4833 3148 4901 ἀπῄτησα
3196 4833 3274 4887 ἂν
3317 4839 3508 4890 αὐτό·

1917 4909 2180 4980 ἀργύριον
2215 4911 2390 4980 λέγων
2436 4914 2505 4966 τὰ
2550 4913 2704 4981 λόγια
2743 4915 2811 4967 τά
2845 4917 3036 4986 τίμια,
3087 4918 3419 4987 τραπεζίτας
3451 4921 3509 4972 δὲ

1919 4991 2062 5059 ὑμᾶς
2095 4991 2278 5045 καλῶν
2325 4997 2449 5059 τοὺς
2478 4997 2928 5068 ὑποδεχομένους.
2959 5000 3058 5051 Σὺν
3091 4999 3193 5070 μὲν
3218 4996 3307 5071 ἦν,
3347 5003 3506 5072 φησὶ,

1917 5073 2246 5127 καταϐαλεῖν
2295 5077 2476 5147 μόνον,
2533 5080 2665 5149 ἐμὸν
2725 5081 2782 5134 δὲ
2838 5077 2908 5152 ἦν
2970 5082 3032 5133 τὸ
3085 5084 3218 5152 παρ’
3280 5083 3511 5136 ἐκείνων

1917 5156 2254 5226 ἀπαιτῆσαι,
2311 5161 2385 5232 μὴ
2432 5163 2590 5232 μόνον
2636 5165 2704 5216 τά
2744 5166 3190 5234 καταϐληθέντα,
3235 5165 3372 5220 ἀλλά
3410 5169 3507 5222 καὶ

1917 5239 2007 5289 τὸν
2063 5241 2200 5311 ὑπὲρ
2248 5243 2455 5297 τούτων
2508 5247 2683 5300 τόκον.
2722 5247 2951 5316 Ὀρᾶτε,
3005 5249 3326 5318 ἀγαπητοὶ,
3384 5250 3506 5314 πῶς

1918 5321 2088 5386 πολὺς
2133 5327 2161 5376 ὀ
2205 5326 2368 5394 φόϐος
2413 5329 2520 5382 τῶν
2565 5330 2890 5399 εἰρημένων,
2934 5330 2998 5383 Τί
3047 5331 3112 5384 ἂν
3158 5328 3252 5385 οὖν
3298 5334 3506 5386 εἴποιεν

1918 5404 1968 5454 οἰ
2000 5407 2095 5457 κα)⁸
2125 5406 2224 5474 τῆς
2255 5408 2500 5479 φυλακῆς
2529 5413 2638 5464 τῶν
2662 5413 3111 5482 καταϐληθέντων
3145 5417 3500 5484 ἀμελοῦντες,

1916 5487 2046 5540 ὃταν
2087 5492 2179 5542 καὶ
2204 5491 2294 5542 τὸν
2325 5492 2466 5563 ὑπὲρ
2498 5494 2703 5549 τούτων
2736 5498 2892 5550 τόκον
2921 5496 3318 5568 μεθοδεύωνται
3343 5517 3359 5565 ;

1989 5571 2099 5624 Kal
2143 5574 2245 5643 ὅρα
2284 5575 2697 5648 φιλανθρωπίαν
2746 5582 3041 5639 Δεσπότου.
3083 5583 3209 5637 Ἐπὶ
3255 5585 3353 5651 μὲν
3391 5571 3527 5637 τῶν⁵

1919 5656 2220 5738 χρημάτων
2248 5658 2355 5709 τῶν
2383 5661 2654 5730 αἰσθητῶν
2682 5664 3027 5734 ἀπηγόρευσε
3059 5666 3149 5719 τὸν
3179 5669 3336 5719 τόκον
3362 5668 3502 5738 λαμ-

1919 5735 2126 5820 ϐάνειν.
2159 5738 2315 5801 Τίνος
2338 5743 2543 5805 ἕνεκεν,
2569 5746 2661 5797 καὶ
2685 5746 2771 5798 διὰ
2791 5748 2840 5799 τί
2863 5764 2876 5810 ;
2902 5749 3017 5801 ’Ὁτι
3041 5751 3299 5820 ἑκάτερος
3318 5735 3500 5804 αὐτῶν

1919 5816 2116 5887 πολλὴν
2156 5824 2403 5878 ἐντεῦθεν
2431 5827 2690 5897 ὑπομένει
2735 5831 2830 5901 τὴν
2859 5831 3084 5904 βλάϐην.
3118 5816 3224 5888 τος
3269 5837 3502 5908 μὲνγὰρ
