4054 6324
236 375 341 432 577

245 499 473 556 uterque
500 494 691 554 magno
718 480 916 535 damno
939 473 1185 529 afﬁcitur.
1217 470 1348 525 Nam
1374 466 1585 523 debitor
1599 461 1823 556 quidem

239 551 422 646 inopia
490 551 777 631 atteritur,
825 565 1060 622 creditor
1112 570 1289 615 autem
1335 571 1534 626 augens
1580 551 1830 614 divitias,

242 642 585 738 peccatorum
612 659 908 716 accumulat
930 657 1027 712 sibi
1057 651 1473 738 multitudinem.
1506 644 1736 700 Proinde
1764 642 1834 696 ab

248 736 406 811 initio
434 753 560 808 olim
586 750 781 805 Judzeis
806 742 1159 803 crassioribus
1182 742 1285 795 tale
1313 736 1461 792 dedit
1486 741 1832 804 przeceptum,

241 847 470 901 dicens:
501 839 623 895 Non
655 837 973 910 {ancrabcris
1023 832 1170 902 fratri
1218 838 1305 883 tuo
1358 836 1405 881 et
1463 826 1695 895 proxima
1746 831 1835 874 tuo

243 936 434 1003 (Deut.
466 932 558 987 23.
591 931 717 999 l9).
749 928 861 995 Qua
906 925 1067 995 igitur
1093 917 1434 976 excusatione
1484 913 1629 983 digni
1674 920 1835 968 erunt

244 1028 335 1095 qui
384 1022 582 1077 Judteis
631 1027 757 1075 sunt
796 1013 1218 1077 inhumaniores,
1263 1018 1319 1064 et
1376 1014 1497 1078 post
1530 1004 1751 1075 gratiam
1782 1010 1834 1056 et

249 1091 451 1167 tantam
490 1125 520 1164 a
558 1110 783 1163 Domino
821 1104 1197 1174 benignitatem
1250 1096 1591 1152 inveniuntur
1641 1093 1704 1145 iis
1745 1091 1835 1161 qui

247 1202 350 1255 sub
375 1203 492 1269 lege
519 1197 729 1252 fuerunt
759 1195 1057 1255 inferiores,
1100 1190 1207 1243 imo
1230 1183 1475 1256 pejores?
1506 1182 1561 1236 In
1584 1182 1835 1248 spiritua-

248 1292 389 1345 libus
418 1290 559 1345 enim
602 1288 952 1355 repetiturum
997 1296 1055 1336 se
1094 1278 1353 1348 promittit
1382 1288 1589 1329 usuras.
1619 1269 1836 1338 Quare?

249 1380 386 1447 Quia
413 1377 950 1443 contrario-prorsus
995 1370 1154 1423 modo
1203 1382 1263 1421 se
1312 1365 1507 1418 habent
1546 1360 1837 1430 spiritualis

254 1484 437 1531 usura.
467 1477 521 1523 et
541 1467 827 1523 sensibilis.
871 1464 981 1518 Illic
1025 1462 1166 1516 enim
1222 1459 1268 1512 is
1319 1472 1349 1510 a
1401 1469 1507 1525 quo
1551 1454 1839 1523 requiritur

251 1573 463 1624 severe,
516 1558 692 1612 subito
740 1558 791 1609 in
848 1563 1140 1608 extremam
1182 1549 1412 1617 impiam
1447 1545 1723 1600 defertur:
1751 1544 1838 1598 hic

253 1659 432 1703 autem
464 1648 509 1702 is
537 1663 565 1701 a
591 1663 695 1717 quo
721 1646 968 1716 exigitur,
989 1642 1199 1713 quando
1230 1648 1436 1711 gratum
1463 1638 1698 1691 animum
1728 1651 1838 1704 pro:

255 1752 316 1791 se
369 1736 573 1801 tulerit,
612 1747 810 1804 quanto
861 1733 1113 1801 majorem
1163 1744 1377 1783 usuram
1424 1727 1643 1790 aiTcret,
1694 1735 1840 1779 tanto

258 1827 471 1897 Iargiori
525 1826 729 1881 fruetur
788 1825 988 1879 czelesti
1042 1821 1492 1877 remuneratione.
1541 1818 1837 1885 Quocirca,

255 1917 461 1984 dilecti,
483 1932 605 1972 cum
631 1918 781 1970 vobis
807 1914 1110 1970 concredita
1139 1911 1670 1974 dinumeraverimus,
1692 1908 1842 1962 vobis

259 2008 619 2064 necessarium
649 2008 751 2061 erit
792 2005 1058 2074 duplicem
1088 2002 1280 2056 aﬁ'erre
1319 2000 1553 2054 laborem
1606 2007 1659 2051 et
1711 1996 1842 2066 vigi-

260 2097 502 2160 lantiam,
558 2103 666 2149 tum
712 2095 848 2163 quod
884 2093 1215 2147 dinumerata
1238 2088 1582 2143 custodienda
1606 2096 1750 2150 sunt,
1784 2094 1843 2163 ut

261 2185 366 2242 ﬁxa
393 2195 642 2240 maneant
670 2202 685 2240 :
719 2162 829 2238 tum
860 2182 998 2253 quod
1028 2175 1357 2250 operandun‘i
1390 2189 1447 2233 ut
1471 2189 1523 2231 et
1546 2178 1665 2231 aliis
1689 2162 1851 2230 com:

260 2277 619 2343 municcntur,
650 2285 703 2331 et
732 2276 929 2330 multos
971 2275 1022 2328 in
1055 2274 1189 2326 viam
1232 2272 1439 2325 virtutis
1464 2271 1716 2326 inducant
1747 2286 1761 2322 :
1788 2278 1844 2321 ut

261 2367 505 2423 bifariam
532 2368 681 2421 vobis
708 2368 910 2421 lucrum
948 2374 1235 2428 accrescat,
1264 2371 1374 2416 tum
1417 2378 1510 2431 pro
1537 2361 1710 2414 salute
1743 2374 1841 2413 ve-

259 2465 397 2523 stra,
427 2466 538 2510 tum
571 2471 667 2525 pro
687 2456 911 2525 aliorum
944 2454 1185 2509 utilitate.
1217 2453 1368 2519 Quod
1394 2455 1437 2506 si
1465 2452 1564 2506 hoc
1592 2450 1841 2515 feceritis,

258 2555 316 2600 ct
344 2561 444 2601 nos
469 2546 702 2601 reddetis
728 2546 911 2601 beatos
957 2563 971 2599 :
1001 2543 1185 2597 Beatus
1204 2546 1354 2607 enim,
1390 2543 1578 2612 inquit,
1606 2542 1693 2610 qui
1723 2540 1844 2593 dicit

259 2637 487 2690 inaures
524 2638 833 2689 audientium
893 2635 1093 2705 (Eccli.
1120 2636 1214 2690 95.
1278 2635 1374 2704 12)
1404 2645 1493 2688 :et
1540 2633 1741 2688 facit-tis
1791 2641 1848 2686 ut

261 2725 462 2796 largior
492 2726 642 2779 vobis
666 2726 778 2780 ha-c
807 2725 1093 2795 spiritualis
1114 2734 1412 2793 apponatur
1450 2740 1654 2778 meum.
1689 2725 1849 2791 Igitur

261 2816 460 2871 fratres
484 2826 688 2869 vestros
710 2815 873 2870 nolite
899 2816 1186 2886 negligere,
1214 2830 1383 2884 neque
1413 2817 1584 2869 stilum
1612 2825 1848 2883 spectate

260 2922 385 2977 qua:
410 2906 475 2959 ad
502 2922 596 2961 vos
621 2907 845 2962 attinent
877 2925 889 2959 :
914 2908 1005 2962 sed
1034 2907 1317 2977 unicuique
1342 2923 1466 2961 cura
1489 2909 1557 2961 sit
1581 2907 1849 2976 quomodo

265 2998 567 3067 proximum
590 3013 745 3055 suum
782 3015 813 3053 θ
858 2999 1053 3052 diaboli
1083 2997 1321 3051 faucibus
1342 3000 1551 3066 eripiat,
1584 3008 1636 3050 et
1661 2996 1729 3050 ab
1753 2998 1851 3048 itu-

264 3088 365 3158 piis
388 3087 491 3141 illis
510 3089 825 3157 spectaculis
852 3089 902 3142 in
926 3090 1206 3143 ecclesiam
1229 3088 1479 3154 adducat,
1505 3088 1850 3142 monstrando

261 3179 313 3234 ci
348 3178 749 3233 multalenitate
776 3189 831 3232 et
875 3179 1279 3233 mansuetudine
1320 3188 1431 3233 tum
1478 3179 1660 3235 damni
1706 3182 1847 3251 quod

266 3268 413 3323 illinc
443 3267 543 3323 fert
570 3270 907 3337 gravitatem,
943 3278 1053 3323 tum
1085 3269 1345 3324 bonorum
1391 3287 1510 3340 qua:
1541 3272 1628 3327 hic
1655 3290 1843 3330 coice-

264 3356 469 3411 duntur
519 3358 984 3427 magnitudinem:
1026 3367 1209 3413 etnon
1258 3360 1429 3414 solum
1481 3363 1647 3417 semel
1691 3373 1850 3433 atque

266 3447 461 3502 iterum
486 3448 588 3502 hoc
611 3447 787 3511 facite,
817 3448 911 3504 sed
943 3464 1171 3519 semper.
1195 3449 1326 3505 Nam
1356 3451 1457 3505 etsi
1488 3452 1646 3507 hodie
1674 3455 1851 3509 verbis

268 3536 378 3589 tuis
430 3552 534 3589 non
571 3536 922 3605 obtemperat,
982 3547 1161 3606 postea
1205 3539 1593 3608 obtemperabit
1648 3559 1659 3594 :
1707 3552 1760 3597 et
1803 3543 1849 3597 si

268 3641 442 3695 neque
466 3626 701 3683 secundo
726 3628 1031 3682 admonenti
1079 3628 1467 3698 obtemperabit
1492 3670 1507 3695 ,
1540 3632 1734 3686 iterum
1767 3642 1849 3686 ta-

266 3732 391 3771 men
416 3726 467 3771 te
494 3717 676 3773 videns
698 3728 996 3788 urgentem,
1021 3718 1155 3773 forte
1179 3720 1478 3783 erubescet,
1509 3733 1561 3776 et
1589 3725 1850 3779 reveritus

265 3817 414 3861 tuam
440 3822 644 3874 curam,
693 3824 722 3862 a
766 3810 1076 3877 perniciosis
1126 3810 1229 3865 illis
1257 3810 1561 3865 abstinebit.
1594 3812 1663 3867 Et
1690 3830 1848 3868 num-

264 3912 427 3967 quam
474 3897 880 3962 dicas:Semel,
922 3909 973 3953 et
1009 3901 1233 3968 iterum,
1277 3912 1331 3955 et
1380 3903 1534 3957 tertio
1574 3913 1629 3959 et
1654 3906 1850 3975 smpius

266 3987 486 4052 monui,
517 3997 571 4041 et
617 3989 747 4041 nihil
779 3988 999 4056 profeci.
1057 3990 1133 4045 Ne
1173 4007 1392 4047 monere
1436 3994 1650 4049 desinas
1680 4014 1694 4052 :
1724 4013 1848 4052 nam

264 4083 466 4146 quanto
490 4077 657 4148 magis
687 4087 740 4133 tu
771 4082 1194 4147 perseveraveris
1212 4122 1225 4143 ,
1266 4090 1412 4136 tanto
1435 4084 1599 4153 magis
1629 4096 1680 4139 et
1704 4103 1848 4142 mer-

263 4181 356 4223 ces
388 4167 479 4221 tibi
528 4179 750 4223 crescet.
806 4168 921 4223 Non
971 4170 1162 4224 videtis
1211 4182 1407 4239 quanta
1434 4177 1671 4228 omnium
1712 4178 1850 4230 Deus

266 4270 368 4309 nos
397 4257 649 4331 patientia
671 4259 882 4326 tolerat,
913 4271 961 4314 et
992 4263 1511 4331 quomodoquotidie
1535 4268 1851 4336 negligimus

265 4348 635 4418 obtemperare
674 4351 789 4420 ejus
840 4352 1124 4420 mandatis,
1173 4361 1227 4407 et
1269 4370 1441 4423 neque
1480 4357 1559 4411 sic
1595 4367 1769 4412 cessat
1818 4374 1846 4411 a

221 4433 230 4438 ’
266 4452 395 4493 cura
452 4432 655 4504 nostra,
688 4440 784 4494 sed
812 4443 990 4495 omnia
1042 4457 1136 4495 sua
1168 4446 1487 4512 suppeditat,
1517 4449 1685 4501 solem
1718 4450 1845 4503 oriri

264 4538 436 4596 curat,
463 4530 668 4598 pluvias
704 4531 969 4607 concedit,
994 4532 1203 4601 aliaque
1223 4534 1435 4587 omnia?
1468 4536 1635 4591 Simili
1688 4539 1850 4594 modo

265 4625 322 4672 et
353 4632 452 4672 nos
476 4633 600 4688 erga
630 4618 819 4674 fratres
849 4630 1059 4675 nostros
1087 4622 1222 4676 bene
1267 4622 1465 4690 allecti,
1522 4642 1707 4697 magna
1735 4638 1846 4682 uta-

266 4721 389 4760 mur
414 4706 709 4777 diligentia,
756 4720 809 4763 et
855 4711 1191 4766 obluctemur
1220 4714 1452 4782 maligno
1482 4716 1553 4768 illi
1593 4718 1845 4786 dzemoni,

265 4804 325 4849 ut
347 4794 530 4851 irritos
566 4796 683 4866 ejus
724 4798 977 4853 faciamus
1014 4812 1255 4857 conatus.
1301 4804 1430 4857 Nam
1462 4806 1505 4859 si
1536 4809 1728 4877 singuli
1757 4812 1845 4879 qui

264 4883 476 4950 adsunt,
519 4900 681 4939 unum
725 4887 1032 4943 lucrifacere
1078 4901 1310 4957 possent,
1370 4894 1538 4962 cogita
1591 4911 1844 4964 quantam

265 4971 421 5026 nobis
442 4974 673 5030 Imtitiam
722 4978 952 5032 Ecclesia
995 4980 1328 5035 multitudine
1373 4982 1601 5037 ﬁliormn
1629 5001 1845 5043 suorum

263 5065 566 5121 ostenderet
622 5083 640 5123 :
679 5077 735 5122 et
782 5070 1025 5125 diabolus
1069 5072 1504 5140 confunderetur,
1556 5078 1742 5132 videns
1790 5081 1846 5135 in

266 5168 460 5208 vanum
509 5166 564 5209 et
605 5156 800 5213 frustra
852 5161 1067 5214 extendi
1125 5177 1217 5217 sua
1266 5165 1417 5218 retia.
1464 5166 1615 5232 Quod
1660 5171 1704 5223 si
1746 5172 1848 5227 hoc

264 5240 520 5311 feceritis,
560 5248 786 5302 audietis
831 5259 885 5304 et
929 5265 1024 5305 vos
1070 5252 1121 5305 in
1167 5252 1254 5308 die
1306 5254 1397 5307 illo
1447 5271 1461 5306 :
1506 5256 1667 5327 Euge,
1709 5277 1849 5316 serve

260 5333 390 5387 bene
429 5337 681 5403 ctﬁdelis,
706 5340 759 5392 in
789 5356 949 5409 pauca
989 5342 1130 5411 fuisti
1178 5345 1362 5411 ﬁdelis,
1402 5363 1558 5415 supra
1603 5349 1760 5403 multa
1800 5362 1847 5407 te

258 5428 580 5481 constituam.

329 5516 384 5570 5.
424 5516 685 5574 Caeterum
715 5522 851 5576 bona
880 5537 975 5593 spe
998 5539 1115 5581 sum
1146 5540 1239 5580 vos
1261 5526 1359 5581 hoc
1388 5528 1617 5583 facturos
1645 5548 1656 5583 :
1689 5534 1845 5588 video

257 5607 401 5660 enim
431 5608 603 5664 vultus
634 5622 859 5679 vestros,
888 5624 942 5668 et
971 5616 1329 5685 conjecturam
1358 5633 1509 5671 sumo
1532 5636 1624 5673 vos
1651 5622 1841 5678 admo-

252 5698 517 5753 nitionem
549 5713 781 5758 nostram
824 5720 1010 5776 magna
1039 5709 1307 5778 voluptate
1337 5712 1606 5780 accepisse
1629 5753 1644 5777 ,
1682 5725 1843 5788 atque

1215 357 1280 414 IN
1316 355 1469 413 CAP.
1516 351 1697 409 XVIII.
1737 346 1985 404 GENES.
2027 345 2255 403 ilOMlL.
2290 342 2424 401 XLI.

3433 336 3540 392 ’478

1946 456 2072 514 binc
2110 474 2269 528 spero
2313 473 2438 521 vos,
2469 456 2609 529 quod
2640 464 2874 512 vestrum
2904 453 3095 523 fuerit,
3124 453 3377 509 facturos.
3408 453 3542 508 Pro-

1942 549 2066 605 inde
2098 550 2234 604 hanc
2276 548 2694 603 admonitionem
2735 547 2821 602 hic
2850 544 3103 600 ﬁniamus
3130 563 3144 599 :
3177 558 3547 614 proponamus

1944 649 2123 693 autem
2153 638 2305 693 vobis
2334 646 2549 694 tenuem
2590 651 2828 692 nostram
2858 651 2921 691 ac
2950 650 3242 706 pauperem
3272 648 3539 695 mensam,

1942 740 1999 787 ut
2023 746 2144 786 cum
2164 731 2377 786 solitam
2405 731 2718 800 acceperitis
2738 729 3055 792 doctrinam,
3081 728 3300 783 domum
3340 739 3542 781 conce-

1940 823 2100 879 datis.
2133 822 2324 893 Operaa
2344 822 2572 893 pretiu‘m
2598 822 2740 876 enim
2772 820 2932 876 fuerit
2956 830 3010 874 et
3033 820 3190 874 hodie
3220 820 3272 873 in
3302 818 3535 873 medium

1941 915 2135 970 afferre
2165 915 2517 985 patriarcharn
2541 914 2831 979 Abraham,
2855 922 2914 966 ut
2942 913 3162 967 discatis
3190 921 3442 981 quantam
3465 909 3537 962 ab

1943 1006 2299 1076 hospitalitate
2338 1005 2639 1060 mercedem
2679 1004 2962 1074 acceperit.
3000 1004 3022 1058 Ι
3061 1002 3246 1072 (Caput
3294 1000 3401 1071 l8).
3429 1000 3538 1068 Ap-

1943 1100 2112 1167 paruit
2141 1099 2186 1151 ei
2209 1107 2374 1152 autem
2402 1096 2537 1150 Deus
2556 1139 2571 1162 ,
2605 1097 2810 1165 inquit,
2840 1096 2978 1165 apud
3004 1110 3243 1164 quercum
3287 1092 3539 1157 Mantbre,
3569 1156 3573 1160 θ

1942 1191 2142 1244 sedente
2165 1190 2275 1258 ipso
2298 1189 2366 1241 ad
2381 1191 2598 1259 jannam
2627 1187 2937 1241 tabernaculi
2957 1186 3039 1240 sui
3060 1186 3285 1239 meridie.
3314 1184 3533 1253 Singula

1944 1282 2103 1337 verba
2120 1281 2402 1352 diligenter
2416 1281 2768 1347 excutiamus,
2783 1290 2834 1335 et
2851 1289 3038 1349 aperto
3054 1278 3328 1341 thesauro,
3352 1289 3541 1330 omnes

1944 1375 1997 1429 in
2042 1390 2109 1429 eo
2144 1375 2368 1429 latentes
2411 1373 2622 1428 divitias
2667 1372 2958 1427 discamus.
2990 1371 3166 1437 Quare
3207 1369 3286 1422 sic
3316 1381 3544 1423 exorsus

1943 1476 2044 1529 est,
2078 1467 2326 1537 Apparuit
2355 1476 2525 1519 autem
2553 1466 2599 1519 ei
2620 1464 2797 1519 Deus?
2820 1464 3011 1533 Specta
3044 1460 3251 1516 Domini
3294 1460 3541 1529 benigni-

1947 1565 2130 1623 tatem,
2153 1566 2206 1611 et
2231 1556 2512 1611 considera
2540 1555 2718 1609 famuli
2740 1565 2948 1624 gratum
2971 1552 3228 1607 animum.
3251 1551 3539 1620 Postquam

1945 1648 2087 1700 enim
2112 1646 2357 1716 superius
2376 1645 2619 1715 apparuit
2647 1643 2721 1710 ei,
2743 1653 2797 1698 et
2818 1651 3014 1713 prmter
3035 1650 3227 1696 caetera
3254 1640 3415 1695 etiam
3444 1639 3545 1693 cir-

1945 1735 2285 1792 cutncisionis
2313 1735 2618 1789 mandatum
2657 1733 2911 1804 przrcepit
2938 1750 2951 1784 :
2984 1732 3211 1786 eximius
3238 1740 3417 1785 autem
3441 1729 3542 1783 iste

1947 1830 2028 1883 vir
2057 1842 2270 1897 semper
2289 1843 2407 1897 quat
2435 1842 2466 1882 a
2500 1827 2609 1881 Deo
2638 1834 2902 1897 praecepta
2933 1834 3079 1879 erant
3105 1823 3392 1892 diligenter
3414 1836 3539 1891 per-

1948 1919 2105 1975 ﬁcere
2129 1961 2143 1983 ,
2178 1918 2376 1988 rejecta
2420 1917 2564 1970 omni
2613 1931 2793 1982 mora,
2828 1914 3033 1969 curavit
3066 1922 3161 1968 :ct
3198 1911 3544 1967 circumcisus

1946 2019 2029 2065 est
2078 2010 2218 2078 ipse,
2252 2008 2480 2077 impleas
2512 2005 2817 2060 mandatum
2850 2005 2977 2068 Dei,
3019 2012 3074 2058 et
3114 2002 3391 2057 lsmaelem
3433 2001 3542 2055 cir-
3620 2056 3623 2061 ,

1947 2099 2220 2160 cumcidit,
2252 2108 2305 2153 ct
2333 2098 2648 2152 vernaculos
2683 2110 2907 2162 omnes,
2935 2104 2991 2150 et
3018 2095 3069 2149 in
3111 2108 3318 2148 summa
3347 2093 3539 2147 miram

1948 2189 2235 2244 declaravit
2259 2189 2616 2243 obedientiam
2640 2206 2652 2240 :
2673 2188 2863 2242 iterum
2890 2187 2937 2241 ei
2968 2194 3207 2256 apparet.
3228 2184 3371 2238 Talis
3396 2183 3541 2237 enim

1948 2290 2029 2334 est
2056 2280 2314 2333 Dominus
2335 2272 2536 2341 noster‘,
2562 2287 2618 2331 ιιι
2646 2277 2689 2330 si
2720 2278 2935 2345 quando
2971 2276 3165 2330 viderit
3194 2289 3292 2328 nos
3321 2273 3373 2326 in
3402 2275 3547 2343 prio-

1950 2369 2095 2424 ribus
2120 2378 2320 2439 gratos,
2348 2368 2648 2423 accumulet
2674 2367 2930 2422 beneﬁcia
2951 2408 2967 2433 ,
2997 2374 3052 2421 et
3078 2382 3366 2435 numquam
3394 2382 3423 2418 a
3449 2380 3547 2419 sua

1951 2460 2296 2515 beneﬁcentia
2335 2459 2591 2524 desistat,
2628 2473 2977 2512 remunerans
3012 2456 3377 2511 obedientium
3420 2470 3547 2525 gra-

1952 2561 2061 2605 tum
2091 2549 2423 2620 obsequium.
2456 2549 2681 2618 Propter
2726 2548 2828 2603 hoc
2876 2549 3035 2617 igitur
3056 2589 3072 2612 ,
3116 2548 3239 2617 quia
3271 2546 3504 2600 obedivit
3529 2585 3546 2610 ,

1952 2645 2141 2697 iterum
2172 2642 2415 2712 apparuit
2439 2640 2509 2695 ei.
2538 2641 2650 2707 Qua
2677 2640 2744 2694 de
2768 2655 2928 2693 causa
2958 2640 3036 2694 sic
3066 2653 3223 2693 orsus
3247 2646 3331 2693 est
3358 2638 3548 2693 beatus

1952 2734 2126 2788 Moses
2155 2751 2166 2785 :
2196 2733 2449 2802 Apparuit
2479 2740 2649 2784 autem
2674 2732 2718 2784 ei
2761 2729 2897 2783 Deus
2930 2731 3069 2799 apud
3104 2745 3340 2799 quercum
3375 2728 3548 2780 Mam-

1952 2825 2057 2891 bre,
2089 2826 2291 2879 sedente
2313 2840 2371 2877 ea
2393 2824 2462 2875 ad
2466 2825 2684 2892 jannam
2710 2822 3019 2875 tabernaculi
3048 2822 3127 2873 sui
3157 2820 3384 2873 meridie.
3406 2819 3549 2873 Con-

1952 2915 2125 2969 sidera
2150 2956 2164 2978 ,
2197 2929 2293 2968 oro
2317 2955 2333 2980 ,
2365 2912 2452 2966 hic
2477 2914 2729 2966 virtutem
2754 2912 2904 2980 justi.
2949 2910 3169 2963 Sedente
3192 2951 3206 2971 ,
3241 2894 3407 2978 inquit
3432 2950 3445 2971 ,
3478 2907 3549 2959 ad

1954 3009 2089 3075 fores
2116 3004 2425 3058 tabernaculi
2469 3003 2570 3057 sui.
2605 3002 2907 3070 Tantoperc
2945 3000 3167 3054 curabat
3210 2998 3549 3068 hospitalita-

1954 3102 2083 3157 tem,
2117 3102 2174 3147 ut
2202 3093 2369 3146 nollet
2399 3093 2666 3162 hospitum
2696 3090 3036 3145 venationem
3062 3089 3295 3158 cuipiam
3322 3087 3550 3142 familia-

1954 3187 2090 3240 rium
2110 3186 2447 3241 committere
2472 3204 2485 3239 :
2530 3184 2625 3239 sed
2647 3192 2916 3238 trecentos
2931 3183 3115 3237 decem
3133 3190 3188 3236 et
3202 3190 3326 3236 octo
3346 3180 3552 3236 habens

1952 3279 2299 3343 vernaculos,
2343 3276 2504 3331 homo
2542 3290 2708 3331 senex
2762 3283 2817 3329 et
2857 3290 2997 3328 nunc
3047 3273 3335 3343 decrepita:
3378 3273 3554 3327 anatis

1958 3367 2342 3439 (centenarias
2385 3365 2527 3419 enim
2565 3373 2680 3419 erat
2712 3363 2752 3433 ),
2785 3362 2924 3431 apud
2958 3363 3175 3432 januam
3216 3362 3455 3417 sedebat.
3485 3362 3553 3416 Et

1957 3458 2042 3512 hic
2069 3456 2282 3527 quidem
2325 3456 2427 3511 hoc
2453 3466 2663 3511 summo
2691 3455 2870 3509 studio
2893 3454 3148 3519 curabat,
3180 3463 3232 3507 et
3265 3468 3436 3522 neque
3464 3467 3553 3507 sc-

1956 3557 2143 3603 ncctus
2168 3548 2242 3602 illi
2269 3547 2545 3601 obstaculo
2568 3557 2704 3610 erat,
2733 3561 2906 3615 neque.
2930 3560 3041 3599 sua:
3068 3543 3261 3615 quietis
3287 3560 3438 3610 cura,
3458 3560 3553 3599 ne-

1954 3656 2062 3710 que,
2097 3641 2238 3695 intus
2274 3654 2436 3709 super
2477 3641 2671 3694 lectum
2710 3638 3087 3702 recumbebat,
3118 3637 3211 3693 sed
3255 3638 3320 3692 ad
3351 3638 3551 3692 ostium

1953 3730 2175 3785 sedebat
2201 3748 2216 3784 :
2247 3730 2336 3783 alii
2361 3739 2539 3784 autem
2566 3743 2710 3797 saepe
2740 3742 2845 3783 non
2872 3729 3043 3783 solum
3076 3736 3281 3782 tantum
3312 3728 3547 3783 studium

1954 3837 2060 3875 non
2091 3820 2365 3885 adhibent,
2395 3820 2488 3874 sed
2531 3832 2585 3874 et
2612 3820 2765 3889 plane
2794 3819 3084 3882 diversum,
3113 3830 3168 3873 et
3197 3820 3386 3874 horum
3416 3833 3551 3873 con-

1953 3926 2167 3981 gressus
2194 3911 2399 3982 fugiunt
2425 3919 2479 3965 et
2506 3911 2728 3975 evitant,
2754 3921 2901 3965 utne
2930 3911 3080 3965 inviti
3110 3921 3368 3982 cogantur
3396 3912 3550 3967 exci-
3639 3897 3642 3900 ’

1957 4018 2102 4071 pere.
2134 4002 2331 4057 Verum
2368 4017 2475 4055 non
2497 4000 2672 4070 justus
2710 4002 2798 4055 ille
2845 4002 2915 4055 ita
2942 4004 3173 4071 agebat,
3202 4003 3295 4057 sed
3325 4002 3552 4057 sedebat

1954 4094 2021 4147 ad
2063 4093 2278 4162 jannam
2308 4093 2551 4146 meridie.
2586 4092 2719 4146 ilinc
2747 4094 2890 4147 enim
2922 4094 3094 4162 major
3117 4092 3453 4163 hospitalitas
3497 4104 3555 4149 et

1956 4184 2129 4237 virtus
2165 4181 2283 4252 ejus
2324 4182 2553 4245 ducitur,
2586 4181 2726 4251 quod
2755 4184 2807 4235 in
2836 4183 3059 4237 meridie
3088 4182 3192 4237 hoc
3229 4182 3448 4238 faceret.
3484 4184 3554 4240 Et

1955 4275 2147 4328 merito
2185 4273 2397 4343 quidem
2424 4275 2584 4344 :qnia
2612 4275 2754 4328 enim
2786 4275 3007 4340 sciebat,
3036 4289 3148 4339 eos,
3181 4275 3269 4343 qui
3308 4277 3550 4346 peregri-

1955 4377 2085 4416 nare
2126 4370 2387 4431 coguntur
2410 4403 2427 4427 ,
2456 4377 2523 4416 co
2557 4365 2786 4417 maxime
2828 4373 3069 4433 tempore
3107 4363 3347 4433 indigere
3382 4380 3510 4419 cura
3533 4406 3551 4433 ,

1956 4463 2164 4524 tempus
2192 4453 2569 4508 hocidoneum
2594 4454 2844 4523 eligebat,
2872 4465 2929 4508 et
2958 4455 3151 4510 sedens
3176 4470 3271 4511 eos
3296 4458 3386 4525 qui
3413 4473 3552 4527 pra:-

1956 4546 2183 4599 teribant
2200 4543 2508 4610 venabatur,
2524 4544 2754 4614 quietem
2776 4544 2877 4598 sibi
2897 4545 3100 4599 ducens
3114 4540 3430 4602 "ministrare
3448 4548 3554 4603 via-

1956 4635 2161 4689 toribus
2195 4652 2209 4687 :
2238 4642 2293 4688 et
2333 4649 2427 4687 eos
2451 4635 2538 4703 qui
2572 4633 2752 4689 calore
2776 4636 3091 4698 mstuabant,
3112 4637 3212 4690 sub
3241 4646 3435 4693 tectum
3464 4638 3553 4693 iu-

1955 4725 2237 4777 troduccre
2278 4724 2558 4789 Studebat,
2591 4738 2700 4778 non
2743 4726 2956 4780 curiose
2999 4726 3285 4795 explorans
3323 4742 3419 4783 eos
3459 4728 3553 4798 qui

1956 4816 2331 4884 praeteribant,
2363 4830 2535 4884 neque
2565 4816 2843 4885 requirens
2871 4831 2937 4870 an
2971 4819 3116 4884 noti,
3151 4819 3232 4873 vel
3272 4820 3435 4890 ignoti
3466 4835 3553 4875 es-

1954 4914 2095 4958 sent.
2127 4904 2309 4974 Neque
2336 4905 2477 4958 enim
2522 4906 2893 4975 hespitalitatis
2925 4892 3411 4979 fuerit‘ijigenter
3436 4912 3551 4965 sin-

1951 4997 2070 5064 gula
2101 4996 2445 5065 perscrutari.
2472 4995 2571 5050 sed
2599 4998 2846 5052 omnibus
2876 4998 3195 5068 simpliciter
3223 5017 3374 5055 suam
3405 5017 3553 5057 com-

1952 5087 2223 5140 municare
2265 5086 2662 5157 benignitatem,
2682 5098 2735 5143 et
2764 5091 2880 5157 quia
2902 5090 3272 5161 hospitalitatis
3298 5108 3554 5164 sagenam

1952 5176 2309 5243 cvpanderat,
2352 5178 2548 5232 meruit
2593 5188 2647 5232 et
2690 5180 3062 5234 universorum
3096 5182 3383 5238 Dominum
3428 5199 3553 5241 cum

1951 5265 2151 5331 ange'is
2211 5266 2322 5319 suis
2370 5266 2660 5336 suscipere.
2698 5269 2993 5339 Eapropter
3038 5271 3235 5327 Paulus
3279 5274 3493 5330 dicebat
3534 5293 3549 5328 ε

1958 5353 2333 5420 llospitalitatis
2361 5371 2423 5407 ne
2463 5357 2826 5412 obliviscamini
2855 5375 2872 5412 :
2904 5376 2993 5429 per
3021 5362 3152 5415 hanc
3183 5365 3318 5416 enim
3345 5364 3553 5434 quidam

1952 5444 2105 5496 nescii
2129 5485 2142 5507 ,
2172 5444 2377 5513 angelos
2404 5457 2701 5516 exceperunt
2729 5450 2948 5518 hospitio
2978 5452 2996 5522 (
3022 5452 3177 5507 Hebr.
3214 5455 3299 5510 i5.
3325 5455 3383 5525 Ξ)
3408 5473 3419 5507 :
3451 5472 3549 5527 pa-

1953 5537 2239 5594 triarcbam
2283 5541 2504 5593 omnino
2554 5542 2848 5596 insinuans.
2878 5547 3051 5613 Atque
3075 5546 3143 5599 ob
3169 5545 3272 5601 hoc
3308 5548 3553 5603 Christus

1951 5628 2161 5682 dicebat
2193 5647 2204 5681 :
2240 5629 2339 5696 Qui
2376 5635 2653 5701 susceperit
2691 5651 2851 5688 unum
2878 5652 2940 5689 ea:
2979 5637 3057 5691 his
3088 5638 3342 5705 minimis,
3375 5641 3426 5693 in
3454 5658 3550 5696 no-

1954 5720 2087 5772 mine
2112 5736 2238 5788 men,
2265 5737 2342 5774 me
2366 5724 2573 5786 suscipit
2602 5722 2811 5794 (Matth.
2852 5726 2938 5780 18.
2965 5727 3043 5798 5).
3076 5728 3387 5795 Audiamus,
3411 5729 3548 5784 dile-
