4054 6324
511 402 615 458 δτει

504 509 597 572 cti,
623 515 676 562 et
695 504 926 573 hospitio
946 500 1213 571 excepturi
1240 501 1255 532 ¹
1289 513 1574 568 numquam
1595 512 1916 567 qumramus,
1931 496 2081 561 Quis,

503 608 558 651 et
588 596 743 650 unde.
771 594 905 649 Nam
942 592 986 647 si
1015 589 1311 661 palriarcha
1349 589 1404 643 in
1431 589 1668 656 rogando
1697 587 1884 640 fuisset
1910 587 2086 640 curio-

503 703 632 754 sus,
661 686 797 741 forte
827 692 1114 755 peccasset:
1141 680 1246 736 Sed
1274 679 1509 742 sciebat,
1543 678 1716 746 inquis
1734 717 1750 741 ,
1792 677 2081 730 advenien-

504 780 636 830 tium
661 775 990 843 dignitatem.
1015 770 1163 826 Unde
1208 772 1308 822 hoc
1338 769 1426 821 tibi
1461 767 1659 836 liquet?
1689 765 1964 832 Quomodo
1989 779 2083 816 au-

504 877 614 922 tem
641 869 683 921 si
715 868 785 920 ita
819 875 979 926 esset,
1012 861 1345 916 admirationi
1376 860 1596 913 luisset?
1622 859 1802 926 Neque
1837 857 1978 910 enim
2007 857 2084 910 sic

502 957 814 1012 admirabile
856 955 1040 1009 fuisset
1067 993 1081 1009 .
1111 954 1155 1008 si
1183 949 1518 1020 suscipiendo
1551 949 1785 1020 hospites
1823 946 2083 1001 curiosius

502 1049 835 1115 explorasset
860 1045 948 1112 qui
980 1051 1179 1104 essent,
1210 1042 1346 1095 sicut
1377 1055 1513 1093 nunc
1537 1053 1660 1092 cum
1689 1038 1940 1106 ignorans
1967 1037 2084 1104 qui-

504 1150 625 1188 nam
667 1133 1012 1195 advenerint,
1049 1140 1190 1183 tanta
1236 1129 1507 1182 alacritate
1545 1137 1600 1180 et
1638 1128 1840 1180 honore
1882 1126 2084 1179 accedit

501 1224 649 1291 quasi
680 1237 867 1275 servus
912 1221 977 1273 ad
1019 1219 1296 1280 dominos,
1329 1217 1545 1285 suisque
1587 1217 1765 1270 verbis
1804 1229 2083 1284 propemo-

499 1314 623 1366 dum
649 1313 854 1365 vincula
886 1311 1082 1379 injicit,
1111 1318 1165 1362 et
1193 1309 1453 1376 supplicat
1484 1309 1559 1361 eis
1581 1346 1597 1370 ,
1627 1317 1680 1359 ut
1710 1321 1776 1359 ne
1819 1313 2038 1358 renuant
2061 1342 2078 1366 ,

502 1419 673 1472 neque
699 1418 757 1457 se
781 1403 1011 1455 maximo
1036 1401 1231 1453 damno
1265 1399 1519 1451 afficiant.
1539 1396 1751 1451 Sciebat
1780 1397 1921 1449 enim
1954 1394 2080 1463 quid

501 1492 730 1551 faceret;
769 1503 980 1561 propter
1027 1490 1128 1543 hoc
1151 1505 1344 1557 magno
1371 1504 1494 1542 cum
1521 1487 1709 1540 ardore
1740 1485 1964 1538 fructum
1992 1499 2083 1537 cn-

504 1581 712 1649 piosum
754 1581 1094 1650 percipiebat.
1129 1579 1231 1634 Sed
1272 1579 1549 1631 audiamus
1588 1575 1746 1629 verba
1803 1575 2078 1643 scriptoris

501 1672 664 1738 ip-ius
687 1711 702 1734 ,
736 1680 790 1723 ut
827 1673 1003 1723 videas
1034 1671 1083 1722 in
1126 1678 1358 1721 extrema
1397 1675 1610 1722 senecta
1650 1665 1939 1735 juvenilem
1968 1665 2080 1717 ala-

499 1764 761 1824 ciimtcm,
803 1772 854 1813 et
891 1775 1070 1812 senem
1117 1759 1264 1827 quasi
1314 1757 1565 1826 juvenem
1608 1757 1994 1817 exsultantem,
2025 1762 2078 1808 et

508 1861 775 1916 putantem
804 1865 861 1902 se
905 1851 1170 1901 invenisse
1205 1849 1514 1902 thesaurum
1555 1848 1867 1914 quemdam,
1901 1845 2076 1912 hospi-

499 1951 606 1992 tnm
626 1954 814 2008 nempe
833 1939 1137 1992 adventum.
1156 1939 1209 1990 2.
1234 1937 1451 1991 Eleuatis
1472 1947 1656 2000 autem,
1683 1937 1869 2005 inquit,
1896 1937 2073 2000 oculis,

498 2030 636 2094 ridit,
658 2040 702 2081 et
717 2045 828 2082 ecce
851 2041 948 2082 tres
965 2030 1056 2080 viri
1072 2038 1307 2081 steterunt
1329 2045 1482 2096 supra
1508 2044 1620 2080 eum
1645 2042 1662 2079 :
1686 2038 1731 2080 et
1757 2037 1808 2079 ut
1834 2028 1974 2088 vidit,
2000 2043 2074 2079 oc-

495 2122 652 2172 currit
670 2123 720 2172 in
745 2136 1004 2173 occursum
1029 2121 1099 2172 eis
1125 2120 1185 2172 ab
1211 2121 1336 2171 ostio
1357 2117 1662 2170 tabernaculi
1686 2119 1785 2170 sui.
1799 2116 1995 2180 Currit,
2024 2127 2076 2171 et

495 2214 635 2265 Volat
662 2226 823 2266 senex
847 2229 861 2262 τ
896 2212 1023 2264 vidit
1060 2212 1201 2264 enim
1227 2210 1461 2280 praedam
1483 2225 1638 2276 quam
1663 2210 1951 2281 venabatur
1971 2250 1985 2268 ,
2023 2218 2075 2260 et

494 2300 632 2353 nulla
694 2301 1012 2354 infirmitatis
1056 2314 1165 2352 sine
1217 2299 1426 2352 ratione
1481 2298 1692 2357 habita,
1726 2298 1791 2350 ad
1836 2303 2074 2350 venatio-

493 2404 614 2442 nem
642 2391 876 2443 cucurrit
905 2405 921 2443 :
954 2404 1056 2442 non
1090 2389 1292 2441 vocavit
1324 2386 1567 2446 famulos,
1599 2402 1769 2454 neque.
1796 2387 2073 2454 imperavit

491 2493 675 2544 puero,
708 2478 940 2546 nihilque
977 2477 1281 2531 rusticitatis
1323 2493 1494 2546 neque
1522 2477 1737 2530 desidiae
1765 2482 1959 2544 praa’se
1992 2485 2072 2528 lu-

492 2569 571 2631 lit,
598 2569 689 2623 sed
712 2572 821 2636 ipse
844 2570 1109 2624 cucurrit:
1137 2569 1285 2638 quasi
1307 2569 1526 2629 diceret,
1554 2568 1766 2637 Magnus
1792 2569 2072 2621 thesaurus

489 2670 570 2711 est
590 2699 606 2719 ,
638 2674 824 2728 magna
866 2662 1186 2729 negotiatio:
1219 2676 1310 2727 per
1345 2659 1715 2724 memetipsum
1756 2657 1892 2711 hanc
1924 2673 2067 2711 mer-

489 2763 609 2801 cem
642 2749 835 2803 inferre
863 2751 1055 2814 debeo,
1086 2767 1150 2804 ne
1176 2750 1414 2803 elabatur
1441 2749 1567 2800 mihi
1603 2757 1804 2801 tantum
1837 2748 2064 2801 lucrum.

493 2839 556 2892 Et
585 2840 696 2894 lucc
739 2841 959 2895 faciebat
989 2845 1180 2910 justus,
1208 2842 1448 2895 homines
1476 2841 1729 2896 obscuros
1759 2851 1811 2896 et
1841 2843 2069 2897 viatores

488 2932 761 2999 suscipere
788 2947 846 2985 se
869 2933 1196 2986 existimans.

558 3021 610 3073 4.
642 3020 720 3072 Ad
749 3023 1133 3090 hospitalitatem
1161 3023 1404 3074 hortatur.
1439 3021 1638 3074 Laudat
1676 3023 2065 3090 hospitalitatem

491 3111 725 3170 Abrahat,
757 3111 895 3162 illam
920 3111 1224 3163 a'nmfationi
1249 3120 1430 3162 nostris
1458 3128 1759 3178 proponens.
1790 3142 1858 3151 —
1891 3112 2067 3166 Disca-

495 3215 616 3252 mus
641 3209 693 3253 et
725 3214 839 3262 nos,
877 3213 939 3254 ac
969 3199 1239 3252 imitemur
1274 3200 1403 3268 justi
1435 3202 1702 3252 virtutem.
1737 3201 1868 3254 Nam
1893 3203 1935 3254 si
1965 3200 2068 3255 hoc

490 3287 767 3342 fecerimus
787 3329 800 3351 ,
827 3289 1116 3342 verisimile
1139 3298 1221 3342 est
1258 3300 1310 3342 et
1350 3303 1446 3341 nos
1488 3288 1774 3356 aliquando
1803 3291 2063 3357 ejusmodi

486 3378 662 3445 pra'da
709 3378 1001 3445 petituros;
1035 3378 1140 3430 imo
1167 3392 1378 3444 semper
1415 3377 1778 3443 assequimur,
1809 3379 1854 3431 si
1893 3389 2065 3432 atten-

481 3468 676 3520 dimus.
703 3468 782 3521 Ob
810 3468 953 3520 illam
983 3468 1124 3520 enim
1153 3482 1368 3520 causam
1397 3467 1654 3535 benignus
1695 3468 1973 3529 Dominus,
2004 3478 2064 3522 ut

483 3573 552 3610 ne
581 3558 646 3609 ad
673 3557 829 3610 talem
858 3557 1239 3624 benignitatem
1264 3571 1451 3625 segnes
1481 3558 1666 3619 simus,
1693 3572 1863 3624 neque
1889 3561 2063 3611 curio-

480 3648 592 3700 sius
632 3662 724 3699 eos
753 3647 842 3714 qui
885 3646 1170 3699 adveniunt
1199 3635 1529 3709 scrutemur,
1550 3646 1716 3714 inquit
1747 3663 1759 3698 :
1790 3646 1889 3710 Qui
1915 3664 2056 3700 acce-

483 3738 609 3803 perit
639 3751 793 3786 unum
822 3750 883 3787 ea:
922 3734 998 3786 his
1035 3735 1252 3786 minimis
1295 3735 1345 3785 in
1378 3736 1574 3785 nomine
1613 3750 1739 3798 meo,
1771 3751 1846 3786 me
1881 3737 2060 3802 accipit

481 3825 704 3895 (Matth.
737 3827 822 3880 l8.
851 3825 926 3893 5).
955 3825 1030 3878 Nc
1074 3826 1229 3893 igitur
1270 3825 1333 3877 ad
1379 3827 1632 3879 vilitatem
1690 3829 2058 3893 prtctereuntis

481 3924 709 3984 spectes,
743 3930 912 3984 neque
936 3931 999 3969 ex
1034 3916 1097 3967 iis
1124 3931 1240 3983 quae
1263 3914 1410 3967 vides
1436 3915 1594 3968 vilem
1621 3930 1740 3968 esse
1765 3927 1931 3983 putes,
1963 3917 2055 3968 St-d

480 4005 650 4074 cogita
706 4016 757 4058 te.
820 4021 914 4072 per
976 4006 1188 4071 ipsum,
1240 4005 1522 4057 Dominum
1573 4002 1718 4057 tuum
1765 4008 2051 4076 suscipere.

479 4094 704 4159 Quando
733 4095 875 4147 enim
909 4103 1124 4160 proriter
1153 4095 1266 4161 ejus
1307 4109 1497 4146 nomen
1529 4094 1879 4147 ministerium
1911 4083 2056 4148 tuum

482 4184 533 4236 in
564 4184 709 4237 illum
737 4183 1040 4236 exhilmeris
1064 4223 1079 4245 ,
1111 4183 1410 4235 mercedem
1440 4183 1669 4250 accipies
1689 4224 1704 4246 ,
1747 4199 1808 4236 ac
1839 4184 1880 4236 si
1914 4184 2057 4237 illum

480 4272 825 4337 suscepisses.
861 4272 1007 4331 Esto,
1031 4272 1099 4323 sit
1136 4271 1294 4323 deses
1322 4281 1373 4324 et
1405 4272 1799 4340 negligentioris
1822 4274 1942 4326 vita:
1970 4274 2058 4341 qui

482 4371 567 4412 tua
602 4362 787 4414 lruitur
833 4362 1188 4429 benignitate,
1219 4378 1322 4414 non
1365 4362 1432 4414 sit
1480 4363 1568 4414 tibi
1613 4363 1726 4430 ejus
1776 4365 1850 4416 rei
1882 4380 2008 4418 cura
2043 4385 2055 4418 :

482 4452 635 4516 piem
663 4453 804 4504 enim
829 4453 918 4505 tibi
944 4463 998 4505 ct
1026 4453 1254 4520 perfecta
1288 4467 1494 4505 merces
1518 4452 1749 4516 dabitur,
1778 4456 1827 4505 in
1853 4455 2056 4508 Domini

484 4540 738 4593 honorem
786 4541 883 4593 hoc
923 4543 1164 4604 facienti,
1196 4553 1250 4593 et
1275 4542 1497 4594 imitanti
1541 4543 1855 4609 patriarcha:
1899 4543 2060 4595 virtu-

488 4639 612 4681 tem.
653 4627 714 4680 Et
742 4639 793 4680 ut
823 4630 961 4690 vidit,
998 4630 1182 4698 inquit,
1227 4632 1440 4682 accurrit
1483 4632 1534 4682 in
1577 4647 1836 4682 occursum
1884 4634 1953 4683 eis
1998 4632 2058 4682 ab

480 4721 607 4772 ostio
628 4719 950 4773 tabernaculi.
981 4721 1119 4774 Bene
1148 4733 1198 4772 et
1233 4720 1331 4774 hoc
1372 4722 1617 4782 verbum,
1644 4723 1870 4773 Accurrit
1890 4763 1902 4780 ,
1927 4738 2059 4789 qna-

481 4809 620 4875 drat,
647 4822 700 4863 ut
717 4813 890 4864 discas
907 4827 998 4864 eos
1014 4814 1158 4880 quasi
1189 4813 1395 4880 ignotos
1417 4813 1753 4879 praeteriisse.
1773 4822 1822 4864 et
1840 4827 1944 4864 non
1966 4827 2059 4866 sua

483 4911 673 4967 sponte
702 4901 766 4952 ad
799 4902 1194 4953 tabernaculum
1222 4903 1452 4954 venisse.
1484 4901 1800 4970 Propterea,
1833 4917 1900 4953 ne
1931 4901 2056 4954 sub-

489 4991 772 5058 terfngeret
796 5006 916 5045 eum
944 4993 1214 5058 spiritualc
1256 4991 1354 5045 hoc
1386 4993 1589 5044 lucrum
1609 5033 1623 5054 ,
1646 4991 1733 5060 qui
1779 5001 2021 5044 scnncrat
2043 5031 2056 5054 ,

485 5080 813 5140 incauuerat,
838 5091 892 5134 et
917 5081 1252 5134 ceutenarius
1273 5091 1404 5145 erat,
1433 5081 1680 5141 accurrit,
1697 5091 1750 5133 et
1775 5096 1931 5134 cursu
1953 5081 2062 5133 ala-

480 5170 722 5223 critatem
737 5171 982 5225 declarat.
1007 5171 1068 5222 Et
1087 5172 1397 5239 conspicatus
1408 5187 1510 5231 cos,
1533 5173 1721 5240 inquit,
1737 5173 1974 5223 adorabat
1988 5188 2064 5223 su-

492 5275 582 5325 per
595 5269 800 5323 terram,
823 5263 871 5314 '5.
896 5270 938 5312 et
964 5263 1126 5313 dixit:
1153 5260 1388 5324 Domine,
1415 5261 1459 5313 si
1486 5261 1648 5312 inveni
1663 5262 1873 5330 gratiam
1895 5277 2064 5312 coram

484 5360 558 5411 te,
587 5367 645 5402 ne
665 5361 888 5403 transeas
927 5368 1116 5404 servum
1158 5363 1315 5403 mum.
1346 5352 1397 5403 4.
1424 5351 1665 5402 Sumatur
1687 5368 1806 5403 sane
1834 5367 1985 5419 aqua,
2017 5362 2062 5402 et

485 5437 646 5489 favent
696 5442 842 5506 pedes
873 5452 1089 5501 vestros,
1124 5451 1168 5492 ct
1195 5440 1560 5510 refrigeramini
1599 5441 1687 5492 sub
1717 5440 1912 5500 arbore,
1940 5442 1991 5491 ὅ.
2018 5449 2062 5491 et

472 5527 723 5594 accipiam
754 5549 926 5596 panem
949 5573 960 5593 ,
1007 5541 1050 5584 et
1082 5532 1375 5595 comedetis,
1405 5539 1452 5582 et
1477 5531 1679 5598 posthac
1715 5531 2027 5600 praeteribitis
2047 5571 2061 5591 ,

480 5719 508 5765 ά
545 5662 557 5690 ⁸
599 5668 645 5707 ιη
668 5664 805 5713 Savil.
846 5673 893 5714 et
918 5675 1118 5727 quatuor
1143 5673 1245 5714 atss.
1274 5665 1349 5711 hac
1376 5676 1536 5714 voces.
1566 5665 1761 5721 hospitio
1783 5665 2026 5726 αττριηωὶ
2048 5705 2060 5724 ,

519 5732 672 5765 εδιιηι.

519 5732 672 5768 εδιιηι.

1250 391 1307 446 S.
1348 387 1626 445 JOANNIS
1661 386 2142 443 CIIRYSOSTOSII
2183 385 2498 443 ARCHIEP.
2539 387 3076 444 CONSTANTINOP.

3679 393 3782 449 asc

2191 497 2336 564 cujus
2365 497 2529 565 gratia
2556 498 2842 550 declinastis
2862 498 2929 551 ad
2954 515 3150 551 servum
3177 510 3412 554 vestrum.
3450 500 3624 553 Verba
3653 503 3781 571 justi

2189 585 2430 637 sublimia
2462 586 2615 640 valde
2649 596 2790 640 sunt.
2818 587 3001 657 Neque
3033 598 3234 642 tantum
3275 590 3611 656 miraculum,
3640 594 3782 660 quod

2188 687 2283 726 eos
2311 675 2625 743 susceperit,
2657 686 2909 744 quantum
2953 678 3094 745 quod
3133 693 3252 732 cum
3295 687 3436 732 tanta
3463 679 3740 736 alacritate
3764 722 3782 746 ,

2187 769 2244 815 et
2261 762 2457 826 studio,
2486 774 2537 817 et
2568 781 2670 817 non
2696 774 2893 819 attenta
2918 776 3009 819 ant
3036 782 3150 829 sua,
3169 777 3263 821 aut
3284 784 3492 835 eorum,
3512 770 3602 838 qui
3623 771 3784 825 adve-

2189 863 2379 906 nerant
2403 894 2418 917 ,
2448 863 2603 908 aetate
2632 872 2648 906 :
2679 870 2799 908 nam
2849 857 3088 910 fortassis
3129 858 3445 914 videbantur
3482 861 3580 930 ipsi
3618 860 3782 930 juve-

2188 956 2322 1007 nes;
2359 958 2529 1012 neque
2566 944 2885 998 existimavit
2917 946 3167 1002 sufficere
3205 957 3260 1002 ut
3301 949 3478 1003 verbis
3505 949 3788 1006 dumtaxat

2186 1031 2560 1086 adhortaretur
2588 1076 2601 1097 ,
2635 1035 2925 1100 Adorabat,
2963 1036 3149 1103 inquit,
3192 1054 3344 1106 super
3366 1049 3550 1092 terram
3577 1056 3599 1095 :
3626 1043 3782 1111 quasi

2185 1122 2487 1188 supplicans
2511 1164 2526 1188 ,
2555 1132 2610 1176 et
2650 1123 2918 1178 efficacem
2955 1125 3379 1181 exhortationem
3431 1129 3679 1191 atterens,
3723 1139 3784 1185 ut

2186 1226 2254 1265 ne
2283 1221 2557 1279 putaretur
2577 1216 2934 1283 perfunctorie
2957 1214 3251 1270 adhortari.
3273 1218 3337 1270 Et
3365 1217 3564 1271 idcirco
3591 1219 3780 1274 divina

2187 1300 2458 1370 Scriptura
2483 1315 2786 1359 monstrans
2811 1306 2963 1359 nobis
2984 1307 3111 1372 justi
3143 1308 3389 1360 virtutem
3424 1309 3774 1374 ineffabilem,

2186 1393 2384 1461 inquit,
2410 1392 2665 1446 Adorabat
2704 1411 2856 1462 super
2883 1405 3090 1455 terram,
3120 1406 3170 1448 et
3217 1398 3471 1464 gestibus,
3503 1407 3550 1448 et
3601 1399 3780 1452 verbis

2184 1497 2432 1550 magnum
2488 1482 2778 1548 fervorem,
2828 1485 3094 1551 egregiam
3151 1486 3312 1539 animi
3379 1485 3774 1551 humilitatem,

2183 1587 2444 1624 summam
2480 1573 2889 1640 hospitaliuttent
2934 1583 2986 1627 et
3017 1575 3330 1628 immensam
3359 1576 3774 1631 Sollicitudinem

2181 1661 2502 1716 declarabat.
2540 1661 2748 1717 Etcum
2781 1665 3077 1724 adorasset,
3107 1667 3298 1735 inquit,
3325 1668 3454 1719 dixit
3484 1683 3501 1721 :
3528 1670 3772 1732 Domine,

2181 1753 2225 1805 si
2251 1754 2416 1806 inveni
2445 1754 2658 1821 gratiam
2689 1770 2858 1807 coram
2889 1765 2967 1816 te,
2993 1773 3055 1808 ne
3074 1766 3341 1824 praetereas
3371 1774 3570 1810 servans
3604 1770 3769 1813 tuum.

2183 1843 2311 1909 Quis
2338 1859 2432 1911 pro
2459 1844 2718 1912 dignitate
2765 1845 3054 1898 laudaverit
3094 1845 3295 1914 justum
3344 1847 3526 1900 hunc?
3553 1849 3633 1903 vel
3664 1865 3775 1917 quo

2183 1947 2336 2005 pacto
2377 1951 2498 1989 eum
2526 1936 2644 2004 quis
2672 1937 2965 1991 innumeris
2994 1938 3152 1990 etiam
3192 1938 3344 1992 labiis
3370 1939 3619 2007 prmdicet
3638 1941 3664 1992 2
3687 1939 3775 1994 lti-

2183 2041 2306 2079 cere
2335 2025 2500 2088 enim,
2525 2023 2760 2086 Domine,
2795 2040 2898 2078 non
2928 2027 3120 2079 insoliti
3156 2036 3235 2081 est
3271 2042 3437 2092 usus;
3467 2027 3648 2084 dicere
3671 2043 3771 2084 an-

2181 2126 2308 2177 tem,
2339 2115 2400 2170 Si
2429 2117 2594 2169 inveni
2621 2118 2833 2187 gratiam
2863 2118 2913 2168 in
2959 2118 3120 2171 oculis
3152 2118 3269 2183 tuis,
3301 2117 3401 2172 hoc
3425 2128 3506 2175 est
3533 2120 3770 2174 admira-

2181 2205 2304 2257 bile.
2338 2206 2682 2267 Beneticium,
2713 2206 2902 2275 inquit,
2933 2206 3051 2271 das,
3080 2223 3183 2261 non
3215 2208 3436 2277 accipis.
3463 2209 3599 2265 Vere
3624 2213 3769 2266 enim

2179 2295 2478 2363 hnjusmodi
2527 2311 2614 2350 res
2663 2297 2993 2365 hospitalitas
3039 2308 3156 2365 est,
3207 2315 3310 2366 qua
3359 2301 3524 2369 magis
3577 2304 3774 2374 accipit

2177 2401 2334 2453 quam
2361 2386 2472 2447 dat,
2504 2387 2592 2453 qui
2640 2387 2783 2439 illaut
2816 2397 3056 2456 prompte
3084 2399 3136 2443 et
3165 2389 3410 2444 alacriter
3439 2403 3673 2446 exercet.
3704 2399 3772 2448 At

2178 2490 2244 2529 ne
2271 2477 2388 2543 quis
2416 2476 2718 2530 auditorum
2757 2477 2884 2545 justi
2919 2479 3165 2532 virtutem
3197 2481 3462 2545 minuens,
3495 2483 3770 2538 existimet

2173 2579 2294 2618 eum
2321 2581 2545 2633 gnarum
2584 2568 2769 2635 quales
2801 2569 2873 2620 illi
2907 2570 3119 2631 fuerint,
3157 2571 3269 2624 ha-c
3298 2571 3571 2640 loquutum
3599 2588 3720 2629 esse
3747 2593 3761 2624 τ

2175 2669 2348 2722 neque
2372 2655 2536 2718 enim,
2559 2665 2613 2708 nt
2638 2671 2780 2724 sa-pe
2802 2657 2959 2710 etiam
2989 2659 3187 2712 dictum
3217 2669 3314 2720 est,
3336 2676 3583 2730 magumu
3609 2665 3766 2730 quid-

2115 2738 2118 2742 ’
2172 2741 2294 2796 dam
2319 2744 2422 2798 tale
2441 2744 2645 2809 fuisset,
2678 2747 2720 2797 si
2753 2747 2930 2799 sciens
2956 2747 3174 2801 dixisset
3204 2765 3218 2811 ;
3247 2749 3340 2802 sed
3371 2751 3687 2807 admirabile
3713 2764 3766 2808 et

2173 2837 2489 2902 stupendum
2520 2847 2622 2900 est,
2648 2852 2767 2889 cum
2790 2840 2937 2905 quasi
2962 2838 3204 2893 homines
3230 2841 3611 2910 alloquentem,
3638 2847 3761 2900 talia

2174 2925 2334 2977 verba
2367 2925 2530 2993 loqui.
2557 2925 2630 2978 Ne
2653 2926 2931 2981 admireris
2956 2939 3152 2990 autem.
3171 2930 3308 2998 quod
3332 2946 3452 2985 cum
3479 2943 3588 2987 tres
3610 2950 3768 2990 esce-

2173 3016 2328 3082 perit,
2352 3015 2414 3066 ad
2449 3031 2606 3067 unum
2635 3032 2692 3068 se
2721 3027 3000 3071 converter
3023 3029 3040 3070 t
3062 3020 3258 3086 justus,
3289 3021 3494 3090 dicens,
3525 3023 3760 3081 Domine.

2171 3104 2435 3159 Fortassis
2463 3107 2604 3160 enim
2649 3124 2781 3160 unus
2822 3109 3076 3164 illustrior
3103 3114 3311 3166 caeteris
3337 3115 3627 3183 apparebat
3651 3159 3666 3179 ,
3694 3118 3759 3172 ad

2169 3209 2324 3262 quem
2370 3195 2792 3250 exhortationem
2845 3215 2993 3252 suam
3041 3205 3321 3258 convertit.
3345 3203 3546 3259 Deinde
3581 3198 3758 3262 autem

2170 3298 2290 3335 cum
2317 3285 2672 3352 progreditur,
2698 3301 3031 3341 communem
3063 3289 3187 3343 facit
3212 3307 3513 3347 sermonem
3537 3336 3553 3354 ,
3589 3308 3642 3350 et
3669 3299 3750 3351 in-

2169 3373 2281 3438 quit
2305 3391 2318 3423 :
2343 3373 2588 3426 Sumatur
2605 3392 2756 3444 aqua,
2783 3387 2828 3428 et
2850 3377 3014 3430 lavent
3042 3380 3191 3447 pedes
3217 3391 3402 3436 vestros
3420 3399 3438 3434 :
3459 3393 3514 3437 ct
3545 3387 3757 3451 iterum,

2169 3461 2558 3533 Refrigeramini
2581 3470 2672 3520 sub
2697 3467 2892 3533 arbore,
2913 3479 2961 3521 et
2987 3472 3253 3526 comedetis
3281 3491 3480 3541 panem,
3506 3487 3551 3527 et
3583 3489 3755 3545 postea

2167 3555 2463 3618 transibitis,
2499 3557 2643 3625 cujus
2670 3559 2834 3626 gratia
2859 3558 3146 3613 declinastis
3171 3562 3239 3614 ad
3265 3580 3475 3631 puerum
3514 3578 3752 3621 uestrum.

2167 3642 2328 3697 Vides
2371 3646 2638 3714 quomodo
2680 3648 2927 3716 ignorans
2963 3651 3052 3718 qui
3093 3652 3194 3704 sint
3219 3694 3234 3716 ,
3264 3656 3412 3715 quasi
3455 3655 3757 3713 hominibus

2166 3733 2387 3800 loquens
2417 3738 2830 3798 transeuntibus,
2865 3738 2932 3790 ita
2963 3744 3228 3795 communi
3258 3743 3633 3798 exhortatione
3655 3750 3754 3799 titi-

2167 3832 2271 3885 tur,
2315 3826 2479 3878 semel
2524 3834 2681 3894 atque
2717 3829 2903 3882 iterum
2948 3844 3157 3884 servum
3188 3849 3246 3886 se
3275 3837 3513 3888 vocans?
3539 3839 3603 3889 lit
3637 3837 3755 3893 vide

2164 3913 2431 3979 quomodo
2485 3915 2722 3981 przedicit
2766 3927 2820 3970 et
2862 3933 3060 3972 meusre
3104 3937 3214 3974 suae
3262 3924 3571 3979 tenuitatem
3607 3968 3622 3990 ,
3651 3929 3755 3978 imo

2163 4003 2410 4056 lautitias.
2457 4004 2730 4071 Sumatur,
2765 4008 2964 4077 inquit,
3009 4028 3169 4078 aqua,
3203 4023 3245 4065 et
3274 4015 3437 4067 lavent
3481 4019 3636 4084 pedes
3679 4037 3758 4072 ac-

2162 4105 2291 4146 stros
2315 4136 2330 4156 ,
2374 4106 2417 4147 et
2461 4098 2826 4166 refrigeramini
2867 4105 2958 4154 sub
2996 4104 3191 4157 arbore.
3221 4107 3353 4173 Quia
3384 4110 3526 4168 enim
3558 4111 3752 4179 fatigati

2163 4187 2314 4246 estis,
2337 4196 2390 4239 et
2415 4189 2634 4240 multqu
2667 4192 2855 4243 tulistis
2876 4203 3086 4257 a-stnm,
3111 4195 3232 4249 ideo
3257 4213 3353 4250 oro
3371 4215 3438 4253 ne
3465 4213 3754 4268 prasterca-

2170 4276 2235 4325 tis
2265 4291 2477 4329 servum
2509 4291 2763 4333 vestrum.
2791 4283 2924 4335 Num
2956 4287 3095 4339 enim
3123 4303 3368 4356 magnum
3397 4292 3651 4359 quiddam
3675 4306 3752 4349 est

2166 4365 2216 4417 id
2244 4366 2383 4434 quod
2418 4382 2518 4434 ego
2556 4369 2827 4423 exhibeo?
2866 4374 3068 4441 Aquam
3106 4377 3254 4430 vobis
3286 4380 3455 4434 solum
3501 4397 3754 4449 prmstare

2165 4470 2402 4521 possum,
2436 4473 2536 4524 qua
2578 4459 2697 4510 lotis
2737 4461 2958 4526 pedibus
2987 4466 3179 4517 vestris
3209 4467 3307 4519 snh
3333 4468 3520 4523 arbore
3565 4471 3751 4542 fatiga-

2166 4542 2361 4597 tionem
2395 4546 2691 4610 deponalis.
2728 4549 2945 4617 Insuper
2989 4561 3042 4604 et
3083 4569 3280 4608 mensa:
3321 4557 3449 4610 dicit
3491 4564 3747 4627 Speciem.

2164 4632 2239 4686 Ne
2267 4634 2490 4699 putetis,
2523 4637 2684 4704 inquit
2711 4677 2725 4700 ,
2752 4653 2836 4690 me
2862 4640 3138 4707 splendida
3169 4645 3316 4698 vobis
3345 4650 3715 4715 appositurum
3734 4696 3748 4716 ,

2166 4723 2247 4774 vel
2269 4723 2725 4778 condimentornm
2752 4727 3134 4795 diversitatem,
3163 4734 3244 4787 vel
3273 4737 3621 4802 apsoniorum
3662 4759 3749 4794 va-

2168 4812 2405 4864 rietatem
2440 4831 2451 4862 :
2486 4828 2669 4879 panem
2708 4819 3017 4882 comedetis,
3049 4833 3100 4875 et
3140 4825 3217 4878 sic
3244 4824 3543 4881 Transibitis
3563 4871 3578 4895 ,
3609 4835 3751 4901 cujus

2165 4905 2330 4972 gratia
2351 4907 2636 4958 declinastis
2656 4908 2723 4958 ad
2751 4924 2948 4962 seruum
2979 4923 3212 4966 vestrum.

2239 4995 2290 5046 5.
2339 4995 2519 5047 Vidisti
2550 5000 2816 5064 quomodo
2863 5002 3020 5054 variis
3063 5005 3231 5058 utitur
3275 5007 3468 5071 modis,
3501 5013 3747 5077 precibus

2168 5085 2380 5139 vincere
2407 5095 2804 5152 praetereuntes,
2833 5099 2885 5141 et
2911 5093 3168 5158 gestibus,
3194 5104 3247 5148 et
3270 5098 3463 5159 verbis,
3491 5111 3544 5153 et
3567 5106 3748 5170 quavis

2169 5177 2374 5228 ratione
2407 5175 2674 5231 attrahere
2707 5193 2799 5230 eos
2830 5180 3046 5234 volens?
3075 5182 3305 5238 Primum
3351 5189 3515 5255 enim,
3561 5193 3746 5260 inquit,

2169 5266 2426 5329 adoravit,
2455 5266 2649 5322 deinde
2669 5268 2915 5324 dominos
2942 5283 3114 5336 vocat,
3138 5285 3189 5327 et
3209 5293 3266 5330 se
3298 5277 3468 5346 ipsum
3499 5298 3744 5345 servum;

2171 5364 2351 5423 postea
2382 5357 2508 5410 dicit
2531 5374 2648 5425 qnzu
2693 5358 2794 5410 illis
2820 5360 3152 5416 exliihiturus
3190 5365 3277 5428 sit,
3325 5381 3622 5425 extenuans
3663 5389 3742 5426 res

2169 5454 2224 5497 ct
2253 5446 2398 5497 nihili
2420 5461 2538 5498 esse
2560 5447 2879 5514 signiﬁcans.
2907 5452 2991 5503 Ait
3011 5454 3174 5514 enim,
3202 5456 3404 5523 Aquam
3427 5459 3563 5514 hanc
3588 5463 3744 5516 omni-

2173 5537 2268 5588 bus
2293 5537 2586 5602 expositam
2628 5536 2796 5590 habeo
2824 5538 2888 5591 ad
2932 5539 3182 5597 lavandos
3223 5547 3406 5614 pedes,
3439 5559 3493 5603 et
3534 5566 3741 5620 panem,

2172 5637 2225 5680 et
2246 5637 2442 5679 tectum
2471 5627 2537 5678 ab
2565 5629 2772 5681 arbore.
2802 5629 2876 5684 Nc
2904 5634 3281 5699 parvifeceritis
3302 5654 3480 5696 meum
3515 5645 3742 5698 taberna-

2175 5720 2369 5779 culum,
2423 5734 2487 5771 ue
2518 5717 2865 5787 despcxeritis
2910 5735 3256 5792 senectutem,
3301 5745 3366 5782 ne.
3409 5736 3640 5785 reunatis
3679 5733 3739 5784 ad
