4054 6324
247 336 345 398 579

249 459 344 513 ἐπί
376 455 461 524 τῷ
509 457 754 529 ὀνόματι
776 476 917 528 μου,
954 458 1059 529 ἐμὲ
1101 456 1354 527 δέχεται.
1396 456 1728 528 Ἀκούωμεν,
1776 455 1918 522 ἁγα-

250 546 432 615 πητοὶ,
484 543 579 599 zeal
619 544 843 611 ξενίζειν
895 545 1180 616 μέλλοντες
1220 545 1488 617 μηδέποτε
1546 539 1921 615 περιεργαζώ-

252 634 388 704 μεθα
416 645 465 698 ι,
495 633 598 699 τίς,
642 635 737 687 zeal
781 634 964 689 πόθεν.
1002 634 1063 688 EI
1092 635 1203 707 γάρ
1234 634 1394 689 τοῦτο
1424 633 1850 707 περιειργάσατο
1889 633 1919 684 6

251 721 614 793 πατριάρχης,
657 721 788 785 ἴσως
812 721 878 776 ἂν
909 721 1226 794 διήμαρτεν.
1263 723 1401 776 Ἀλλ’
1429 722 1592 791 ἔγνω,
1627 720 1782 793 φησὶ,
1813 719 1921 773 τῶν

249 808 706 881 παραγενομένων
758 807 857 881 τὴν
906 808 1082 876 ἀξίαν.
1132 809 1304 863 Πόθεν
1351 809 1540 880 δῆλον;
1575 808 1700 873 Πῶς
1748 808 1807 862 δὲ
1853 806 1921 861 ἂν

248 896 405 951 τοῦτο
448 896 618 950 ποιῶν
660 896 1018 967 ἐθαυμάσθης
1052 897 1126 949 Ού
1171 896 1281 967 γάρ
1308 894 1451 949 οὓτω
1495 895 1806 966 θαυμαστὸν
1852 889 1921 965 ἦν

248 984 307 1037 16
338 984 442 1055 τῆς
476 982 782 1054 φιλοξενίας
825 983 989 1038 αὑτοῦ
1019 983 1549 1055 περιεργασαμένου,
1578 983 1654 1047 ὡς
1690 983 1804 1047 νῦν,
1832 983 1920 1036 ὅτε

247 1071 457 1140 ἀγνοῶν
486 1071 631 1135 τίνες
658 1072 708 1124 οί
747 1070 1199 1142 παραγενόμενοι,
1238 1070 1377 1141 μετά
1406 1069 1676 1139 τοσαύτης
1721 1070 1921 1141 προθυ-

251 1158 381 1228 μίας
427 1156 525 1212 καὶ
551 1156 718 1229 τιμῆς
757 1158 1026 1229 πρόσεισι,
1056 1157 1310 1229 καθάπερ
1338 1156 1556 1228 οίκέτης
1604 1156 1916 1220 δεσπόταις,

251 1244 532 1314 μονονουχὶ
569 1242 744 1313 δεσμὰ
777 1244 865 1297 διὰ
917 1244 1025 1298 τῶν
1077 1242 1250 1313 λόγων
1299 1244 1483 1307 αὐτοῖς
1545 1242 1911 1313 περιϐάλλων,

250 1331 343 1385 zeal
379 1330 589 1384 ἱκεσίαν
622 1330 757 1401 πρὸς
791 1330 986 1394 αὐτοὺς
1020 1329 1360 1401 ποιούμενος,
1404 1328 1546 1383 ὥστε
1587 1330 1662 1401 μὴ
1692 1328 1920 1384 ἀνανεῦ-

250 1434 372 1484 σαι,
419 1417 552 1489 μηδέ
608 1416 781 1489 ζημίᾳ
827 1420 893 1489 τῇ
935 1417 1170 1490 μεγίστῃ
1222 1417 1559 1488 περιϐαλεῖν.
1594 1417 1752 1489 ’ῌδει
1809 1416 1918 1485 γὰρ

248 1503 438 1578 ὥσπερ
482 1504 745 1575 ἔπραττε·
794 1505 883 1558 διὰ
924 1504 1082 1558 τοῦτο
1123 1504 1218 1560 καὶ
1261 1504 1407 1577 μετά
1458 1504 1659 1575 πολλῆς
1722 1504 1921 1575 θερμό-

247 1609 408 1663 τητος
442 1590 542 1661 τὴν
577 1590 824 1645 ἐντεῦθεν
865 1590 1171 1663 ἐκαρποῦτο
1212 1592 1549 1662 περιουσίαν.
1595 1589 1735 1643 Ἀλλ’
1758 1590 1923 1644 ’άκού-

250 1694 432 1748 σωμεν
461 1677 624 1732 αὑτοῦ
651 1677 746 1732 τοῦ
789 1676 1150 1748 συγγραφέως
1175 1677 1285 1732 τῶν
1329 1677 1611 1750 ῥημάτων,
1656 1675 1807 1748 [M6]
1852 1676 1919 1729 ἶν’

249 1764 396 1835 εἰδῇς
417 1763 447 1804 δ
468 1765 525 1816 ἐν
552 1763 836 1835 βαθυτάτῳ
864 1764 1014 1835 γήρᾳ
1032 1763 1328 1827 νεάζουσαν
1351 1762 1683 1835 προθυμίαν,
1707 1762 1802 1815 καὶ
1827 1761 1922 1814 τὸν

162 1840 174 1852 ’
248 1851 478 1925 γέροντα
525 1850 802 1917 νεάζοντα,
833 1849 928 1903 zeal
974 1850 1254 1922 μονονουχὶ
1304 1850 1577 1920 περιχαρῆ
1611 1848 1917 1917 γινόμενον,

249 1938 342 1991 zeal
372 1937 662 2008 νομίζοντα
690 1937 963 2010 θησαυρὸν
995 1937 1291 2010 εὑρηκέναι
1320 1936 1430 1991 τῶν
1460 1934 1923 2008 παραγενομένων

248 2026 347 2096 τὴν
386 2024 708 2095 παρουσίαν.
744 2024 1111 2094 Ἀναϐλέψας
1133 2024 1224 2090 δὲ,
1253 2025 1409 2096 φησὶ,
1438 2023 1564 2090 τοῖς
1592 2022 1923 2092 ὀφθαλμοῖς

247 2107 392 2177 εἶδε,
429 2111 527 2166 καί
561 2111 690 2165 ἰδοὺ
726 2110 883 2181 τρεῖς
914 2110 1131 2180 ἄνδρες
1169 2111 1340 2178 είστή
1349 2124 1556 2165 κεισαν
1580 2109 1781 2163 ἐπάνω
1818 2109 1923 2164 αὑ-

248 2199 376 2261 τοῦ,
408 2198 507 2253 καί
551 2197 692 2252 eam
733 2197 1146 2267 προσέδραμεν
1178 2199 1265 2265 εις
1307 2195 1688 2263 συνάντησιν
1719 2194 1924 2260 αὐτοῖς

248 2285 369 2341 ἀπὸ
404 2285 515 2355 τῆς
550 2286 733 2354 θύρας
762 2285 872 2353 τῆς
900 2285 1141 2353 σκηνῆς
1168 2283 1376 2340 αὐτοῦ.
1406 2283 1602 2355 Τρέχει
1643 2282 1736 2337 zeal
1767 2283 1921 2336 ἵπτα-

248 2389 339 2428 ται
364 2375 394 2428 6
421 2374 599 2444 γέρων
618 2389 631 2402 ·
667 2369 773 2427 εἶδε
808 2372 917 2445 γὰρ
942 2372 1040 2444 τὴν
1070 2371 1265 2445 θήραν,
1300 2372 1396 2426 zeal
1419 2371 1609 2426 οὐδένα
1635 2370 1733 2441 τῆς
1764 2367 1922 2423 ἀσθε-

250 2460 397 2524 νείας
431 2458 589 2529 λόγον
634 2460 1020 2530 ποιησάμενος,
1066 2461 1157 2513 ἐπὶ
1187 2459 1284 2531 τὴν
1332 2459 1509 2530 ἄγραν
1556 2459 1780 2527 έδραμε,
1826 2456 1923 2510 zeal

248 2549 349 2601 οὐκ
376 2548 633 2601 ἐκάλεσεν
668 2546 903 2613 οίκέτας,
944 2548 1045 2600 οὐκ
1086 2546 1318 2613 ἐπέταξε
1351 2545 1523 2608 παιδὶ,
1557 2545 1710 2598 οὐδὲν
1755 2542 1921 2615 ῥᾴθυ-

252 2651 351 2703 μον
382 2634 713 2701 ἐπεδείξατο,
745 2634 881 2687 ἀλλὰ
909 2635 975 2687 δι’
1013 2632 1206 2687 ἑαυτοῦ
1237 2632 1461 2703 έδραμε,
1509 2630 1793 2701 μονονουχὶ
1835 2628 1923 2683 λέ-

248 2736 388 2788 γων·
427 2721 601 2791 μέγας
638 2720 927 2791 θησαυρὸς,
963 2720 1174 2791 μεγάλη
1210 2719 1590 2791 πραγματείαο
1619 2717 1696 2782 ⁵δι’
1727 2715 1921 2770 ἐαυτοῦ

247 2807 453 2878 ταύτην
494 2806 691 2875 ὀφείλω
746 2805 1209 2877 ἐμπορεύσασθαι,
1259 2806 1333 2877 μὴ
1375 2804 1709 2877 παραδράμῃ
1759 2821 1825 2874 με
1858 2803 1919 2857 τὸ

247 2895 473 2948 τοσοῦτο
513 2894 722 2966 κέρδος.
752 2893 863 2948 Kal
890 2892 1060 2947 ταῦτα
1088 2893 1258 2946 ἐποίει
1289 2894 1318 2946 6
1344 2892 1571 2957 δίκαιος,
1598 2890 1921 2963 ἀνθρώπους

248 2981 506 3050 ἀγνῶτας
531 2980 711 3044 όδίτας
744 2978 979 3051 νομίζων
1005 2978 1380 3050 ὑποδέχεσθαι.

321 3067 383 3119 δ’.
404 3064 702 3135 Μάθωμεν,
734 3066 829 3120 zeal
856 3065 1188 3138 ζηλώσωμεν
1221 3064 1315 3119 τοῦ
1342 3064 1552 3119 δικαίου
1572 3063 1668 3135 τὴν
1692 3064 1914 3136 ἀρετήν.

262 3153 389 3207 Ἐὰν
415 3153 524 3224 γὰρ
552 3152 696 3207 οὓτω
731 3153 997 3224 ποιῶμεν,
1029 3152 1177 3216 είκδς
1218 3153 1314 3206 zeal
1358 3152 1505 3223 ἡμᾶς
1550 3168 1682 3205 ποτε
1728 3153 1917 3204 ἐπιτυο

249 3245 367 3313 χεῖν
391 3239 650 3311 τοιαύτης
677 3240 852 3312 Θήρας
870 3257 884 3271 ·
921 3240 1120 3312 μᾶλλον
1145 3240 1203 3294 δέ
1228 3240 1321 3295 zeal
1346 3240 1434 3294 ἀεὶ
1465 3237 1917 3308 ἐπιτυγχάνομεν,

248 3329 300 3380 εί
341 3325 681 3397 βουλοίμεθα.
704 3326 802 3380 Διὰ
845 3327 954 3398 γὰρ
982 3325 1140 3380 τοῦτο
1160 3327 1190 3379 6
1216 3325 1595 3396 φιλάνθρωπος
1620 3325 1917 3394 Δεσπότης,

248 3419 338 3472 ἶνα
374 3411 452 3483 μὴ
474 3411 720 3482 όκνῶμεν
743 3412 882 3483 πρὸς
912 3411 1013 3483 τὴν
1041 3410 1299 3481 τοιαύτην
1329 3411 1751 3482 φιλοφροσύνην,
1782 3413 1917 3483 μηδὲ

251 3496 750 3569 πριεργαζώμεθα
798 3499 924 3562 τοὺς
974 3498 1298 3569 παριόντας,
1347 3499 1542 3569 φησίνο
1590 3501 1689 3564 Ὃς
1721 3498 1798 3551 ἂν
1828 3498 1921 3552 δέ·

250 3582 426 3650 (inme
464 3584 574 3639 ἕνα
609 3582 729 3638 τῶν
768 3583 1112 3653 ἐλαχίστων
1148 3582 1373 3638 τούτων
1402 3584 1474 3638 ἐν
1505 3584 1584 3649 τῷ
1626 3584 1746 3653 ἐμῷ
1790 3584 1921 3637 ὀνό-

246 3686 407 3738 ματι,
446 3670 551 3739 ἐμὲ
582 3669 836 3740 δέχεται.
867 3669 960 3740 Μὴ
996 3671 1177 3723 τοίνυν
1219 3671 1356 3742 πρὸς
1399 3670 1498 3741 τὴν
1526 3671 1800 3725 εὐτέλειαν
1826 3671 1919 3724 τοῦ

252 3755 540 3827 παριόντος
568 3756 703 3827 δρα,
733 3755 868 3827 μηδέ
898 3755 1238 3827 ἐξευτελίσῃς
1270 3756 1434 3810 αὑτὸν
1463 3758 1526 3810 ἐκ
1563 3757 1673 3810 τῶν
1715 3756 1921 3827 ὁρωμέ-

251 3858 376 3905 νων,
404 3840 518 3894 ἀλλ’
548 3841 798 3912 ἐννόησον
826 3842 909 3896 ὅτι
939 3842 1030 3895 τὸν
1047 3842 1322 3911 Δεσπότην
1346 3844 1580 3913 ὑποδέχῃ
1598 3842 1689 3896 τὸν
1718 3843 1809 3894 σὸν
1831 3842 1918 3894 διὰ

250 3918 467 3981 τούτουῖ
490 3927 657 3981 Ὅταν
694 3927 807 3999 γὰρ
829 3927 919 3982 διὰ
953 3927 1016 3981 16
1059 3926 1224 3982 αὑτοῦ
1259 3928 1430 3997 δνομα
1459 3928 1557 3997 τὴν
1590 3929 1670 3991 είς
1714 3930 1919 3980 ἐκεῖνον

252 4011 547 4086 θεραπείαν
576 4014 847 4087 ἐπιδείξῃ·
871 4015 1070 4068 ὡσανεὶ
1096 4016 1300 4068 ἐκεῖνον
1329 4013 1749 4084 ὑποδεξάμενος,
1777 4014 1918 4067 οὕτω

250 4099 398 4171 λήψῃ
444 4100 538 4153 16v
591 4099 801 4169 μισθόν.
847 4098 963 4153 Κᾶν
993 4098 1233 4172 ῥᾴθυμος
1278 4099 1458 4153 τοίνυν
1577 4099 1671 4153 zeal
1713 4100 1919 4170 ἠμελη-

253 4186 414 4257 μένος
440 4187 469 4239 6
496 4186 595 4255 τῆς
639 4178 790 4257 παρὰ
818 4185 913 4239 σοῢ
948 4185 1344 4258 φιλοφροσύνης
1387 4186 1697 4251 ἀπολαύων,
1732 4184 1918 4256 μηδείς

252 4288 332 4326 σοι
360 4271 520 4341 λόγος
549 4270 739 4325 τούτου
779 4270 949 4325 έστω·
989 4273 1391 4343 άπηρτισμένος
1424 4272 1532 4343 γάρ
1561 4288 1644 4324 σοι
1671 4272 1698 4324 6
1728 4270 1918 4341 μισθὸς

250 4358 532 4428 δοθήσεται
557 4357 645 4410 διὰ
665 4355 764 4427 τὴν
783 4358 862 4420 είς
887 4357 979 4409 τδν
990 4358 1265 4425 Δεσπότην
1286 4358 1449 4427 τιμὴν
1470 4358 1629 4410 τοῦτο
1657 4356 1914 4420 ποιοῦντι,

250 4442 346 4498 καὶ
381 4440 631 4513 ζηλοῦντι
668 4442 764 4496 τοῦ
789 4443 1142 4513 ’πατριάρχου
1186 4442 1373 4495 τούτου
1414 4443 1514 4513 τὴν
1551 4443 1770 4513 ἀρετήν.
1807 4442 1917 4495 Καὶ

251 4527 414 4593 ιδὼν,
436 4530 590 4599 φησὶ,
620 4528 1033 4598 προσέδραμεν
1056 4531 1144 4595 είς
1168 4527 1547 4596 συνάντησιν
1573 4528 1775 4594 αὐτοῖς
1796 4529 1916 4583 άπὸ

250 4612 361 4680 τῆς
402 4613 586 4680 θύρας
628 4612 737 4681 τῆς
774 4612 1037 4683 σκηνῆς.
1070 4614 1265 4678 Καλῶς
1304 4614 1397 4668 zeal
1433 4616 1492 4668 16
1524 4614 1914 4685 Προσέδραμε

251 4700 601 4768 πρόσκειται,
637 4700 724 4752 ἵνα
770 4700 946 4770 μάθῃς
983 4701 1065 4753 δτι
1095 4700 1172 4763 ὡς
1202 4700 1445 4769 ἀγνῶτες
1482 4701 1787 4772 παρῄεσαν,
1821 4704 1915 4755 καὶ

248 4785 351 4837 οὐκ
377 4783 445 4837 ἂν
467 4784 760 4854 αὐτόματοι
788 4782 950 4856 ἦλθον
978 4786 1072 4839 ἐπὶ
1104 4786 1201 4858 τὴν
1232 4787 1454 4857 σκηνήν.
1494 4787 1594 4840 Διὰ
1619 4787 1797 4851 τοῦτο,
1826 4788 1914 4841 ἵνα

252 4871 329 4942 μὴ
365 4871 605 4945 διαφύγῃ
635 4860 798 4927 αύτδν
829 4876 892 4927 16
923 4873 1289 4945 πνευματικὸν
1328 4872 1487 4927 τοῦτο
1520 4873 1730 4945 κέρδος,
1761 4877 1789 4927 6
1821 4892 1914 4943 γε-

248 4956 539 5028 γηρακὼς,
579 4960 608 5011 6
654 4959 1096 5029 πεπολιωμένος,
1126 4961 1164 5018 ,ὁ
1210 4962 1601 5031 ἐκατονταέτης
1645 4962 1912 5032 προστρέ-

246 5060 363 5113 χει.
392 5045 486 5098 καὶ
515 5043 601 5098 διὰ
633 5044 727 5099 τοῦ
774 5045 972 5116 δρόμου
1017 5047 1114 5118 τὴν
1160 5048 1467 5119 προθυμίαν
1511 5049 1902 5103 ἐπιδείκνυται.

251 5131 362 5185 Καὶ
411 5130 781 5201 θεὰσάμενος
819 5135 1280 5202 προσεκύνησεν
1318 5136 1415 5188 ἐπὶ
1457 5135 1574 5202 τὴν
1619 5135 1769 5205 τῆν,
1812 5138 1912 5192 καί

247 5212 381 5270 εἷπε
405 5234 419 5247 ·
459 5220 635 5287 Κύριε
659 5260 675 5282 ,
703 5222 755 5273 εί
782 5219 898 5288 ἄρα
938 5216 1119 5289 εὗρον
1151 5220 1327 5290 χάριν
1352 5221 1629 5275 ἐναντίον
1658 5237 1795 5286 σου,
1825 5222 1911 5291 μὴ

251 5300 553 5371 παρέλθῃς
583 5305 692 5358 τὸν
729 5305 912 5360 παῖδά
954 5321 1093 5361 σου.
1125 5307 1418 5376 Ληφθήτω
1463 5307 1538 5374 δὴ
1573 5307 1728 5376 ὕδωρ
1749 5348 1763 5372 ,
1809 5310 1909 5361 καὶ

246 5389 603 5457 νιψάτωσαν
631 5393 773 5458 τοὺς
801 5394 989 5460 πόδας
1014 5393 1202 5465 ὑμῶν,
1237 5394 1338 5448 καί
1372 5395 1754 5462 καταψύξατε
1791 5396 1909 5449 ὑπὸ

247 5476 316 5529 t6
343 5475 621 5545 δένδρον,
665 5479 765 5531 καί
801 5481 1069 5551 λήψομαι
1107 5481 1306 5549 άρτον,
1343 5480 1443 5534 καί
1482 5481 1773 5551 φάγεσθε,
1814 5482 1910 5535 καί

244 5562 392 5630 μετὰ
433 5564 611 5619 τοῦτο
654 5570 1135 5633 παρελεύσεσθε,
1177 5564 1249 5623 οὗ
1291 5569 1521 5623 εἵνεκεν
1562 5568 1910 5632 ἐξεκλίνατε

252 5650 404 5718 πρὸς
434 5653 541 5707 τὸν
570 5654 753 5709 παῖδα
782 5654 975 5724 ὐμῶν-ε
1007 5658 1181 5729 Πολλὴ
1209 5658 1317 5710 τῶν
1359 5657 1452 5710 τοῦ
1496 5657 1704 5711 δικαίου
1733 5657 1909 5727 ῥημά-

312 5771 331 5792 ⁶
367 5764 516 5820 Savﬂ.
564 5780 617 5822 ει
648 5785 867 5840 quatuor
910 5791 1021 5826 mss.
1056 5778 1321 5840 ἀκούωμεν,
1355 5778 1607 5840 ἀγαπητοὶ,
1639 5778 1720 5825 καὶ
1767 5778 1910 5838 μηδέ-

244 5839 814 5955 ἷτόοᾶῧεειεριεργαζώμεθα
838 5874 851 5896 ,
884 5841 1079 5887 omissis
1118 5841 1423 5901 interpositis
1525 5839 1553 5878 ι)
1598 5840 1794 5889 (ἰοὶειὶιι.
1834 5841 1910 5886 ἶνα

498 6000 764 6059 hune.
801 6001 916 6058 (ἰιι.
969 6001 1123 6063 I.II|.

1348 340 1413 397 IN
1452 295 1619 399 CAP.‘
1644 337 1805 396 xvm
1843 333 2089 392 amas.
2127 336 2361 396 IIOMIL.
2403 342 2540 398 xu.

2024 469 2131 507 των
2160 458 2192 527 ἡ
2226 458 2524 530 ὑπερϐολή.
2559 462 2634 515 Οὐ
2665 460 2793 532 γὰρ,
2844 462 2925 515 δτι
2961 461 3274 528 ὑπεδέξατο,
3328 462 3515 534 θαῦμα
3553 481 3686 519 τοσα-

2021 542 2177 600 οῦτον
2199 545 2299 616 τῆς
2327 548 2667 619 προθυμίας,
2691 548 2808 603 ἀλλ’
2841 550 2923 603 ὅτι
2966 551 3105 621 μετά
3133 549 3400 623 τοσαύτης
3430 551 3693 623 σπουδῆς,

2022 633 2116 685 zeal
2154 633 2278 687 οὔτε
2322 635 2461 707 πρὸς
2504 635 2603 707 τὴν
2654 637 2849 692 ἑαυτοῦ
2884 638 3099 710 ἡλικίαν
3124 638 3363 704 ἀπιδὼν,
3398 638 3522 694 οὔτε
3563 641 3696 710 πρὸς

2019 722 2149 784 τοὺς
2177 722 2471 794 παριόντας
2503 724 2523 793 (
2538 724 2668 788 ἴσως
2692 724 2801 797 γὰρ
2825 725 2935 780 νέοι
2961 726 3109 790 τινὲς
3146 726 3298 798 αύτῷ
3346 728 3701 796 κατεφαίνον-

2021 808 2124 877 το),
2160 809 2279 862 οὐδὲ
2308 811 2532 881 νομίσας
2566 813 2757 885 ἀρκεῖν
2785 812 2883 884 τὴν
2911 813 2998 868 διὰ
3034 815 3143 867 τῶν
3172 813 3346 882 λόγων
3375 813 3536 885 μόνον
3566 831 3700 885 προ-

2019 895 2249 966 τροπὴν,
2285 900 2735 968 Προσεκύνησε,
2763 901 2951 972 φησὶν,
2984 900 3083 956 ἐπί
3110 900 3229 969 τὴν
3252 900 3387 971 γῆν,
3415 901 3701 972 μονονουχὶ

2023 982 2420 1050 καθικετεύων,
2455 986 2551 1042 zeal
2584 987 2823 1059 σφοδρὰν
2856 987 2955 1059 τὴν
2997 986 3343 1060 παράκλησιν
3381 988 3695 1058 προσάγων,

2023 1068 2110 1123 ἵνα
2137 1068 2290 1141 [417]
2315 1071 2392 1142 μὴ
2424 1074 2653 1145 νομισθῇ
2682 1073 2866 1138 ἁπλῶς
2898 1073 3194 1144 άφοσιὼσει
3219 1084 3240 1113 ο
3271 1072 3697 1145 προτρέπεσθαι.

2021 1151 2119 1205 Διὰ
2148 1151 2212 1222 δὴ
2249 1151 2409 1207 τοῦτο
2460 1157 2555 1209 zeal
2587 1157 2620 1226 ἡ
2650 1155 2771 1211 θεία
2802 1155 2994 1228 Γραφὴ
3026 1155 3345 1209 δεικνύουσα
3372 1154 3467 1209 τοῦ
3492 1153 3699 1209 δικαίου

2019 1234 2119 1305 τὴν
2151 1234 2353 1306 πολλὴν
2406 1238 2502 1292 zeal
2533 1238 2736 1306 ἄφατον
2771 1239 2991 1310 ἀρετὴν,
3036 1239 3201 1311 φησί·
3235 1239 3702 1307 Προσεκύνησεν

2018 1317 2119 1371 ἐπὶ
2147 1318 2263 1387 τὴν
2298 1318 2437 1389 τῆν,
2462 1320 2558 1374 zeal
2581 1320 2672 1373 διὰ
2696 1319 2791 1375 τοῦ
2816 1323 3117 1392 σχήματος,
3147 1322 3241 1376 καὶ
3267 1321 3353 1375 διὰ
3380 1321 3489 1374 τῶν
3516 1320 3700 1391 ῥημά-

2020 1416 2127 1455 των
2162 1400 2365 1472 πολλὴν
2393 1401 2495 1473 τὴν
2539 1400 2853 1473 θερμότητα
2883 1404 3345 1473 ἐπιδεικνύμενος,
3371 1401 3571 1472 πολλὴν
3602 1400 3702 1470 τὴν

2020 1482 2540 1556 ταπεινοφροσύνην,
2574 1484 2837 1556 μεγίστην
2874 1487 2974 1557 τὴν
3008 1486 3343 1557 φιλοξενίαν,
3375 1485 3579 1553 ἄφατον
3603 1482 3701 1552 τὴν

2022 1565 2372 1637 κηδεμονίαν.
2426 1567 2536 1622 Καὶ
2572 1567 3048 1636 προσκυνήσας,
3085 1569 3270 1639 φησὶν,
3306 1564 3466 1621 εἴπεο
3503 1565 3699 1632 Κύριε.

2020 1651 2074 1701 εί
2094 1648 2209 1715 ἄρα
2234 1643 2419 1716 εὗρον
2455 1647 2633 1717 χάριν
2657 1650 2935 1704 ἐναντίον
2970 1666 3105 1719 σου,
3133 1652 3219 1719 μὴ
3250 1650 3561 1718 παρέλθῃς
3595 1646 3705 1699 τὸν

2020 1729 2203 1784 παῖδά
2228 1744 2369 1786 σου.
2412 1731 2478 1784 Τί
2505 1732 2572 1786 ἄν
2601 1748 2685 1795 τις
2712 1732 2836 1785 κατ’
2860 1733 3018 1798 ἀξίαν
3042 1731 3190 1786 εἴποι
3217 1732 3311 1786 τοῦ
3341 1730 3552 1785 δικαίου
3576 1726 3700 1781 τού-

2021 1828 2146 1878 του;
2173 1813 2204 1885 ἢ
2238 1814 2357 1875 πῶς
2379 1814 2446 1869 ἄν
2478 1830 2562 1879 τις
2581 1814 2741 1868 αὑτὸν
2773 1816 2987 1887 μυρίοις
3016 1815 3277 1886 στόμασιν
3299 1812 3698 1884 ὲγκωμιάσειε;

2022 1892 2097 1946 T6
2129 1893 2228 1963 μέν
2266 1894 2375 1966 γὰρ
2406 1896 2604 1960 είπεῖν,
2644 1897 2856 1963 Κύριε,
2892 1895 3003 1949 τῶν
3032 1894 3422 1966 ἐγχωρούντων
3446 1892 3608 1946 αέστί·
3639 1887 3703 1942 16

2020 1973 2078 2026 δέ
2124 1975 2324 2044 λέγειν,
2371 1980 2445 2032 Ei
2484 1977 2596 2046 ἄρα
2626 1974 2807 2045 εὗρον
2845 1978 3023 2047 χάριν
3051 1977 3333 2032 ἐναντίον
3361 1990 3499 2041 σου,
3540 1972 3701 2026 τοῦτό

1975 2098 1980 2103 .
2021 2057 2139 2110 ἐστι
2165 2058 2227 2110 16
2272 2057 2596 2132 παράδοξον.
2637 2061 2832 2131 Χάριν,
2862 2061 3013 2130 φησὶ,
3061 2061 3239 2124 δίδως,
3274 2060 3336 2112 ού
3381 2057 3697 2128 λαμϐάνεις.

2021 2138 2412 2211 Τοιοῦτονγᾲρ
2448 2140 2666 2211 άληθῶς
2702 2144 2735 2212 ἠ
2784 2142 3080 2210 φιλοξενία·
3114 2142 3313 2211 μᾶλλον
3345 2139 3633 2209 λαμϐάνει,
3664 2137 3697 2205 ἢ
3742 2158 3747 2161 ’

2021 2220 2236 2274 δίδωσιν
2270 2223 2299 2275 6
2328 2221 2469 2291 μετὰ
2499 2222 2807 2293 προθυμίας
2840 2224 3010 2293 αὐτὴν
3033 2222 3495 2293 ἐπιδεικνύμενος.
3537 2218 3701 2273 Ἀλλὰ

2024 2304 2214 2374 μηδεὶς
2253 2304 2362 2360 τῶν
2388 2305 2560 2376 ταῦτα
2596 2306 2901 2360 ἀκουόντων
2932 2304 3320 2376 ὑποτεμνέσθω
3366 2303 3461 2357 τοῦ
3487 2301 3698 2356 δικαίου

2019 2384 2119 2455 τὴν
2147 2386 2369 2458 ἀρετὴν,
2398 2388 2492 2442 καὶ
2513 2385 2803 2458 νομιζέτω,
2834 2389 2915 2441 δτι
2944 2388 3100 2452 εἰδὼς
3120 2388 3265 2450 τίνες
3307 2387 3356 2440 οί
3386 2398 3700 2456 παραγεγο-

2020 2467 2196 2532 νότες,
2209 2468 2384 2522 ταῦτα
2398 2470 2717 2539 ἐφθέγγετο.
2734 2470 2868 2524 Οὐδὲ
2891 2470 2999 2541 γὰρ
3017 2471 3101 2535 ἂν,
3122 2468 3303 2534 καθὼς
3326 2467 3422 2523 zeal
3438 2466 3700 2528 πολλάκις

2022 2551 2255 2622 εἴρηται.
2277 2553 2488 2623 μέγατι
2504 2551 2660 2605 τοῦτο
2684 2548 2771 2623 ἦν,
2795 2554 2843 2606 εί
2877 2552 3033 2616 είδὼς
3050 2552 3220 2607 ταῦτα
3261 2546 3465 2620 ἔλεγεν·
3481 2549 3620 2605 ἀλλὰ
3639 2547 3725 2610 16

2022 2633 2334 2703 θαυμαστὸν
2356 2635 2452 2688 zeal
2466 2634 2772 2707 παράδοξον
2787 2634 2949 2689 τοῦτό
2984 2637 3150 2698 ἐστιν,
3182 2635 3265 2687 δτι
3293 2632 3369 2696 ὡς
3388 2630 3700 2703 ἀνθρώποις

2022 2716 2501 2788 προσφερόμενος,
2538 2717 2762 2771 τοιαῦτα
2804 2717 3101 2786 ἐφθέγγετο
3151 2716 3392 2787 ῥήματα.
3438 2713 3532 2784 Μὴ
3574 2712 3701 2767 θαυ-

2023 2800 2203 2869 μάσῃς
2230 2799 2287 2851 δὲ
2318 2801 2367 2853 εί
2411 2799 2580 2870 τριῶν
2623 2801 2792 2853 ὄντων
2833 2799 2941 2852 τῶν
2987 2799 3397 2869 ὑποδεχομένων
3442 2797 3518 2860 ὡς
3562 2796 3701 2867 πρὸς

2019 2882 2114 2934 ἕνα
2149 2881 2566 2953 προτεινόμενος
2612 2883 2641 2935 6
2686 2882 2896 2946 δίκαιος
2940 2881 3109 2949 λέγει,
3149 2880 3344 2950 Κύριε.
3384 2881 3545 2942 Ἴσως
3589 2876 3701 2949 γάρ

2019 2960 2393 3033 ἐπιδοξότερός
2414 2980 2498 3026 τις
2520 2963 2629 3016 τῶν
2658 2962 2926 3016 ἐλθόντων
2964 2963 3157 3032 ἐφάνη,
3194 2962 3329 3033 πρὸς
3361 2960 3419 3014 δν
3459 2961 3701 3012 ποιεῖται

2020 3042 2114 3095 καὶ
2145 3043 2245 3113 τὴν
2278 3043 2646 3115 παράκλησιν.
2678 3040 2810 3098 Εἶτα
2837 3043 3044 3114 προῖὼν
3066 3045 3360 3125 κοινοποιεῖ
3397 3042 3488 3095 16v
3516 3041 3697 3125 λόγον,

2020 3126 2112 3178 καί
2141 3142 2274 3195 φησι
2295 3142 2309 3156 ·
2340 3126 2633 3195 Ληφθήτω
2678 3125 2756 3193 δὴ
2785 3125 2963 3193 ὕδωρ,
3022 3124 3121 3179 καί
3174 3123 3533 3193 νιψάτωσαν
3554 3124 3701 3191 τοὺς

2020 3206 2210 3271 πόδας
2242 3205 2441 3275 ὑμῶν·
2477 3206 2572 3260 zeal
2615 3205 2797 3271 πάλιν,
2848 3205 3246 3274 Καταψύξατε
3283 3203 3402 3258 ὑπὸ
3435 3203 3502 3258 τὸ
3561 3204 3696 3259 δέν-

2018 3287 2182 3355 δρον,
2214 3288 2311 3341 καί
2336 3287 2600 3356 pay-£008
2631 3286 2831 3355 άρτον,
2858 3286 2953 3340 καί
2983 3286 3136 3354 μετὰ
3180 3285 3355 3340 τοῦτο
3402 3286 3696 3355 παρελεύ-

2019 3372 2223 3435 aea-08,
2255 3365 2327 3424 οὗ
2358 3370 2590 3430 εἵνεκεν
2618 3368 2966 3433 ἐξεκλίνατε
2987 3366 3137 3436 πρὸς
3170 3366 3280 3421 τόν
3301 3367 3482 3421 παῖδα
3507 3366 3693 3438 ὑμῶν.

2032 3450 2193 3522 Ὁρᾷς
2253 3450 2369 3515 πῶς
2400 3452 2501 3506 οὐκ
2550 3450 2703 3513 εἰδὼς
2738 3449 2881 3514 τίνες
2919 3451 3044 3515 εἰσὶ,
3080 3449 3333 3521 καθάπερ
3387 3450 3695 3522 ἀνθρώποις

2018 3533 2395 3603 διαλεγόμενος
2424 3533 2735 3605 παριοῦσιν,
2755 3531 2898 3587 οὕτω
2922 3531 3105 3603 κοινὴν
3128 3531 3263 3603 πρὸς
3293 3533 3491 3595 αὐτοὺς
3522 3536 3694 3586 ποιεί-

2018 3632 2107 3667 ται
2148 3614 2249 3686 τὴν
2278 3615 2614 3686 προτροπὴν,
2657 3614 2753 3667 καὶ
2785 3613 2934 3677 ἅπαξ
2964 3615 3057 3669 zeal
3082 3614 3332 3685 δεύτερον
3364 3615 3528 3668 παῖδα
3562 3616 3691 3669 ἐαυ-

2018 3696 2107 3748 τὸν
2131 3695 2349 3763 καλῶν;
2381 3697 2491 3749 Kal
2513 3697 2615 3767 ὅρα
2645 3697 2761 3759 πῶς
2793 3694 3047 3766 προλέγει
3084 3696 3182 3766 τῆς
3214 3694 3492 3765 τραπέζης
3526 3696 3693 3750 αὑτοῦ

2018 3778 2116 3847 τὴν
2142 3778 2437 3844 εὐτέλειαν,
2473 3777 2672 3849 μᾶλλον
2692 3777 2749 3831 δέ
2772 3776 2870 3847 τὴν
2896 3775 3264 3831 πολυτέλειαν.
3296 3777 3591 3845 Ληςρθήτω
3615 3779 3692 3846 δὴ

2018 3857 2194 3925 ὕδωρ,
2235 3860 2389 3927 φησὶ,
2436 3859 2534 3913 καί
2568 3858 2923 3926 νιψάτωσαν
2951 3858 3092 3924 τοὺς
3125 3858 3315 3923 πόδας
3353 3856 3541 3927 ὑμῶν,
3593 3861 3694 3914 καὶ

2018 3938 2402 4007 καταψύξατε
2427 3938 2547 3994 ὑπὸ
2571 3940 2636 3992 τό
2667 3938 2939 4007 δένδρον.
2982 3938 3202 4009 Ἐπειδὴ
3236 3940 3364 4007 γὰρ,
3409 3941 3561 4008 φησὶ,
3598 3957 3691 3994 κεο

2018 4022 2290 4091 κμήκατε,
2326 4020 2421 4075 zeal
2440 4020 2609 4073 πολὺν
2634 4020 2723 4071 16v
2745 4019 3005 4073 καύσωνα
3043 4018 3396 4088 ὑπεμείνατε,
3425 4019 3513 4074 διὰ
3536 4022 3693 4076 τοῦτο

2017 4101 2154 4165 ἀξιῶ
2186 4100 2261 4171 μὴ
2310 4101 2598 4171 παρελθεῖν
2642 4102 2733 4156 τὸν
2780 4101 2944 4155 παῖδα
2991 4100 3165 4170 ὑμῶν.
3198 4100 3291 4172 Μὴ
3319 4100 3427 4171 γάρ
3461 4102 3608 4172 μέγα
3638 4106 3691 4158 τί

2018 4184 2135 4236 ἐστι
2180 4181 2241 4234 16
2273 4183 2403 4252 παρ’
2437 4181 2573 4250 ἐμοῦ
2611 4184 2895 4251 γινόμενον
2929 4197 2943 4246 ;
3005 4183 3192 4251 ’Υδωρ
3228 4182 3337 4252 έχω
3392 4189 3692 4256 παρασχεῖν

2020 4265 2200 4335 μόνον,
2241 4264 2380 4335 ὑπὲρ
2429 4264 2524 4317 τοῦ
2558 4264 2883 4333 νιψαμένους
2913 4262 3017 4315 ὑπὸ
3045 4263 3104 4315 16
3138 4261 3351 4332 δένδρον
3395 4266 3485 4318 τὸν
3523 4267 3689 4322 πολὺν

2018 4349 2162 4417 ὑμᾶς
2186 4348 2429 4416 κάματον
2461 4346 2778 4400 ἀποθέσθαι.
2806 4342 2937 4400 Εἶτα
2964 4345 3059 4399 καὶ
3091 4346 3189 4417 τῆς
3230 4348 3512 4419 τραπέζης
3542 4348 3691 4418 λέγει

2016 4429 2114 4499 τὴν
2137 4428 2295 4485 ἰδέαν.
2327 4430 2418 4500 Μὴ
2448 4430 2701 4501 νομίσητε
2730 4430 3018 4492 πολυτελές
3068 4446 3121 4482 τι
3156 4430 3496 4502 παραθήσειν
3534 4433 3685 4502 ὑμῖν,

2017 4511 2049 4580 ἢ
2085 4512 2516 4583 καρυκευμάτων
2566 4511 2860 4577 ποικιλίαν,
2913 4510 2947 4583 ἢ
2987 4510 3133 4579 δψων
3175 4512 3472 4585 διαφοράν
3523 4512 3687 4582 ἄρτον

2018 4592 2275 4661 φάγεσθε,
2301 4594 2395 4646 zeal
2423 4592 2566 4647 οὕτω
2596 4594 3068 4661 Παρελεύσεσθε,
3104 4588 3175 4647 οὗ
3196 4593 3429 4646 εἵνεκεν
3455 4592 3687 4655 668x11-

2015 4692 2156 4729 νατε
2192 4675 2342 4742 πρὸς
2370 4674 2477 4730 τὸν
2494 4674 2677 4729 παῖδα
2700 4673 2887 4743 ὑμῶν.
3071 4743 3104 4750 _
3372 4716 3397 4744 .,

2085 4767 2146 4811 ε’.
2179 4758 2334 4822 Εἶδες
2370 4758 2487 4821 πῶς
2505 4758 2778 4826 διαφόροις
2804 4756 3065 4826 κέχρηται
3090 4754 3333 4825 τρόποις,
3367 4754 3686 4826 βουλόμενος

2014 4842 2331 4911 δυσωπῆσαι
2363 4841 2490 4902 τοὺς
2520 4838 2814 4907 παριόντας
2838 4835 2888 4899 ά,
2923 4838 3016 4890 zeal
3036 4836 3123 4891 διὰ
3154 4835 3247 4889 τοῦ
3273 4838 3568 4908 σχήματος,
3591 4840 3686 4893 zeal

2014 4922 2100 4975 διὰ
2131 4921 2241 4975 τῶν
2279 4922 2557 4994 ῥημάτων,
2579 4921 2673 4992 zeal
2703 4919 2790 4973 διὰ
2813 4919 3029 4974 πάντων
3059 4918 3467 4974 ἐπισπάσασθαι
3488 4921 3682 4985 αὐτοὺς

2016 5004 2219 5071 θέλων;
2252 5004 2474 5076 Πρῶτον
2502 5002 2602 5073 μὲν
2629 5002 2758 5074 γὰρ,
2794 5003 2948 5073 φησὶ,
2987 5002 3412 5073 προσεκύνησεν,
3443 4997 3562 5056 εἷτα
3589 5020 3683 5055 κυ-

2016 5086 2168 5151 ρίους
2188 5086 2360 5160 καλεῖ,
2386 5085 2480 5138 zeal
2510 5084 2700 5139 ἐαυτὸν
2732 5084 2893 5137 παῖδα
2913 5101 2925 5114 ’
2963 5081 3081 5137 εἶτα
3110 5083 3256 5150 λέγει
3287 5082 3347 5134 τδ
3377 5082 3568 5152 μέλλον
3590 5084 3681 5135 ὑπ’

2018 5164 2179 5219 αὐτοῦ
2220 5165 2472 5232 γενέσθαι
2532 5167 2610 5229 εἰς
2652 5166 2869 5227 αὐτοὺς,
2922 5161 3271 5229 ἐξευτελίζων
3326 5162 3418 5215 zeal
3468 5162 3682 5225 δεικνὺς

2012 5247 2162 5301 οὐδὲν
2196 5248 2335 5317 μέγα
2369 5246 2449 5300 δν.
2481 5247 2665 5316 ’Υδωρ
2702 5245 2829 5314 γάρ,
2861 5243 3014 5314 φησὶ,
3070 5242 3131 5297 16
3179 5244 3344 5296 πᾶσιν
3399 5244 3681 5313 ἀνειμένον

2014 5328 2122 5399 ἐχω
2147 5331 2447 5399 παρασχεῖν
2475 5329 2555 5389 είς
2582 5327 2706 5389 τοὺς
2739 5325 2903 5390 πόδας
2930 5324 3104 5395 ὑμῶν,
3132 5324 3226 5377 zeal
3252 5323 3438 5395 ἄρτον,
3469 5326 3560 5376 καὶ
3582 5324 3679 5394 τὴν

2012 5410 2120 5462 ἀπὸ
2139 5410 2238 5478 τῆς
2254 5408 2414 5477 δρυὸς
2443 5407 2672 5478 σκέπην.
2700 5405 2792 5478 Μὴ
2814 5406 2879 5478 δὴ
2908 5404 3273 5475 ἐξευτελίσητέ
3299 5423 3402 5475 μου
3426 5405 3523 5475 τὴν
3544 5420 3678 5474 σκη-

2074 5532 2098 5561 ο
2154 5529 2459 5591 Ἀφοσιώσει,
2502 5525 2836 5591 perfunctorie.
2876 5525 2981 5575 Hac
3006 5538 3127 5575 voce
3153 5526 3329 5577 eodem
3353 5537 3500 5573 sensu
3557 5524 3678 5574 infra

2015 5593 2169 5659 qtitur
2204 5591 2576 5659 Chrysostpmps
2611 5606 2627 5637 ι
2661 5600 2849 5659 .neque_
2878 5585 3163 5659 ipfreqneus
3194 5587 3361 5659 _hujus
3399 5588 3680 5659 υευεᾼεριιιι

2012 5654 2262 5701 doctorem
2289 5648 2314 5711 εξ
2340 5648 2622 5711 (ιυὶειὶιιιῃ-
2652 5648 2965 5711 ἀφοσιοῦσθαι
3011 5655 3213 5711 usurpat.
3254 5648 3549 5711 quandqque
3593 5656 3680 5704 pro

2017 5710 2339 5772 perfunctorie
2358 5705 2536 5772 'agere.
2581 5705 2855 5768 Hesy‘chius
2879 5710 3023 5768 longe
3070 5705 3250 5757 dii-orsi
3272 5705 3393 5756 ἱιειιε
3432 5705 3681 5765 interpre-

2018 5771 2252 5821 tationem
2276 5773 2418 5819 aﬂl‘rt
2438 5786 2449 5817 :
2473 5769 2824 5832 ᾀφοσιούμενοι.
2849 5771 2896 5832 ἐν
2914 5770 3159 5832 ύποκρίσει
3184 5770 3484 5832 θωπεύοντες,
3505 5767 3680 5825 τιμῶν-

2015 5847 2104 5888 τες·
2141 5846 2228 5889 per
2269 5827 2618 5880 simulationem
2659 5827 2704 5880 et
2745 5827 3068 5882 adulationem
3110 5832 3330 5889 colentes,
3377 5827 3673 5876 honorantes.

2078 5894 2104 5933 ιι
2131 5890 2230 5943 Alii
2256 5892 2362 5946 τοὺς
2382 5890 2631 5953 παρόντας·
3316 5951 3372 5984 ,η

3313 5970 3388 6002 ΖἎ

3313 5994 3380 6015 -’δ
