4054 6324
318 401 414 455 δη

314 515 434 585 νην,
464 509 540 581 μὴ
571 507 856 580 ὑπερίδητέ
876 506 1042 580 [418]
1076 525 1178 579 μου
1206 508 1267 562 τὸ
1297 508 1498 580 γῆρας,
1540 505 1614 578 μὴ
1648 507 1981 578 ἀνανεύσητε

317 598 454 671 πρὸς
482 599 581 666 τὴν
609 597 747 668 ἐμήν
775 596 1142 669 παράκλησιν.
1179 592 1308 649 Οἶδα
1333 597 1468 665 ὅσην
1513 594 1842 664 ὑπεμείνατε
1889 613 1985 649 τα-

315 684 644 756 λαιπωρίαν,
681 684 1013 756 στοχάζομαι
1063 681 1159 736 τοῦ
1193 682 1470 744 καύσωνος
1517 679 1616 752 τήν
1668 681 1863 753 φλόγα,
1898 682 1986 736 διά

309 773 471 827 τοῦτο
498 772 752 845 ἀνεθῆναι
785 773 978 844 μικρὸν
1016 771 1161 841 ὑμᾶς
1195 770 1475 842 βούλομαι.
1508 770 1664 832 Ποῖος
1689 770 1872 841 πατὴρ
1899 788 1986 839 φι-

313 860 602 931 λόστοργος
652 861 787 931 πρὸς
832 859 996 912 παῖδα
1023 869 1047 898 ι
1085 858 1352 930 τοσαύτην
1379 857 1446 910 ἂν
1490 856 1802 920 ἐπεδείξατο
1833 856 1982 925 φιλο-

309 945 607 1015 φροσύνην,
635 947 765 1015 ὅσην
783 937 937 1006 οὗτος
968 944 1102 1014 πρὸς
1130 945 1256 1007 τοὺς
1281 943 1529 1012 ἀγνῶτας
1550 941 1646 995 καὶ
1672 941 1875 1006 ξένους,
1893 941 1986 994 καὶ

311 1031 609 1100 οὐδαμόθεν
665 1029 816 1099 αὐτῷ
869 1031 1006 1094 τέως
1047 1031 1397 1102 γνωρίμουςς
1451 1027 1592 1081 ‘AD’
1629 1028 1818 1100 ἐπειδὴ
1848 1027 1986 1098 μετά

309 1107 550 1187 σπουδῆς
578 1115 848 1187 προσῆλθε
889 1117 984 1170 καὶ
1018 1115 1211 1170 πολλοῦ
1245 1115 1339 1168 τοῦ
1383 1114 1539 1168 τόνου
1561 1153 1576 1179 ,
1629 1115 1858 1185 ἐπέτυχε
1887 1115 1986 1184 τῆς

309 1203 507 1272 ἄγρας.
526 1204 618 1256 καὶ
643 1203 742 1275 τήν
770 1202 943 1274 θήραν
970 1202 1104 1256 εῐσω
1124 1202 1233 1255 τῶν
1252 1201 1485 1255 δικτύων
1512 1201 1698 1256 λαϐεῖν
1718 1201 1980 1272 ἠδυνήθη.

313 1288 420 1342 Kal
446 1284 644 1353 εἶπαν,
687 1289 871 1358 φησὶν,
901 1288 1068 1341 οὕτω
1115 1287 1469 1357 ποιήσομεν,
1519 1288 1672 1342 καθὰ
1717 1287 1980 1356 εἴρηκας.

326 1373 770 1444 ’Λνεζωπύρησεν
798 1375 826 1426 6
854 1372 1186 1444 πρεσϐύτης.
1233 1374 1321 1428 Ἐν
1343 1373 1524 1445 χερσὶ,
1555 1374 1742 1445 φησὶν,
1766 1373 1875 1443 ἔχω
1892 1373 1986 1427 τὸν

311 1458 604 1530 θησαυρὸν,
634 1456 730 1510 τοῦ
759 1457 986 1512 πλούτου
1017 1458 1362 1530 ἐπελαϐόμην
1380 1499 1396 1521 ,
1430 1458 1774 1529 ἐπελαθόμην
1800 1458 1986 1511 λοιπὸν

308 1543 402 1596 τοῦ
429 1544 634 1614 γήρως.
687 1544 800 1598 Kal
855 1545 955 1616 δρα
1007 1545 1170 1600 αὐτὸν
1199 1546 1339 1599 πάνυ
1379 1543 1714 1615 γαννύμενον
1747 1543 1824 1615 τῷ
1847 1545 1988 1617 πρά-

308 1645 499 1700 γματι,
531 1632 626 1684 καὶ⁵
664 1632 946 1702 μονονουχὶ
973 1631 1298 1699 σκιρτῶντα,
1323 1629 1416 1683 καί⁸
1437 1629 1692 1703 καθάπερ
1721 1631 1790 1685 τά
1816 1631 1986 1704 μυρία

307 1717 488 1785 ἀγαθά
520 1720 580 1770 ἐν
626 1721 746 1780 ταῖς
780 1717 966 1787 χερσὶν
1025 1717 1442 1788 ἐπιφερόμενον,
1483 1718 1656 1782 οὕτως
1699 1719 1983 1790 ἡδόμενον.

307 1803 415 1858 Kal
444 1803 753 1857 ἕσπευσεν
789 1802 1056 1873 Ἀϐραὰμ,
1087 1802 1272 1874 φησιν,
1307 1803 1408 1857 ἐπί
1426 1802 1542 1873 τὴν
1562 1805 1824 1872 σκηνήν.
1857 1806 1988 1858 ’Ὥσ-

303 1906 433 1960 περ,
466 1889 630 1952 ἡνίκα
669 1887 764 1941 ἐπὶ
795 1889 896 1960 τὴν
945 1888 1119 1961 θήραν
1175 1889 1354 1942 αὐτῶν
1384 1889 1660 1958 ἐπείγετο,
1715 1891 1986 1961 ἐμήνυσεν

306 1974 473 2029 αὐτοῦ
527 1974 620 2029 τὸν
675 1974 828 2029 τόνον
868 1975 962 2030 καὶ
1014 1974 1115 2047 τὴν
1175 1975 1489 2046 προθυμίαν
1537 1977 1573 2047 ή
1619 1975 1737 2030 θεία
1770 1976 1985 2048 Γραφὴ,

306 2064 556 2128 είποῦσα,
602 2065 1022 2135 Προσέδριιμεν
1065 2067 1153 2128 είς
1179 2064 1562 2134 συνάντησιν
1586 2067 1809 2134 αὐτοῖς,
1845 2068 1990 2124 οὕτω

308 2152 402 2205 καὶ
437 2152 533 2206 νῦν
555 2150 744 2220 ἐπειδή
774 2146 882 2204 εῐδε
913 2153 1042 2214 τοὺς
1076 2151 1298 2221 ἄνδρας,
1332 2152 1426 2204 καὶ
1463 2152 1825 2223 κατώρθωσεν
1850 2157 1989 2226 ὅπερ

309 2237 595 2307 ἐπεθύμει,
617 2236 741 2288 ούδέ
763 2235 936 2299 οὕτως
968 2227 1151 2307 ἵστησι
1199 2234 1300 2306 τὴν
1329 2235 1664 2307 προθυμίαν,
1692 2238 1828 2294 ἀλλά
1857 2240 1988 2313 θερ·

309 2323 537 2396 μότερον
585 2323 748 2379 πάλιν
794 2322 1130 2376 ἐπιδείκνυσι
1157 2322 1249 2376 τὸν
1273 2321 1454 2394 ἔρωτα
1476 2365 1492 2392 ,
1523 2323 1644 2378 οὐδὲ
1688 2326 1874 2399 ἐπειδὴ
1929 2329 1988 2381 ἐν

309 2407 578 2481 ἀσφαλείᾳ
610 2408 826 2478 γέγονε,
868 2408 1056 2462 λοιπὸν
1087 2406 1461 2480 ῥᾳθυμότερος
1507 2409 1766 2483 κατέστη.
1808 2413 1988 2484 Ὅπερ

306 2493 568 2559 πολλάκις
599 2495 760 2566 ήμεῖς
789 2493 1156 2565 ὑπομένομεν,
1204 2493 1299 2547 καὶ
1347 2494 1501 2564 παρά
1547 2495 1648 2566 μέν
1683 2495 1783 2567 τὴν
1813 2498 1988 2569 ἀρχὴν

299 2580 476 2636 ἐνίοτε
507 2581 710 2652 πολλὴν
753 2579 1181 2650 ἐπιδεικνύμεθα
1227 2580 1330 2649 τήν
1377 2581 1645 2652 σπουδήν·
1681 2582 1902 2637 ἐπειδάν
1930 2583 1988 2637 δέ

302 2667 400 2722 τοῦ
423 2667 746 2739 πράγματος
766 2666 920 2730 ἐντὸς
939 2664 1251 2737 γενώμεθα,
1274 2667 1338 2721 ού
1362 2667 1456 2722 τὸν
1485 2667 1597 2722 ίσον
1626 2668 1787 2724 πόνον
1807 2669 1989 2738 είσφέ-

209 2770 212 2775 ·
306 2771 495 2825 ρομεν.
544 2753 688 2808 Ἀλλ’
714 2753 814 2825 οὐχ
835 2754 865 2806 6
895 2753 1103 2817 δίκαιος
1127 2751 1474 2818 οῠτως,ἀλλά
1493 2753 1548 2806 τί
1565 2771 1580 2821 ;
1616 2753 1785 2808 Πάλιν
1817 2755 1983 2808 σπεύ-

304 2841 384 2896 δει
409 2844 503 2896 καὶ
524 2840 806 2910 ἐπείγεται
821 2841 917 2894 καὶ
935 2839 1119 2911 τρέχει
1139 2840 1170 2891 6
1192 2839 1520 2910 73711901111;
1546 2841 1639 2894 ἐπὶ
1662 2841 1761 2913 τὴν
1782 2843 1988 2915 σκηνὴν

308 2924 444 2996 πρὸς
473 2925 714 2995 Σάρραν,
737 2923 845 2977 Καί
867 2918 1039 2975 εἷπεν
1057 2921 1215 2990 αὐτῇ
1234 2939 1248 2952 ο
1270 2921 1570 2990 Σπεῦσον,
1594 2924 1692 2978 καί
1710 2925 1988 2992 φύρασον

306 3012 440 3081 τρία
479 3011 668 3081 μέτρα
705 3009 1098 3079 σεμιδάλεως.
1116 3009 1333 3062 Σκόπει
1365 3009 1485 3074 πῶς
1522 3011 1618 3069 καὶ
1640 3011 1738 3082 τὴν
1772 3012 1989 3083 Σάρραν

307 3098 564 3152 κοινωνὸν
591 3096 860 3166 λαμϐάνει
893 3097 993 3166 τῆς
1032 3093 1226 3166 θήρας,
1261 3096 1356 3148 καὶ
1395 3097 1514 3160 πῶς
1550 3097 1723 3169 αὐτὴν
1772 3098 1988 3164 ἐξεπαί-

305 3187 460 3238 δευσε
483 3180 682 3254 ζηλοῦν
708 3179 873 3235 αὐτοῦ
899 3180 1000 3251 τὴν
1023 3182 1244 3251 ἀρετήν.
1281 3182 1390 3235 Kal
1421 3182 1530 3253 γὰρ
1561 3182 1823 3252 κάκείνην
1845 3199 1990 3256 παρ-

304 3271 451 3343 ορμᾷ
487 3268 563 3342 μὴ
595 3266 854 3340 ῥᾳθύμως
873 3270 942 3338 τῇ
963 3267 1124 3337 χρείᾳ
1141 3261 1486 3334 προσελθεϊνὶ
1500 3268 1658 3334 ἀλλὰ,
1682 3269 1987 3336 Σπεῦσον,

307 3357 458 3428 φησί.
495 3357 607 3426 Τῆς
643 3354 888 3425 μεγάλης
918 3352 1255 3423 ἐπετύχομεν
1281 3354 1696 3424 πραγματείας,
1733 3358 1809 3428 μὴ
1854 3358 1990 3412 ἀπο.

306 3439 552 3510 λέσωμεν
582 3438 675 3492 τὸν
713 3435 1007 3508 θησαυρὸν,
1045 3435 1181 3489 ἀλλά
1212 3436 1512 3501 Σπεῦσον,
1554 3437 1655 3492 καί
1709 3441 1990 3509 φύρασον

300 3527 439 3596 τρία
462 3525 652 3596 μέτρα
676 3522 1064 3593 σεμιδάλεως.
1127 3521 1349 3593 Ἐπειδὴ
1393 3522 1501 3594 γὰρ
1525 3523 1641 3594 ᾔδει
1667 3525 1761 3579 τοῦ
1791 3544 1989 3600 κατορ-

305 3611 558 3681 θώματος
587 3610 648 3663 τδ
688 3608 914 3681 μέγεθος
941 3648 957 3674 ,
1006 3606 1260 3661 ἐϐούλετο
1309 3608 1567 3663 κοινωνὸν
1614 3609 1724 3663 τῶν
1780 3611 1987 3681 μισθῶν

303 3701 606 3772 λαμϐάνειν
632 3700 724 3752 καὶ
758 3697 865 3751 τῶν
899 3695 1221 3750 ἀντιδόσεων
1249 3697 1344 3751 καὶ
1367 3695 1466 3768 τὴν
1493 3695 1589 3750 τοῦ
1619 3696 1737 3768 βίου
1761 3702 1988 3770 γενομέ-

306 3808 405 3860 νην
434 3785 585 3856 αύτῷ
605 3783 882 3839 κοινωνόν.
913 3781 1014 3836 Διά
1041 3782 1096 3835 τί
1125 3782 1256 3854 γὰρ,
1291 3783 1412 3836 είπέ
1454 3800 1580 3854 μοι,
1615 3785 1791 3840 οὐδενὶ
1821 3786 1849 3827 δ
1879 3788 1987 3842 τῶν

306 3874 607 3932 παιδισκῶν
630 3872 789 3927 τοῦτο
816 3871 1101 3938 ἐπέταξεν,
1125 3870 1262 3924 ἀλλά
1285 3874 1349 3942 τῇ
1380 3873 1602 3940 γυναικὶ
1629 3876 1693 3944 τῇ
1717 3874 1987 3947 προϐεϐη-

305 3963 469 4036 κυίᾳς
506 3963 860 4032 ἐννενήκοντα
891 3959 999 4030 γὰρ
1019 3957 1157 4012 ἐτῶν
1192 3957 1486 4028 ἐτύγχανεν
1541 3954 1696 4014 οὖσα.
1746 3963 1857 4016 Kal
1885 3964 1986 4017 οὐκ

303 4050 557 4108 ἀνανεύει
583 4051 617 4120 ἡ
644 4047 833 4121 Σάρρα
863 4045 1000 4119 πρὸς
1034 4045 1095 4098 τὸ
1125 4044 1427 4115 ἐπίταγμα,
1464 4046 1598 4100 ἀλλὰ
1617 4047 1717 4118 τὴν
1750 4049 1873 4120 ῖσην
1894 4052 1986 4104 καὶ

303 4139 444 4212 αὐτὴ
471 4137 781 4208 προθυμίαν
807 4133 1071 4204 εἰσφέρει.
1109 4132 1480 4186 ’Δκουὲτωσαν
1525 4132 1751 4206 ἄνδρες,
1793 4136 1988 4190 ἀκουέ-

303 4244 488 4281 τωσαν
519 4226 778 4294 γυναῖκες
805 4240 818 4253 ·
850 4221 1045 4292 ἄνδρες
1073 4219 1175 4291 μὲν
1203 4213 1317 4284 οὖν,
1367 4221 1453 4274 ἴνα
1477 4222 1620 4275 οὕτω
1646 4224 1746 4287 τάς
1779 4226 1986 4282 ἑαυτῶν

307 4313 588 4376 συνοίκους
619 4307 1032 4373 ἐκπαιδεύωσιν,
1062 4306 1284 4360 ἐπειδάν
1313 4309 1684 4378 πνευματικόν
1713 4328 1765 4364 τι
1796 4313 1986 4384 κέρδος

306 4401 662 4476 παρεμπέση,
691 4398 768 4470 μὴ
793 4395 882 4450 διά
903 4395 1011 4448 τῶν
1034 4393 1261 4448 οἰκετῶν
1284 4393 1442 4448 τοῦτο
1476 4395 1738 4467 πληροῦν,
1761 4397 1896 4454 ἀλλά
1917 4401 1985 4455 δι’

306 4488 516 4544 ἐαυτῶν
544 4488 762 4542 ἅπαντα
794 4480 1252 4554 διαπράττεσθαν
1287 4481 1546 4550 γυναῖκες
1565 4481 1643 4546 δέ,
1683 4482 1770 4538 ἵνα
1815 4486 1984 4539 σπεύ-

304 4576 437 4631 δωσι
489 4573 766 4627 κοινωνεῖν
798 4572 911 4634 τοῖς
940 4568 1169 4640 ἀνδράσι
1199 4568 1310 4622 τῶν
1334 4568 1594 4624 τοιούτων
1627 4571 1988 4644 κατορθωμά-

306 4679 436 4732 τιεν,
459 4661 557 4716 καὶ
591 4660 668 4732 μὴ
696 4655 1130 4727 ἐπαισχύνωνται
1153 4655 1252 4728 τὴν
1283 4654 1608 4726 φιλοξενίαν,
1655 4658 1751 4712 καὶ
1777 4657 1876 4731 τήν
1907 4661 1987 4726 είς

305 4724 527 4812 τοῦτους
556 4724 1040 4818 θεραπείανξάλλά
1076 4724 1452 4815 μιμείσθωσαν
1496 4744 1596 4815 τήν
1643 4724 1858 4818 Σάρραν
1888 4724 1988 4820 τήν

309 4835 629 4910 πρεσϐῦτιν,
652 4833 752 4903 τὴν
776 4833 834 4886 ἐν
859 4831 1044 4903 ἡλικίᾳ
1072 4829 1298 4902 τοιαύτῃ
1318 4832 1500 4884 πονεῖν
1524 4832 1984 4907 καταδεχομένην,

308 4924 406 4981 καὶ
433 4922 503 4978 τά
526 4921 636 4976 τῶν
667 4917 969 4974 παιδισκῶν
1007 4916 1145 4989 ἔργα
1193 4917 1480 4971 ἐπιτελεῖν.

390 5011 531 5065 Ἀλλ’
547 5006 662 5063 οἶδα
677 5010 760 5062 ὅτι
782 5007 838 5079 μ
849 5008 865 5060 l
875 5005 933 5077 9]
949 5005 1123 5069 οὐδεὶς
1135 5004 1384 5070 ἀνέξεται
1396 5006 1508 5060 τῶν
1523 5023 1600 5060 πα
1607 5007 1654 5078 ρ’
1671 5008 1827 5079 ήμῶν
1840 5009 1990 5080 λεγο-

310 5099 510 5174 μένων.
529 5097 644 5151 Νῦν
665 5095 774 5167 γὰρ
799 5096 932 5165 ήμῖν
949 5093 1045 5147 ἀπ’
1068 5093 1318 5157 ἐναντίας
1334 5092 1521 5166 ἐκείνη
1532 5094 1731 5160 πάντες
1751 5095 1989 5166 βαδίζειν

308 5187 642 5256 ἐπείγονται,
657 5185 752 5239 καὶ
767 5181 935 5254 πολλὴ
951 5184 984 5252 ἡ
1001 5181 1226 5252 βλακεία
1235 5183 1358 5246 ταῖς
1369 5179 1606 5252 γυναιξὶ,
1625 5183 1762 5256 καὶή
1783 5186 1988 5258 σπουδὴ

309 5277 447 5348 πρὸς
475 5274 567 5329 τὸν
596 5272 801 5343 κόσμον
829 5270 938 5324 τῶν
971 5270 1221 5340 ἱματίων,
1254 5269 1382 5341 περὶ
1430 5269 1500 5323 τά
1550 5271 1748 5343 χρυσία
1780 5273 1875 5326 καὶ
1920 5275 1990 5328 τά

307 5361 668 5435 περιδέρῤαια
685 5359 777 5413 καὶ
799 5359 893 5412 τὸν
913 5356 1110 5424 ἔξωθεν
1131 5356 1536 5428 καλλωπισμὸν,
1561 5359 1656 5412 καὶ
1681 5363 1782 5430 τῆς
1812 5361 1991 5433 ψυχῆς

307 5450 536 5522 οὐδεμία
558 5448 803 5519 πρόνοια.
855 5446 965 5499 Καὶ
995 5444 1116 5498 ούδέ
1171 5443 1384 5508 Παῦλος
1436 5445 1619 5500 αὐτῶν
1652 5447 1990 5504 καθικνεῖται

311 5538 452 5609 βοῶν
481 5536 576 5591 και
598 5535 770 5605 λέγων
793 5551 808 5567 ο
831 5533 929 5603 Μὴ
962 5533 1033 5587 ἐν
1060 5531 1424 5601 πλέγμασιν,
1453 5531 1754 5602 ἢνχρυσῷ.
1785 5534 1824 5604 ἢ
1844 5545 1995 5605 μαρ-

306 5628 595 5699 γαρίταις.
618 5623 658 5694 ἢ
681 5621 974 5695 ἱματισμῷ
998 5621 1338 5676 πολυτελεῖ.
1361 5623 1503 5692 Ὅρα
1518 5621 1619 5693 την
1638 5622 1990 5697 οὐρανομήκη

303 5716 509 5785 ταύτην
551 5712 750 5786 ψυχὴν,
802 5711 921 5776 πῶς
966 5710 1068 5764 οὐκ
1122 5709 1373 5782 ἐνόμισεν
1407 5709 1632 5780 αίσχρὸν
1666 5709 1816 5782 αὒτῷ
1845 5707 1987 5768 εἷναι

441 5836 674 5903 επεὶ-ει
701 5832 889 5903 Morel:
899 5832 1017 5903 πρὸς
1035 5832 1215 5903 παῖδα.
1251 5830 1333 5903 E_x_
1371 5845 1487 5903 ποτε.
1525 5833 1610 5903 _alil
1643 5834 1984 5903 κιρξηπαῖδας,

307 5898 391 5964 alii
431 5898 504 5964 εἰς
534 5897 723 5964 παῖδας.
765 5895 819 5964 _b
847 5892 1012 5964 Malia!
1035 5895 1208 5957 legere
1250 5892 1467 5958 οὐδεμία,
1507 5895 1572 5944 de
1619 5892 1814 5945 ancillis
1853 5892 1985 5949 enlﬁi

307 5959 526 6024 loquitur
549 5959 942 6018 Chrysoslomus.
979 5956 1112 6005 Εοιτ.

1152 391 1223 449 'S.
1252 391 1537 450 JOANNIS
1563 389 1986 451 ειιιιῖδοετο]

2094 393 2402 454 ιιιοιιιειτ.
2443 397 2986 456 CONSTANTINOP.

3657 400 3763 456 382

2091 507 2253 580 μέχρι
2275 511 2462 566 τούτου
2488 511 2580 566 τὸν
2597 512 2754 582 λόγον
2779 511 3132 582 ποιήσασθαι,
3147 509 3240 565 καὶ
3254 510 3347 564 ἐπὶ
3361 507 3770 582 ἐμτλεγμάτων

2086 591 2434 662 παραινέσαι.
2481 595 2754 658 Εἰκότως·
2803 595 2954 647 πᾶσα
2990 593 3098 664 γάρ
3127 591 3276 660 αύτῷ
3318 593 3353 662 ή
3385 592 3590 662 σπουδή
3635 593 3764 662 περὶ

2084 673 2184 744 τήν
2208 672 2308 744 τῆς
2328 674 2507 746 ψυχῆς
2530 676 2852 747 ἐπιμέλειαν
2879 671 2968 746 ἣν.
3015 673 3168 729 Ἐπεὶ
3193 669 3286 728 οὖν
3311 667 3450 727 οἶδεν
3478 675 3561 727 δτι
3592 673 3767 727 ταῦτα

2088 753 2324 822 μάλιστα
2354 756 2452 827 τῆς
2481 756 2659 829 ψυχῆς
2713 758 2804 811 τδν
2855 756 3071 827 ὄλεθρον
3115 756 3434 830 ἐργάζεται,
3467 755 3556 808 διὰ
3607 755 3768 809 τοῦτο

2083 835 2236 889 ούδέν
2258 839 2610 910 παρῃτήσατο
2629 840 2740 893 τῶν
2761 838 3146 911 προσηκόντων
3174 840 3254 902 είς
3275 837 3622 892 διδασκαλίαν
3645 839 3768 902 ταῖς

2083 916 2254 971 ταῦτα
2275 919 2585 984 νοσούσαις·
2613 921 2752 975 ἀλλά
2779 936 2945 996 φησιν
2966 959 2983 986 ,
3011 923 3060 974 εί
3091 921 3646 993 βούλει’κοσμεῖσθαι,
3674 919 3769 978 τὸν

2083 996 2255 1068 ἀληθῆ
2295 1000 2501 1071 κοσμοῦ
2534 1002 2759 1074 κόσμον,
2812 1003 2874 1057 δν
2923 1003 3126 1074 πρέπει
3182 1004 3429 1072 γυναιξὶν
3481 1000 3764 1057 εὐσεϐέσι·

2082 1081 2195 1157 τοῖς
2222 1082 2451 1150 ἀγαθοῖς
2473 1083 2654 1156 ἔργοις
2685 1085 2916 1157 κοσμοῦ.
2949 1078 3119 1150 οὗτος
3151 1085 3250 1156 τῆς
3279 1085 3461 1157 ψυχῆς
3489 1087 3519 1140 6
3538 1085 3766 1155 κόσμος.

2015 1189 2017 1193 ι
2083 1155 2238 1227 οὗτος
2268 1155 2522 1235 οὐδεμίαν
2554 1169 2706 1240 παρά
2758 1155 2869 1223 τῶν
2897 1168 3102 1236 ἔξωθεν
3145 1155 3488 1237 κατάγνωσιν
3527 1168 3766 1238 δέχεται,

2083 1243 2273 1298 τοῦτον
2321 1246 2498 1312 οὐδεὶς
2542 1250 2882 1321 ἀποσυλῆσαι
2941 1251 3234 1323 δυνήσεται
3253 1291 3269 1318 ,
3313 1243 3468 1315 οὗτος
3496 1249 3771 1311 ἀνάλωτος

2091 1325 2248 1404 μένει
2270 1327 2555 1404 διηνεκῶς.
2591 1331 2726 1404 ’Δπδ
2751 1333 2860 1403 γάρ
2877 1332 2972 1404 τοῦ
2982 1333 3202 1404 κόσμου
3228 1333 3418 1404 τούτου
3449 1331 3543 1404 τοῦ
3571 1331 3771 1404 ἔξωθεν

2090 1396 2272 1467 μυρία
2312 1396 2558 1454 τίκτεται
2590 1396 2774 1456 κακάδ
2827 1396 2920 1454 καὶ
2947 1396 3276 1471 οῦπιιίλέγω
3320 1402 3419 1472 τὴν
3462 1402 3562 1473 τῆς
3587 1396 3768 1472 Ψυχῆς

2085 1475 2283 1548 λύμην,
2297 1478 2397 1551 τὴν
2410 1480 2656 1534 ἐντεῦθεν
2678 1481 2955 1555 φυομένην
2978 1483 3317 1549 ἀλαζονείαν,
3336 1485 3437 1555 τήν
3467 1484 3772 1554 ἐπεροψίαν

2086 1557 2185 1630 τὴν
2239 1563 2381 1623 κατὰ
2413 1562 2522 1616 τῶν
2556 1564 2805 1634 πλησίον,
2837 1566 2934 1620 τοῦ
2983 1567 3331 1639 φρονήματος
3352 1566 3454 1637 τὴν
3489 1566 3770 1632 ἀπόνοιαν,

2085 1645 2186 1714 τῆς
2213 1643 2398 1715 ψυχῆς
2436 1647 2537 1717 τὴν
2561 1647 2880 1719 διαφθορὰν,
2911 1649 3022 1703 τῶν
3051 1649 3256 1720 ήδονῶν
3277 1648 3387 1702 τῶν
3420 1648 3638 1704 ἀτόπων
3675 1648 3773 1703 τὸν

2087 1724 2283 1795 ἐσμόνο
2314 1726 2430 1780 ἀλλ’
2462 1729 2546 1781 δτι
2571 1728 2668 1782 καὶ
2698 1728 2905 1794 ἀλωτὺς
2935 1742 2959 1770 ο
2987 1733 3017 1783 6
3036 1730 3240 1801 κόσμος
3261 1725 3524 1794 οὗτοςκαὶ
3541 1727 3772 1784 οἰκετῶν

2086 1809 2462 1878 κακουργίαις,
2497 1809 2590 1862 καὶ
2620 1809 2834 1882 λῃστῶν
2869 1812 3063 1882 ἐφόδῳ,
3129 1814 3224 1868 καὶ
3255 1812 3607 1882 συκοφαντῶν
3648 1813 3771 1865 ἐπι-

2086 1886 2329 1954 ϐουλαῖς,
2364 1891 2461 1945 καὶ
2495 1892 2664 1963 μυρία
2696 1892 2763 1948 ἄν
2783 1910 2868 1957 τις
2897 1893 3049 1963 εὖροι
3078 1895 3328 1950 ἐντεῦθεν
3350 1898 3599 1964 φυόμενα
3621 1895 3773 1948 κακὰ

2086 1967 2180 2021 καὶ
2205 1969 2398 2039 ἀηδίας
2421 1974 2707 2043 διηνεκεῖς.
2746 1974 2884 2028 Ἀλλ’
2908 1977 3009 2047 ούχ
3044 1979 3077 2047 ή
3112 1977 3300 2048 Σάρρα
3328 1976 3555 2047 τοιαύτη
3579 1993 3594 2008 ·
3632 1975 3772 2030 ἀλλά

2085 2051 2178 2105 τδν
2199 2052 2377 2126 ἀληθῆ
2410 2058 2616 2128 κόσμον
2641 2058 2906 2127 ἐκέκτητο
2925 2074 2938 2088 ·
2963 2059 3076 2113 δι’δ
3105 2060 3200 2113 καὶ
3215 2059 3341 2125 ἀξία
3368 2056 3464 2113 τοῦ
3493 2058 3770 2130 πατριάρ·

2087 2147 2182 2201 χου
2207 2130 2296 2205 ῆν,
2326 2137 2419 2188 καὶ
2439 2137 2690 2209 καθάπερ
2729 2140 2937 2204 ἐκεῖνος
2962 2139 3192 2193 ἔσπευσε
3208 2140 3302 2194 καὶ
3317 2140 3412 2194 ἐπὶ
3438 2139 3535 2211 τὴν
3563 2139 3773 2210 σκηνὴν

2087 2216 2342 2290 ἔδραμεν,
2383 2220 2525 2274 οὕτω
2555 2223 2650 2276 καὶ
2682 2223 2864 2293 ἐκείνη
2898 2224 3037 2295 μετά
3070 2223 3308 2294 σπουδῆς
3365 2223 3428 2278 τὸ
3477 2223 3773 2293 ἐπιηχθέν

2087 2298 2347 2375 ἐπλήρου,
2388 2302 2485 2354 καὶ
2518 2301 2690 2378 ἐφύρα
2754 2303 2881 2373 τρία
2918 2303 3106 2374 ’μέτρα
3143 2301 3492 2374 σεμιδάλεως.
3547 2302 3772 2374 Ἐπειδὴ

2085 2379 2196 2451 γάρ
2226 2384 2375 2450 τρεῖς
2397 2379 2535 2452 ἦσαν
2571 2383 2622 2454 οί
2660 2385 3099 2455 παραγεγονότες
3119 2423 3134 2444 .
3157 2385 3285 2457 τρία
3316 2386 3489 2456 μέτρα
3516 2384 3774 2439 ἐκέλευσε

2087 2463 2411 2531 φυραθψαι,
2438 2462 2580 2517 ὥστε
2614 2463 2808 2518 θᾶττον
2833 2464 3039 2535 φθάσαι
3073 2466 3204 2530 τοὺς
3240 2466 3458 2536 ἄρτους.
3486 2468 3598 2521 Kal
3613 2464 3774 2520 τοῦτο

2085 2543 2479 2615 διαταξάμενος
2505 2547 2586 2608 είς
2619 2546 2719 2610 τὰς
2747 2547 2875 2615 βοῦς
2899 2548 3064 2602 πάλιν
3087 2547 3249 2610 αὐτὸς
3283 2547 3538 2618 ἔδραμεν.
3575 2548 3641 2600 Ὠ
3677 2547 3775 2615 γέ⁴

2089 2644 2271 2697 ροντος
2302 2628 2515 2698 νεότης,
2556 2627 2603 2680 ὣ
2629 2627 2811 2699 ψυχῆς
2835 2629 2989 2693 τόνος
3011 2643 3027 2658 ·
3066 2630 3249 2700 τρέχει
3269 2625 3363 2684 ιπι
3388 2629 3486 2694 τάς
3511 2628 3658 2701 βοῦς,
3676 2631 3776 2685 καὶ

2084 2707 2182 2761 ούκ
2203 2707 2398 2778 ἀφίησί
2433 2725 2554 2762 τινα
2580 2710 2689 2764 τῶν
2711 2710 2936 2764 οἰκετῶν
2965 2711 3251 2778 ἀπελθεῖν,
3287 2712 3376 2766 διά
3420 2714 3641 2767 πάντων
3662 2713 3778 2767 δει-

2085 2790 2217 2854 κνὺς
2240 2793 2354 2856 τοῖς
2383 2794 2816 2864 παραγεγονόσιν
2834 2833 2850 2854 ,
2895 2793 3030 2864 δσης
3068 2794 3270 2863 ἡδονῆς
3299 2791 3620 2866 ἐπληρώθη,
3675 2796 3776 2848 καὶ

2085 2872 2233 2936 ὅπως
2283 2875 2425 2944 μέγα
2455 2892 2509 2928 τι
2557 2877 2771 2945 ήγεῖται
2799 2875 2901 2946 τήν
2948 2875 3128 2930 αὐτῶν
3168 2875 3509 2946 παρουσίαν,
3557 2875 3653 2929 καὶ
3686 2876 3776 2931 δτι

2086 2952 2360 3026 θησαυρὸν
2403 2951 2544 3011 εῖναι
2592 2959 2653 3010 τὸ
2679 2959 2912 3029 πρᾶγμα
2962 2957 3195 3027 νομίζει.
3245 2958 3354 3012 Kal
3381 2957 3582 3020 ἔλαϐε,
3611 2959 3773 3027 φησὶ,

2079 3036 2418 3105 μοσχάριον
2452 3038 2692 3094 ἁπαλόν
2714 3039 2816 3095 καί
2864 3040 3089 3095 καλόν.
3137 3039 3311 3104 Αὐτὸς
3344 3041 3410 3094 δι’
3453 3040 3646 3095 ἐαυτοῦ
3671 3041 3778 3112 τὴν

2085 3117 2315 3192 ἐκλογὴν
2349 3123 2662 3189 ἐποιήσατο,
2695 3124 2793 3177 καὶ
2818 3122 2881 3176 τδ
2912 3121 3200 3177 κάλλιστον
3249 3121 3360 3176 τῶν
3389 3122 3562 3177 όντων
3591 3123 3777 3179 λαϐὼν

2085 3200 2266 3254 δίδωσι
2294 3201 2372 3273 τῷ
2394 3205 2565 3271 παιδὶ,
2601 3207 2852 3259 κάκεῖνον
2873 3204 3214 3275 κατεπείγων
3235 3203 3313 3277 μή
3332 3204 3617 3276 μελλῆσαι,
3633 3205 3778 3261 άλλά

2087 3282 2288 3354 πολλὴν
2322 3285 2422 3357 τήν
2452 3287 2688 3357 σπουδὴν
2716 3287 3112 3355 ἐπιδείξασθαι.

2158 3371 2233 3429 ς’.
2271 3365 2471 3420 Σκόπει
2504 3366 2623 3432 πῶς
2651 3367 2829 3423 πάντα
2857 3369 2998 3440 μετά
3045 3370 3266 3440 τάχους,
3300 3369 3436 3439 μετά
3464 3367 3780 3441 προθυμίας

2086 3442 2336 3517 ζεούσης,
2367 3448 2506 3518 μετά
2531 3449 2866 3521 ίλαρότητος,
2891 3451 3033 3521 μετά
3060 3453 3256 3525 χαράς,
3279 3452 3418 3522 μετὰ
3440 3450 3644 3518 πολλῆς
3668 3451 3776 3522 τῆς

2086 3526 2353 3598 θυμηδίας
2381 3530 2609 3597 γίνεται.
2635 3532 2745 3585 Καί
2765 3531 3066 3601 ὲτάχυνεν
3085 3537 3120 3588 ὁ
3147 3533 3289 3599 παῖς
3305 3533 3482 3588 τοῦτο
3495 3531 3775 3601 ποιῆσαι,

2086 3611 2241 3681 φησί.
2297 3611 2406 3664 Kal
2442 3613 2563 3666 ούδέ
2595 3611 2770 3676 οὕτως
2801 3613 3002 3682 ἠρέμει
3035 3615 3064 3667 6
3087 3613 3286 3683 γέρων,
3351 3612 3488 3668 άλλά
3521 3613 3684 3668 πάλιν
3714 3614 3778 3669 ἐν

2082 3691 2233 3754 τάξει
2253 3692 2527 3763 ὑπηρέτου
2545 3694 2783 3748 ἵσταται.
2812 3695 2920 3748 Kal
2947 3694 3468 3762 λαϐὼνβούτυρον
3487 3694 3588 3749 καί
3615 3695 3777 3762 τάλα

2767 3733 2783 3748 ο
2812 3713 2920 3748 ειαι
2947 3713 3150 3749 ma»-
3159 3713 3281 3749 βου

2085 3773 2180 3828 καί
2203 3773 2270 3826 τὸ
2286 3774 2626 3843 μοσχάριον
2642 3775 2674 3829 δ
2696 3776 2969 3845 ἐποίησε,
2999 3778 3341 3845 παρέθηκεν
3361 3774 3584 3842 αὐτοῖς.
3599 3775 3775 3840 Δύτδς

2083 3852 2152 3905 δι’
2180 3853 2377 3908 ἐαυτοῦ
2406 3855 2588 3909 πάντα
2617 3859 2762 3910 ποιεῖ
2783 3858 2876 3911 καὶ
2906 3856 3268 3930 παρατίθησι.
3309 3857 3422 3912 Kal
3464 3857 3586 3911 οὑδέ
3621 3858 3775 3923 ἀξιον

2085 3936 2274 3989 ἐαυτὸν
2303 3935 2521 4007 ἐνόμισε
2550 3936 2644 3992 τοῦ
2670 3939 3112 4011 συγκαθεσθῆναι
3153 3940 3364 4003 αὐτοῖς,
3397 3938 3515 3993 ἀλλ’
3543 3939 3773 4014 ἐκείνων

2084 4017 2373 4073 ἐσθιόντων
2407 4021 2766 4092 παρειστήκει
2790 4020 2954 4086 αὐτὸς
2981 4022 3086 4076 ύπδ
3111 4021 3172 4074 τὸ
3197 4020 3436 4092 δένδρον.
3469 4022 3533 4076 Ὢ
3559 4020 3774 4091 φιλοξε-

2083 4099 2202 4165 νίας
2240 4101 2492 4172 μέγεθος,
2543 4102 2695 4176 [420]
2746 4103 2794 4157 ὣ
2846 4101 3346 4177 ταπεινοφροσύνης
3396 4102 3697 4175 ὑπερϐολὴ,
3726 4102 3776 4157 ὦ

2086 4181 2331 4249 φιλοθέου
2357 4183 2583 4255 γνώμης
2609 4184 2895 4249 ἐπίτασιςί
2927 4185 3289 4255 παρειστήκει
3310 4185 3339 4236 6
3371 4184 3774 4255 ἐκατονταέτης

2084 4257 2237 4327 οὗτος
2254 4264 2543 4337 ἄνθρωπος
2569 4265 2858 4320 ἐσθιόντων
2883 4265 3083 4319 αὐτῶν.
3129 4264 3286 4334 Ἐμοὶ
3331 4263 3496 4326 δοκεῖ.
3542 4265 3649 4319 ὑπὸ
3671 4265 3776 4322 τοῦ

2085 4345 2252 4400 πόθου
2275 4347 2472 4402 πολλοῦ
2501 4347 2596 4402 καὶ
2617 4349 2717 4419 τῆς
2732 4347 3064 4420 προθυμίας,
3082 4347 3178 4403 καὶ
3202 4346 3301 4418 τῆς
3319 4346 3605 4412 ἀσθενείας
3621 4347 3772 4409 ἀνώ-

2083 4445 2241 4501 τερον
2271 4429 2433 4483 αὺτδν
2459 4429 2582 4483 τότε
2619 4429 2966 4501 γεγενῆσθαι,
2991 4429 3085 4484 καὶ
3106 4430 3260 4499 ίσχύν
3272 4445 3393 4482 τινα
3417 4429 3768 4500 προσλαϐεΙν.

2085 4509 2256 4565 Εῑωθε
2272 4511 2380 4582 γὰρ
2405 4510 2662 4576 πολλάκις
2681 4512 2714 4583 ή
2730 4511 2830 4582 τῆς
2850 4510 3028 4581 ιιωχῆς
3043 4509 3341 4580 προθυμία,
3358 4509 3579 4565 ἐπειδάν
3593 4508 3773 4582 ἐρρω-

2088 4591 2226 4665 μένη
2247 4587 2303 4664 ᾗ,
2329 4593 2489 4664 νικᾷν
2519 4590 2614 4646 τοῦ
2650 4591 2898 4662 σώματος
2930 4591 3032 4662 τήν
3052 4590 3360 4646 ἀσθένειαν.
3385 4589 3639 4660 Είστήκει
3658 4593 3770 4646 τοιί⁶

2084 4692 2179 4731 νυν
2202 4677 2232 4728 6
2251 4675 2599 4746 πατριάρχης
2626 4673 2881 4744 καθάπερ
2906 4671 3144 4743 οίκέτης,
3172 4671 3438 4741 μεγίστην
3449 4670 3618 4742 τιμὴν
3640 4670 3777 4726 ταύ-

2083 4774 2185 4830 την
2217 4757 2540 4828 ήγούμενος,
2571 4755 2666 4810 τοῦ
2721 4753 3122 4825 καταξιωθῆναι
3173 4753 3624 4825 ύπηρετήσασθαι
3655 4756 3773 4819 τοῖς

2085 4837 2342 4910 παροῦσι,
2370 4838 2465 4892 καὶ
2491 4837 2582 4891 τὸν
2603 4836 2711 4891 άπὸ
2733 4837 2831 4907 τῆς
2848 4834 3157 4906 ὁδοιπορίας
3181 4833 3426 4904 κάματον
3459 4833 3641 4888 αὐτῶν
3665 4851 3773 4889 πα·

2088 4918 2526 4991 ραμυθήσασθαι.
2551 4914 2708 4981 Εἶδες
2733 4917 2834 4987 ὅση
2875 4915 2970 4970 τοῦ
3015 4915 3227 4970 δικαίου
3261 4916 3296 4986 ή
3330 4913 3638 4984 φιλοξενίας
3673 4917 3769 4990 Μή

2083 5002 2192 5075 γὰρ
2212 5001 2277 5072 δὴ
2305 5000 2463 5054 τοῦτο
2485 4999 2700 5064 σκόπει,
2723 4999 2806 5052 δτι
2833 4998 3032 5071 ἄρτους
3058 4995 3340 5068 παρέθηκε
3364 4996 3458 5050 καὶ
3485 4997 3546 5050 τὺ
3564 4999 3772 5070 μοσχά-

2091 5103 2228 5156 ριον,
2261 5083 2376 5138 ἀλλ’
2406 5084 2584 5137 ἐκεῖνο
2621 5080 2875 5149 λογίζου,
2913 5079 3032 5151 μεθ’
3074 5079 3210 5150 δσης
3248 5077 3439 5150 τιμῆς,
3482 5078 3604 5148 μεθ’
3633 5080 3772 5153 ὅσης

2084 5167 2588 5241 ταπεινοφροσύνης
2641 5164 2713 5220 τά
2755 5163 2859 5235 τῆς
2912 5160 3230 5241 φιλοξενίας
3268 5159 3656 5241 ἐπεδείκνυτοο
3702 5164 3768 5218 οὐ

2087 5250 2339 5322 καθάπερ
2358 5239 2415 5304 οἱ
2447 5248 2650 5312 πολλοὶ,
2676 5246 2781 5302 κάν
2804 5241 3075 5315 ποιήσωσί
3101 5240 3237 5295 ποτέ
3257 5258 3310 5296 τι
3333 5239 3598 5306 τοιοῦτον,
3621 5243 3770 5314 μέγα

2088 5331 2346 5404 φρονοῦσι
2401 5329 2544 5386 κατὰ
2595 5327 2703 5383 τῶν
2731 5324 3156 5396 ύποδεχθέντων,
3210 5325 3306 5378 καὶ
3365 5323 3627 5390 πολλάκις
3671 5328 3771 5382 καὶ

2091 5403 2432 5486 ὑπερορῶσιν
2485 5410 2667 5466 αὐτῶν
2705 5409 2794 5464 διὰ
2819 5405 2918 5480 τὴν
2949 5403 3234 5478 φθάσασαν
3253 5405 3334 5486 είς
3361 5404 3561 5469 αὐτοὺς
3604 5404 3768 5478 029a-

2094 5485 2274 5551 πείαν.
2295 5494 2465 5549 Τοῦτο
2482 5494 2539 5548 δέ
2567 5491 2751 5564 ὅμοιόν
2777 5491 2894 5545 ἐστι
2909 5487 2989 5560 τῷ
3009 5503 3132 5542 τινα
3151 5485 3377 5541 πλοῦτον
3394 5487 3769 5556 συναγαγόντα

2090 5579 2186 5632 καὶ
2220 5577 2605 5650 περιφέροντα,
2639 5575 2705 5628 ἐκ
2738 5572 2850 5626 τῶν
2888 5569 3089 5643 χειρῶν
3125 5569 3342 5625 ἃπαντα
3365 5567 3518 5638 ῥῖψαι
3545 5568 3620 5650 τά
3643 5568 3770 5650 συλ-

2089 5647 2331 5730 λεγέντα.
2369 5660 2428 5712 ὐ
2452 5656 2562 5727 γὰρ
2586 5655 2723 5727 μετά
2743 5654 2998 5717 ἀπονοίας
3025 5650 3489 5730 τιέργαζόμενος,
3501 5647 3772 5730 καὶηοῦτω

2098 5725 2269 5797 ποιῶν
2293 5743 2369 5806 ὠς
2402 5725 2655 5813 παρέχων
2688 5738 2888 5810 μᾶλλον
2911 5736 2945 5806 ἢ
2972 5729 3282 5804 λαμϐάνων,
3307 5725 3576 5813 ούκῗοῐδεν
3601 5729 3629 5783 6
3648 5729 3771 5813 δια-

2093 5827 2394 5896 πράττεται
2415 5841 2430 5856 ο
2453 5809 2718 5877 διάτοῦτο
2736 5819 3002 5874 ἀπόλλυσι
3031 5813 3229 5871 καὶτὸν
3254 5813 3319 5868 ἐκ
3338 5812 3528 5866 τούτου
3551 5809 3770 5883 μισθόν.

2157 5961 2181 5990 ⁸
2208 5957 2334 6009 Tres
2372 5970 2486 6007 mss.
2531 5954 2783 6012 εὐάλωτος.
