4054 6324
257 410 353 467 3‘1
1280 401 1347 458 1N
1385 402 1539 458 CAP.
1585 399 1766 459 XVIII.
1807 399 2047 458 GENES.
2096 398 2325 456 HOMII..
2370 399 2505 455 XLI.

251 522 682 580 exhortationem
699 533 892 576 meam.
920 516 1043 574 Scio
1066 523 1320 587 quantum
1341 515 1564 571 tuleritis
1585 514 1843 578 laborctn,

251 615 500 686 conjecto
528 623 757 685 quantus
797 612 867 668 sit
891 609 1087 666 caloris
1113 617 1276 664 aestus
1307 625 1320 662 :
1346 617 1628 678 propterea
1660 605 1848 676 paulu-

253 712 367 766 lum
393 723 492 764 vos
538 720 786 763 recreare
813 704 954 759 volo.
991 701 1122 770 Quis
1148 709 1299 771 pater
1328 700 1464 755 illius
1504 713 1634 754 suos
1664 706 1851 754 tenere

250 799 504 871 diligens,
532 803 735 852 tantam
761 794 884 849 filiis
910 791 1128 848 exhibet
1158 790 1565 862 benignitatem,
1598 795 1853 858 quantam

253 892 343 948 ille
373 890 572 962 ignotis
596 899 652 944 et
685 886 997 959 peregrinis,
1029 893 1084 940 ct
1129 898 1420 954 numquam
1447 881 1547 936 sibi
1591 878 1854 951 cognitis!

254 982 456 1037 Verum
486 978 610 1050 quia
663 993 858 1049 magna
906 977 1181 1032 alacritate
1235 973 1496 1044 processit
1531 986 1594 1028 ac
1633 979 1855 1027 conten-

248 1073 422 1139 tione,
468 1079 788 1140 assequuttts
819 1078 903 1125 est
945 1068 1304 1130 venationem,
1345 1074 1400 1121 et
1437 1063 1674 1135 praedam
1713 1064 1853 1119 intra

249 1167 388 1220 retia
430 1163 752 1221 concludere
795 1165 986 1234 potuit.
1019 1160 1086 1217 Et
1126 1161 1384 1226 dicarint,
1413 1159 1621 1231 inquit:
1653 1158 1745 1214 Sic
1771 1160 1854 1229 fa-

249 1258 458 1321 ciemus,
488 1263 542 1311 ut
581 1253 776 1309 dixisti.
807 1251 964 1309 Senis
1005 1251 1267 1308 excitatus
1297 1259 1381 1307 est
1398 1249 1653 1320 juvenilis
1678 1249 1849 1319 vigor.

249 1345 308 1401 In
349 1346 618 1408 manibus,
651 1344 842 1415 inquit,
874 1342 1046 1399 habeo
1075 1341 1404 1404 thesaurum,
1453 1341 1668 1395 divitias
1697 1355 1852 1396 asse-

249 1445 452 1507 quutus
482 1451 624 1504 sum,
668 1434 960 1490 senectutis
998 1433 1304 1489 obliviscar.
1337 1431 1403 1487 Et
1443 1431 1562 1486 vide
1599 1443 1724 1486 eum
1753 1444 1853 1485 es-

249 1526 540 1582 sultantem
566 1526 619 1580 in
659 1540 847 1596 opere,
891 1533 945 1580 et
983 1524 1134 1595 quasi
1164 1537 1274 1594 pra:
1314 1522 1508 1593 gaudio
1538 1521 1848 1586 saltantem,

252 1616 474 1686 perinde
502 1606 664 1689 atque
687 1617 853 1673 multa
886 1616 1023 1672 bona
1055 1616 1108 1671 in
1134 1615 1389 1670 manibus
1419 1613 1655 1682 afferret,
1689 1615 1760 1669 ita
1794 1629 1854 1670 se

247 1707 633 1763 obiectantem.
659 1705 714 1763 6.
744 1706 809 1763 Et
847 1707 1120 1778 festinauit,
1155 1705 1348 1777 inquit,
1379 1705 1636 1760 Abraham
1674 1706 1727 1760 in
1768 1715 1852 1760 ta-

248 1795 598 1859 bernaculum.
631 1796 801 1860 Sicut,
840 1795 1055 1867 quando
1091 1795 1158 1851 ad
1185 1795 1526 1874 venationem
1554 1795 1850 1852 contende-

250 1887 367 1954 bat,
402 1886 721 1958 signiflCavit
771 1887 888 1958 ejus
933 1887 1264 1944 alacritatem
1304 1896 1362 1944 et
1390 1887 1629 1944 laborem
1667 1887 1849 1943 divina

249 1976 552 2047 Scriptura,
575 1976 759 2032 dicens
790 1995 804 2032 :
838 1976 1070 2032 Accurrit
1089 1987 1258 2031 autem
1282 1977 1335 2030 in
1357 1993 1618 2032 occursum
1640 1993 1813 2032 eorum
1832 1995 1851 2032 :

251 2069 324 2123 ita
357 2076 412 2124 et
433 2082 575 2123 nunc
599 2067 722 2140 quia
751 2068 882 2124 vidit
910 2069 1075 2134 viros,
1103 2077 1158 2125 et
1183 2068 1234 2123 id
1261 2067 1403 2139 quod
1429 2069 1649 2137 optabat
1669 2069 1848 2138 perfe-

249 2161 342 2226 cit,
378 2174 552 2230 neque
593 2159 671 2216 sic
710 2158 780 2214 ab
816 2159 1090 2214 alacritate
1131 2158 1376 2225 desistit;
1409 2158 1502 2214 sed
1539 2161 1710 2230 magis
1741 2157 1850 2214 fer-

249 2258 467 2305 ventem
493 2248 729 2305 declarat
770 2263 1031 2314 amorem,
1077 2264 1251 2319 neque
1285 2249 1409 2319 quia
1441 2263 1660 2304 securus
1708 2257 1842 2317 erat,

250 2341 375 2397 ideo
403 2340 463 2396 fit
481 2341 851 2412 negligentior.
881 2339 936 2396 ια
963 2339 1106 2409 quod
1136 2339 1290 2394 nobis
1313 2338 1622 2411 frequenter
1645 2342 1846 2407 evenit,

253 2441 312 2488 et
340 2432 604 2503 principio
633 2431 793 2487 valde
829 2430 1053 2486 studiosi
1097 2445 1321 2486 sumus:
1348 2430 1562 2501 quando
1585 2439 1766 2486 autem
1796 2431 1848 2488 in

250 2523 527 2594 negotium
564 2530 782 2578 ventum
827 2531 932 2588 est,
983 2536 1090 2577 non
1134 2537 1229 2592 par
1274 2521 1508 2577 studium
1553 2521 1846 2579 atl‘erimus.

255 2616 453 2671 Verum
482 2616 659 2686 justus
701 2630 810 2670 non
840 2616 940 2682 sic,
991 2615 1085 2670 sed
1112 2614 1281 2686 quid!
1314 2613 1511 2670 lterum
1540 2615 1756 2671 festinat
1795 2626 1850 2672 et

252 2713 524 2776 properat,
554 2714 610 2759 et
631 2705 797 2761 currit
813 2706 963 2760 senio
984 2704 1258 2760 confectus
1279 2706 1330 2760 in
1358 2706 1756 2762 tabernaculum
1781 2707 1848 2762 ad

248 2797 486 2862 Sarram,
520 2792 587 2848 Et
615 2794 745 2849 dixit
783 2797 830 2850 ei
857 2811 877 2849 :
905 2795 1165 2863 Accelera,
1195 2806 1241 2851 et
1276 2796 1431 2851 misce
1453 2806 1553 2852 tres
1586 2813 1848 2852 mensuras

249 2888 453 2942 similis.
478 2888 770 2943 Considera
793 2887 1064 2958 quomodo
1099 2898 1155 2943 et
1188 2888 1405 2945 Sarram
1429 2889 1726 2945 venationis
1755 2904 1846 2945 so-

245 2977 389 3032 ciam
417 2977 664 3044 assumit,
688 2987 744 3033 et
765 2977 1035 3048 quomodo
1059 2992 1180 3033 eam
1205 2977 1400 3044 erudit,
1425 2988 1483 3033 ut
1509 2993 1660 3034 suam
1680 2980 1844 3036 imite-

251 3078 336 3122 tur
364 3067 637 3122 virtutem.
669 3067 881 3122 Etenim
929 3076 982 3122 et
1013 3067 1158 3121 illam
1191 3066 1376 3122 incitat
1409 3082 1478 3122 ne
1521 3067 1700 3123 ofﬁcio
1746 3083 1846 3124 suo

246 3159 585 3230 negligenter
624 3156 894 3229 fungatur,
939 3157 1055 3225 sed,
1091 3157 1348 3225 Accelera,
1382 3157 1571 3228 inquit.
1603 3157 1845 3228 Magnam

247 3249 665 3320 negotiationem
708 3249 982 3320 assequuti
1030 3263 1238 3316 sumus,
1288 3263 1356 3304 ne
1401 3249 1688 3318 perdamus
1728 3249 1847 3307 the-

247 3354 489 3406 saurum,
528 3338 622 3394 sed
647 3338 902 3406 Accelera,
934 3348 982 3393 et
1022 3339 1174 3394 misce
1199 3346 1299 3392 tres
1325 3347 1588 3394 mensuras
1637 3341 1840 3396 similis.

248 3430 516 3498 Quoniam
544 3430 750 3485 sciebat
779 3429 904 3484 boni
943 3429 1122 3499 operis
1161 3428 1604 3500 magnitudinem,
1636 3431 1847 3486 volebat

247 3526 372 3579 vitae
408 3538 520 3579 sure
561 3524 762 3582 sociam
804 3524 967 3580 etiam
1017 3522 1376 3579 retribuendze
1423 3523 1688 3580 mercedis
1727 3540 1848 3582 esse

246 3617 582 3686 participem.
614 3616 790 3684 Quare
833 3615 997 3680 enim,
1038 3615 1125 3670 die
1174 3614 1325 3682 mihi,
1359 3615 1488 3671 nulli
1530 3617 1842 3672 ancillarum

249 3712 355 3764 hoc
393 3710 665 3780 praecepit,
698 3709 792 3764 sed
820 3709 973 3763 uxori
1000 3718 1105 3762 tam
1136 3717 1400 3777 provecta:
1439 3709 1650 3764 relatis?
1680 3725 1847 3764 nona-

176 3819 185 3827 ·
244 3805 393 3874 ginta
429 3803 575 3858 enim
627 3816 890 3856 annorum
940 3808 1078 3854 erat.
1129 3799 1246 3854 Non
1289 3809 1548 3870 repugnat
1595 3801 1848 3861 mandato

245 3897 430 3960 Sarra,
466 3893 562 3950 sed
604 3908 786 3964 parem
809 3893 970 3948 etiam
1007 3892 1120 3960 ipsa
1158 3892 1491 3946 alacritatem
1528 3891 1704 3947 affert.
1734 3893 1844 3948 An-

245 3988 397 4042 diant
421 3986 540 4050 viri,
569 3985 786 4040 audiant
812 3983 1066 4038 mulieres
1091 4001 1105 4037 :
1133 3982 1230 4036 viri
1259 3982 1498 4052 quidem,
1529 3992 1587 4036 ut
1610 3983 1689 4036 sic
1720 3997 1845 4042 suas

245 4079 660 4135 contubernales
707 4076 977 4142 erudiant,
1022 4085 1078 4129 ut
1114 4075 1158 4129 si
1199 4073 1416 4144 quando
1459 4074 1736 4143 spirituale
1763 4075 1846 4130 lu-

244 4184 399 4226 crum
425 4169 642 4233 incidat,
689 4183 758 4224 ne
789 4181 885 4238 per
911 4167 1136 4222 famulos
1163 4165 1266 4221 hoc
1297 4165 1595 4236 perﬁciant,
1623 4167 1717 4222 sed
1750 4182 1846 4237 per

246 4261 456 4330 scipsos
482 4259 680 4314 faciant
705 4258 886 4313 omnia
913 4274 925 4322 ;
953 4257 1203 4313 mulieres
1245 4267 1446 4326 autem,
1491 4264 1550 4313 ut
1589 4257 1843 4340 festinent

245 4351 430 4422 iuvare
470 4350 614 4404 viros
648 4349 701 4404 in
733 4356 840 4404 tam
884 4347 1039 4403 bonis
1082 4348 1358 4418 operibus,
1405 4356 1460 4404 et
1502 4362 1609 4405 non
1646 4348 1844 4404 erube-

248 4451 401 4497 scant
421 4440 835 4512 hospitalitatem
867 4439 920 4493 in
947 4438 1153 4508 aliquos
1178 4454 1453 4505 exercere,
1477 4439 1686 4511 illisque
1715 4456 1844 4495 con-

246 4547 439 4605 gruum
470 4531 710 4602 praebere
745 4531 1100 4586 ministerium
1129 4547 1142 4585 :
1171 4531 1267 4586 sed
1298 4531 1574 4587 imitentur
1618 4531 1838 4588 Sarram

247 4623 503 4690 vetulam,
533 4623 586 4678 in
615 4632 758 4679 tanta
787 4631 1004 4680 senecta
1026 4623 1260 4678 laborem
1291 4623 1519 4680 libenter
1549 4625 1840 4696 suscipien-

249 4727 380 4780 tem,
401 4724 457 4771 et
479 4713 795 4769 famularum
816 4728 976 4784 opera
1005 4713 1396 4783 perﬂeientem.

323 4807 350 4862 1
358 4808 592 4863 avehitur
614 4809 668 4862 in
690 4817 929 4862 ornatum
957 4808 1246 4863 mulierum.
1275 4839 1344 4850 —
1375 4805 1569 4866 Verum
1595 4811 1706 4868 scio
1731 4812 1846 4870 fore

251 4912 308 4957 nt
337 4901 514 4957 nullus
545 4899 681 4957 ferat
707 4915 770 4956 ea
797 4915 918 4970 qua:
957 4914 986 4953 a
1025 4900 1181 4956 nobis
1205 4900 1476 4957 dicuntur.
1508 4902 1661 4959 Nunc
1701 4905 1844 4960 enim

251 5011 440 5052 omnes
467 4995 621 5063 plane
649 4993 919 5049 contraria
944 4994 1027 5048 via
1058 4993 1329 5059 incedunt,
1358 5004 1413 5051 et
1459 4995 1623 5051 multa
1654 4997 1843 5052 mulie-

249 5103 370 5142 rum
406 5095 488 5141 est
532 5085 805 5151 mollities,
855 5099 1122 5155 omneque
1179 5085 1416 5141 studium
1459 5087 1512 5141 in
1559 5087 1705 5142 cultu
1756 5103 1845 5142 ve-

249 5179 433 5244 stium,
463 5179 516 5232 in
555 5178 734 5233 aureis
770 5178 1109 5241 ornamentis
1155 5188 1210 5233 et
1255 5177 1542 5233 monilibus
1571 5187 1729 5247 atque
1755 5193 1822 5235 ex

250 5281 407 5325 terno
426 5278 642 5334 ornatu,
668 5269 862 5323 animis
889 5282 1017 5323 vero
1045 5268 1186 5322 nulla
1217 5277 1300 5323 est
1324 5283 1472 5322 cura.
1500 5267 1685 5338 Neque
1711 5268 1847 5322 Pau-

251 5363 335 5418 lus
362 5374 453 5415 cas
477 5367 799 5425 commovet,
841 5358 1026 5415 dicens
1050 5376 1062 5412 :
1095 5357 1216 5413 Non
1244 5359 1298 5413 in
1322 5359 1542 5414 crinibus
1572 5360 1736 5425 tortis,
1769 5361 1846 5415 vel

244 5466 399 5513 auro,
430 5451 508 5505 uel
529 5451 837 5518 margaritis,
861 5450 938 5504 vel
959 5459 1255 5520 sumptuosa
1281 5457 1410 5504 reste
1435 5449 1513 5519 (l.
1536 5448 1667 5504 Tim.
1688 5450 1742 5504 ἰ.
1764 5451 1843 5519 9).

254 5545 387 5599 Vide
415 5543 651 5597 animam
689 5541 826 5595 hanc
857 5542 1033 5610 ipsum
1079 5541 1270 5596 caelum
1309 5542 1677 5613 attingcntom,
1709 5560 1845 5615 quo-

252 5635 413 5690 modo
439 5649 544 5688 non
567 5634 770 5703 putavit
792 5632 1066 5704 indignum
1091 5647 1150 5690 se
1176 5643 1228 5689 et
1249 5633 1373 5698 vile,
1400 5635 1560 5691 etiam
1583 5635 1651 5692 de
1675 5638 1843 5706 capil-

251 5729 429 5781 lorum
457 5725 785 5780 ornamentis
825 5724 1140 5780 admonere.
1171 5725 1357 5780 Merito
1385 5743 1395 5779 :
1421 5741 1580 5781 omne
1623 5728 1766 5783 enim
1796 5730 1843 5783 ei

253 5814 492 5872 studium
516 5825 630 5872 erat
659 5816 709 5871 in
745 5815 1032 5872 excolenda
1061 5817 1255 5871 anima.
1287 5816 1418 5885 Quia
1456 5816 1614 5888 igitur
1643 5819 1844 5875 sciebat

3487 399 3607 455 583'

1966 512 2081 569 tunc
2103 514 2334 569 maxime
2356 514 2552 568 anima:
2575 511 2866 584 perniciem
2897 527 3175 583 generare,
3203 513 3325 570 ideo
3352 530 3460 569 non
3497 531 3586 572 re-

1961 603 2094 674 fugit
2119 604 2206 658 illa
2238 603 2431 660 afferre
2460 619 2579 674 qum
2608 604 3001 660 conveniebant
3038 604 3108 660 ad
3137 604 3442 661 docendum
3470 621 3573 661 eas

1958 710 2079 766 qua:
2105 695 2198 749 illo
2219 695 2405 750 morbo
2427 694 2774 760 laborabant;
2806 694 2902 751 sed
2927 695 3098 766 inquit
3132 714 3146 751 :
3175 695 3232 752 Si
3255 697 3338 751 vis
3358 696 3570 760 ornari,

1961 800 2089 840 vero
2117 793 2168 840 te
2197 795 2391 840 ornatu
2415 787 2551 852 cole,
2575 801 2733 857 quem
2758 786 2914 842 decet
2941 787 3197 843 mulieres
3224 787 3340 858 pias
3369 805 3383 842 :
3414 787 3572 845 bonis

1961 887 2013 934 te
2034 877 2288 949 cperibus
2314 893 2472 934 orna.
2501 878 2600 935 Hie
2637 879 2833 934 animae
2878 879 3054 935 cultus
3095 890 3199 947 est,
3231 879 3320 936 hic
3347 895 3378 936 a
3407 882 3570 936 nullis

1958 971 2200 1026 externis
2228 970 2638 1034 condemnatur,
2666 971 2811 1029 hunc
2853 972 3030 1028 nullus
3058 972 3361 1045 deprzedari
3408 983 3562 1045 pote-

1961 1063 2052 1130 rit,
2088 1062 2176 1119 hic
2200 1072 2462 1134 perpetuo
2489 1073 2670 1119 manet
2702 1073 2849 1119 tutus
2877 1073 2933 1120 et
2959 1065 3184 1136 integer.
3221 1066 3264 1121 Δ
3291 1067 3440 1122 cultu
3467 1081 3564 1121 an-

1961 1162 2070 1211 tem
2109 1163 2336 1212 externo
2372 1155 2654 1212 innumera
2683 1156 2931 1212 oriuntur
2969 1157 3107 1211 mala
3141 1159 3418 1213 :nondum
3447 1144 3580 1214 dico

1958 1247 2154 1302 anima
2183 1255 2524 1313 nocumenta,
2570 1249 2932 1319 arrogantiam
2963 1265 3085 1320 quae
3133 1251 3259 1306 inde
3299 1253 3561 1318 nascitur,

1961 1335 2272 1406 despectum
2313 1337 2565 1406 proximi,
2613 1338 2807 1393 fastum
2852 1338 3122 1410 spiritus,‘
3147 1340 3342 1396 anima:
3379 1356 3567 1397 corru-

1961 1427 2222 1496 ptionem,
2250 1427 2589 1498 voluptatum
2618 1428 2924 1484 illicitarum
2974 1445 3238 1496 examen;
3279 1430 3396 1488 sed.
3417 1432 3572 1488 facile

1960 1515 2211 1586 diripitur
2243 1517 2334 1571 ille
2367 1518 2542 1574 cultus
2579 1528 2635 1574 et
2665 1517 2992 1574 famulorum
3023 1520 3358 1592 malignitate
3395 1522 3563 1577 latro-

1962 1621 2199 1676 numque
2229 1606 2456 1674 insidiis,
2489 1623 2700 1688 necnon
2741 1610 3196 1681 sycophantarum
3242 1613 3560 1680 calumniis;

1959 1707 2016 1754 et
2057 1698 2264 1754 infinita
2304 1701 2443 1756 mala
2494 1700 2740 1758 invenire
2789 1702 2844 1758 in
2889 1717 2958 1759 eo
2990 1704 3135 1771 licet,
3178 1721 3242 1762 ac
3279 1715 3565 1778 perpetuas

1959 1790 2363 1847 amaritudines.
2393 1793 2554 1862 Atqui
2585 1791 2745 1849 Sarra
2770 1794 2891 1850 talis
2922 1809 3029 1850 non
3068 1807 3222 1863 erat;
3253 1798 3350 1854 sed
3379 1815 3566 1854 verum

1961 1881 2270 1951 possidebat
2299 1891 2548 1938 ornatum
2573 1903 2588 1940 :
2610 1883 2733 1940 ideo
2756 1892 2811 1941 et
2836 1885 2994 1955 digna
3019 1885 3116 1941 fuit
3139 1888 3442 1957 patriarcha
3469 1907 3483 1944 :
3509 1900 3567 1945 et

1959 1971 2098 2026 sicut
2136 1971 2226 2027 ille
2262 1970 2557 2040 festinavit,
2586 1983 2642 2028 et
2677 1974 2733 2030 in
2773 1974 3174 2032 tabernaculum
3205 1979 3462 2045 cucurrit,
3491 1979 3564 2032 ita

1957 2071 2012 2117 et
2056 2062 2170 2132 ipsa
2210 2078 2406 2134 magno
2445 2064 2622 2119 studio
2669 2064 2796 2120 fecit
2837 2081 2957 2135 quae
2987 2065 3247 2136 imperata
3292 2078 3465 2136 erant,
3511 2079 3568 2125 et

1961 2153 2177 2209 miscuit
2208 2163 2315 2210 tres
2366 2170 2647 2210 mensuras
2686 2156 2898 2210 similar.
2940 2157 3070 2211 Nam
3101 2159 3222 2228 quia
3265 2166 3373 2214 tres
3402 2172 3563 2215 erant

1957 2245 2048 2314 qui
2083 2245 2434 2312 advenerant,
2466 2255 2574 2300 tres
2606 2261 2885 2302 mensuras
2909 2248 3072 2318 jussit
3114 2249 3352 2315 misceri,
3399 2259 3458 2305 ut
3483 2250 3558 2305 ci-

1960 2335 2064 2390 tius
2089 2350 2254 2406 panes
2291 2343 2628 2407 pararentur.
2658 2336 2728 2391 Et
2755 2347 2812 2392 ut
2842 2338 3252 2409 ltoc-przecepit,
3291 2340 3359 2395 ad
3391 2340 3560 2397 boves

1958 2427 2072 2497 ipse
2119 2427 2312 2484 iterum
2352 2430 2588 2484 cucurrit
2626 2427 2695 2502 (υ.
2743 2428 2821 2500 7).
2851 2430 2897 2486 0
2947 2431 3093 2487 senis
3117 2431 3492 2502 iuventutem!
3533 2451 3567 2490 ο

1956 2518 2151 2574 anima:
2185 2518 2458 2588 vigorem!
2491 2519 2663 2573 currit
2705 2517 2774 2573 ad
2819 2519 3006 2586 boves,
3039 2530 3095 2577 et
3146 2537 3254 2576 non
3297 2524 3562 2592 permittit

1956 2610 2187 2682 aliquem
2217 2609 2534 2666 faumlorum
2562 2625 2629 2666 eo
2650 2625 2906 2682 pergere:
2929 2627 3026 2683 per
3046 2613 3228 2668 omnia
3253 2622 3569 2671 monstrans

1958 2703 2021 2757 iis
2051 2702 2140 2772 qui
2182 2701 2531 2768 advenerant,
2562 2712 2761 2774 quanta
2806 2701 3077 2774 voluptate
3117 2705 3368 2774 perfusus
3395 2716 3564 2773 esset,

1957 2802 2010 2848 et
2037 2794 2220 2863 quanti
2255 2792 2459 2848 faceret
2487 2808 2678 2848 eorum
2709 2795 3073 2864 praesentiam,
3103 2810 3269 2865 septe
3299 2796 3445 2852 hunc
3467 2814 3568 2868 pro

1959 2884 2211 2938 thesauro
2233 2884 2433 2940 habere
2458 2884 2742 2940 honorem.
2778 2884 2841 2938 Et
2870 2887 3089 2955 accepit,
3118 2887 3308 2955 inquit,
3343 2888 3560 2944 uitulum

1959 2977 2198 3030 tenellum
2226 2986 2273 3030 et
2330 2977 2537 3030 bonum.
2595 2977 2710 3050 Ipse
2756 2991 2850 3046 per
2891 2977 3240 3047 semetipsum
3293 2978 3566 3036 delectum

1957 3065 2102 3131 fecit,
2134 3075 2191 3122 et
2216 3066 2477 3137 optimum
2514 3068 2602 3136 qui
2637 3067 2826 3120 aderat
2849 3076 3128 3136 acceptum
3178 3083 3349 3139 puero
3374 3069 3523 3125 dedit
3545 3112 3560 3135 ,

1959 3170 2013 3214 et
2062 3160 2208 3214 illum
2258 3175 2471 3230 quoque
2498 3169 2674 3230 urget,
2709 3168 2767 3214 ut
2815 3161 2933 3216 sine
2984 3176 3133 3215 mora
3156 3170 3414 3232 quantum
3449 3164 3566 3220 ficti

1958 3259 2134 3319 potest
2157 3260 2499 3320 approperet.

2028 3343 2082 3398 6.
2124 3343 2507 3398 Animadverte
2545 3343 2816 3412 quomodo
2859 3344 3037 3397 omnia
3084 3359 3207 3398 cum
3257 3343 3561 3410 velocitate,

1955 3449 2078 3489 cum
2102 3435 2331 3491 ferventi
2359 3436 2659 3502 alacritate,
2693 3450 2816 3490 cum
2854 3434 3146 3502 hilaritate,
3189 3450 3314 3492 cum
3343 3437 3564 3508 gaudio,

1953 3540 2076 3580 cum
2127 3540 2317 3595 magna
2339 3525 2675 3595 iucunditate
2717 3525 2866 3585 ﬂant.
2922 3525 2986 3579 Et
3020 3527 3274 3597 festiuavit
3311 3544 3437 3597 puer
3472 3530 3568 3584 hoc
3655 3580 3660 3584 .

1957 3618 2146 3684 facere.
2185 3613 2370 3685 Neque
2397 3613 2484 3670 hic
2504 3629 2669 3670 senex
2696 3615 2944 3684 quiescit,
2977 3615 3074 3671 sed
3101 3617 3294 3671 iterum
3319 3617 3371 3672 in
3402 3619 3567 3673 mini-

1955 3707 2051 3761 stri
2077 3707 2322 3762 ordinem
2349 3707 2557 3762 transit.
2589 3707 2642 3763 8.
2678 3705 2746 3760 Et
2766 3717 2820 3761 ut
2841 3708 3035 3778 accepit
3066 3708 3305 3779 butyrum
3335 3720 3382 3764 et
3407 3709 3489 3764 lac
3517 3723 3568 3765 et

1954 3799 2186 3866 uitulum,
2219 3815 2369 3868 quem
2411 3807 2742 3866 mactaverat,
2774 3800 3014 3870 apposuit
3057 3800 3180 3854 illis.
3213 3801 3306 3856 Sic
3337 3817 3432 3872 per
3474 3819 3565 3859 se-

1956 3891 2242 3960 metipsum
2284 3892 2464 3945 omnia
2495 3890 2623 3946 facit
2667 3902 2720 3946 et
2764 3892 3003 3961 apponit.
3036 3891 3106 3947 Et
3133 3907 3310 3964 neque
3339 3893 3561 3966 dignum

1955 3983 2306 4053 semetipsum
2334 3984 2546 4038 censuit
2575 3984 2667 4053 qui
2697 3983 3006 4040 consideret
3035 3999 3158 4040 cum
3186 3987 3287 4052 cis,
3327 3988 3422 4043 scd
3455 3989 3564 4045 illis

1954 4074 2363 4130 comedentibus
2397 4073 2648 4129 adstabat
2675 4073 2792 4143 ipse
2823 4075 2923 4128 sob
2953 4075 3181 4131 arbore.
3212 4074 3259 4131 0
3289 4079 3562 4155 magnitu:

1953 4164 2134 4219 dinem
2178 4163 2591 4233 hospitalitatis!
2633 4178 2668 4220 ο
2707 4164 3026 4221 humilitatis
3071 4168 3484 4226 excellentiam!
3530 4193 3563 4227 o

1956 4266 2189 4311 mentem
2217 4255 2508 4312 admodum
2554 4257 2889 4327 religiosam!
2923 4258 3172 4314 adstabat
3213 4264 3560 4319 centenarius

1955 4352 2116 4407 homo
2142 4352 2548 4408 comedentibus
2579 4352 2707 4408 illis.
2734 4352 2862 4408 Mihi
2891 4352 3103 4408 videtur
3128 4362 3256 4409 tunc
3284 4371 3397 4427 pra:
3425 4373 3560 4428 gau-

1953 4444 2043 4499 dio
2058 4445 2442 4513 alacritateque
2473 4443 2661 4508 multa,
2693 4443 3061 4500 imbecillitate
3084 4459 3180 4500 sua
3204 4445 3374 4501 factus
3400 4463 3559 4518 supe-

1955 4537 2085 4599 rior,
2134 4545 2189 4592 et
2229 4535 2396 4591 robur
2421 4535 2691 4606 quoddam
2732 4538 3028 4608 accepisse.
3062 4537 3219 4609 Saepe
3248 4541 3391 4595 enim
3422 4557 3556 4596 con-

1954 4628 2134 4684 suevit
2174 4629 2426 4684 alacritas
2472 4627 2688 4695 animie,
2736 4629 2781 4684 si
2820 4631 3035 4700 quando
3079 4631 3332 4688 roborata
3377 4633 3557 4698 fuerit,

1953 4721 2168 4775 vincere
2191 4718 2436 4788 corporis
2463 4719 2911 4776 imbecillitatem.
2941 4719 3128 4777 Stabat
3151 4723 3311 4794 igitur
3334 4726 3557 4796 patriar-

1954 4809 2053 4866 cha
2081 4810 2232 4880 quasi
2261 4809 2517 4876 famulus,
2550 4811 2652 4865 hoc
2679 4825 2892 4866 summo
2933 4812 3124 4886 hqnori
3161 4813 3385 4881 habens,
3417 4820 3559 4887 quod

1957 4901 2312 4968 prmsentibus
2337 4901 2686 4968 ministraret,
2727 4912 2781 4958 et
2827 4902 3095 4959 solaretur
3122 4907 3333 4962 itineris
3371 4924 3561 4965 eorum

1955 4993 2215 5049 laborem.
2263 4993 2456 5050 Vidisti
2508 5006 2708 5065 quanta
2753 4996 2886 5066 justi
2938 4996 3326 5068 hospitalitas?
3376 5000 3563 5071 Neque

1954 5085 2095 5139 enim
2126 5086 2228 5141 hoc
2250 5085 2424 5142 solum
2445 5085 2753 5154 considera,
2781 5087 2926 5159 quod
2945 5104 3112 5160 panes
3142 5095 3555 5161 proposueritet

1955 5176 2223 5230 vitulum:
2253 5176 2348 5232 sed
2401 5176 2529 5232 illud
2575 5178 2784 5248 cogita,
2831 5182 2953 5232 eum
3007 5189 3210 5247 quanto
3255 5181 3462 5238 honore
3507 5195 3561 5238 ct

1955 5275 2155 5336 quanta
2181 5267 2444 5323 modestia
2485 5268 2722 5323 exhibita
2769 5269 2837 5322 sit
2869 5268 3225 5340 hospitalitas.
3271 5273 3384 5327 Non
3424 5275 3565 5331 sicut

1956 5358 2132 5427 multi,
2157 5359 2246 5430 qui
2278 5359 2472 5429 siquid
2518 5360 2625 5415 tale
2663 5358 2908 5425 fecerint,
2943 5361 3260 5430 superbinnt
3297 5373 3349 5416 et
3377 5363 3561 5433 despi-

1955 5450 2102 5506 ciunt
2147 5459 2424 5520 susceptos
2466 5449 2729 5520 hospites,
2763 5465 2830 5506 eo
2861 5451 3007 5522 quod
3051 5454 3410 5510 ministerium
3457 5457 3566 5513 illis

1955 5541 2261 5597 exhibeant.
2294 5541 2408 5597 Hoc
2438 5551 2618 5598 autem
2650 5541 2875 5612 perinde
2904 5552 3007 5609 est,
3042 5559 3106 5598 ac
3134 5545 3179 5600 si
3207 5546 3328 5614 quis
3350 5547 3563 5602 divitias

1954 5643 2244 5704 congreget
2280 5642 2335 5688 et
2376 5634 2764 5689 circumferat:
2795 5644 2850 5688 et
2891 5650 3013 5690 cum
3051 5636 3351 5708 collegerit,
3381 5641 3562 5693 omnia

1956 5727 2116 5780 simul
2148 5741 2178 5780 e
2203 5726 2449 5780 manibus
2477 5726 2741 5795 projiciat.
2778 5729 3034 5798 Quisquis
3066 5731 3214 5784 enim
3259 5747 3380 5785 cum
3413 5747 3564 5787 arro-

1959 5821 2139 5890 gantia
2187 5829 2438 5893 operatur
2477 5821 2776 5891 quidpiam,
2837 5831 2889 5875 ct
2940 5823 3017 5877 sic
3073 5821 3196 5878 facit
3251 5826 3400 5894 quasi
3444 5825 3562 5894 plus
