4054 6324
473 388 576 441 3δὸ

469 500 730 569 pra-heret
760 513 915 567 quam
940 497 1220 564 acciperet,
1252 497 1422 550 nescit
1447 496 1570 566 quid
1598 493 1753 548 faciat
1782 511 1794 545 '.
1823 491 2043 562 proinde

470 602 522 644 et
549 589 872 654 mercedem,
896 605 1012 657 qua:
1042 587 1164 641 hinc
1194 588 1519 656 proveniret,
1544 585 1822 654 disperdit.
1856 585 2048 637 Verum

471 683 641 751 justus
674 682 764 736 ille
799 683 975 735 sciens
1019 662 1144 747 quid
1199 689 1526 748 operaretur,
1581 692 1675 747 per
1715 675 1890 729 omnia
1935 689 2052 744 quae

472 774 716 839 faciebat,
746 770 1055 826 ostendebat
1083 770 1410 823 alacritatem
1440 769 1650 822 mentis.
1686 767 1752 821 Et
1777 778 2052 836 postquam

474 863 688 930 largiter
715 873 769 916 et
797 874 981 929 magna
1011 859 1279 914 hilaritate
1307 858 1588 913 seminavit
1615 857 2048 925 hospitalitatem,

472 953 651 1005 statim
697 960 750 1004 et
780 948 1082 1017 manipulos
1120 949 1420 1002 uberrimos
1448 947 1686 1002 messuit.
1718 946 1849 1000 Nam
1878 946 1963 998 ubi
1988 959 2048 997 ea

473 1056 591 1109 qua:
620 1057 684 1094 es
733 1055 790 1094 se
838 1048 992 1093 erant
1040 1039 1296 1108 implevit,
1328 1048 1383 1092 et
1421 1037 1552 1091 nihil
1585 1036 1950 1107 praetermisit,
1991 1049 2052 1087 ac

475 1134 630 1186 linem
657 1139 996 1200 acceperunt,
1020 1147 1137 1201 qua:
1159 1130 1225 1183 ad
1254 1129 1666 1200 hospitalitatem
1696 1129 2048 1198 pertinebant,

474 1223 847 1292 declarataque
874 1222 1115 1290 fuitjnsti
1141 1221 1306 1274 virtus
1336 1238 1348 1272 :
1385 1230 1511 1275 tunc
1547 1220 1761 1274 demum
1796 1227 1850 1273 ut
1882 1218 2053 1272 disce-

476 1324 555 1368 ret
603 1314 777 1381 justus
829 1323 1148 1382 quantorum
1193 1323 1246 1365 ct
1296 1313 1528 1380 qualium
1589 1313 1844 1366 bonorum
1895 1326 2050 1363 causa

474 1406 630 1458 fuerit
673 1404 1025 1474 hospitalitas,
1064 1393 1371 1458 manifestat
1416 1417 1476 1457 se
1511 1403 1554 1456 is
1602 1402 1692 1470 qui
1735 1401 2050 1465 advenerat,

477 1508 632 1566 atque
669 1496 920 1564 paulatim
956 1496 1157 1564 justum
1195 1511 1305 1549 sua:
1343 1493 1756 1562 magnitudinem
1804 1494 2054 1562 potentiae

477 1587 652 1641 docet.
684 1586 815 1640 Nam
847 1587 936 1640 ubi
964 1585 1088 1639 vidit
1118 1599 1236 1639 eum
1269 1593 1498 1639 stantem
1529 1583 1666 1652 apud
1695 1598 1969 1652 quercum,
2002 1592 2055 1636 et

481 1678 670 1730 stando
714 1693 958 1746 magnum
1018 1676 1274 1730 honorem
1329 1685 1383 1729 et
1439 1676 1788 1729 ministerium
1839 1674 2051 1740 afferre,

477 1769 610 1820 dixit
650 1768 695 1821 ei
727 1787 736 1819 :
771 1767 824 1821 9.
863 1766 959 1820 Ubi
1003 1775 1074 1820 est
1121 1767 1283 1821 Sarra
1324 1783 1452 1819 uxor
1497 1767 1619 1818 tua?
1649 1765 1837 1821 Statim
1878 1775 2054 1820 autem

478 1874 571 1925 per
598 1859 1065 1926 interrogationem
1107 1857 1460 1910 subindicavit
1505 1857 1552 1910 ei
1598 1871 1657 1911 se
1704 1872 1808 1910 non
1841 1872 1960 1912 esse
1989 1872 2054 1911 ex

478 1948 781 2018 vulgaribus
803 1948 1054 2017 aliquem,
1090 1957 1272 2016 utpote
1301 1948 1388 2016 qui
1411 1956 1462 2002 et
1491 1948 1668 2000 uxoris
1697 1947 1836 2000 illius
1862 1963 2054 2001 nomen

481 2041 666 2094 sciret.
719 2040 812 2095 Ille
868 2048 1044 2094 autem
1091 2041 1296 2108 inquit:
1331 2038 1460 2092 Ecce
1503 2040 1555 2091 in
1601 2039 1940 2092 tabernaculo.
1990 2039 2057 2092 Et

477 2131 598 2197 quia
641 2131 843 2193 statim,
878 2137 1144 2197 tamquam
1173 2129 1334 2194 Deus,
1368 2129 1694 2197 polliciturus
1724 2139 1837 2182 erat
1867 2130 1913 2182 ci
1941 2145 2059 2198 qua:

477 2235 636 2288 supra
677 2229 918 2274 naturam
947 2226 1122 2285 erant,
1154 2229 1370 2288 propter
1401 2219 1500 2273 hoc
1527 2227 1580 2273 ct
1607 2219 1834 2274 dicendo
1861 2236 2056 2274 nomen

479 2310 653 2363 Sarrae
692 2310 1007 2379 significavit
1045 2325 1200 2380 supra
1249 2310 1518 2364 hominem
1562 2325 1680 2365 esse
1718 2325 1838 2366 eum
1870 2314 1957 2381 qui
2007 2312 2058 2366 iu

482 2400 877 2454 tabernaculum
906 2401 1022 2468 ejus
1052 2398 1361 2453 diverterat.
1394 2400 1480 2454 lO.
1510 2399 1775 2454 Rwertens
1803 2400 1952 2464 enim,
1983 2402 2061 2455 in-

481 2489 614 2556 quit,
646 2490 836 2542 veniam
878 2490 943 2542 ad
975 2498 1023 2542 te
1047 2490 1320 2543 secundum
1363 2501 1558 2558 tempus
1598 2489 1691 2541 hoc
1726 2490 1777 2543 in
1816 2491 1983 2554 horas,
2017 2500 2063 2544 et

483 2578 678 2632 habebit
704 2580 868 2646 ﬁlium
898 2577 1060 2632 Sarra
1082 2594 1209 2632 uxor
1231 2588 1334 2630 tua.
1368 2579 1505 2632 Ecce
1541 2577 1918 2647 hospitalitatis
1951 2582 2062 2633 fru-

485 2677 625 2733 ctus,
655 2681 779 2722 ecce
809 2667 1101 2722 alacritatis
1135 2669 1276 2721 illius
1305 2668 1453 2722 mira:
1485 2684 1710 2733 merces,
1755 2684 1878 2724 ecce
1919 2669 2063 2723 Iaho-

491 2773 608 2812 rum
636 2758 806 2812 Sarra:
847 2759 1245 2812 retributiones.
1280 2757 1382 2811 Illa
1421 2769 1608 2818 autem,
1653 2760 1840 2828 inquit,
1875 2761 2064 2813 audivit

479 2851 630 2915 juxta
661 2851 839 2902 ostium
862 2849 1188 2914 tabernaculi,
1212 2859 1349 2901 stans
1379 2859 1488 2916 post
1511 2850 1655 2902 illud.
1693 2851 1774 2904 12.
1801 2849 1868 2903 Et
1895 2861 1948 2903 ut
1973 2852 2067 2903 hac

486 2941 694 3005 audivit,
723 2942 831 2994 risit
855 2957 1043 3004 secum,
1086 2941 1254 2993 dicens
1279 2959 1294 2994 .'
1328 2940 1566 2994 Nondum
1596 2941 1796 3011 quidem
1822 2943 1942 2994 mihi
1969 2942 2064 3008 fuit

488 3047 640 3097 usque
665 3046 834 3094 nunc;
865 3031 1095 3082 dominus
1123 3038 1288 3082 autem
1316 3046 1450 3082 meus
1471 3045 1639 3083 senex.
1671 3030 1736 3084 Et
1767 3039 1820 3084 ut
1848 3038 2068 3085 excusa

492 3123 667 3176 divina
697 3122 967 3192 Scriptura
996 3123 1234 3188 Sarram,
1260 3123 1404 3189 prius
1432 3120 1772 3190 significavit:
1794 3122 1875 3176 Η.
1909 3121 2070 3174 Abra-

495 3215 612 3264 ham
639 3222 804 3265 autem
844 3222 889 3265 et
933 3212 1095 3266 Sarra
1119 3212 1369 3280 progressi
1396 3221 1536 3264 erant
1569 3212 1620 3264 in
1649 3201 1820 3264 diebus
1854 3213 1978 3266 suis.
2009 3213 2073 3266 Et

495 3317 665 3370 neque.
704 3301 804 3356 hoc
838 3309 1083 3355 contenta
1122 3301 1303 3369 adjicit
1332 3318 1343 3352 :
1375 3299 1438 3352 Et
1479 3300 1728 3354 desierant
1759 3300 1935 3355 Sarra:
1962 3303 2072 3369 ﬁeri

491 3387 772 3446 muliebria.
821 3391 1099 3447 Arci-actus
1146 3400 1282 3458 erat,
1331 3392 1518 3461 inquit,
1576 3391 1724 3458 fons,
1775 3405 2073 3448 exccecatus

491 3483 696 3549 oculus,
731 3482 942 3536 ofﬁcina
991 3483 1102 3551 ipsa
1143 3492 1256 3536 erat
1303 3482 1502 3536 inutilis
1541 3481 1696 3536 facta.
1728 3482 1808 3537 Ad
1835 3499 1952 3553 qua:
1990 3501 2070 3540 re-

493 3576 724 3645 spiciens
767 3574 948 3639 Sarra,
995 3574 1257 3643 cogitabat
1297 3573 1437 3643 apud
1474 3575 1812 3644 semetipsam
1862 3585 2072 3632 atatem

499 3680 652 3718 suam
697 3675 750 3720 et
778 3671 1104 3718 senectutem
1142 3662 1453 3732 patriarcha!
1481 3663 1551 3735 (υ.
1583 3663 1695 3733 12).
1721 3664 1918 3719 Verum
1947 3666 2072 3720 dum

501 3756 588 3809 illa
619 3757 752 3809 intra
785 3755 1180 3809 tabernaculum
1204 3756 1274 3808 ita
1313 3755 1526 3825 cogitat,
1557 3755 1600 3809 is
1631 3757 1720 3826 qui
1757 3758 1858 3811 scit
1883 3773 2073 3812 arcana

495 3845 709 3916 tuentis,
732 3844 1100 3903 demonstrare
1129 3845 1310 3902 volens
1337 3855 1390 3903 et
1415 3847 1626 3907 virtutis
1667 3861 1776 3905 sine
1803 3849 2075 3907 excellen-

498 3941 644 4003 tiam,
690 3947 746 3993 et
795 3933 923 3992 nihil
973 3939 1239 3992 occultum
1285 3953 1344 3992 se
1385 3939 1570 4002 latere,
1627 3939 1756 3992 dicit
1804 3942 2073 3995 Ahrahre:

496 4031 584 4083 15.
620 4028 722 4082 Cur
766 4029 876 4081 risit
922 4028 1085 4082 Sarra
1111 4030 1250 4098 apud
1296 4030 1536 4096 seipsum,
1569 4028 1738 4084 dicens
1767 4045 1785 4083 :
1815 4029 2080 4102 Numquid

496 4137 607 4174 uere
626 4120 864 4190 pariam?
889 4135 980 4189 ego
1005 4128 1174 4172 autem
1201 4119 1361 4173 senui.
1392 4119 1516 4174 Βίης
1541 4120 1683 4174 enim
1711 4121 1796 4175 illa
1824 4121 1962 4192 apud
1991 4137 2078 4177 se-

499 4211 777 4279 metipsam
832 4208 1116 4278 cogitabat.
1175 4208 1263 4262 H.
1321 4207 1461 4262 Num
1505 4209 1831 4279 impossibile,
1889 4212 2077 4282 inquit,

497 4299 637 4368 apud
675 4297 834 4352 Deum
862 4299 1102 4352 verbum?
1130 4298 1270 4353 Ecce
1299 4299 1576 4354 manifeste
1600 4301 1831 4368 seipsum
1859 4301 2076 4371 detegit.

500 4392 614 4446 Non
660 4391 825 4457 scitis,
868 4390 1056 4459 inquit,
1102 4403 1208 4456 me,
1249 4399 1452 4445 natura:
1495 4389 1752 4446 Dominus
1790 4406 1910 4446 cum
1950 4394 2072 4458 sim,

503 4483 680 4536 omnia
723 4495 881 4551 posse
923 4480 1135 4550 quando
1180 4481 1422 4546 voluero,
1469 4488 1522 4534 et
1569 4492 1831 4536 mortuam
1874 4499 2081 4554 quoque

506 4572 714 4624 vulvam
767 4569 1045 4625 fecundam
1089 4579 1143 4625 ct
1188 4572 1358 4640 partui
1399 4571 1640 4630 idoneam
1693 4571 1904 4627 facere?
1941 4573 2082 4628 Nunt

503 4661 843 4731 impossibile,
909 4661 1114 4730 inquit,
1181 4661 1321 4729 apud
1378 4660 1542 4716 Deum
1604 4663 1839 4732 aliquid?
1897 4663 2084 4719 Nonne

509 4752 686 4804 oninia
739 4751 871 4805 facio
918 4759 973 4806 et
1014 4751 1367 4804 transformo?
1415 4767 1594 4806 nonne
1635 4755 1758 4806 vitae
1798 4762 1852 4807 et
1898 4755 2085 4808 mortis

508 4850 824 4911 potestatem
872 4841 1078 4895 hawa
1108 4840 1250 4894 Num
1276 4843 1580 4911 impossibile
1621 4854 1692 4897 est
1725 4845 1920 4912 aliquid
1947 4847 2084 4913 apud

510 4931 715 4984 Deum?
745 4931 930 4986 Nonne
967 4933 1110 5000 prius
1149 4931 1248 4985 hoc
1295 4934 1560 5002 pollicitus
1598 4935 1756 4988 sum?
1797 4935 1933 4989 Num
1990 4952 2083 5006 po-

510 5031 614 5074 test
648 5021 914 5089 quidpiam
944 5035 971 5072 a
1001 5036 1084 5075 me
1117 5021 1314 5076 dictum
1342 5038 1445 5075 non
1485 5024 1537 5077 in
1576 5037 1709 5092 Opus
1731 5027 1916 5080 exire?
1945 5029 2082 5081 Audi

510 5112 688 5180 igitur,
721 5110 858 5179 quod
889 5109 952 5164 In
985 5114 1320 5180 temporehoc
1348 5124 1567 5166 revertar
1587 5115 1653 5166 ad
1679 5127 1724 5168 te
1756 5118 1806 5170 in
1833 5117 2005 5184 horas,
2041 5130 2085 5173 et

510 5205 600 5256 erit
642 5203 815 5257 Same
845 5203 1002 5272 ﬁlius.
1052 5205 1334 5273 Postquam
1381 5217 1667 5271 revertero,
1720 5209 1907 5278 inquit,
1954 5221 2087 5263 tem-

511 5309 638 5362 pore
669 5295 786 5357 hoc,
823 5303 945 5348 tunc
972 5295 1104 5348 sciet
1128 5311 1185 5349 re
1217 5297 1325 5364 ipsa
1363 5296 1523 5349 Sarra
1552 5297 1693 5365 quod
1725 5313 1894 5366 neque
1925 5315 2084 5355 senc-

509 5394 627 5436 ctns
650 5385 696 5437 ei
718 5385 989 5438 obstaculo
1021 5383 1200 5450 fuerit,
1226 5400 1398 5454 neque
1429 5387 1678 5441 sterilitas
1707 5406 1719 5441 :
1751 5389 1842 5443 sed
1867 5391 2086 5445 verbum

512 5487 690 5526 meum
723 5488 824 5525 non
853 5474 1044 5542 poterit
1067 5474 1270 5527 irritum
1294 5475 1464 5539 reddi,
1497 5486 1548 5530 et
1577 5489 1754 5544 partus
1776 5495 1892 5534 eam
1924 5483 2084 5539 doce-

510 5562 588 5616 bit
615 5578 795 5616 eorum
828 5580 942 5632 qua:
972 5579 1000 5616 a
1032 5581 1114 5619 me
1139 5565 1280 5618 dicta
1323 5576 1444 5619 sunt
1482 5571 1791 5636 potentiam.
1820 5572 2085 5629 Cmterum

513 5663 569 5704 ut
598 5652 683 5705 illa
717 5653 933 5719 audivit,
967 5670 1136 5724 neque
1159 5655 1245 5708 illa
1271 5673 1388 5725 quae
1414 5661 1668 5727 cogitaret
1697 5677 1819 5717 esse
1841 5669 2087 5732 przcsenti

513 5746 738 5811 occulta,
783 5744 864 5798 15.
918 5745 1128 5816 Negavit
1170 5747 1376 5802 dicens:
1411 5748 1526 5803 Non
1574 5753 1679 5804 risi.
1721 5753 1901 5810 Timor
1946 5759 2086 5813 cnim

1183 384 1236 438 S.
1278 383 1552 439 JO.\NNIS
1590 376 2060 437 CIIRYSOSTUSII
2103 377 2416 435 ARCIIIEP.
2459 378 2991 436 CONSTANTINOP.

3645 381 3748 436 δελ

2159 503 2502 548 concusserat
2542 494 2659 565 ejus
2701 504 2955 550 mentem.
3003 495 3292 566 Propterea
3333 494 3606 566 Scriptura
3649 496 3754 552 hoc

2161 591 2328 636 totuut
2371 583 2664 639 infirmitati
2705 585 2822 655 eius
2862 585 3100 642 tribuens
3139 586 3328 657 inquit,
3372 585 3575 641 Timore
3615 590 3754 640 cuius

2159 674 2422 741 perterrita
2459 676 2578 746 fuit.
2621 675 2815 730 Verum
2857 677 3156 746 patriarcha
3188 678 3316 734 dicit
3351 678 3400 733 ei
3426 694 3443 735 :
3468 677 3609 744 Non,
3663 684 3754 734 sed

2159 765 2334 818 risisti.
2362 763 2438 819 Ne
2468 775 2639 834 putes,
2675 766 2864 836 inquit,
2895 766 3020 822 licet
3047 768 3099 822 in
3126 768 3306 826 animo
3333 768 3448 823 haec
3477 777 3744 823 tractave-

2159 854 2252 919 ris,
2286 864 2337 909 et
2366 856 2418 909 in
2448 858 2656 910 occulto
2695 857 2899 920 riseris,
2934 857 3048 912 haec
3069 871 3231 928 posse
3254 858 3506 914 abscondi
3543 858 3610 912 ab
3633 861 3757 928 ejus

2158 947 2245 1014 qui
2280 945 2497 1000 advenit
2519 948 2715 1003 virtute
2740 955 2795 1001 et
2827 947 3072 1002 scientia.
3109 947 3288 1018 Itaque
3316 964 3511 1019 negare
3550 948 3755 1002 factum

2160 1039 2286 1103 noli,
2318 1054 2384 1093 ne
2427 1038 2592 1093 addas
2630 1039 2697 1093 ad
2741 1049 3044 1109 peccatum.
3078 1039 3262 1108 Magna
3307 1043 3449 1095 enim
3484 1041 3643 1096 hodie
3684 1042 3755 1095 ab

2162 1126 2262 1182 hac
2287 1127 2648 1196 hoSpitalitate
2677 1130 2830 1184 nobis
2851 1118 3177 1198 'provenient
3200 1128 3358 1184 bona.

2231 1219 2281 1272 7.
2329 1217 2543 1272 Horatia
2589 1220 2892 1274 exhortatio.
2928 1250 2996 1260 —
3023 1220 3173 1276 Hunc
3220 1219 3488 1275 imitemur
3535 1235 3761 1287 omnes,

2159 1319 2212 1364 et
2236 1324 2477 1379 magnam
2511 1324 2760 1379 geramus
2787 1309 3163 1379 hospitalitatis
3188 1325 3369 1366 curam
3395 1329 3409 1365 :
3442 1325 3545 1366 non
3576 1322 3632 1366 ut
3661 1312 3758 1366 llu-

2159 1413 2346 1453 xorum
2369 1407 2422 1453 et
2445 1399 2865 1468 corruptibilium
2907 1399 3311 1454 retributionem
3336 1401 3510 1455 solum
3533 1402 3765 1470 accipia-

2160 1504 2278 1542 mus
2299 1531 2312 1552 ,
2336 1488 2428 1543 sed
2458 1497 2512 1542 ut
2537 1504 2858 1559 reponamus
2887 1490 3039 1544 nobis
3065 1489 3223 1545 etiam
3255 1490 3634 1546 immortalium
3667 1494 3764 1547 bo-

2160 1593 2346 1632 norum
2375 1578 2696 1632 fruitionem.
2739 1579 2868 1633 Nam
2892 1582 2935 1632 si
2961 1581 3061 1634 hoc
3099 1579 3318 1635 facimus
3339 1622 3354 1647 ,
3376 1595 3474 1636 nos
3494 1582 3651 1636 etiam
3677 1583 3768 1637 hic

2158 1668 2423 1722 Christum
2451 1670 2802 1737 suscipiemus
2826 1711 2842 1736 ,
2873 1678 2928 1724 et
2956 1670 3207 1741 suscipiet
3233 1671 3392 1726 etiam
3441 1673 3555 1740 ipse
3584 1689 3680 1726 nos
3710 1674 3762 1726 in

2161 1761 2520 1814 mansionibus
2560 1762 2660 1817 illis
2685 1776 2803 1831 qucc
2829 1761 2897 1815 ab
2917 1770 3118 1816 aeterno
3147 1771 3454 1832 praeparata:
3484 1773 3608 1818 sunt
3637 1763 3732 1818 diti
3753 1795 3768 1804 ο

2159 1849 2398 1919 gentibus
2427 1850 2596 1919 ipsum
2620 1899 2633 1916 ,
2675 1849 3054 1920 audiemusque
3082 1849 3151 1904 ab
3175 1865 3242 1911 eo
3281 1869 3294 1904 :
3333 1849 3538 1916 Venite,
3568 1854 3771 1906 benedi-

2161 1943 2228 1994 cti
2246 1940 2426 1996 Patris
2451 1943 2574 2006 mei,
2601 1941 2653 1994 in
2676 1942 3000 1995 hereditatem
3026 1943 3236 2011 accipite
3269 1951 3612 2012 praeparatum
3634 1947 3774 1999 vobis

2163 2047 2370 2100 regnum
2395 2031 2455 2084 ab
2480 2031 2671 2100 origine
2697 2032 2871 2085 niundi
2890 2031 3103 2102 (Matth.
3127 2033 3216 2087 25.
3243 2033 3449 2104 55.56).
3466 2034 3629 2102 Cujus
3649 2049 3772 2104 gra-

2165 2120 2233 2182 tia
2276 2131 2327 2175 et
2383 2130 2599 2189 propter
2648 2122 2818 2190 quid?
2847 2121 3053 2175 Esurivi
3105 2122 3270 2190 enim,
3303 2131 3348 2176 et
3387 2123 3594 2177 dedistis
3647 2125 3775 2176 mihi

2146 2207 2508 2264 .manducaré:
2542 2211 2675 2264 silici
2696 2253 2712 2277 ,
2743 2219 2788 2264 et
2829 2213 3038 2279 potestis
3067 2227 3146 2265 me
3169 2227 3188 2265 :
3239 2213 3532 2282 peregrinus
3578 2215 3678 2283 fui,
3724 2225 3775 2267 et

2165 2301 2435 2369 collegisti:
2453 2319 2529 2356 me
2545 2303 2624 2356 :in
2642 2319 2837 2357 carcere
2861 2305 2958 2374 fui,
2981 2314 3024 2357 et
3050 2305 3286 2365 invisistis
3316 2322 3410 2359 me.
3433 2307 3570 2372 Quid
3595 2308 3778 2361 minus

2166 2391 2446 2446 molestum
2493 2389 2660 2462 quam
2703 2393 2856 2448 lucc?
2899 2393 3034 2448 Num
3083 2395 3322 2464 praecipit
3363 2395 3515 2450 nobis
3561 2398 3780 2451 curiose

2165 2482 2390 2534 scrutari
2420 2491 2475 2535 et
2525 2482 2813 2552 inquirere,
2856 2483 3168 2552 quibusnam
3221 2484 3537 2539 deberemus
3581 2499 3770 2540 curam

2166 2571 2457 2626 exhibere?
2493 2571 2570 2625 Tu
2618 2573 2759 2641 quod
2797 2583 2942 2628 tuum
2975 2582 3088 2640 est,
3123 2574 3320 2643 inquit,
3355 2576 3602 2642 ostende,
3650 2577 3780 2632 licet

2167 2661 2406 2730 abiectus
2451 2673 2504 2718 et
2531 2665 2650 2718 vilis
2675 2665 2763 2730 sit,
2818 2677 2876 2719 ut
2907 2676 3158 2736 apparet,
3193 2681 3347 2734 quem
3406 2665 3553 2723 foves
3586 2688 3598 2723 :
3657 2687 3781 2740 qua:

2169 2755 2310 2806 enim
2334 2753 2384 2806 in
2413 2754 2530 2809 illos
2552 2756 2683 2809 facta
2706 2765 2848 2822 sunt,
2875 2771 2976 2825 ego
2995 2767 3052 2811 ut
3079 2758 3206 2812 mihi
3234 2761 3330 2830 ipsi
3353 2759 3488 2814 facta
3520 2775 3777 2830 agnosco.

2171 2845 2456 2913 Propterea
2477 2845 2680 2900 addidit
2703 2865 2715 2899 :
2740 2846 2802 2900 In
2823 2859 3067 2914 quantum
3093 2849 3281 2919 fecistis
3303 2852 3388 2904 uni
3405 2854 3621 2920 fratrum
3647 2869 3781 2906 meo-

2171 2949 2287 2985 rum
2317 2935 2667 3002 minimarum,
2698 2935 2820 2987 mihi
2849 2937 3034 3004 fecistis
3065 2936 3222 3008 (Ibid.
3247 2954 3297 2993 υ.
3320 2941 3433 3010 40).
3469 2940 3630 3009 Igitur
3658 2955 3781 2994 cum

2175 3032 2318 3077 tanta
2346 3039 2410 3078 cx
2443 3023 2799 3095 hospitalitate
2835 3029 2942 3080 sint
2975 3028 3115 3082 lucra
3138 3068 3154 3094 ,
3185 3045 3288 3083 non
3338 3041 3742 3086 contemnamus
3767 3074 3782 3094 ,

2174 3115 2270 3173 sed
2299 3115 2534 3185 quotidie
2580 3116 2736 3186 hujus
2771 3117 2922 3172 boum
2953 3119 3323 3189 negotiationis
3353 3135 3560 3176 merces
3585 3121 3787 3177 inferre

2175 3207 2502 3275 studeamus,
2556 3209 2786 3264 scientes
2836 3210 3114 3265 Dominum
3162 3221 3403 3268 nostrum
3455 3213 3787 3269 alacritatem

2177 3311 2443 3366 magnam,
2489 3312 2594 3351 non
2639 3298 2878 3353 ciborum
2928 3300 3134 3369 pondus
3164 3303 3596 3373 requirere,non
3623 3321 3781 3358 inen-

2177 3401 2290 3445 sam
2317 3395 2701 3456 sumptuosam,
2732 3387 2826 3442 sed
2873 3399 3104 3445 mentem
3132 3380 3359 3448 hilarem
3379 3434 3393 3458 ,
3423 3407 3528 3448 non
3579 3404 3788 3449 tantum

2179 3477 2534 3532 ministerium
2566 3493 2595 3531 a
2625 3478 2781 3533 nudis
2809 3480 3008 3545 verbis,
3039 3481 3134 3537 sed
3153 3484 3427 3538 caritatem
3458 3499 3488 3538 a
3518 3499 3651 3555 puro
3670 3487 3784 3541 siu-

2179 3582 2410 3637 ceroque
2458 3569 2638 3624 corde.
2671 3569 2872 3626 Idcirco
2923 3581 2978 3627 et
3033 3575 3243 3644 sapiens
3281 3575 3496 3645 quidam
3541 3577 3789 3634 dicebat:

2182 3658 2366 3711 Melior
2403 3675 2566 3714 sermo
2586 3676 2737 3728 quam
2759 3678 2941 3717 munus
2973 3663 3160 3735 (Eccli.
3191 3665 3277 3722 18.
3305 3667 3419 3739 ιϐ).
3463 3668 3620 3739 ὃωρο
3647 3671 3792 3725 enim

2182 3751 2444 3808 sermonis
2467 3752 2781 3825 obsequium
2809 3754 2978 3826 magis
3000 3767 3208 3814 recreat
3234 3758 3558 3831 indigentem
3581 3804 3598 3828 ,
3627 3777 3789 3833 quam

2182 3845 2384 3901 donum
2410 3847 2600 3916 ipsum.
2633 3847 2757 3903 Haec
2792 3863 2914 3904 cum
2942 3853 3173 3905 sciamus
3193 3893 3208 3917 ,
3241 3867 3309 3907 ne
3333 3853 3500 3908 simus
3545 3854 3796 3910 diﬂicilcs

2183 3953 2306 4009 erga
2337 3954 2429 3994 eos
2469 3939 2558 4010 qui
2588 3938 2653 3994 ad
2685 3955 2782 3996 nos
2808 3941 3070 3997 accedunt
3095 3961 3108 3996 :
3135 3943 3228 3998 sed
3259 3944 3306 4000 si
3345 3945 3676 4014 potuerimus
3703 3962 3799 4001 eo-

2185 4046 2304 4085 rum
2333 4033 2564 4101 inOpiam
2586 4032 2864 4091 sublevare
2885 4075 2899 4099 ,
2926 4033 3030 4091 hoc
3053 4035 3308 4092 faciamus
3335 4051 3457 4092 cum
3471 4037 3666 4109 gaudio
3697 4039 3790 4092 la:-

2189 4123 2407 4194 titiaque
2443 4140 2632 4195 magna
2662 4143 2674 4179 :
2708 4141 2812 4182 non
2836 4136 2892 4182 ut
2934 4129 3231 4197 prtcbentes
3261 4130 3457 4201 aliquid
3478 4172 3494 4196 ,
3527 4131 3622 4186 sed
3648 4141 3706 4186 ut
3728 4132 3794 4186 ab

2188 4213 2264 4268 eis
2290 4216 2516 4278 maxima
2543 4217 2865 4287 accipientes
2897 4235 2910 4270 :
2938 4219 3080 4287 quod
3127 4221 3170 4275 si
3219 4235 3325 4276 non
3373 4236 3656 4291 possumus
3679 4265 3696 4293 ,
3731 4240 3796 4279 ne

2188 4307 2354 4363 simus
2382 4309 2555 4378 asperi
2585 4310 2637 4364 in
2691 4325 2784 4364 eos
2815 4328 2827 4364 :
2860 4310 2955 4365 sed
2985 4312 3160 4366 verbis
3185 4313 3374 4368 saltem
3403 4328 3591 4369 eorum
3611 4331 3799 4372 curam

2187 4414 2440 4468 agamus,
2502 4409 2556 4455 et
2603 4414 2724 4456 cum
2777 4402 3181 4458 mansuetudine
3224 4405 3645 4475 respondeamus
3695 4411 3796 4464 eis.

2187 4487 2362 4554 Quare
2399 4490 2540 4544 enim
2567 4489 2698 4545 dure
2721 4491 3012 4560 compellas
3054 4493 3201 4548 cum?
3249 4494 3384 4550 Num
3432 4498 3618 4567 cogit?
3673 4515 3801 4554 num

2190 4578 2297 4633 vim
2327 4578 2491 4634 facit?
2522 4580 2688 4646 Orat,
2718 4582 2999 4651 supplicat,
3031 4583 3312 4640 obsecrat:
3341 4587 3429 4656 qui
3472 4597 3652 4643 autem
3683 4589 3801 4644 hx:

2193 4668 2352 4733 facit,
2381 4671 2702 4725 contumelia
2729 4670 2919 4740 dignus
2949 4686 3053 4726 non
3083 4682 3183 4727 est.
3217 4674 3353 4740 Quid
3396 4675 3516 4730 dico
3536 4719 3550 4742 ,
3588 4689 3707 4733 orat
3747 4689 3800 4733 et

2192 4758 2474 4827 supplicat?
2507 4759 2781 4814 lnnumera
2828 4761 2962 4816 bene
2991 4774 3308 4832 apprecatur
3328 4806 3344 4831 ,
3373 4774 3428 4820 et
3473 4765 3589 4821 haec
3618 4771 3795 4822 omnia

2196 4847 2322 4902 facit
2351 4864 2447 4917 pro
2468 4864 2574 4914 uno
2587 4850 2763 4905 .obolo
2782 4891 2797 4916 ,
2829 4866 3000 4922 neque
3028 4861 3204 4908 tamen
3232 4853 3381 4909 illum
3408 4871 3711 4926 erogamus.
3743 4861 3804 4914 Et

2192 4950 2350 5009 quam
2395 4958 2744 5012 assequemur
2774 4944 3023 4999 veniam?
3052 4961 3211 5015 quam
3253 4948 3566 5003 habebimus
3614 4951 3803 5006 defen-

2194 5033 2433 5088 sionem?
2465 5034 2567 5104 Ipsi
2609 5036 2824 5105 quidem
2853 5039 3090 5107 quotidie
3133 5040 3330 5095 lautam
3359 5057 3599 5097 mensam
3653 5047 3806 5099 nobis

2194 5127 2384 5194 apponi
2415 5140 2698 5194 curamus,
2743 5139 2797 5183 et
2847 5144 2990 5199 satpe
3020 5131 3141 5200 plus
3171 5147 3333 5200 quam
3363 5147 3488 5188 usus
3539 5137 3764 5205 requirit
3792 5182 3804 5202 ,

2199 5218 2552 5274 insumimus:
2587 5221 2690 5276 illis
2731 5238 2857 5276 vero
2897 5239 3070 5294 neque
3099 5240 3323 5294 parvum
3343 5227 3467 5296 quid
3510 5233 3804 5285 communi-

2196 5325 2252 5362 ca
2262 5326 2399 5376 mus,
2424 5312 2578 5380 idque
2595 5327 2714 5366 cum
2735 5313 3008 5367 innumera
3033 5314 3170 5369 bona
3189 5330 3281 5384 per
3299 5316 3394 5372 hos
3419 5334 3516 5373 nos
3533 5318 3805 5375 habituros

2197 5410 2587 5470 exspectemus.
2653 5403 2756 5456 Sed
2803 5418 2836 5457 ο
2890 5419 3134 5474 magnam
3201 5405 3493 5462 desidiam!
3543 5410 3800 5478 Quantam

2198 5491 2336 5543 enim
2395 5491 2517 5546 hinc
2552 5493 2813 5560 jacturam
2864 5493 3124 5549 facimus?
3165 5507 3421 5566 quantum
3453 5500 3585 5555 lucri
3617 5519 3648 5555 e
3693 5520 3796 5554 nia-

2198 5581 2351 5636 uibus
2409 5584 2605 5637 nostris
2681 5585 2940 5640 excedere
3011 5589 3404 5654 permittimus?
3459 5591 3798 5648 Occasionem

2198 5683 2393 5724 nostra:
2422 5673 2610 5726 salutis
2647 5690 2676 5727 a
2702 5674 2806 5745 Deo
2836 5677 2990 5730 nobis
3015 5677 3191 5731 datam
3223 5681 3572 5736 amandamus
3591 5725 3609 5750 ,
3641 5701 3802 5752 neque

2198 5764 2513 5831 Cogitaunts,
2547 5766 2623 5820 vel
2667 5765 2718 5818 in
2769 5779 2944 5822 incute
3006 5782 3280 5826 versamus
3329 5771 3447 5827 hinc
3496 5777 3798 5844 partitatcm
