4234 6262
594 370 663 424 15
1507 371 1561 425 S.
1595 368 1970 426 SALVIANUS
2000 371 2452 430 MASSILIENSIS
2492 376 2911 432 PRESBYTER.
3756 381 3831 442 ’16

594 483 915 552 Latinosque
934 491 1198 548 auctores,
1223 484 1383 537 etiam
1415 484 1516 537 hoc
1537 481 1772 537 Salviani
1794 500 1927 552 opus
1958 487 2161 553 primus
2189 494 2232 548 Α
2262 504 2412 541 morte
2461 488 2908 554 ﬂalberstattensi,
2958 491 3219 559 adjunctis
3265 492 3316 547 in
3347 500 3456 549 tres
3504 498 3831 565 posteriores

594 576 646 630 in
687 576 953 645 publicum
981 574 1171 629 extulit
1199 581 1253 627 et
1296 571 1684 642 Christophoro
1725 588 1754 626 a
1794 573 2015 628 Stadion
2049 574 2157 628 Au—

593 663 827 732 gusteusi
863 662 1114 732 episcopo
1153 662 1480 730 nuncupavit
1517 661 1617 731 (ιι).
1664 660 1839 715 Triste
1884 670 1997 715 tum
2041 664 2159 718 orbi

592 751 861 820 prazhebat
888 749 1247 819 spectaculum
1274 748 1542 817 Hungaria
1583 764 1614 802 a
1646 748 1833 803 Turcis
1858 750 2155 804 devastata.

591 838 734 895 Inter
761 839 1036 893 innumera
1075 852 1205 892 vero
1242 837 1451 907 publica
1488 837 1799 907 privataque
1840 840 1998 903 bona,
2040 854 2160 907 qua:

591 929 738 1007 furor
765 943 951 983 eorum
979 935 1358 996 assumpserat,
1398 925 1497 981 fuit
1533 927 1696 981 etiam
1728 927 1956 982 celebris
1984 930 2072 983 illa
2103 937 2159 984 et

590 1019 740 1074 libris
776 1032 844 1072 ex
884 1017 1030 1071 omni
1056 1017 1380 1085 scriptorum
1416 1029 1615 1082 genere
1655 1015 2157 1091 confertissimam-

589 1107 854 1164 hliotheca
890 1105 1165 1167 Budensis,
1208 1118 1240 1158 a
1272 1103 1493 1158 Mattbia
1535 1117 1661 1173 rege
1708 1106 2005 1174 sumptibus
2051 1121 2157 1160 non

496 1211 501 1221 ·
586 1195 913 1251 aestimandis
942 1195 1217 1248 instructa.
1257 1192 1365 1247 Sed
1402 1209 1524 1248 cum
1553 1210 1712 1249 nemo
1741 1210 1847 1249 non
1877 1196 2037 1263 paulo
2068 1197 2161 1250 do-

587 1287 726 1340 ctior
744 1284 889 1352 gravi
916 1283 1016 1337 hac
1036 1281 1243 1351 jactura
1272 1283 1729 1347 commovebatur,
1753 1283 2157 1338 acerbissimum

588 1382 768 1427 tamen
796 1385 864 1426 eo
903 1369 1144 1425 dolorem
1171 1370 1513 1426 Brassicanus
1543 1372 1727 1426 sensit.
1763 1371 1977 1426 Viderat
2013 1374 2157 1426 enim
2230 1428 2231 1431 η

587 1464 720 1518 istos
777 1462 1054 1516 thesauros
1095 1475 1330 1529 prmsens
1380 1460 1542 1516 Budae
1596 1462 1649 1516 in
1691 1463 1951 1517 comitatu
1996 1462 2157 1530 legati

494 1618 499 1629 ε
586 1552 817 1608 (Ξωδειι-θί
855 1558 912 1605 et
951 1566 1059 1605 non
1096 1558 1300 1604 tantqu
1340 1551 1564 1615 viderat,
1609 1551 1702 1606 sed
1732 1558 1903 1605 totum
1943 1565 2062 1606 sese
2102 1551 2154 1604 in

586 1656 681 1698 eos
707 1640 1003 1695 abdiderat.
1026 1639 1144 1709 Ipse
1171 1654 1384 1709 quoque
1406 1640 1547 1707 regis
1569 1638 1822 1694 Ludovici
1843 1639 2157 1694 munificen-

586 1731 659 1786 tia
679 1739 927 1786 auctores
947 1729 1204 1798 quosdam
1226 1727 1441 1784 Graecos
1459 1737 1779 1784 consecutus
1799 1737 1914 1784 erat
1940 1737 1995 1787 et
2023 1729 2157 1784 alio-

2264 576 2406 631 Petri
2435 577 2683 632 Galesinii
2712 581 3097 635 notationibus.

2292 674 2295 677 ‘
2332 666 2499 735 Hujus
2526 668 2775 723 editionis
2796 668 2909 737 jam
2947 670 3229 739 aliquoties
3256 672 3440 727 incidit
3467 676 3688 729 ruentia.
3714 674 3829 730 Sal-
3903 684 3913 693 °

2260 756 2403 810 viani
2442 756 2562 811 libri
2587 758 2895 826 pertingunt
2918 758 2984 813 ad
3011 761 3255 830 paginam
3282 775 3451 830 usque
3474 762 3561 816 8I.
3592 764 3829 835 Appictze

2260 854 2387 899 sunt
2413 846 2465 899 in
2488 848 2816 915 marginibus
2845 848 3108 903 variantes
3141 848 3344 917 aliquot
3373 851 3649 907 lectiones.

2328 921 2486 988 1575.
2514 936 2756 1000 Parisiis,
2805 937 2942 1008 apud
2986 937 3146 991 Hich.
3179 939 3464 1006 Somtium;
3512 942 3693 1013 iit-fol.
3720 940 3834 997 Sal-

2259 1026 2467 1080 viani...
2491 1026 2560 1081 de
2588 1042 2715 1081 vero
2733 1027 2960 1092 Iudicio,
2986 1027 3325 1085 Providentia
3354 1038 3409 1084 et
3427 1026 3832 1089 Gubernatione

2259 1116 2354 1170 Dei
2398 1115 2519 1171 Iihri
2549 1115 2677 1169 VIII.
2706 1114 2776 1170 It.
2808 1117 2927 1170 libri
2955 1115 3022 1171 IV
3058 1117 3126 1171 ad
3173 1117 3467 1173 Ecclesiam
3510 1121 3829 1177 catholicam

2259 1204 2525 1259 Timothei
2556 1206 2798 1271 nomine;
2830 1207 2883 1260 in
2908 1188 3053 1259 Bibl:
3073 1204 3191 1260 PP.
3227 1206 3532 1278 Bigneaua.,
3563 1217 3603 1263 t.
3643 1209 3736 1276 III,
3768 1226 3824 1281 p.

2257 1292 2363 1345 240
2383 1309 2537 1362 seqq.

2328 1380 2567 1446 Parisiis,
2622 1383 2762 1453 apud
2801 1382 3020 1467 Hierqn.
3071 1383 3288 1455 Mante]
3308 1395 3359 1438 et
3401 1384 3539 1441 Guil.
3578 1388 3826 1455 Iiavelat;

2255 1472 2418 1526 me.
2449 1473 2750 1527 Salviani...
2780 1474 2847 1528 de
2886 1470 3016 1529 vero
3039 1473 3248 1531 Iudicio
3278 1483 3334 1530 et
3358 1475 3699 1533 Providentia
3730 1479 3827 1534 Dei

2258 1562 2377 1617 libri
2406 1561 2515 1615 Vill
2537 1562 2631 1634 [ιι.
2665 1563 2783 1617 libri
2804 1562 2871 1616 IV
2898 1563 2966 1617 ad
2992 1563 3285 1619 Ecclesium
3313 1564 3675 1636 catholicam],
3704 1578 3828 1622 cum

2254 1650 2404 1721 prtcf.
2431 1660 2489 1706 et
2511 1652 2729 1708 scholiis
2748 1652 3067 1708 Brassicani.
3100 1652 3213 1707 Cat.
3247 1654 3378 1707 Bibl.
3406 1655 3604 1709 Bodlei.
3635 1656 3827 1712 Nescio

2256 1739 2504 1808 equidem
2528 1740 2735 1795 .solane
2782 1740 3079 1796 Brassicani
3105 1744 3270 1798 editio
3315 1745 3385 1798 sit
3428 1760 3633 1809 recusa,
3662 1760 3728 1800 an
3772 1755 3829 1802 et

584 1837 703 1877 rum
729 1821 955 1877 fortasse
982 1836 1102 1876 cum
1122 1819 1427 1876 Graecorum
1457 1827 1568 1876 tum
1588 1819 1901 1876 Latinorum
1929 1834 2153 1891 apogra-
2187 1846 2233 1904 Β
2258 1814 2377 1885 libri
2416 1829 2484 1884 IV
2510 1839 2690 1884 contra
2728 1826 3011 1885 Avaritiam
3047 1832 3210 1887 additi
3249 1833 3376 1887 sint.
3427 1832 3615 1888 Utrum
3645 1850 3828 1892 verum

470 1944 477 1951 -
570 1913 688 1986 pba
716 1920 1034 1982 sumpserat.
1066 1912 1209 1967 Inter
1227 1912 1327 1973 hos
1347 1911 1529 1966 nescio
1567 1926 1635 1964 an
1663 1910 1946 1966 Salvianus
1974 1912 2151 1966 fuerit.

569 2004 743 2059 Certe
786 2005 838 2057 in
880 2002 1188 2074 prmfatione
1225 2002 1292 2056 ad
1319 2001 1628 2071 episcopum
1668 2001 2031 2070 Augustanum
2061 2002 2157 2072 (si-

583 2105 741 2164 gnata
771 2095 979 2150 Vienna:
1016 2094 1257 2158 Austriw,
1283 2091 1465 2147 Martii
1502 2092 1585 2146 die
1620 2091 1667 2158 I,
1696 2109 1830 2147 anno
1860 2091 2017 2160 1550)
2046 2107 2153 2147 non

583 2194 690 2241 tam
736 2186 804 2241 de
839 2186 1109 2250 Salviano,
1157 2184 1339 2253 ejusve
1386 2196 1487 2237 ms.
1537 2181 1718 2250 aliquo
1771 2180 1913 2236 unde
1967 2183 2155 2236 ederet

581 2274 895 2344 exemplari,
924 2281 1017 2329 aut
1042 2273 1110 2329 de
1147 2287 1243 2329 sua
1272 2272 1438 2343 ipsius
1474 2271 1528 2325 in
1554 2270 1765 2326 edendo
1790 2286 1957 2340 opera
1978 2270 2153 2325 disse-

584 2364 709 2429 ruit,
740 2378 900 2433 quam
924 2364 1219 2418 litterarum
1240 2377 1307 2418 ex
1327 2363 1523 2418 amissa
1544 2361 1634 2417 illa
1664 2361 1987 2417 bibliotheca
2007 2363 2153 2417 cala-

585 2453 829 2509 mitatem
857 2453 1134 2524 deplorat;
1166 2460 1222 2508 et
1249 2460 1308 2507 ut
1344 2454 1539 2509 sensim
1561 2451 1629 2506 ad
1657 2450 1760 2505 hoc
1785 2462 2154 2521 argumentum

584 2543 816 2599 lectores
842 2544 993 2613 quasi
1023 2550 1365 2613 prtepararet,
1396 2556 1428 2597 e
1456 2542 1753 2613 longinquo
1776 2542 1845 2597 de
1871 2543 2156 2612 bibliophi-

584 2631 655 2686 lia
684 2645 740 2687 et
768 2642 876 2688 tam
910 2632 1159 2687 litteratis
1184 2645 1345 2700 quam
1382 2631 1713 2701 principibus
1741 2633 1868 2687 viris
1896 2633 2153 2687 librorum

581 2723 1000 2793 colligendorum
1039 2722 1216 2778 studio
1244 2724 1539 2794 insignibus
1576 2738 1877 2781 sermonem
1907 2724 2151 2788 instituit,

578 2817 677 2872 sub
700 2815 858 2871 finem
886 2830 1014 2870 vero
1036 2815 1357 2885 complures,
1385 2816 1475 2885 qui
1504 2816 1606 2871 sibi
1635 2816 1688 2870 in
1708 2815 2035 2869 bibliotheca
2050 2829 2152 2868 sua
2198 2824 2207 2832 '

580 2912 847 2959 restarent
871 2911 927 2958 et
956 2918 1093 2971 quos
1119 2903 1407 2972 aliquando
1438 2902 1678 2960 editurus
1701 2911 1846 2958 esset
1877 2902 2043 2957 libros
2062 2916 2154 2956 ve-

583 3003 740 3058 teres,
770 2992 1004 3045 maxime
1024 2990 1261 3055 Grzecos,
1292 2992 1623 3059 deuominat,
1646 3008 1714 3048 ex
1741 2992 1932 3062 quibus
1952 2991 2149 3060 aliqua,

582 3081 743 3138 veluti
766 3080 927 3135 libros
953 3078 1383 3150 Geoponicorum
1411 3083 1586 3138 lucem
1609 3091 1797 3152 postea
1827 3082 2022 3135 vidisse
2052 3097 2151 3134 no-

2254 1922 2342 1987 sit,
2373 1937 2654 1995 perperam
2702 1930 2881 1977 tamen
2932 1938 2964 1977 a
3013 1922 3371 1979 Benedictinis
3421 1923 3560 1978 inter
3595 1922 3828 1994 Operum

2255 2012 2518 2068 editiones
2543 2021 2873 2069 recensetur.
3410 2008 3413 2009 ⁷

2324 2100 2482 2155 1580.
2515 2101 2754 2168 Parisiis,
2804 2102 2943 2172 apud
2989 2104 3193 2159 Sebast.
3222 2101 3516 2168 Nivellium,
3558 2101 3649 2158 sub
3672 2102 3827 2159 Cico-

2254 2192 2373 2257 niis,
2404 2192 2486 2245 via
2505 2190 2783 2256 Jacobtea;
2810 2191 2947 2246 iri-8.
2976 2191 3210 2248 Salviani
3236 2193 3577 2249 Massiliensis
3604 2194 3829 2265 presby-

2253 2280 2353 2335 teri
2376 2280 2445 2335 de
2465 2278 2864 2335 Gubernatione
2885 2280 2979 2336 Dei
3005 2289 3062 2336 et
3084 2282 3152 2337 de
3169 2282 3318 2351 justo
3338 2284 3692 2353 pmsentique
3710 2282 3828 2351 ejus

2251 2366 2462 2423 Iudicio
2488 2369 2611 2423 libri
2635 2368 2767 2434 VIII,
2797 2369 2862 2423 ad
2904 2368 2961 2423 S.
3002 2368 3275 2424 Salonium
3303 2372 3631 2440 episcopum.
3665 2370 3826 2441 Ejus-

2253 2460 2365 2514 dem
2388 2457 2739 2530 Epistolarum
2760 2460 2848 2514 lib.
2876 2460 2925 2525 I,
2956 2476 3091 2513 nunc
3111 2462 3328 2531 primum
3352 2463 3533 2514 editus.
3557 2460 3826 2515 Timothei

2255 2551 2469 2605 nomine
2496 2549 2563 2603 ad
2590 2548 2882 2604 Ecclesiam
2908 2549 3225 2605 catholicam
3264 2550 3355 2603 lib.
3388 2548 3493 2603 IIII.
3528 2547 3610 2603 Ex
3639 2548 3826 2603 Biblio-

2254 2641 2399 2694 theca
2427 2640 2493 2693 P.
2521 2638 2705 2693 Pithari
2734 2639 2788 2692 Ι.
2819 2637 2878 2693 C.

2326 2730 2479 2795 Rara:
2505 2731 2558 2784 in
2606 2730 2932 2799 marginibus
2974 2736 3288 2799 comparent
3330 2726 3586 2783 lectiones
3614 2741 3644 2781 a
3674 2734 3825 2781 textu

2252 2819 2511 2889 impresso
2531 2820 2828 2884 variantes;
2852 2818 2917 2873 ad
2943 2820 3145 2875 calcem
3171 2833 3300 2872 vero
3318 2815 3568 2885 subjecta:
3593 2825 3717 2871 sunt
3735 2832 3825 2871 vo-

2250 2910 2345 2964 riar
2370 2911 2611 2963 lectiones
2632 2911 2820 2980 partim
2846 2926 2912 2963 ea:
2938 2910 3090 2963 veteri
3116 2909 3307 2973 codice,
3353 2923 3466 2979 quia
3488 2919 3656 2961 tamen
3685 2918 3825 2961 certo

2244 2998 2444 3067 judicio
2462 3000 2517 3052 in
2541 3006 2730 3052 textum
2750 3008 2966 3069 recepta!
2985 3014 3087 3052 non
3107 3005 3242 3061 sunt,
3267 2996 3500 3067 quietiam
3524 2997 3678 3049 etiam
3702 3012 3824 3064 ope-

2250 3103 2425 3139 rarum
2472 3087 2784 3156 negligentia
2832 3089 3053 3150 omissaz,
3084 3088 3274 3157 partim
3301 3103 3366 3141 ex
3394 3085 3609 3157 vulgatis
3636 3084 3823 3138 editio-

583 3172 773 3225 vimus.
796 3168 1101 3225 Pnefationi
1137 3170 1475 3239 subjungitur
1500 3185 1718 3226 carmen
1746 3169 2119 3238 hendecasylla
2137 3199 2151 3207 -
2176 3186 2222 3249 ρ
2253 3172 2421 3235 nibus,
2450 3188 2563 3243 qua:
2591 3182 2639 3223 et
2658 3174 2785 3240 ipsa:
2809 3174 2933 3241 ferri
2964 3183 3193 3241 possunt.
3224 3173 3439 3226 Summa
3486 3181 3717 3241 quatuor
3742 3171 3825 3227 fo-

582 3264 710 3318 blln
736 3277 844 3317 non
872 3261 1046 3315 minus
1073 3276 1137 3315 ac
1154 3260 1242 3314 illa
1270 3260 1535 3328 prolixum
1563 3275 1662 3314 nec
1682 3260 2035 3314 cultissimum
2063 3273 2151 3312 sa-

585 3368 671 3421 ne,
693 3368 801 3422 quo
832 3351 1006 3407 eidem
1024 3352 1139 3405 viro
1166 3350 1473 3405 Salvianum
1506 3350 1796 3405 inscribere
1823 3363 1882 3403 se
1910 3364 1973 3402 ac
1996 3347 2149 3402 dedi-

582 3457 707 3497 care
727 3440 1024 3512 prolltetur.
1051 3438 1437 3494 Annotationes
1465 3438 1598 3508 ejus,
1621 3452 1740 3507 quae
1761 3437 2003 3507 proxime
2030 3443 2151 3504 post

580 3530 815 3584 Salviani
838 3529 1004 3584 libros
1031 3527 1401 3597 subjiciuntur,
1430 3527 1593 3583 verba
1616 3529 1849 3582 maxime
1876 3536 1931 3581 et
1958 3527 2153 3581 formu-

580 3620 662 3674 las
682 3616 954 3687 loquendi.
977 3618 1233 3688 imprimis
1253 3632 1371 3687 qua:
1390 3633 1530 3673 nove
1567 3618 1709 3673 dicta
1738 3626 1861 3672 sunt
1887 3618 2153 3671 illustrant

582 3724 645 3763 ac
671 3708 948 3778 multiplici
975 3715 1031 3763 et
1058 3706 1270 3775 egregia
1303 3707 1358 3761 in
1386 3706 1660 3775 utriusque
1689 3707 1882 3774 lingua:
1905 3705 2148 3760 auctori-

581 3796 680 3851 bus
706 3796 936 3853 lectione
974 3794 1435 3851 commendantur.

646 3884 911 3941 Crcterum
933 3902 1040 3941 non
1066 3886 1240 3940 omitti
1268 3884 1448 3949 debet,
1480 3890 1843 3957 ’Δντικειμένων
1874 3886 2041 3940 libros
2066 3886 2150 3938 in—

580 3977 712 4031 certi
732 3975 982 4041 auctoris,
1012 3990 1148 4043 quos
1174 3990 1278 4029 una
1300 3990 1421 4029 cum
1448 3973 1682 4028 Salviani
1703 3989 1868 4043 opere
1893 3975 1979 4027 hic
2004 3974 2151 4026 cvulé

581 4064 787 4134 gandos
810 4063 957 4118 dedit
985 4062 1344 4125 Brassicanus,
1387 4064 1671 4118 nonnullos
1698 4078 1885 4132 parum
1917 4070 2150 4116 attentos

582 4152 849 4213 fefellisse,
877 4159 935 4205 ut
968 4150 1132 4221 ipsius
1158 4150 1389 4205 Salviani
1415 4150 1714 4206 crederent.

651 4238 808 4294 1556.
841 4237 1081 4302 Basileaz,
1120 4239 1258 4309 apud
1306 4238 1708 4302 Heuric-Petri;
1746 4240 1928 4308 in-fol.
1973 4239 2150 4294 Timo-

576 4329 689 4389 thei
714 4328 948 4399 episcopi
977 4326 1044 4382 ad
1072 4326 1362 4383 Ecclesium
1391 4328 1707 4384 catholicam
1750 4337 1864 4383 toto
1893 4329 2024 4383 orbe
2048 4329 2149 4383 dif-

579 4420 750 4475 fusam
802 4418 861 4473 L.
906 4418 997 4483 IV,
1052 4426 1103 4471 et
1134 4417 1367 4471 Salviani
1416 4416 1654 4486 pnefatio
1700 4418 1752 4471 in
1782 4417 2057 4481 eumdem;
2092 4418 2146 4472 in

580 4504 1041 4565 Joamsislleroldi
1071 4505 1463 4577 Ifaaresiologia,
1492 4521 1647 4575 pagg.
1682 4506 1784 4560 579
1806 4538 1832 4548 -
1859 4507 1980 4561 6l5.

651 4594 807 4652 1561.
841 4594 1020 4653 Roma?
1055 4595 1193 4664 apud
1219 4594 1441 4648 Paulum
1488 4592 1777 4648 Munatium
1820 4596 1940 4649 Aldi
1971 4596 2035 4648 ιε’.
2087 4599 2139 4649 iu

580 4687 730 4746 ardib.
759 4684 894 4755 Pop.
924 4684 1108 4749 Rom;
1137 4685 1304 4755 ira-fol.
1331 4684 1564 4745 Salviani
1587 4687 1824 4755 episcopi
1854 4686 2141 4742 Massilien-

576 4775 652 4829 sis
677 4772 745 4827 de
770 4787 898 4827 vero
925 4772 1133 4827 Iudicio
1160 4780 1215 4826 et
1240 4771 1577 4828 Providentia
1604 4774 1693 4828 Dei
1726 4776 1841 4828 libri
1869 4776 1995 4839 VIII,
2029 4794 2142 4831 cum

578 4862 829 4926 Nomium,
862 4861 1112 4926 Paciano,
1157 4860 1405 4928 Sulpicio,
1430 4861 1687 4917 Dorotlteo
1730 4862 1880 4934 Tyrio
1909 4876 1956 4917 et
1998 4865 2143 4935 "ay-

648 5092 723 5162 (a)
750 5088 1057 5144 Accuratius
1074 5087 1562 5162 quamplerumquc
1590 5088 1744 5162 solet,
1767 5090 1834 5162 de
1855 5089 1955 5162 hoc
1973 5089 2132 5162 [iras-

577 5155 758 5215 sicano
786 5155 1175 5212 conuuentatus
1214 5155 1621 5210 est‘ﬂendreiclt
1663 5158 1716 5209 in
1759 5157 1928 5211 Pand.
1967 5157 2130 5210 Brau—

575 5229 723 5282 ἄρηι».
749 5228 1015 5290 Diversus,
1041 5235 1098 5279 ut
1117 5226 1308 5281 ibidem
1330 5225 1599 5288 discimus,
1624 5227 1690 5279 ab
1712 5243 1778 5280 eo
1799 5226 1895 5281 fuit
1920 5226 2004 5280 Jo.
2032 5225 2136 5278 Lu-

576 5299 779 5352 dovicus
804 5296 1157 5358 Brassicanus,
1184 5311 1287 5349 non
1316 5301 1475 5364 (etate
1499 5294 1724 5364 quidem
1744 5304 1798 5349 ct
1827 5296 2017 5364 patria,
2040 5295 2136 5364 sed

576 5366 767 5420 studiis
794 5365 1186 5433 quodammodo
1224 5370 1279 5419 et
1324 5361 1648 5433 conditione.
1684 5362 1812 5415 Nam
1828 5361 1876 5414 ’.1
1884 5402 1896 5415 .
1938 5361 2015 5433 υ.
2029 5361 2136 5433 Ποῖ

575 5445 764 5490 ctorem
780 5430 1010 5502 appellat
1025 5442 1085 5502 et
1097 5432 1455 5502 Tubingeusem
1477 5431 1635 5502 fuisse
1649 5432 1963 5502 suspicatur.
1981 5430 2134 5495 Quod

575 5506 618 5558 si
649 5498 830 5557 verum
850 5498 966 5565 'est,
1007 5501 1125 5554 vide
1153 5517 1219 5553 an
1245 5498 1528 5568 germanus
1556 5500 1841 5568 Alexandri
1884 5498 2039 5565 fuerit
2080 5508 2135 5553 et

577 5574 734 5627 ambo
761 5578 966 5640 patrem
988 5567 1267 5640 habuerint
1286 5568 1554 5640 Joannem
1568 5567 1953 5640 Brassicauum,
1976 5581 2134 5640 quem

575 5636 878 5698 Alexander
907 5640 956 5692 in
994 5638 1101 5697 line
1131 5637 1452 5705 praefationis
1492 5636 1558 5687 ad
1598 5637 1905 5689 Salvianum
1928 5636 2137 5705 scribit

578 5711 764 5766 iisdem
823 5709 1091 5779 quondam
1133 5703 1431 5760 Studiorum
1495 5706 1659 5758 sacris
1720 5720 1842 5758 cum
1899 5703 2142 5757 Christo-

2255 3260 2449 3315 Iiorum
2469 3268 2569 3323 est,
2603 3260 2653 3313 in
2682 3260 2765 3314 his
2792 3260 3122 3329 paucissima:
3150 3259 3434 3329 Epistolas,
3475 3261 3715 3329 plurima:
3736 3261 3824 3315 ul-

2236 3348 2439 3431 ‘timum
2468 3363 2604 3419 opus
2631 3349 2941 3418 respiciunt.
2984 3348 3040 3429 In
3072 3349 3259 3403 iisdem
3284 3349 3444 3403 etiam
3471 3348 3717 3415 afﬁrmat,
3748 3351 3826 3405 ni-

2253 3437 2326 3492 hil
2354 3438 2405 3492 in
2437 3439 2519 3493 his
2546 3439 2695 3494 libris
2731 3440 3054 3508 coujecturis
3080 3439 3282 3504 datum,
3316 3447 3483 3494 totum
3512 3454 3578 3494 ex
3608 3439 3711 3496 Ilde
3729 3457 3826 3497 ve-

2254 3527 2526 3583 tustissimi
2588 3536 2643 3581 et
2695 3527 3108 3583 emendatissimi
3170 3527 3370 3582 codicis
3432 3536 3825 3598 transumptum

2252 3631 2390 3671 esse.
2414 3616 2632 3672 Accedit
2671 3617 2828 3672 index
2856 3633 3034 3673 rerum
3062 3627 3116 3673 et
3141 3619 3426 3673 verborum
3469 3619 3603 3673 scitu
3640 3618 3827 3688 digno-

2250 3721 2387 3759 rum.
2419 3704 2475 3759 In
2493 3705 2804 3776 praefatione
2830 3705 3019 3762 Pithmi
3039 3706 3106 3761 ad
3128 3705 3403 3761 Nicolaum
3428 3705 3655 3760 Fabi-um
3680 3708 3826 3775 regis

2250 3796 2612 3851 consiliarium
2642 3795 2785 3864 (data
2814 3794 2930 3849 Lat.
2964 3794 3136 3849 Paris.
3173 3813 3296 3850 non.
3330 3793 3507 3849 Octob.
3540 3796 3685 3850 feriis
3710 3797 3825 3849 nin-

2252 3886 2507 3939 demialib.
2533 3902 2582 3938 a.
2613 3900 2716 3939 cro.
2745 3900 2814 3939 to.
2840 3885 3024 3955 usus)
3047 3886 3114 3940 de
3139 3894 3348 3942 maturo
3374 3886 3645 3953 re'igionis
3665 3883 3825 3941 Chri-

2250 3976 2438 4029 stiana:
2464 3976 2519 4029 in
2546 3973 2732 4028 Galliis
2757 3974 2903 4029 cultu
2938 3983 3099 4044 atque
3128 3976 3291 4029 ubere
3316 3975 3635 4044 scriptorum
3660 3972 3823 4029 Chri-

2250 4064 2547 4118 stianorum
2576 4065 2628 4116 in
2658 4062 2845 4117 iisdem
2875 4072 3137 4133 proventu
3175 4063 3428 4133 disputat.

2322 4151 2661 4221 Privilegium
2707 4154 2909 4222 regium
2958 4154 3222 4222 signatum
3251 4161 3333 4208 est
3373 4152 3427 4208 d.
3457 4152 3545 4205 24.
3579 4152 3730 4206 Mart.
3761 4162 3815 4207 a'.

2250 4241 2407 4295 1579.
2432 4240 2716 4296 Observari
2744 4251 2923 4296 autem
2962 4250 3213 4307 meretur,
3258 4240 3400 4310 quod
3427 4241 3493 4295 de
3521 4241 3686 4309 prima
3717 4240 3819 4294 hac

2251 4331 2441 4386 Pithmi
2469 4331 2705 4385 editione
2739 4331 2849 4400 jam
2892 4330 3136 4385 Baluzius
3163 4336 3569 4391 commemorat,
3600 4341 3718 4381 eam
3746 4327 3818 4380 ob

2250 4424 2522 4478 raritatem
2547 4438 2699 4477 suam
2744 4424 3102 4492 manuscripto
3128 4422 3311 4476 codice
3338 4418 3635 4488 comparari
3658 4431 3818 4486 posse

2178 4536 2223 4595 ο
2251 4526 2315 4567 ac
2341 4511 2582 4581 nuspiam
2618 4519 2862 4580 prostare
2898 4509 3161 4564 venalem.

2317 4599 2473 4654 1589.
2507 4600 2760 4665 Parisiis;
2800 4600 2973 4669 in-fol.
3023 4598 3255 4653 Salviani
3310 4597 3651 4651 Massiliensis
3698 4599 3819 4665 cpi-

2248 4691 2394 4760 scopi
2422 4690 2489 4745 de
2517 4705 2642 4744 vero
2681 4689 2887 4743 Judicio
2926 4697 2981 4742 et
3009 4687 3345 4742 Providentia
3391 4688 3482 4741 Dei
3538 4688 3654 4741 libri
3681 4687 3814 4740 VIII.

2251 4768 2432 4846 Ejusd.
2445 4778 2511 4832 ad
2527 4777 2818 4832 Ecclesiam
2833 4760 3149 4856 catholicam
3161 4784 3275 4831 toto
3296 4777 3425 4831 orbe
3438 4775 3678 4830 dill'usam
3696 4775 3818 4828 libri

2250 4867 2335 4920 IV.
2354 4867 2410 4921 In
2427 4866 2648 4920 secunda
2662 4866 2793 4919 Bibl.
2819 4863 2933 4918 PP.
2959 4863 3107 4936 Bign.
3124 4865 3201 4917 ed.
3225 4874 3367 4920 tomo
3383 4864 3444 4929 V,
3464 4880 3516 4933 p.
3546 4864 3640 4918 161
3660 4878 3814 4931 seqq.

2240 5064 2409 5157 phoro
2429 5088 2686 5141 Stadione
2709 5087 2972 5141 initiatum
2996 5095 3049 5139 et
3068 5087 3138 5157 ab
3169 5100 3235 5139 eo
3265 5083 3543 5157 sinceriter
3571 5091 3813 5157 aptatum

2240 5150 2293 5211 et
2341 5157 2665 5224 benignitate
2707 5165 2961 5224 perpetua
3001 5152 3334 5224 sublevatum
3376 5150 3813 5224 fuis_sc._.lnuntt_is

2239 5235 2418 5284 autem
2465 5220 2759 5279 Brassicaiti
2805 5220 3049 5291 ejusdem
3098 5222 3401 5291 pmdotriba:
3456 5220 3813 5288 Tnhingcnsis

2241 5294 2481 5348 meminit
2498 5292 2733 5358 Mor/toﬁ
2753 5292 2805 5344 in
2828 5288 3163 5359 Polyiiist.p_.
3192 5288 3314 5352 247,
3339 5291 3429 5359 qui
3452 5291 3677 5359 fortasse
3701 5304 3809 5359 non
3900 5304 3906 5308 ·

2239 5364 2374 5416 alius
2411 5361 2509 5414 fuit
2543 5361 2611 5413 ab
2639 5356 2724 5422 eo,
2752 5373 2915 5429 quem
2932 5356 3475 5429 inter'Tubinge'nsis
3518 5356 3809 5429 academim

2237 5430 2485 5484 doctores
2513 5424 2927 5481 recenset—Bock
2954 5426 3005 5477 in
3036 5425 3174 5496 Hist.
3206 5424 3369 5483 Acad.
3408 5430 3547 5482 illius
3577 5428 3603 5496 ᾗ
3639 5424 3726 5486 δῖ),
3750 5439 3805 5496 p.

2238 5497 2325 5561 45,
2355 5512 2631 5565 quemque
2650 5511 2754 5565 non
2789 5502 2951 5565 recte
2970 5508 3090 5548 cum
3129 5495 3221 5551 Jo.
3258 5497 3558 5565 Alexandro
3586 5495 3811 5565 Brassi-

2244 5560 2684 5618 randconfhudit
2710 5562 2876 5616 ϐριθὺ.
2908 5562 3105 5619 Samius
3141 5568 3191 5620 in
3227 5563 3568 5620 0nom.Litt.
3597 5562 3681 5625 III,
3715 5560 3805 5613 89..

2244 5633 2477 5687 Observa
2502 5642 2698 5695 tamen,
2730 5633 2870 5703 quod
2899 5640 2953 5684 et
2984 5644 3163 5688 noster
3187 5650 3245 5687 se
3274 5636 3443 5688 iosum
3465 5630 3810 5702 juriscousul-

2250 5714 2351 5754 tum
2384 5702 2639 5770 appellet.
