4234 6262
406 358 469 410 n
1750 310 2279 407 rnocscousm.
3585 351 3662 406 is

422 432 425 441 |
473 469 629 524 1591.
664 468 1083 539 Parisiis,.apud
1124 448 1496 538 Hieronymum
1551 465 1613 519 de
1659 464 1889 536 Ilarnef,
1931 474 1981 519 et
2005 470 2054 529 Α
2083 466 2280 536 scripta
2311 464 2637 537 exemplaria
2666 480 2773 520 non
2798 464 3003 527 habuit,
3033 462 3130 520 sed
3157 463 3352 533 ingenii
3380 463 3655 533 felicitate,

410 563 635 618 Viduam
673 559 927 613 Guilielmi
953 558 1199 622 Carellat,
1247 558 1339 612 sub
1371 557 1635 621 Palicano,
1686 555 1864 609 Monte
1908 554 1976 608 Β.

405 642 635 715 Hilarii;
677 649 845 704 ἔπι-12.
877 649 936 703 D.
970 648 1206 703 Salviani
1253 648 1611 718 Massyliensis
1638 647 1872 717 episcOpi
1915 645 1982 699 de

404 736 537 798 vero
572 739 779 795 J'udi‘cio
806 748 862 793 et
890 738 1231 794 Providentia
1260 738 1355 793 Dei
1384 738 1450 792 ad
1479 737 1535 791 S.
1567 737 1840 792 Salonium
1869 730 1991 806 epi-'

405 846 626 900 scopum
648 827 1004 883 Vienbensem
1051 828 1174 882 libri
1217 827 1348 881 Vlll.
1395 826 1536 882 Cura
1564 825 1650 881 Jo.
1695 825 1984 880 Alexandri

408 916 703 975 Kt‘assicani
748 914 796 970 J.
828 915 891 971 C.
922 915 1050 970 editi
1092 931 1156 971 ac
1182 914 1409 989 eruditis
1453 915 1669 969 scholiis
1713 914 1980 969 illustrati.

409 1009 646 1065 Accessit
689 1007 931 1077 ejusdem
977 1006 1336 1077 Epistolarum
1387 1006 1481 1060 lib.
1512 1004 1554 1070 1,
1585 1021 1727 1060 nunc
1754 1005 1985 1076 primum

407 1101 598 1156 editus.
631 1098 993 1166 Ejusdemque
1019 1097 1086 1151 ad
1115 1096 1409 1152 Ecclesiam
1437 1095 1756 1157 catholicam
1779 1095 1877 1149 sub
1897 1092 1986 1146 Ti-

406 1189 608 1244 mothei
634 1184 850 1243 nomine
879 1187 971 1240 lib.
1001 1186 1108 1241 llll.
1151 1185 1283 1240 Cum
1311 1186 1486 1240 indice
1508 1199 1687 1240 rerum
1709 1198 1771 1238 ac
1796 1183 1987 1239 verbo-

406 1275 523 1332 rum
559 1276 1000 1347 locupletissimo.
1104 1348 1111 1355 _
1338 1274 1343 1279 ⁷

432 1366 438 1371 ’
478 1369 781 1424 Brassicani
803 1366 967 1421 editio
994 1374 1107 1421 tota
1135 1373 1217 1421 est
1256 1379 1463 1430 recusa,
1489 1364 1646 1433 eique
1674 1362 1884 1417 additus
1904 1363 1988 1417 in-

409 1448 513 1512 dex
540 1471 734 1512 recens
760 1454 1059 1518 confectus,
1085 1454 1289 1523 reliqua
1318 1453 1541 1507 alterum
1562 1453 1712 1521 quasi
1739 1452 1991 1506 volumen

410 1548 761 1610 constituunt,
792 1562 901 1601 non
931 1545 1088 1600 titulo
1113 1545 1329 1614 quidem
1359 1559 1519 1607 novo,
1551 1543 1645 1598 sed
1685 1558 1821 1598 nova
1849 1543 1994 1613 pagi-

414 1653 605 1693 narum
624 1638 764 1693 seric
779 1653 810 1691 a
830 1634 998 1707 prior'i
1016 1643 1243 1691 secreta.
1272 1636 1445 1704 Atque
1456 1635 1571 1690 ιιωο
1593 1634 1765 1690 indice
1785 1642 1989 1690 carent.

414 1726 587 1783 Verba
613 1745 750 1781 nunc
778 1730 998 1798 primum
1035 1727 1198 1782 editus
1237 1726 1302 1781 ad
1332 1725 1689 1795 Epistolarum
1719 1726 1910 1780 librum
1940 1726 1994 1780 in

2082 555 2455 632 sermonisque
2500 553 2696 619 Latini,
2727 554 2902 624 qualis
2928 554 3125 609 sarculo
3169 571 3201 608 v
3238 554 3355 619 fuit,
3386 556 3575 625 peritia
3603 566 3659 611 et

2082 647 2328 702 lectionis
2354 646 2509 715 copia
2553 662 2659 701 non
2696 662 2818 700 raro
2859 645 2998 701 banc
3035 646 3312 715 penuriam
3353 663 3662 718 compensa-

2082 739 2179 792 vit.
2208 738 2370 793 Certe
2390 737 2580 807 Steph.
2607 736 2853 792 Baluzius
2873 738 2924 791 in
2941 737 3253 807 praelatione
3279 738 3529 795 editionis
3551 756 3660 794 sua:

2084 827 2333 891 anirmat,
2380 826 2792 882 Rittershusium
2845 826 3050 894 aliquot
3093 827 3146 880 in
3176 826 3307 881 locis
3350 827 3658 883 Salvianum

2084 917 2216 972 satis
2237 915 2468 970 feliciter
2490 914 2822 978 emendasse,
2868 923 2924 968 et
2960 915 3013 969 in
3058 916 3202 980 notis
3237 918 3431 986 saepius
3473 918 3663 986 conje-v

2085 1015 2265 1063 cturas
2301 1006 2420 1075 ejus
2460 1006 2707 1061 codicum
2748 1014 3080 1062 vetustorum
3114 1008 3433 1063 auctoritate
3462 1007 3658 1064 ﬁrmari
3753 1008 3757 1013 ’

2087 1106 2292 1163 monet,
2325 1097 2549 1167 ejusque
2594 1096 3062 1167 interpretationes
3084 1098 3226 1152 haud
3268 1114 3392 1153 raro
3420 1098 3658 1169 adoptat.
3746 1168 3758 1180 ἱ

2088 1187 2376 1242 Videamus
2403 1201 2561 1255 ergo,
2590 1187 2683 1257 qui
2710 1186 2962 1242 editionis
2990 1186 3156 1256 ipsius
3193 1187 3326 1243 ordo
3365 1190 3435 1244 sit
3461 1205 3524 1246 ac
3549 1190 3662 1246 dis-
3751 1200 3759 1257 ξ

2088 1278 2329 1333 tributio.

2160 1366 2341 1424 Primo
2366 1376 2512 1423 tomo
2544 1368 2721 1423 insunt
2747 1368 2811 1422 de
2831 1366 3162 1423 Providentia
3182 1369 3301 1423 libri
3322 1378 3376 1424 et
3399 1368 3662 1440 Epistola',
3751 1370 3766 1433 ε,

2084 1457 2284 1526 quibus
2321 1456 2568 1526 proximo
2596 1456 2716 1511 loco
2744 1456 3022 1526 subjicitur
3044 1458 3199 1512 index
3230 1474 3398 1512 rerum
3418 1467 3466 1512 et
3494 1459 3671 1513 verbo-

2092 1563 2226 1612 rum,
2258 1561 2383 1600 mox
2416 1546 2637 1600 Joannis
2679 1545 2943 1600 Trithemii
2988 1555 3234 1599 tractatus
3255 1546 3318 1600 de
3339 1545 3669 1600 Proridentia

2094 1634 2189 1691 Del
2212 1635 2281 1689 ad
2308 1634 2493 1689 Divum
2517 1636 2935 1692 Maximilianum
2952 1634 2981 1690 Ι
3002 1636 3375 1706 imperatorem,
3398 1645 3669 1707 postremo
3706 1657 3715 1665 ο

2093 1728 2390 1782 Admonitio
2432 1725 2596 1782 Cour.
2640 1727 2979 1782 Rittershusii
3034 1727 3095 1782 de
3134 1729 3433 1799 confusione
3460 1728 3595 1798 {a'da
3621 1737 3671 1782 et

415 1816 571 1874 titulo
600 1819 827 1888 adjecta,
867 1820 1069 1889 absque
1106 1818 1231 1873 dolo
1275 1834 1304 1872 a
1348 1817 1540 1873 Pitbmi
1570 1819 1805 1873 editione
1850 1827 1996 1872 trax-
2028 1814 2073 1873 Β
2098 1818 2478 1888 perturbatione
2535 1817 2729 1887 aliquot
2775 1801 3003 1872 locorum
3048 1816 3281 1871 Salviani
3323 1818 3411 1871 lib.
3470 1817 3579 1871 VII
3624 1829 3672 1887 et

418 1909 614 1981 scripta
641 1908 905 1963 videntur.

712 2053 717 2057 .
1008 2004 1224 2056 secem
1266 2017 1388 2054 xvn.
1681 2032 1693 2059 τ

492 2088 647 2144 1608.
679 2088 934 2155 Parisiis}
963 2090 1129 2145 in-l‘i.
1159 2080 1396 2159 Salviani
1425 2092 1662 2161 episcopi
1704 2091 1998 2148 Massilien-

419 2180 497 2234 sis
523 2179 592 2234 de
617 2179 1016 2234 Gubernationc
1048 2180 1139 2235 Dei
1183 2181 1274 2234 lib.
1308 2180 1437 2246 \‘lll,
1468 2190 1524 2235 et
1551 2181 1827 2251 Epistolac;
1876 2197 1997 2237 cum

420 2267 862 2322 annotationibus
889 2267 1110 2322 Joannis
1136 2268 1429 2324 Brassicani
1460 2285 1527 2323 ex
1557 2270 1885 2325 Bibliotheca
1915 2270 2000 2325 Pi-

419 2357 572 2413 tbtni.
608 2356 740 2411 Bibl.
776 2356 1064 2422 Barberin.,
1097 2370 1134 2411 t.
1169 2358 1232 2422 ll,
1265 2374 1316 2427 p.
1350 2358 1470 2415 559.
1504 2359 1559 2413 Si
1591 2357 1867 2429 Pithmana
1882 2358 2000 2413 edi-

421 2446 498 2501 tio
523 2446 611 2501 hic
634 2455 1063 2516 reprazsentatur,
1088 2463 1192 2501 non
1215 2447 1403 2503 deesse
1430 2455 1609 2518 potest
1627 2464 1763 2518 opus
1785 2449 1999 2504 tertium

421 2543 606 2590 contra
635 2536 945 2590 Avaritiam.

494 2621 645 2676 1609.
682 2622 934 2691 Treuiris;
978 2624 1113 2678 in-L.
1163 2625 1464 2680 Salviani...
1517 2625 1845 2695 Epistolarcs
1880 2626 2001 2681 libri

421 2711 511 2778 IV,
557 2712 624 2766 ad
662 2711 953 2768 Ecclesiam
983 2715 1323 2781 catholicam,
1380 2714 1639 2770 adversus
1687 2715 1997 2780 Avaritiam,

419 2818 542 2858 cum
570 2804 767 2860 Annot.
794 2803 849 2857 J.
882 2804 1240 2859 Macherentii.
1274 2805 1398 2860 Soc.
1429 2806 1479 2859 J.

490 2892 731 2948 Contulit
776 2894 1025 2949 Baluzius
1051 2895 1119 2949 ad
1157 2896 1447 2950 editionem
1493 2896 1723 2957 tertiam,
1754 2895 1846 2950 sed
1895 2910 2001 2949 non

424 2982 713 3036 admodum
742 2997 993 3051 magnum
1020 2981 1213 3037 exinde
1240 2983 1472 3041 lructum
1504 2985 1806 3053 percepisse
1832 2998 1891 3039 sc
1918 2993 2001 3038 te-

425 3078 620 3124 statur.
669 3070 882 3123 Nullum
918 3072 1062 3124 enim
1090 3079 1354 3126 vetustum
1382 3071 1619 3126 codicem
1644 3073 1849 3139 habuit,
1880 3088 2001 3128 cum

2107 1905 2272 1971 VIII,
2292 1925 2322 1960 a
2338 1906 2566 1961 librariis
2580 1909 2855 1962 commissa
2868 1923 2988 1962 cum
3009 1905 3256 1979 Catalogo
3276 1908 3560 1979 aliquorum
3580 1926 3672 1962 au-

2099 1984 2314 2061 ctorum,
2346 1998 2432 2067 qui
2462 1997 2525 2050 de
2561 1996 2894 2051 Providentia
2922 1998 3255 2067 scripserunt.
3281 1996 3537 2053 Pra'cedit
3562 1998 3666 2052 dis-

2099 2088 2323 2143 sertatio
2344 2087 2407 2140 de
2429 2086 2548 2140 Vita
2563 2086 2825 2151 Saleiani,
2846 2088 3096 2159 simulque
3123 2088 3348 2159 generali
3376 2100 3672 2160 argumento

2101 2176 2348 2230 librorum
2387 2174 2567 2240 VIII;
2608 2176 2670 2230 de
2696 2175 3051 2241 Proridentia,
3083 2176 3462 2232 Cubernationc
3487 2196 3548 2231 ac
3572 2178 3672 2232 Ju-

2101 2270 2234 2323 dicio
2284 2267 2410 2333 Dei;
2456 2276 2515 2321 et
2546 2266 2951 2334 Demonstratio,
2992 2268 3134 2337 quod
3172 2268 3288 2323 libri
3329 2269 3355 2321 Ι
3376 2269 3433 2333 γ,
3462 2270 3553 2323 sub
3583 2288 3673 2323 ne.

2102 2358 2237 2432 mine
2277 2356 2527 2411 Timothei
2574 2357 2726 2419 editi,
2764 2359 2924 2431 ipsius
2959 2359 3065 2412 sint
3093 2358 3345 2413 Stilriani.
3388 2358 3491 2413 Per
3517 2374 3674 2413 occa-

2101 2446 2306 2520 sionem
2327 2447 2489 2500 etiam
2515 2446 2582 2500 de
2621 2447 2985 2516 superioribus
3004 2447 3299 2515 editoribus
3328 2446 3384 2502 lit
3399 2448 3673 2517 judicium.

2102 2535 2410 2604 Sequuntur
2440 2535 2752 2591 Tcstintonia
2771 2548 2820 2591 et
2847 2536 3035 2610 Elegia
3056 2539 3118 2593 de
3138 2539 3406 2603 Salviano,
3430 2540 3677 2594 nimirum

2101 2625 2360 2681 Gennadii
2391 2627 2542 2696 (cum
2588 2628 2936 2683 annotatione
2976 2628 3369 2699 Rittershusii),
3399 2628 3676 2684 Chronon

2104 2718 2206 2791 giae
2225 2717 2718 2781 Antissiodorcnsis,
2742 2718 2974 2771 Addonis
3005 2718 3323 2781 Viennensis,
3350 2718 3541 2771 llilurii
3561 2719 3677 2772 Are-

2103 2809 2334 2880 latensis,
2375 2806 2633 2862 Jo.‘Jor.
2684 2807 2930 2874 Pontani,
2971 2807 3191 2863 Joannis
3240 2808 3535 2874 Tritltemii,
3586 2808 3675 2865 lo.

2103 2899 2251 2952 Alex.
2288 2897 2604 2961 Brassicani,
2625 2898 2740 2952 los.
2777 2896 3049 2968 Scaligeri,
3072 2897 3428 2973 PetriPillmei
3445 2938 3460 2962 ,
3489 2900 3678 2969 quibus

2037 3048 2047 3058 ,
2103 2987 2405 3043 Brassicani
2441 3002 2628 3042 versus
2668 2994 2722 3041 et
2769 2985 3032 3056 przcl‘atio,
3063 2987 3189 3042 item
3216 2989 3457 3058 praefatio
3486 2989 3677 3045 Pitbmi

2105 3080 2513 3135 iuterseruntur.
2557 3077 2861 3152 Succedunt
2904 3079 3288 3148 gratulationes
3324 3081 3376 3135 in
3433 3098 3591 3152 prosa
3618 3098 3680 3140 ac

426 3173 536 3227 quo
563 3158 727 3213 libros
764 3158 893 3213 istos
921 3158 1187 3213 conferret
1228 3159 1637 3225 Machcrentius,
1668 3170 1722 3216 et
1751 3161 2008 3232 pleraque
2035 3163 2080 3227 C
2111 3169 2371 3235 versibus,
2419 3184 2518 3238 pro
2563 3184 2713 3224 more
2750 3150 2960 3224 illorum
2997 3177 3296 3241 temporum
3324 3171 3391 3227 ad
3410 3150 3680 3231 editorem

425 3249 660 3302 correxit
682 3249 895 3317 propria
918 3250 1253 3304 auctoritate.

498 3337 655 3390 1610.
689 3336 942 3402 Parisiis;
978 3339 1159 3410 in-fol.
1193 3339 1428 3394 Salviani
1457 3341 1698 3411 episcopi
1749 3340 1908 3396 Mass.
1938 3342 2007 3397 de

424 3445 555 3485 vero
573 3428 805 3494 Iudicio,
837 3440 941 3486 etc.
972 3430 1028 3484 ln
1062 3430 1194 3484 Bibl.
1224 3430 1342 3485 PP.
1378 3431 1527 3504 Bign.
1562 3434 1788 3503 repetita:
1830 3434 2008 3488 editio-

427 3520 528 3573 nis.
554 3517 724 3591 Tomo
750 3518 815 3583 ν,
844 3533 964 3589 pag.
997 3518 1102 3572 123
1126 3535 1242 3589 seq.

502 3606 653 3661 ltili.
684 3608 913 3678 Altorﬁi,
959 3609 1013 3661 in
1051 3609 1330 3663 Academia
1369 3609 1517 3681 Reip.
1559 3608 2007 3683 Norimbergensis

429 3695 567 3765 apud
586 3695 882 3751 Cunradum
908 3697 1236 3768 Agricolam;
1254 3698 1421 3753 in-80.
1451 3699 1688 3754 Salviani
1711 3696 2009 3757 Massilien-

429 3786 503 3839 sis
554 3801 718 3855 opera
769 3804 781 3838 :
815 3786 882 3841 ad
926 3785 1255 3842 Ludovicum
1312 3785 1444 3855 Xlll,
1474 3788 1666 3844 Franc.
1698 3799 1755 3845 et
1781 3789 2001 3846 Navarr.

428 3866 610 3942 regem
635 3874 1154 3930 cbristianissimum.
1175 3877 1416 3942 ,Curante
1438 3877 1681 3934 Cunrado
1719 3879 2007 3935 Rittershu-

432 3963 509 4014 sio
532 3960 586 4015 J.
612 3962 672 4017 C.
712 3964 804 4032 qui
833 3971 890 4018 et
916 3963 1135 4019 Librum
1158 3964 1615 4023 Commentarium
1644 3968 1859 4039 adjecit.

503 4050 737 4107 Salviani
784 4052 1019 4123 Operam
1070 4062 1249 4111 tomus
1286 4057 1441 4123 alter,
1471 4060 1525 4113 in
1570 4074 1679 4129 quo
1707 4070 1833 4116 sunt
1887 4062 2007 4117 libri

430 4134 668 4207 quatuor
694 4141 945 4199 adversus
970 4143 1282 4199 Avaritiam.
1316 4146 1395 4202 Ad
1418 4132 1686 4204 illustriss.
1712 4152 2007 4222 principem

438 4225 739 4301 Philippum
763 4232 827 4297 ll,
856 4233 1047 4289 Stctini
1072 4234 1402 4293 Pomeraniae
1428 4238 1639 4305 ducem,
1665 4249 1767 4296 etc.
1802 4241 2009 4297 Recen-

432 4313 585 4375 Sente
639 4329 695 4375 et
734 4322 1135 4393 impressionem
1184 4335 1504 4395 procurante
1532 4327 1773 4383 Cunrado
1818 4330 2009 4384 Ritter-

431 4408 627 4463 shusio.

2106 3260 2334 3329 scripta).
2368 3258 2517 3314 Alter
2547 3268 2723 3315 tomus
2750 3261 3120 3331 complectitur
3133 3270 3255 3332 post
3279 3272 3505 3334 quatuor.
3525 3264 3682 3318 libros

2094 3348 2171 3403 -de
2197 3350 2448 3415 Avaritia,
2472 3348 2753 3404 Elenclutm
2786 3352 3028 3422 capitum,
3064 3351 3118 3404 in
3144 3352 3440 3423 qum/nosce
3464 3360 3680 3422 quatuor

2108 3440 2266 3496 libros
2294 3442 2436 3496 ~satis
2474 3442 2736 3498 commode
2779 3441 3017 3498 distinxit
3048 3451 3230 3497 auctor
3244 3442 3482 3499 editionis
3506 3441 3680 3495 Trevi-

2108 3532 2293 3596 rensis,
2324 3531 2411 3586 cui
2439 3530 2770 3600 complenda:
2807 3532 3013 3602 pagina:
3052 3548 3210 3589 causa
3242 3531 3453 3592 Plrazdri
3489 3532 3681 3602 aliquot

2108 3624 2341 3678 uersiculi
2378 3624 2447 3677 de
2466 3624 2650 3677 Avaris
2688 3622 2913 3691 subjecti
2941 3630 3067 3676 sunt
3085 3663 3102 3688 ,
3144 3622 3365 3679 indicem
3391 3638 3552 3691 porro
3575 3638 3681 3677 non

2108 3716 2287 3770 minus
2314 3730 2378 3769 ac
2406 3715 2460 3767 in
2489 3713 2653 3783 priori
2685 3720 2833 3767 temo
2862 3713 3170 3781 copiosum,
3198 3728 3296 3767 nec
3318 3729 3424 3769 non
3466 3712 3674 3767 Catala-

2106 3822 2227 3878 gum
2248 3806 2555 3874 scriptorum
2577 3805 2661 3874 qui
2689 3801 2767 3855 rel
2803 3802 2868 3855 de
2912 3801 3141 3858 Avaritia
3170 3800 3591 3871 veLelecmosyna
3607 3804 3681 3856 vel

2108 3894 2300 3948 divitiis
2320 3901 2369 3946 et
2382 3899 2684 3962 paupertate
2693 3889 3020 3944 commentati
3029 3896 3148 3945 sunt
3166 3904 3281 3945 mm
3299 3889 3682 3959 epigrammati-

2108 3986 2203 4057 bus
2217 3986 2332 4057 ejus
2352 3984 2637 4056 argumenti
2657 3981 3043 4053 exAnthologia
3059 3978 3260 4045 Grtcca,
3278 3979 3459 4035 itidem
3475 3980 3682 4049 paginas

2108 4074 2440 4145 complenda:
2463 4089 2625 4130 causa
2652 4072 2917 4142 ascriptis.
2952 4070 3195 4140 Denique
3238 4070 3604 4125 commentario
3628 4069 3681 4129 in

2110 4165 2269 4219 tertio
2299 4172 2446 4217 tomo
2478 4160 3088 4231 'comprebensoaddita:
3130 4170 3257 4216 sunt
3294 4163 3451 4216 van'te
3479 4161 3683 4241 aliquot

2110 4252 2380 4307 Lectiones
2405 4259 2461 4305 et
2482 4249 2884 4305 Emendationes
2906 4266 2971 4306 ca;
2990 4249 3177 4305 Pithon
3202 4252 3378 4305 codice
3402 4260 3451 4304 et
3478 4248 3684 4304 Brassi-

2108 4342 2227 4393 cani
2247 4341 2472 4393 editione
2516 4354 2637 4393 cum
2686 4338 2869 4407 paucis
2906 4337 3245 4392 Rittershusii
3268 4339 3592 4407 conjecturis
3629 4347 3684 4393 et

2107 4430 2264 4503 index
2293 4429 2345 4483 in
2369 4428 2615 4497 eumdem
2636 4427 3027 4497 amplissimus-..
3048 4428 3222 4484 Taceo
3248 4429 3494 4499 epistolas
3538 4428 3685 4499 dedi-

406 4530 409 4531 ν
441 4586 448 4588 _
505 4496 734 4553 Cunradi
765 4499 1093 4556 Rittersltusii
1121 4501 1173 4556 1.
1201 4501 1258 4557 C.
1292 4501 1451 4559 Liber
1484 4502 1912 4564 Commentarius
1952 4509 2004 4564 in
2036 4510 2083 4572 I)
2109 4500 2517 4588 ξαιοτίαεςςυεε
2537 4519 2627 4573 vix
2663 4496 2904 4574 summus
2932 4518 3194 4588 quispiam
3225 4496 3561 4573 Rittershusii
3585 4517 3684 4571 ad.

433 4586 742 4643 Salvianum
785 4591 1171 4647 Massiliensem
1223 4593 1351 4650 :Ad
1418 4592 1802 4653 Universitates
1850 4606 2010 4669 atthe

432 4679 748 4734 Academias
774 4679 1091 4735 Germanim.
1296 4670 1305 4683 ’

502 4768 720 4823 Clarum
766 4785 927 4839 quam
984 4771 1215 4825 maxime
1242 4772 1310 4826 ab
1338 4772 1638 4830 eruditione
1681 4778 1876 4833 smculo
1922 4795 2010 4834 XVI

428 4856 530 4912 fuit
559 4873 754 4912 nomen
784 4851 1145 4922 Rittersltusii,
1177 4868 1337 4928 atque
1366 4877 1507 4917 nunc
1532 4865 1691 4918 etiam
1717 4867 1891 4936 pretio
1912 4883 2010 4923 suo

430 4965 538 5003 non
568 4958 756 5004 carent
790 4950 961 5005 docta:
990 4950 1125 5020 ejus,
1155 4968 1289 5022 quas
1335 4954 1387 5007 in
1420 4956 1595 5011 varios
1637 4965 1745 5011 tam
1792 4958 2009 5017 GI‘IBCOS

430 5054 593 5107 quam
640 5040 861 5094 Latinos
906 5050 1155 5097 auctores
1190 5042 1429 5111 scripsit,
1471 5048 1861 5104 annotationes.
1903 5049 2009 5104 Sed

430 5128 669 5197 aptiores
721 5130 808 5183 vix
864 5130 1020 5197 ullas,
1075 5146 1235 5200 quam
1283 5133 1336 5187 in
1391 5133 1698 5190 Salvianum
1747 5138 2006 5205 condidit,

428 5217 632 5287 quippe
676 5218 768 5286 qui
797 5219 1045 5288 scriptor,
1094 5221 1221 5274 dum
1251 5238 1429 5278 mores
1473 5232 1530 5278 et
1553 5225 1763 5294 ingenia
1790 5243 2007 5283 suorum

429 5308 732 5376 temporum
758 5307 1029 5374 describit,
1073 5325 1139 5364 ex
1177 5310 1242 5365 iis
1267 5314 1498 5369 maxime
1541 5318 1864 5382 auctoribus,
1892 5319 2010 5387 qui-

425 5388 530 5452 bus
552 5398 791 5466 legendis
815 5415 873 5454 se
890 5397 1021 5454 'cum
1045 5401 1165 5456 aliis
1191 5403 1369 5457 δεῖξε-ιιιί
1399 5405 1478 5457 sui
1507 5405 1679 5459 doctis
1704 5406 2008 5463 hominibus

426 5503 529 5554 per
568 5488 743 5555 legum
784 5487 1019 5542 studium
1066 5491 1298 5558 penitius
1337 5492 1559 5547 dederat
1601 5493 2005 5560 Rittershusius,

425 5586 590 5645 atque
613 5594 680 5631 ex
715 5580 845 5647 ipsis
874 5578 1009 5633 adeo
1039 5579 1240 5648 legibus
1269 5598 1364 5650 per
1392 5583 1530 5636 illam
1558 5591 1768 5640 {etatem
1795 5588 2008 5656 scriptis

360 5702 371 5710 .
427 5663 737 5734 frequenter
767 5669 938 5723 lucem
980 5672 1155 5723 naurit
1203 5678 1255 5724 et
1300 5671 1487 5725 eodem
1532 5671 1778 5728 refundit.
1824 5675 2000 5730 Manu-

2110 4612 2337 4666 mirator
2364 4610 2572 4678 legerit,
2591 4608 2784 4664 nedum
2805 4610 3074 4679 principes
3102 4617 3192 4663 aut
3211 4610 3369 4666 amici
3386 4610 3684 4680 principum
3720 4610 3734 4681 ί

2112 4700 2347 4764 illorum,
2376 4698 2442 4752 ad
2463 4713 2601 4766 quos
2628 4705 2888 4768 spectant.
2923 4697 3102 4753 Tertia
3130 4714 3197 4753 ex
3220 4700 3304 4755 his
3347 4708 3430 4756 est
3465 4699 3536 4752 ad
3569 4715 3684 4753 om-
3721 4734 3731 4741 η

2110 4803 2201 4841 nes
2221 4787 2612 4841 Academiarum
2637 4786 2930 4844 Germania:
2976 4790 3290 4860 professores
3309 4789 3465 4857 eique
3493 4788 3683 4857 adjun—
3704 4804 3723 4834 κ

2110 4877 2255 4945 gitur
2298 4878 2575 4945 catalogus
2602 4878 2909 4933 earumdem
2952 4877 3355 4933 Academiarum
3395 4877 3683 4933 secundum

2111 4964 2439 5020 lundationis
2465 4974 2522 5021 et
2548 4967 2806 5037 temporis
2839 4967 3081 5024 ordinem
3120 4969 3407 5024 institutus.
3445 4967 3685 5035 Denique

2111 5054 2177 5127 ad
2204 5052 2418 5109 Calcem
2444 5056 2610 5110 totius
2637 5058 2817 5126 operis
2844 5058 3162 5125 (extremum
3193 5065 3369 5110 tamen
3395 5054 3568 5109 locum
3597 5071 3685 5110 oc-

2110 5150 2271 5213 cupat
2300 5141 2649 5198 Odariuntad
2672 5142 2929 5200 Christum
2952 5144 3016 5197 Ο.
3047 5143 3149 5215 Μ.)
3182 5141 3441 5210 signiﬁcat
3476 5142 3679 5208 editor,

2112 5231 2165 5285 in
2192 5232 2374 5286 animo
2394 5232 2494 5286 sibi
2524 5232 2688 5288 fuisse
2714 5234 2976 5301 subjicere
2999 5232 3221 5287 Joannis
3242 5231 3470 5298 Weitzii,
3501 5231 3683 5287 Tobizn

2114 5318 2383 5374 Adamiet
2430 5320 2700 5376 Theodosi
2754 5321 3049 5376 Sitzmami
3106 5321 3157 5374 in
3199 5320 3502 5377 Salvianum
3531 5330 3681 5377 notas

2113 5408 2213 5477 ipsi
2241 5408 2526 5478 inscriptas
2552 5409 2913 5477 donatasque,
2944 5423 3046 5463 nec
3085 5424 3191 5463 non
3218 5409 3513 5465 Brassicani
3550 5411 3682 5464 alio-

2112 5512 2339 5565 rumque
2358 5498 2754 5551 annotationes.
2800 5495 2905 5552 Sed
2933 5498 3058 5567 quia
3091 5500 3297 5569 prelum
3320 5499 3680 5570 imprimendis

2109 5602 2302 5640 vacare
2344 5601 2450 5639 non
2496 5585 2777 5653 potuisset,
2811 5601 2908 5657 per
2946 5589 3102 5644 aliam
3132 5590 3466 5645 occasionem
3497 5590 3591 5643 ista
3621 5599 3679 5645 se

2088 5676 2354 5729 daturum
2386 5674 2666 5743 promittit.
