4234 6262
541 373 607 428 19

1450 373 1505 427 S.
1547 371 1925 428 SALVIANUS
1959 371 2419 433 MASSILIENSIS
2454 376 2876 435 PRESBYTER.

609 487 765 543 Circa
794 488 972 543 eumd.
1005 495 1236 556 tempus.
1268 484 1627 557 Francofurti,
1666 486 1806 557 apud
1853 482 1975 538 Nic.
2024 485 2122 539 Ro-
2147 494 2195 553 Α
2225 490 2379 545 theca
2403 488 2732 557 Coloniensi,
2757 500 2962 563 septem
2980 492 3064 561 pia
3081 493 3335 562 opuscula
3350 492 3485 550 exS.
3503 494 3795 565 Bernardo,

542 578 731 641 thiam;
770 575 937 630 its-8‘.
989 575 1187 630 Eadem
1229 573 1395 629 editio
1439 590 1657 628 recusa.
1711 574 2028 629 Benedictini
2061 577 2117 628 in

540 666 683 723 Hist.
707 666 897 722 Gallic
924 665 1049 719 Litt.
1100 679 1359 735 sponsore
1414 664 1667 719 Boldiano
1706 666 1760 719 in
1798 664 1930 720 Bibl.
1958 663 2112 739 Hisp.

539 778 596 830 p.
620 757 706 825 5‘2,
738 758 893 828 cujus
920 765 1097 811 tamen
1127 757 1491 812 testimonium
1522 771 1710 827 parum
1741 755 1903 809 fidum
1942 757 2118 824 arguit

506 848 817 904 'Fabricius
867 855 923 901 et
957 846 1184 915 proinde
1233 844 1374 899 inter
1419 843 1626 898 fabulas
1650 844 1788 899 hanc
1825 843 2116 898 editionem

543 935 778 1005 reponit.
807 934 911 990 Sed
940 932 1169 989 fortasse
1197 948 1303 988 non
1328 942 1437 986 tam
1468 931 1893 986 Rittershusiana
1917 972 1931 998 ,
1955 945 2115 999 quam

541 1027 817 1083 Pithteana
845 1026 1011 1082 editio
1029 1026 1117 1081 hic
1134 1042 1323 1082 recusa
1351 1034 1453 1080 est.

610 1116 766 1171 1618.
821 1116 1054 1172 Colonia
1091 1118 1330 1189 Agripp.,
1374 1116 1515 1187 apud
1546 1117 1665 1169 Ant.
1704 1115 2116 1187 Hierat;iu-fol.

539 1205 774 1260 Salviani
814 1206 1137 1276 presbyteri,
1188 1214 1245 1260 et
1298 1214 1487 1275 postea
1516 1205 1755 1275 episcopi
1776 1205 2118 1259 Massiliensis

539 1295 660 1351 libri
682 1295 822 1360 Vill;
843 1297 921 1351 de
931 1293 1330 1352 Gubernatione
1350 1295 1479 1361 Dei;
1507 1295 1639 1350 ltem
1661 1295 1913 1365 Epistolte
1937 1295 2003 1350 ad
2032 1295 2116 1350 di-

540 1400 756 1453 versos;
786 1385 855 1441 Et
900 1386 1216 1441 Timotheus
1247 1386 1360 1439 sive
1408 1385 1530 1440 libri
1577 1383 1643 1440 ιν
1686 1384 1752 1439 ad
1796 1383 2115 1440 Ecclesium.

524 1476 618 1555 .ln.
644 1476 778 1530 Bibl.
809 1476 923 1531 PP.
954 1478 1088 1531 tomi
1108 1477 1150 1530 γ
1172 1485 1310 1546 part.
1343 1494 1417 1542 nt,
1452 1491 1574 1550 pag.
1603 1477 1709 1532 323
1725 1491 1875 1545 seqq.

612 1558 770 1624 1625.
812 1567 1188 1640 Norimbergaz,
1231 1569 1370 1639 apud
1396 1568 1659 1624 Simonem
1695 1568 2118 1639 Haibmeyerum,

541 1656 717 1723 iit-8';
755 1657 990 1713 Salviani
1010 1658 1353 1714 Massiliensis
1381 1674 1544 1729 opera
1566 1674 1633 1714 ex
1655 1659 1891 1715 editione
1916 1667 1971 1713 et
1994 1674 2117 1713 cum

542 1748 939 1806 Commentario
969 1749 1194 1805 Conradi
1236 1749 1591 1815 Ritterslmsii;
1632 1750 1799 1806 editio
1846 1749 2113 1814 secunda,

2216 578 2627 647 Cregorio,ll.
2671 579 3086 652 Chrysostdmo,
3121 579 3388 651 Prospero
3411 622 3425 649 ,
3475 581 3637 639 Petro
3690 583 3793 639 Da-

2217 672 2411 737 miani,
2454 671 2691 728 Blesensi
2716 711 2733 733 ,
2760 672 3042 738 Salviano,
3071 672 3224 729 novis
3242 674 3587 741 sectionibus,
3618 690 3798 747 proce-

2216 762 2337 819 miis
2382 771 2437 816 et
2490 762 2927 819 annotationibus
2962 761 3258 829 illustrata,
3318 777 3441 818 cum
3503 762 3799 836 appendiee

2217 851 2568 920 quaestionum
2625 851 2917 909 variarum.
2961 850 3239 907 Fabricius
3285 852 3440 921 quasi
3477 860 3652 907 totum
3678 851 3798 908 Sal-

2217 942 2430 997 vianum
2476 942 2529 995 in
2573 958 2640 997 eo
2680 956 2927 999 recusum
2973 940 3258 1012 signiﬁcat.
3286 940 3395 996 Sed
3422 941 3474 996 in
3503 940 3618 999 Cat.
3658 940 3799 999 Bibi.

2221 1028 2497 1091 Βατιεήη.
2512 1030 2548 1083 ι.
2579 1030 2621 1086 ι.
2650 1038 2858 1086 tantum
2878 1030 2999 1086 libri
3020 1030 3133 1086 vni
3162 1030 3226 1086 de
3246 1014 3624 1086 Gubernatiatic
3640 1045 3707 1087 ex
3728 1046 3799 1087 eo

2218 1121 2521 1179 laudantur.
2538 1138 2541 1139 '
2762 1121 2769 1128 ’

2289 1211 2441 1265 1614.
2477 1212 2726 1277 Parisiis,-
2782 1215 2958 1286 iit-fol.
3000 1213 3254 1269 Salviani
3293 1212 3636 1273 Massiliensis
3677 1215 3797 1288 epi-

2226 1303 2377 1371 scopi
2402 1301 2470 1359 de
2497 1284 2896 1358 Gubernatione
2926 1302 3024 1367 Dei
3042 1296 3309 1361 ubi-mu.
3329 1303 3582 1375 Ejusdem
3609 1304 3676 1361 ad
3696 1284 3797 1365 iis.

2221 1393 2438 1448 clesiam
2491 1393 2809 1449 catholicam
2864 1401 2979 1448 toto
3017 1394 3147 1453 orbe
3192 1393 3439 1453 diﬂ'usam
3479 1395 3603 1452 libri
3624 1393 3712 1453 IV.
3736 1393 3800 1453 In

2217 1481 2350 1536 Bibl.
2390 1480 2501 1536 PP.
2535 1490 2681 1537 tomo
2705 1482 2767 1548 V,
2792 1498 2910 1556 qua:
2930 1484 3096 1539 editio
3112 1476 3247 1554 post
3262 1500 3404 1543 novo
3424 1484 3582 1543 titulo
3604 1492 3799 1545 ornata

2217 1582 2299 1635 est
2323 1590 2375 1627 a.
2400 1573 2557 1640 1651,
2580 1573 2720 1644 apud
2747 1583 2852 1629 tres
2868 1572 3193 1645 bibliopolas.

2287 1663 2440 1719 1645.
2482 1666 2726 1730 Parisiis,
2770 1666 2911 1737 apud
2956 1665 3220 1720 Edmund.
3264 1665 3562 1739 Pepinguc,’
3610 1665 3797 1727 iit-8°.

2217 1748 2451 1810 Salviani
2476 1755 2821 1813 Massiliensis
2839 1756 3136 1827 presbyteri
3159 1755 3226 1810 de
3249 1752 3586 1812 Providentia
3614 1766 3669 1811 et
3687 1755 3796 1812 Gn-

543 1837 627 1893 cui
681 1840 893 1908 prteiixa
938 1846 1020 1895 est
1047 1839 1285 1909 ejusdem
1309 1839 1648 1895 Rittershusii
1680 1841 1784 1895 vita
1806 1878 1820 1903 ,
1852 1839 2120 1910 descripta
2146 1833 2195 1895 Β
2221 1846 2538 1901 bernatione
2566 1844 2681 1911 Dei,
2714 1852 2769 1899 et
2794 1845 2863 1900 de
2886 1846 3033 1915 justo
3060 1844 3418 1915 przesentique
3443 1844 3558 1915 ejus
3591 1844 3795 1914 judicio

543 1942 640 1997 per
657 1926 930 2001 Georgium
962 1929 1022 1984 Ρ.
1069 1928 1131 1984 C.
1165 1929 1228 1983 li.
1274 1928 1637 1997 Rittershusii,
1665 1928 1779 1983 Cat.
1811 1929 1945 1983 Bibl.
1982 1928 2109 2000 Reg.

542 2018 719 2073 Paris.

615 2110 673 2165 ln
695 2110 812 2166 Cat.
840 2112 969 2167 Bibl.
999 2112 1199 2177 Bodlei,
1249 2114 1406 2168 sicuti
1447 2114 1499 2167 in
1552 2112 1687 2167 Bibl.
1746 2111 2120 2171 Barbariniatsa

546 2198 790 2253 laudatur
825 2200 984 2269 hujus
1028 2201 1132 2256 loci
1169 2210 1225 2257 et
1250 2201 1377 2256 anni
1404 2202 1567 2257 editio
1591 2218 1714 2256 cum
1743 2200 2121 2257 Commentario

549 2288 877 2344 Rittershusii
896 2300 947 2345 et
974 2292 1215 2346 aliorum.
1245 2290 1395 2347 Unde
1410 2292 1625 2361 colligo,
1654 2291 1865 2353 duobus
1892 2291 2119 2351 volumi-

549 2379 704 2435 nibus
744 2388 992 2435 constare
1035 2382 1175 2438 hanc
1213 2382 1521 2446 editionem,
1564 2399 1790 2452 quorum
1829 2383 1974 2457 prius
2004 2382 2123 2443 Sal-

548 2468 693 2522 viani
715 2477 920 2524 textum
962 2485 1082 2525 cum
1134 2471 1476 2526 Rittershusii
1506 2472 1911 2536 commentario,
1936 2478 2120 2542 poste-

551 2558 661 2613 rius
688 2557 1002 2626 Variorum,
1034 2567 1166 2637 puto
1199 2559 1412 2615 Weltzii
1436 2598 1451 2623 ,
1493 2559 1709 2623 Adami,
1754 2559 2043 2615 Sitzmanni
2069 2568 2125 2619 et

2221 1936 2340 1991 libri
2366 1935 2501 1990 Vill.
2532 1935 2666 1991 item
2714 1934 3076 2005 Epistolarum
3126 1934 3263 1992 liber
3287 1950 3423 1990 unus
3448 1942 3504 1989 et
3529 1933 3797 1992 Timothei

2220 2022 2288 2079 ad
2315 2022 2610 2083 Ecclesiam
2632 2023 2958 2080 catholicam
2999 2022 3120 2077 libri
3146 2022 3233 2088 ιν,
3264 2018 3388 2077 enin
3409 2022 3549 2080 notis
3574 2021 3798 2079 Joannis

2222 2113 2531 2170 Alexandri.
2556 2113 2649 2169 Sic
2664 2112 2780 2168 Cat.
2808 2112 2940 2171 Bibl.
2974 2112 3120 2184 Citig.

2293 2204 2495 2264 Textns
2522 2219 2591 2261 es
2617 2201 2850 2261 editione
2870 2200 3149 2260 Pithoeana
3170 2211 3251 2257 est
3273 2217 3510 2270 recusas,
3539 2202 3633 2257 sed
3662 2202 3798 2258 adeo

2223 2294 2419 2353 infelici
2447 2304 2664 2357 eventu,
2694 2293 2909 2351 Baluzio
2934 2292 3133 2362 judice,
3165 2301 3224 2346 ut
3271 2293 3562 2349 innumeris
3604 2306 3800 2363 prope—

2227 2383 2444 2441 modum
2475 2383 2683 2438 mendis
2708 2370 2821 2437 htec
2849 2381 3014 2437 editio
3038 2388 3265 2437 scatent.

2301 2472 2455 2527 1647.
2484 2462 2722 2544 Lugduni
2734 2490 2752 2537 ;
2776 2471 2940 2525 ενι-1⁸.
2959 2468 3305 2525 Salviani.....
3323 2470 3389 2523 de
3402 2467 3799 2527 Gubernatione

2227 2564 2321 2623 Dei
2346 2562 2465 2618 libri
2487 2561 2621 2628 Ylll,
2641 2561 2740 2617 sub
2759 2562 2864 2616 hoc
2883 2560 3040 2616 titulo
3065 2578 3077 2613 :
3109 2559 3353 2613 Cmsoria
3381 2559 3444 2612 de
3466 2556 3802 2628 praesentibus

554 2648 849 2704 Brassicani
887 2657 1083 2717 notas,
1131 2651 1208 2705 nti
1249 2650 1303 2704 in
1354 2649 1629 2705 Bremensi
1667 2665 1793 2705 mox
1845 2649 2125 2707 indicanda
2227 2649 2452 2722 Europa:
2471 2650 2868 2712 calamitatibus,
2893 2665 3165 2721 eorumque
3196 2649 3367 2701 causis
3394 2645 3692 2717 Prwloquia
3732 2645 3803 2700 at

557 2741 1315 2817 repraesentantur,exhibent.
1341 2741 1577 2810 indeque
1589 2748 1803 2795 enatum
1820 2749 2002 2817 putem
2023 2739 2128 2795 Fa-
2231 2741 2492 2801 Osiandro
2513 2741 2714 2797 Stuano
2728 2743 2787 2796 in.
2810 2742 2971 2796 lucem
2995 2740 3155 2795 edita.

554 2829 709 2884 bricii
724 2844 983 2898 errorem,
1014 2830 1348 2886 conﬁdenter
1376 2830 1711 2895 afﬁrmantis,
1733 2829 2130 2903 Norimbcrgcn-
2304 2831 2465 2891 Certe
2502 2833 2732 2889 refertur
2775 2831 2862 2886 hic
2902 2823 3086 2887 titulus
3128 2831 3268 2885 inter
3296 2827 3532 2885 Salviani
3554 2841 3719 2898 opera
3746 2827 3804 2883 in

555 2935 659 2972 sem
686 2918 921 2977 Salviani
962 2919 1171 2974 κλωπ
1208 2921 1497 2977 editionem
1522 2936 1640 2977 esse
1668 2921 1884 2976 nullam.
1915 2920 2132 2982 Scilicet
2234 2921 2350 2977 Cat.
2387 2921 2519 2976 Bibl.
2562 2919 2830 2974 Barterin.
2861 2927 2902 2975 t.
2929 2918 2995 2985 ll,
3023 2935 3077 2993 p.
3121 2918 3247 2984 340;
3292 2918 3525 2991 indeque
3558 2917 3805 2977 eumdem

556 3008 781 3064 seorsitn
810 3009 884 3061 illi
916 3008 1176 3077 (fortasse
1212 3011 1375 3065 etiam
1423 3010 1817 3082 Bremensibus)
1865 3011 2130 3079 obtigerat
2190 3034 2201 3045 ·
2230 3013 2458 3067 reeitant
2487 3011 2673 3069 Gallia:
2698 3011 2965 3065 litterariae
2983 3010 3253 3065 auctores.
3300 3007 3407 3063 Sed
3427 3006 3561 3063 mihi
3595 3021 3660 3060 ex
3691 3005 3805 3078 ipsa

559 3096 804 3152 volumen
832 3097 1116 3166 posterius,
1140 3100 1297 3156 sicuti
1323 3100 1379 3153 in
1410 3100 1542 3154 Bibl.
1574 3098 1701 3170 Reg.
1723 3099 2009 3154 Parisiensi
2019 3115 2125 3154 non
2235 3100 2476 3169 Catalogi
2496 3099 2646 3157 istius
2674 3100 3005 3171 inspectione
3034 3115 3139 3155 non
3168 3100 3338 3167 magis
3383 3098 3585 3167 liquere
3613 3095 3809 3163 lateor,

558 3185 659 3240 nisi
683 3185 834 3261 prius
851 3172 1109 3241 occurrit.
1140 3184 1403 3242 Caeterum
1432 3189 1580 3258 piget
1606 3203 1693 3244 me
1721 3203 1899 3258 operte
1924 3188 2132 3259 impen-
2155 3182 2201 3244 C
2228 3196 2411 3244 utrum
2450 3186 2615 3241 libros
2657 3185 2720 3238 de
2763 3183 3142 3239 Cubernatioue
3187 3183 3305 3246 Dei,
3357 3200 3423 3237 an
3472 3185 3593 3243 illos
3624 3194 3807 3261 contra

558 3288 634 3329 ste
678 3259 749 3329 ad
798 3274 1220 3344 investigandam
1253 3277 1578 3346 peculiarem
1613 3285 1861 3333 notarum
1898 3277 2125 3343 illarum,
2231 3278 2536 3341 Avaritiam,
2565 3289 2794 3345 quorum
2822 3273 2987 3330 editio
3008 3271 3251 3347 proximo
3272 3271 3391 3325 loco
3414 3277 3539 3329 ante
3558 3271 3805 3345 proponi.

560 3380 719 3434 quam
738 3364 839 3419 sibi
854 3364 1162 3435 inscriptam
1180 3365 1537 3436 donatamque
1552 3365 1720 3422 fassus
1739 3374 1819 3421 est
1832 3366 2131 3421 Rittershu-

561 3457 669 3512 sius
686 3454 976 3511 editionem
1008 3473 1021 3508 :
1054 3456 1348 3526 praesertim
1377 3471 1498 3511 cum
1525 3471 1623 3527 per
1661 3472 1721 3512 se
1765 3455 1980 3511 levioris
2018 3470 2134 3510 mo-

563 3544 733 3601 menti
780 3543 889 3599 sint
931 3552 989 3600 et
1040 3559 1071 3599 a
1119 3545 1333 3600 nemine
1364 3543 1518 3600 facile
1558 3544 1947 3601 desiderentur.
1974 3544 2133 3599 Certe

564 3634 776 3694 Weitzii
801 3636 998 3693 uetula:
1023 3652 1224 3692 meram
1253 3636 1494 3692 locorum
1516 3637 1875 3706 similiumque
1902 3634 2135 3705 undique

564 3728 937 3800 decerptomm
964 3726 1283 3797 farraginem
1313 3726 1570 3797 praebent.

633 3816 789 3872 1624.
836 3816 1061 3873 Parisiis
1105 3818 1289 3889 its-fol.
1344 3816 1580 3872 Salviani
1633 3815 1701 3871 de
1739 3813 2136 3870 Gubernatlone

564 3907 661 3963 Dei
687 3907 725 3963 l.
754 3907 889 3971 Vill,
914 3917 1026 3965 etc.
1048 3907 1106 3962 ln
1128 3906 1263 3961 Bibl.
1288 3905 1404 3959 PP.
1450 3914 1599 3961 tome
1622 3904 1685 3957 ν.

633 3996 791 4051 1627.
844 3998 1151 4066 Rothontagi
1195 3996 1339 4064 apud
1378 3994 1635 4047 Joannem
1674 3994 1919 4056 Usmont;
1964 3990 2133 4043 iit—19.

562 4085 803 4140 Saivlani'
818 4083 1058 4152 episcopi
1078 4080 1423 4135 Massiliensis
1449 4078 1518 4133 de
1545 4093 1674 4133 vero
1698 4076 1905 4155 indicio
1925 4086 1980 4133 et
1999 4076 2136 4133 Pro-

566 4173 796 4227 videntia
829 4172 923 4226 Dei
952 4169 1021 4225 ad
1045 4169 1320 4224 Salonium
1359 4169 1667 4238 episcopum
1714 4167 1833 4222 libri
1866 4165 1992 4232 Vill,
2016 4180 2138 4222 cum

566 4261 785 4316 scholiis
812 4259 1141 4326 Brassicani;
1172 4257 1419 4329 Epistoke
1443 4266 1498 4313 et
1519 4258 1637 4313 libri
1653 4257 1717 4313 ιν
1748 4256 1817 4312 ad
1844 4256 2138 4313 Eeciesiam

566 4351 907 4421 catholicam.

635 4439 879 4495 Laudant
930 4440 1070 4495 hanc
1122 4439 1413 4495 editionem
1458 4439 1700 4493 Auctores
1741 4436 1991 4513 Historia
2011 4436 2132 4491 Litt.

2230 3374 2341 3431 tur,
2370 3368 2423 3420 in
2452 3380 2518 3421 eo
2547 3364 2810 3422 contineri
2832 3361 3130 3430 signiﬁcare
3153 3359 3397 3417 voluerit.

2305 3454 2460 3508 1648.
2503 3452 2746 3517 Parisiis,
2775 3452 2912 3523 apud
2939 3449 3096 3505 Edm.
3121 3449 3417 3527 Pepingue;
3445 3448 3611 3507 iit-8°.
3637 3447 3806 3509 ltera-

2233 3546 2309 3608 tio
2331 3544 2645 3616 Pithteante.
2675 3542 2900 3597 Benedd.
2925 3543 2981 3597 in
3004 3540 3142 3597 Hist.
3175 3540 3273 3595 litt.
3298 3539 3504 3596 Gallitc.

2305 3633 2462 3695 1665.
2512 3632 2753 3697 Parisiis,
2803 3631 2943 3705 apud
2993 3629 3332 3685 Franciscum
3359 3628 3601 3705 Μαρτιεῆ
3637 3630 3804 3687 iit-8°.

2236 3723 2555 3786 Sanctorum
2602 3722 3035 3803 presbyterorum
3088 3717 3323 3777 Salviani
3376 3718 3717 3775 Massiliensis
3754 3726 3808 3775 et

2237 3815 2505 3879 Vincentii
2525 3815 2812 3877 Lirinensis
2830 3812 3029 3885 Opera.
3045 3813 3359 3867 STEPBANUS
3378 3809 3636 3867 ΒΑιυιιυε
3658 3809 3807 3869 Tute-

2235 3907 2391 3962 lensis
2439 3906 2507 3960 ad
2548 3904 2704 3958 iidem
2744 3902 2985 3959 codicum
3025 3909 3151 3961 mss.
3193 3898 3521 3963 emendavit,
3565 3899 3809 3975 notisque

2236 3994 2535 4057 illustravit.

2308 4079 2649 4144 Pithoeanam
2669 4079 2977 4145 editionem,
3007 4091 3309 4153 quanquam
3338 4077 3391 4131 in
3418 4074 3597 4139 multis
3624 4075 3712 4135 illa
3734 4076 3810 4133 las

2238 4173 2478 4234 boraret,
2491 4171 2749 4243 optimam
2770 4179 2949 4231 tamen
2972 4186 3038 4224 ex
3058 4169 3422 4240 superioribus
3440 4182 3660 4224 censere
3678 4166 3811 4227 sole;

2238 4261 2330 4318 bat
2358 4260 2602 4325 Baluzius
2622 4274 2848 4330 eamque
2875 4274 3028 4314 nova:
3070 4256 3228 4328 hujus
3253 4256 3579 4313 recensionis
3621 4254 3812 4313 funda-

2239 4357 2479 4405 mentum
2524 4363 2642 4404 esse
2690 4347 2878 4414 voluit,
2927 4348 2999 4402 ita
3029 4355 3088 4402 ut
3114 4346 3433 4415 ubicumque
3483 4345 3598 4400 haec
3624 4343 3692 4399 ab
3721 4343 3813 4403 illa

2238 4441 2524 4519 discrepet,
2571 4440 2623 4495 id
2656 4448 2827 4501 totum
2876 4438 3025 4509 quod
3054 4445 3314 4492 mutatum
3339 4437 3428 4501 sit,
3456 4450 3525 4490 ex
3545 4435 3647 4490 iide
3667 4435 3829 4508 codi-.

568 4527 772 4583 Gallitc.
802 4528 1026 4583 Videtur
1050 4528 1119 4582 ad
1145 4528 1231 4583 ed.
1261 4526 1613 4582 Parisiensem
1642 4542 1695 4581 a.
1725 4525 1861 4580 1591
1886 4541 2006 4582 esse
2044 4526 2139 4581 de-
2165 4528 2215 4587 D
2240 4545 2359 4586 cum
2404 4529 2909 4599 manuscriptornm,
2937 4543 3163 4598 quorum
3193 4526 3396 4596 aliquot
3422 4525 3816 4585 vetustissimos

566 4618 780 4687 scripta.

639 4706 795 4761 1635'.
829 4706 1081 4773 Urania;
1100 4705 1273 4761 iit-8°.
1302 4705 1649 4761 Salviani.....
1682 4706 1753 4761 de
1778 4720 1909 4761 vero
1932 4704 2141 4761 Iudicio

569 4803 624 4852 et
661 4795 999 4852 Providentia
1027 4796 1120 4851 Dei
1146 4796 1271 4850 libri
1296 4795 1437 4861 Vill;
1467 4792 1719 4865 Epistolze
1752 4804 1806 4850 et
1830 4795 1950 4850 libri
1978 4795 2044 4849 iV
2072 4793 2140 4849 ad

569 4884 861 4941 Ecelesiam
891 4885 1230 4941 catholicam.
1260 4883 1371 4939 Cat.
1395 4884 1529 4938 Bibl.
1554 4884 1752 4939 Bodlei.

641 4973 796 5029 1635.
829 4975 1059 5030 Colonia
1084 4975 1332 5046 Δεινὴ)ρά
1363 4975 1528 5029 ενι-4⁸.
1560 4973 1794 5029 Salviani
1825 4973 1891 5029 de
1931 4973 2133 5029 Guber-

570 5069 791 5122 natione
810 5067 905 5120 Dei
927 5066 966 5119 l.
995 5064 1220 5119 Vlli.....
1248 5064 1305 5118 ln
1342 5064 1522 5119 Jacobi
1562 5063 1807 5119 Marianis
1844 5064 2043 5121 Horstii
2075 5064 2136 5133 (i.

570 5175 624 5214 θ.
651 5173 721 5212 ex
746 5157 909 5213 ilorst
949 5156 1201 5225 oriundi)
1239 5165 1427 5227 septem
1474 5155 1628 5210 Tubis
1673 5155 1812 5210 orst
1860 5154 2140 5208 Christiani

570 5247 692 5301 loco
710 5247 957 5316 septimo.
1774 5240 1785 5251 ί

638 5334 850 5401 Integer
876 5336 994 5390 libri
1023 5336 1208 5391 titulus
1226 5344 1309 5391 est
1333 5355 1345 5389 :
1379 5334 1583 5403 Septem
1611 5332 1764 5386 Tuba:
1803 5330 1956 5385 Orbis
1986 5328 2138 5384 Chri-

570 5424 725 5477 stiani
754 5423 823 5476 ad
847 5426 1263 5493 reformationem
1290 5424 1667 5479 Erclcsiastica:
1707 5421 1994 5491 disciplina:
2032 5430 2139 5474 toto

570 5515 689 5567 orbe
714 5516 995 5583 prwsertim
1018 5515 1071 5566 in
1101 5514 1375 5567 Germania
1403 5515 1471 5567 ad
1497 5514 1822 5583 prmscntium
1848 5522 1896 5565 et
1932 5513 2135 5582 gravio-

568 5620 681 5657 rum
702 5603 952 5657 malorum
999 5604 1274 5657 remedium
1305 5603 1591 5657 necessario
1611 5601 1975 5655 instituendam
1993 5601 2133 5655 exci-

573 5704 753 5748 tantes.
786 5691 1036 5750 Contiuet
1064 5699 1261 5759 autem,
1301 5700 1437 5749 teste
1474 5690 1789 5747 llarzhemio
1834 5692 1888 5746 in
1937 5686 2169 5747 Biblio-'

2239 4620 2496 4676 librorum
2545 4620 2607 4673 de
2644 4617 2979 4673 Providentia
3007 4624 3062 4671 et
3089 4616 3159 4670 ad
3178 4615 3465 4673 Ecclesium
3504 4614 3812 4669 catholicam

2239 4718 2537 4783 acceperat,
2563 4706 2759 4763 factum
2778 4720 2897 4762 esse
2916 4705 3208 4761 existimari
3218 4704 3221 4709 ’
3223 4705 3425 4774 jubeat.
3455 4702 3663 4779 Quippe
3681 4702 3813 4767 nihil
3854 4774 3863 4779 ἰ

2239 4796 2560 4866 coniecturis
2586 4797 2768 4853 datum
2796 4810 2915 4851 esse
2942 4792 3190 4860 aiiirmat,
3208 4794 3307 4850 nisi
3338 4793 3391 4850 in
3419 4792 3660 4864 epistolis
3700 4809 3815 4856 una

2240 4894 2295 4941 et
2315 4885 2485 4949 altero
2508 4885 2647 4939 loco.
2678 4883 2885 4944 Nullius
2906 4885 3046 4939 enim
3070 4884 3311 4953 epistolae
3336 4873 3604 4938 vetustum
3624 4897 3811 4943 exem-

2240 4979 2358 5050 plar
2383 4985 2572 5033 nactus
2596 4984 2730 5033 erat.
2761 4984 3115 5047 przelerqnam
3142 4976 3368 5037 duarum
3398 4983 3818 5047 postremamm,

2241 5068 2292 5121 in
2345 5066 2539 5135 quibus
2588 5065 2933 5131 emendandis
2970 5064 3188 5119 omnino
3241 5071 3454 5120 secutus
3493 5070 3577 5117 est
3601 5054 3817 5119 codices

2239 5153 2647 5223 manuscriptos.
2693 5151 2951 5207 Natarum
3000 5166 3215 5205 suarum
3245 5150 3568 5227 przecipuum
3592 5163 3812 5220 scopum

2238 5256 2355 5300 esse
2384 5242 2684 5313 proﬁtetur,
2712 5241 2947 5297 indicare
2968 5241 3235 5295 variantes
3257 5238 3533 5296 lectiones.
3565 5236 3743 5309 «Quod
3764 5237 3818 5301 si,

2237 5334 2472 5403 quando,
2505 5333 2697 5403 inquit,
2726 5332 2827 5407 hos
2867 5331 3063 5393 limites
3100 5329 3366 5399 egredior,
3395 5329 3661 5385 allirmare
3687 5342 3809 5398 pos.

2240 5439 2380 5487 sum.
2410 5424 2462 5481 id
2493 5438 2599 5477 non
2622 5422 2841 5481 omnino
2870 5421 3065 5477 frustra
3092 5421 3399 5497 contigisse.
3421 5421 3731 5495 Quanquam
3759 5417 3813 5473 id

2238 5526 2363 5565 raro
2392 5512 2599 5566 accidit.
2633 5511 2741 5565 llas
2768 5511 2910 5567 enim
2941 5509 3127 5576 Notas,
3153 5520 3212 5567 ut
3241 5512 3343 5566 hoc
3367 5524 3580 5579 quoque
3613 5509 3817 5573 dicam,

2239 5600 2554 5655 festinanter
2598 5599 2806 5668 scripsi,
2869 5607 2922 5653 ct
2947 5600 3097 5667 quasi
3120 5600 3259 5655 aliud
3288 5613 3469 5669 agens.
3512 5596 3664 5663 Quod
3691 5597 3811 5653 ideo

2241 5690 2411 5748 visum
2457 5698 2540 5747 est
2585 5687 2891 5753 admonere,
2945 5704 3011 5745 ne
3038 5691 3155 5759 quis
3179 5688 3265 5744 hic
3286 5676 3517 5755 syllabas
3537 5687 3602 5742 ad
3632 5687 3811 5742 vivum
