4234 6250
333 376 391 431 ιι
1154 422 1160 429 ,
1670 355 1907 413 PROLEt

2004 354 2189 410 liENA.
3006 316 3013 319 ’
3492 350 3564 406 22

332 484 588 547 excutiat,
611 487 705 535 aut
723 478 882 533 Notas
908 452 1022 545 illas
1042 473 1108 527 ad
1130 470 1386 542 Polycleti
1408 483 1646 524 normam
1671 468 1902 521 directas
1928 468 1979 523 A
2004 480 2089 518 me
2116 465 2253 517 hanc
2273 478 2452 517 curam
2475 462 2869 529 elegantissimo
2897 459 3018 515 huis
3044 460 3312 530 scriptori,
3333 458 3391 515 ut
3417 461 3564 516 lucu-

334 588 442 627 uon
489 585 615 624 esse
657 565 974 637 pronuntiet.
1019 582 1036 612 ι
1072 559 1291 614 Accedit
1336 556 1459 612 huic
1505 555 1725 609 editioni
1764 554 1897 606 miro

333 643 705 713 characterum
729 654 1137 718 chartarumque
1185 647 1361 701 nitore
1386 662 1450 700 ac
1476 644 1736 711 elegantia
1760 658 1896 712 prm-

334 745 502 803 stanti
524 742 771 813 Stephani
794 738 992 794 Baluzii
1023 734 1328 791 Dissertatio
1356 736 1420 788 de
1442 733 1734 803 episcopatu
1762 731 1899 800 Egn-

337 838 478 890 rensi
514 835 582 888 ad
616 832 913 900 Philippum
965 825 1223 881 Labbeum
1269 826 1322 879 in
1385 821 1610 876 formam
1664 821 1901 890 epistola:

338 926 418 996 (d.
443 922 651 976 Lutetia:
677 935 763 973 xiv
792 917 896 970 kal.
940 915 1154 987 Augusti
1183 931 1199 967 :
1228 912 1297 967 Μ.
1322 911 1426 966 DC.
1457 909 1637 977 LXIII)
1680 909 1896 996 scripta.

410 1010 558 1065 1669.
601 1007 845 1077 Parisiis,
895 1005 1033 1077 apud
1059 1001 1256 1057 Franc.
1307 994 1730 1073 Huguet;in78’.
1761 997 1899 1053 San-

337 1112 538 1159 ctorum
586 1098 1021 1169 presbyterorum
1048 1082 1284 1149 Salviani
1314 1089 1651 1148 Massiliensis
1678 1094 1733 1143 et
1769 1088 1899 1142 Vin-

338 1190 492 1246 centii
515 1186 808 1242 Lirinensis
824 1185 1017 1255 Opera.
1040 1181 1228 1252 Steph.
1248 1172 1496 1236 Baluzius
1517 1175 1816 1232 Tutelensis
1835 1175 1905 1229 ad

339 1278 490 1333 tidem
519 1283 759 1331 veterum
787 1271 1027 1328 codicum
1048 1285 1200 1325 mss.
1245 1266 1549 1323 emendavit
1565 1264 1818 1334 Notisquc
1838 1258 1901 1317 ii-

337 1368 600 1425 lustravit.
627 1364 803 1420 Editio
829 1358 1080 1417 secunda.

403 1456 523 1513 Non
566 1440 739 1510 solum
779 1459 958 1507 textus
1008 1449 1168 1518 hujus
1212 1446 1462 1503 editionis
1488 1459 1518 1498 a
1546 1443 1820 1514 superiore
1848 1443 1931 1496 in‘

339 1546 606 1606 nonnullis
629 1544 922 1613 discrepat,
938 1540 1036 1597 sed
1052 1538 1278 1596 accessit
1303 1538 1353 1592 ei
1373 1538 1531 1591 etiam
1555 1549 1662 1590 non
1681 1534 1902 1603 exiguus

340 1647 583 1694 notarum
632 1628 1058 1690 doctissimarum
1095 1627 1355 1683 cumulus.
1386 1623 1769 1694 Narnprimum'
1790 1620 1915 1676 edim

340 1736 423 1781 tor
459 1722 726 1779 variantes
764 1719 1043 1781 lectiones,
1089 1727 1222 1785 quas
1268 1714 1321 1769 in
1370 1712 1609 1781 margine
1652 1709 1907 1765 editionis

2000 553 2273 607 brationes
2294 550 2408 618 ejus
2428 548 2721 605 conferrem
2763 565 2884 603 cum
2914 546 3097 625 iisdem
3125 549 3397 603 codicibus
3422 551 3563 604 anti-

2000 642 2120 711 quis
2153 641 2329 711 :quod
2376 648 2506 709 puto
2548 656 2633 692 n1e
2658 638 2846 693 fecisse
2865 655 2985 711 cum
3007 637 3189 706 aliqua
3210 638 3435 692 utilitate
3464 639 3563 692 ho-

2001 747 2119 785 rum
2162 728 2475 803 studiorum.
2510 750 2527 780 ι
2561 727 2640 782 Ex
2686 728 2814 781 actis
2841 742 2937 797 per
2968 725 3301 796 appendicem
3323 726 3375 779 in
3403 740 3563 795 supe—

2001 819 2145 874 riore
2165 816 2385 887 adjectis
2404 822 2608 872 resecta
2638 822 2761 870 sunt
2789 815 2841 869 in
2869 815 2971 869 hac
2992 815 3146 868 tertia
3176 829 3319 867 num.
3352 812 3371 867 1
3417 820 3472 868 et
3497 810 3559 866 11.

2000 906 2263 965 (imterum
2282 906 2524 976 quamvis
2545 912 2600 960 et
2619 904 2737 978 ipsa
2761 901 2892 958 satis
2917 902 2987 956 sit
3014 902 3175 957 nitida
3205 901 3317 957 haec
3345 902 3562 972 impres-

2000 992 2101 1062 sio,
2125 995 2310 1065 prima:
2333 1003 2507 1048 tamen
2530 987 2792 1059 elegantia
2813 988 3115 1059 longissime
3134 991 3292 1045 cedit.
3308 990 3560 1061 Inscripta

2002 1093 2085 1143 est
2128 1082 2330 1141 Jacobo
2374 1080 2595 1138 Nicolao
2620 1077 2873 1134 Colberto
2902 1079 3137 1148 archiep.
3160 1077 3561 1147 Carthaginensi

2001 1183 2060 1229 et
2083 1172 2378 1242 eoadjutori
2409 1168 2821 1236 Rothomagcnsi
2843 1167 2999 1238 (Lut-
3025 1167 3224 1232 Paris.,
3248 1168 3364 1221 imi.
3394 1167 3558 1238 April.

2000 1264 2055 1318 h.
2081 1262 2182 1330 a.).
2205 1262 2375 1316 Abc'st
2398 1257 2705 1321 dissertatio
2724 1252 2790 1310 de
2811 1255 3119 1326 episeopatu
3146 1253 3420 1323 Egarensi.

2073 1349 2229 1405 1688.
2264 1349 2480 1411 Bremte,
2505 1344 2786 1416 sumptibus
2815 1340 3103 1398 Hermanni
3128 1340 3368 1405 Brareri;
3396 1338 3560 1394 iit-5‘.

2001 1443 2057 1496 S.
2078 1436 2516 1510 Presbyterorum
2529 1435 2764 1492 Salviani
2777 1430 3178 1489 Massiliensis...
3191 1473 3202 1485 .
3225 1431 3414 1501 Opera.
3432 1428 3565 1485 Cum

1998 1528 2136 1584 libro
2161 1526 2561 1583 Commentario
2586 1522 2818 1580 Conradi
2847 1518 3207 1587 Rittershusii,
3226 1534 3289 1576 ac
3316 1521 3456 1574 notis
3481 1519 3564 1573 in-
3646 1593 3665 1601 ς

2003 1618 2184 1688 tegris,
2233 1616 2457 1671 Joannis
2503 1612 2715 1670 Weitzii
2736 1655 2752 1680 ,
2809 1610 2990 1692 T‘obize
3042 1609 3246 1692 Adaini,
3302 1608 3564 1687 Theodori

2001 1704 2313 1772 Sitzmanni,
2355 1700 2581 1759 Joannis
2625 1694 2915 1757 Alexandri
2946 1691 3262 1761 Brassicani,
3310 1694 3565 1765 Stephani

341 1814 624 1871 Pithocanze
664 1810 1038 1879 descripserat,
1094 1782 1277 1861 rursus
1322 1804 1600 1872 diligenter
1644 1800 1894 1865 excussit.
1928 1803 1983 1863 Β
2004 1793 2229 1859 Baluz'ﬁ,
2254 1802 2311 1848 et
2334 1791 2619 1848 Vineentii,
2647 1787 2938 1845 Lirinensis
2972 1782 3452 1844 Comnimrium
3501 1786 3565 1838 ah

340 1905 472 1959 Tum
520 1902 684 1958 libros
710 1901 778 1956 de
806 1897 1207 1975 (iubet-natione
1234 1894 1330 1948 Dei
1374 1890 1597 1948 contulit
1637 1904 1757 1946 cum
1781 1888 1898 1944 edi-

340 1995 485 2051 tione
511 1990 808 2047 Brassieani
836 2000 887 2043 α.
915 1988 1049 2041 1550
1068 1995 1124 2041 et
1140 1984 1393 2039 Galesinii
1422 1980 1575 2045 1561,
1608 1990 1662 2034 et
1706 1980 1751 2035 si
1774 1976 1903 2048 quid

340 2085 528 2141 melius
551 2084 602 2137 in
632 2081 733 2137 illis
756 2088 918 2145 esset,
940 2093 1098 2148 quam
1128 2076 1180 2131 in
1210 2074 1504 2140 I‘itlueana,
1537 2072 1698 2127 autin
1721 2070 1905 2126 codice

298 2192 303 2195 ‘
338 2170 672 2236 Corbeiensi,
715 2181 943 2241 quocum
986 2163 1321 2223 Pithaza‘nam
1348 2161 1903 2224 amca-contenderat,

341 2266 394 2317 in
419 2269 625 2317 textum
656 2259 940 2314 transtulit.
968 2258 1022 2313 Si
1049 2254 1178 2327 quid
1197 2272 1328 2311 vero
1355 2255 1571 2311 dubium
1601 2260 1762 2316 esset,
1816 2257 1909 2304 aut

341 2354 487 2426 quod
506 2354 866 2410 admonitione
892 2352 1166 2421 indigeret,
1199 2350 1251 2404 id
1280 2349 1510 2405 aﬂirmat
1556 2361 1616 2401 se
1656 2345 1708 2398 in
1758 2342 1908 2397 Notis

345 2447 661 2518 reposuisse,
712 2462 814 2502 nec
857 2445 1140 2515 quidquam
1170 2439 1555 2502 dissimulasse,
1577 2442 1668 2490 aut
1692 2430 1907 2504 propria

345 2538 660 2593 auctoritate
683 2546 938 2599 mutasse,
970 2533 1036 2587 de
1055 2536 1165 2602 quo
1183 2547 1288 2586 non
1314 2527 1671 2583 admonuerit.
1694 2521 1911 2576 Addidit

344 2639 588 2699 prwterea
640 2624 982 2699 Appendicem
1034 2633 1261 2678 actorum
1315 2627 1552 2683 veterum,
1608 2629 1823 2688 quorum
1855 2612 1909 2666 in

346 2716 500 2773 Notis
538 2720 676 2790 facta
728 2727 804 2771 est
831 2716 1043 2776 mentio,
1073 2708 1180 2782 quo
1208 2711 1548 2766 continentur
1574 2727 1587 2759 :
1617 2707 1656 2759 1.
1681 2704 1909 2759 Castoris

344 2807 578 2878 Aptensis
624 2806 844 2876 episcopi
873 2803 1091 2875 epistola
1139 2800 1211 2853 ad
1232 2798 1489 2853 Joannem
1517 2795 1817 2851 Cassianam
1841 2807 1909 2847 ex

344 2895 509 2951 veteri
537 2894 721 2950 codice
749 2910 851 2947 ms.
871 2889 1204 2946 bibliothecae
1232 2888 1432 2956 negite.
1456 2886 1516 2940 11.
1544 2886 1671 2937 Acta
1689 2886 1909 2953 impera-

344 2997 513 3040 torum
533 2983 772 3036 adversus
796 2981 1065 3049 Pelagium
1090 2988 1139 3031 et
1166 2972 1449 3031 Caelestium
1470 2973 1648 3028 itidem
1668 2988 1735 3026 ex
1753 2966 1920 3025 coddc

344 3091 501 3139 mss,
542 3086 735 3142 nempe
784 3073 847 3125 ιθ
902 3070 1218 3139 Rescriptum
1265 3065 1485 3120 Honorii
1537 3074 1587 3118 et
1643 3060 1911 3117 Theodosii

2002 1885 2193 1941 eodem
2222 1884 2442 1939 Baluzio
2477 1878 2750 1938 'I’utclensi
2779 1881 2849 1935 ad
2876 1878 3032 1936 ﬁdem
3060 1888 3298 1934 veterum
3327 1876 3565 1931 codicum

2002 1990 2130 2029 mss.
2162 1972 2502 2028 emendatum
2549 1978 2603 2024 et
2649 1970 2986 2028 illustratum.
3013 1967 3287 2027 Prmmissa
3304 1965 3564 2019 Disserta-

2004 2063 2151 2118 tione
2188 2058 2253 2116 ἃ.
2285 2059 2481 2115 Calixti
2524 2051 2853 2114 in'Vincent.
2883 2057 2991 2112 Lir.
3022 2056 3153 2111 Cum
3189 2055 3448 2111 indicibus
3473 2068 3565 2110 co-

2004 2151 2338 2223 piosissimis,
2370 2158 2478 2204 tam
2506 2148 2575 2204 ad
2595 2160 2861 2215 auctores,
2890 2158 3046 2217 quam
3084 2146 3150 2200 ad
3196 2153 3369 2200 notas.
3412 2142 3566 2196 Juxta

2006 2238 2466 2310 Noribergcnsium
2491 2241 2685 2309 partim
2714 2255 2837 2295 ann.
2868 2236 3170 2293 MDCXXI'II
3216 2242 3271 2292 et
3298 2236 3564 2289 Parisien-

2006 2328 2142 2382 sium
2164 2342 2290 2382 ann.
2314 2324 2619 2381 MDCLXIX
2637 2327 2978 2396 exemplaria.

2077 2419 2205 2485 Quae
2220 2434 2284 2472 ex
2299 2416 2978 2485 Norimbergensieditionc
3000 2419 3051 2471 in
3074 2417 3210 2471 hanc
3240 2422 3566 2484 transumpta

2010 2507 2208 2563 fuerint
2227 2523 2295 2562 ex
2320 2507 2683 2577 superioribus
2704 2505 3029 2574 intelligitur.
3056 2504 3131 2560 De
3156 2505 3435 2559 Vincentio
3458 2500 3563 2556 Lir.

2009 2610 2111 2649 sua
2130 2596 2257 2651 loco
2278 2593 2476 2651 dictum
2504 2602 2603 2650 est.
2631 2592 2807 2649 Series
2826 2594 3061 2648 virorum
3102 2593 3401 2655 doctorum,
3435 2606 3567 2659 quo-

2007 2696 2126 2743 rum
2151 2693 2293 2740 noue
2311 2685 2398 2740 hic
2425 2685 2762 2750 exhibentur,
2787 2685 2889 2739 alia
2937 2692 3019 2738 est
3047 2684 3099 2737 in
3126 2684 3242 2753 ipso
3283 2681 3566 2744 volumine,

1990 2778 2111 2839 alia
2141 2777 2192 2830 in
2223 2776 2397 2841 titulo,
2428 2782 2615 2830 neutra
2642 2776 2852 2830 curiose
2882 2774 3141 2827 instituta.
3166 2771 3419 2825 Nimirum
3465 2768 3568 2823 Ba-

2007 2866 2217 2921 quiana
2236 2860 2399 2919 editio
2424 2872 2534 2919 tota
2554 2872 2638 2918 est
2656 2878 2864 2925 recusa,
2898 2862 3139 2930 adeoque
3169 2860 3423 2930 proxima:
3451 2868 3569 2929 post

2009 2964 2212 3011 textum
2258 2954 2533 3022 utriusque
2560 2955 2791 3008 auctoris
2823 2941 2963 3007 no‘tae
2984 2960 3107 3007 sunt
3129 2952 3426 3006 Baluzi‘anm
3449 2964 3569 3005 cum

2009 3044 2179 3099 indice
2200 3043 2437 3112 ejusdem
2462 3041 2728 3095 editionis.
2748 3042 2877 3096 Dein
2906 3041 3213 3107 succedunt,
3246 3040 3570 3095 Rittershusii

544 3123 995 3215 "alenl—ladium
1034 3123 1202 3227 P'rtef.
1244 3154 1511 3209 Praemia.
1577 3151 1639 3204 2°
1669 3146 1907 3210 Edictum

2008 3134 2418 3198 commentarius,
2441 3131 2668 3198 Weiuii,
2700 3126 2901 3199 (idami,
2917 3133 3277 3187 Sitzmanni’et
3298 3123 3570 3202 postremo

347 3250 594 3308 Palladii.
627 3253 688 3305 5ο
714 3248 1029 3320 Rescriptum
1074 3242 1294 3301 Honorii
1332 3246 1403 3297 ad
1442 3244 1701 3297 Aurelium
1747 3243 1902 3311 epist.

344 3344 587 3413 Carthag.
619 3340 679 3394 4⁸
701 3340 898 3394 Aurelii
925 3337 1159 3408 Epistold
1174 3336 1242 3391 ad
1260 3338 1521 3407 episcopos
1543 3334 1827 3419 Byzarena.’
1858 3342 1907 3385 et

346 3432 656 3502 Argizitana:
697 3429 820 3500 (sic)
867 3427 1158 3499 p‘rovincite.
1202 3426 1257 3477 5'
1296 3425 1462 3481 Sacra
1513 3421 1728 3493 epistola
1773 3420 1906 3476 Con-

348 3522 517 3576 stantii
537 3520 862 3589 imperatoris
899 3518 1062 3588 patris
1098 3515 1447 3570 Valentiniani
1492 3513 1703 3583 Augusti
1724 3512 1904 3583 junio-

348 3614 444 3680 ris,
485 3613 555 3665 ad
608 3610 942 3664 Volusianum
971 3609 1266 3679 praefectum
1298 3605 1445 3669 Urbi,
1473 3603 1716 3658 adversus
1744 3601 1904 3656 Coele-

349 3703 517 3755 stium.
532 3700 593 3753 6°
612 3696 849 3753 Edictum
880 3696 1146 3751 Volusiani
1168 3713 1259 3765 pro
1274 3693 1612 3764 publicationi:
1629 3689 1907 3759 superioris

350 3791 618 3860 Rescripti.
644 3788 727 3843 III.
778 3788 1010 3844 Traditio
1039 3784 1182 3839 Petri
1210 3785 1272 3837 de
1300 3784 1494 3838 Sancto
1525 3781 1637 3853 (qui
1660 3778 1910 3847 traditur)

350 3884 415 3935 ad
434 3880 742 3935 Canonicam
762 3880 1150 3933 Cadurcensem.
1188 3876 1275 3931 IV.
1311 3874 1540 3930 Traditio
1564 3871 1819 3928 Guillelmi
1847 3870 1909 3924 de

353 3969 686 4023 Carbonarias
729 3969 800 4021 ad
825 3968 1187 4022 monasterium
1226 3963 1511 4019 Tutelense.
1559 3962 1623 4017 ν.
1676 3960 1907 4016 “editio

357 4055 489 4110 Elia:
516 4057 576 4109 de
606 4054 764 4110 Naris
785 4058 849 4111 ad
871 4056 1006 4111 idem
1030 4055 1409 4109 monasterium
1446 4068 1513 4109 ex
1557 4050 1909 4108 Chartulariis

356 4147 572 4201 istarum
593 4144 928 4201 ecclesiarum
947 4154 1002 4201 ct
1020 4145 1481 4199 monasteriorum.

424 4234 574 4289 1677.
619 4233 872 4305 Lugduni,
920 4234 1056 4305 apud
1089 4234 1417 4298 Anissonios;
1449 4232 1625 4303 iit-{01.
1674 4230 1907 4285 Salviani

353 4323 691 4378 Massiliensis
721 4324 838 4376 libri
867 4322 979 4376 Vill
1001 4323 1067 4377 de
1087 4321 1482 4377 Gubernatione
1509 4321 1635 4384 Dei;
1667 4319 1908 4387 ejusdem

354 4415 601 4484 Epistula:
621 4414 686 4468 ad
707 4414 972 4478 diversos;
998 4415 1119 4467 item
1143 4412 1472 4472 Timotheus,
1486 4410 1597 4463 sive
1616 4407 1735 4461 libri
1754 4406 1819 4460 Ν
1842 4405 1908 4459 ad

198 4522 205 4529 '
282 4526 289 4545 ι
354 4503 662 4581 Ecclesiam,
685 4503 861 4557 omnia
888 4504 955 4558 ad
1001 4502 1426 4557 emendationem
1455 4498 1636 4569 Steph.
1684 4498 1903 4551 Baluzii.

354 4592 410 4648 In
434 4591 565 4645 Bibl.
595 4592 740 4646 Max.
779 4591 991 4645 Patrum
1013 4598 1049 4645 t.
1076 4591 1205 4655 VIII,
1234 4603 1386 4659 pagg.
1420 4587 1675 4644 559-401.

420 4681 576 4735 1684.
617 4682 858 4745 Parisiis,
895 4682 1032 4753 apud
1071 4681 1404 4735 Franciscum
1447 4680 1686 4751 Muguet;
1742 4678 1904 4732 iit-8°.

352 4771 665 4826 Sanctorum
694 4770 1129 4840 Presbyterorum
1153 4769 1388 4824 Salviani
1434 4767 1628 4822 Massil.
1679 4774 1734 4821 et
1782 4767 1908 4819 Viu-

326 4861 512 4919 ,centii
543 4859 650 4913 Lir.
688 4859 879 4928 Opera.
912 4858 1212 4928 Stephanus
1232 4859 1477 4912 Baluzius
1501 4856 1799 4912 Tutelensis
1843 4856 1911 4910 ad

353 4948 507 5003 ﬁdem
537 4956 777 5002 veterum
798 4949 1041 5003 codicum
1064 4962 1187 5003 mss.
1219 4946 1520 5001 emendavit
1546 4954 1601 5001 et
1619 4946 1769 5000 Notis
1793 4945 1913 4999 11111-

266 5100 267 5107 γ
353 5036 557 5089 stravit.
593 5035 767 5089 Editio
790 5036 969 5089 tertia.
1007 5055 1025 5086 ι
1060 5036 1189 5089 Cum
1220 5042 1273 5089 et
1300 5035 1531 5089 secunda
1559 5049 1773 5104 quoque
1797 5034 1911 5089 edi-

354 5123 453 5186 tio,
490 5121 658 5190 inquit
702 5123 968 5190 Baluzius,
1010 5125 1260 5179 distracta
1309 5124 1513 5188 fuisset,
1554 5126 1914 5193 typographus

351 5218 531 5264 autem
559 5211 772 5265 eosdem
796 5212 962 5267 libros
997 5213 1095 5267 sub
1117 5212 1379 5276 incudem,
1413 5218 1469 5265 ut
1491 5212 1563 5264 ita
1591 5211 1782 5276 dicam,
1828 5227 1913 5265 re-

350 5314 545 5353 vocare
583 5300 762 5360 vellet,
786 5308 840 5354 et
868 5301 1077 5357 interim
1098 5308 1283 5354 nactus
1310 5314 1480 5354 essem
1508 5300 1776 5369 exemplar
1796 5298 1913 5353 ma-l

349 5392 700 5459 nuscriptum,
727 5410 835 5462 quo
860 5394 1094 5451 Pithmus
1115 5411 1239 5450 usus
1266 5405 1349 5450 est
1376 5395 1428 5449 in
1475 5395 1821 5449 emendandis
1852 5395 1916 5449 li-

349 5478 466 5531 bris
486 5478 554 5532 dc
573 5478 972 5535 Gubernatione
1001 5482 1115 5547 Dei,
1154 5492 1264 5537 tum
1295 5484 1454 5537 etiam
1484 5483 1629 5544 illud,
1661 5499 1780 5538 cum
1808 5501 1914 5553 quo

350 5565 496 5619 idem
510 5568 734 5620 contulit
761 5570 924 5621 libros
944 5578 1174 5637 quatuor
1194 5571 1447 5626 adversus
1469 5572 1774 5636 Avaritiam,
1795 5589 1913 5641 quae

308 5740 316 5750 .
347 5669 496 5709 nunc
516 5665 723 5714 exstant
747 5657 796 5711 in
823 5658 1141 5714 bibliotheca
1163 5660 1491 5726 Colbertina,
1509 5665 1688 5734 putavi
1718 5663 1911 5718 debere

2007 3225 2130 3279 loco
2158 3224 2451 3278 Hrassieaui
2481 3231 2639 3287 natm,
2663 3240 2785 3279 cum
2813 3224 2984 3279 indice
3014 3225 3065 3279 in
3095 3224 3310 3279 eosdem
3334 3224 3569 3293 peculia-
3614 3220 3617 3225 ’

2007 3313 2136 3366 riter
2154 3313 2495 3368 concinnato.
2516 3311 2711 3367 Mirum
2722 3326 2851 3367 vero
2872 3327 2968 3366 cur
2987 3310 3273 3367 editionem
3295 3311 3570 3365 secandam

2009 3399 2209 3454 Baluziii
2232 3403 2428 3470 potius,
2459 3416 2618 3470 quam
2640 3403 2862 3465 tertiam,
2894 3400 3293 3455 exscribendam
3320 3401 3461 3471 typis
3485 3399 3573 3454 de-

2004 3489 2145 3544 derit
2190 3490 2498 3561 bibliopola,
2547 3491 2640 3560 qni
2690 3490 2907 3545 minime
2945 3488 3112 3543 solius
3146 3497 3380 3558 quaestus
3402 3487 3569 3557 gratia

2007 3578 2144 3633 hanc
2170 3594 2353 3635 caram
2373 3580 2670 3650 suscepisse
2689 3578 2854 3633 videri
2885 3578 3070 3633 voluit.

2596 3705 2804 3742 saeuae
2834 3692 2974 3739 xvul.

2080 3797 2236 3851 I728.
2284 3795 2725 3859 Venetiis;in-8°.
2755 3793 2993 3847 Salviani
3031 3792 3374 3848 Massiliensis
3418 3808 3567 3862 pres-

2008 3886 2178 3959 byteri
2214 3886 2385 3954 Opera
2418 3883 2697 3938 emendata
2719 3896 2839 3936 eum
2870 3879 3012 3934 uotis
3045 3897 3078 3934 a
3116 3879 3295 3950 Steph.
3339 3880 3564 3936 Batusio.
3618 3936 3621 3939 .

2007 3977 2122 4032 Cat.
2157 3974 2290 4029 Bibl.
2318 3973 2482 4028 Firm.
2517 3981 2554 4025 t.
2581 3972 2627 4036 I,
2651 3988 2704 4042 p.
2736 3970 2826 4026 55.

2082 4066 2233 4120 1729.
2270 4066 2497 4129 Pisauri,
2520 4082 2547 4117 ε
2588 4061 2923 4134 typographia
2955 4060 3212 4126 Garellia;
3258 4061 3401 4116 ἔνι-ιν
3439 4062 3566 4132 ma}.

2008 4155 2241 4211 Salviani
2272 4153 2610 4208 Massiliensis
2629 4154 2853 4224 episcopi
2871 4151 3277 4208 Concordantia:
3313 4150 3573 4222 Operibus

2008 4244 2123 4312 ejus
2150 4254 2371 4297 annexa:
2396 4241 2464 4312 [i.
2495 4257 2545 4294 e.
2571 4240 2742 4310 Opera
2765 4241 2998 4294 Salviani
3017 4256 3128 4293 cum
3149 4237 3577 4308 Coneordantiis]

2010 4334 2347 4402 alphabetice
2372 4332 2642 4399 dispositae
2665 4331 2843 4385 studio
2870 4346 2933 4383 ac
2960 4330 3139 4383 labore
3165 4328 3344 4382 Patris
3392 4329 3574 4382 Deme-

2015 4424 2097 4476 trii
2146 4418 2375 4474 Barbulii
2423 4422 2546 4476 Soc.
2574 4420 2721 4485 Iesu,
2751 4428 2806 4473 et
2844 4418 3179 4473 Eminentiss.
3208 4435 3272 4487 ac
3303 4419 3572 4477 Revereri-

2010 4513 2139 4567 diss.
2186 4512 2409 4582 principi
2456 4510 2712 4566 cardinali
2741 4509 2906 4563 Fabio
2933 4509 3001 4564 de
3025 4509 3316 4566 Abbatibus
3342 4508 3573 4566 Oliverio

2010 4604 2303 4658 humillime
2349 4603 2567 4657 dicatae.
2621 4600 2767 4669 Opus
2819 4601 3065 4654 omnibus
3109 4616 3380 4656 sacrarum
3416 4601 3574 4657 disci-

2009 4694 2276 4762 plinarum
2324 4693 2595 4755 studiosis,
2626 4692 2721 4746 sed
2749 4690 3080 4760 potissimum
3128 4693 3371 4749 aseeticis
3408 4691 3576 4762 magi-

2010 4784 2157 4850 stris,
2214 4793 2373 4852 atque
2421 4781 2888 4838 concinnatoribus
2935 4781 3078 4836 verbi
3121 4783 3217 4837 Dei
3242 4798 3577 4853 summopere

2012 4872 2337 4942 proﬁciam.

2087 4959 2253 5015 [nano
2283 4975 2419 5028 opus
2448 4960 2682 5028 ineptum
2698 4959 2826 5013 etin
2848 4959 3383 5023 chartarum,utinam
3406 4957 3579 5011 minus

2014 5047 2319 5112 m'tidarum,
2332 5046 2594 5114 jacturam
2615 5047 2946 5116 impressum.
2969 5047 3086 5101 Unn
3111 5064 3139 5099 ιι
3165 5047 3300 5100 forte
3321 5053 3420 5107 est,
3436 5044 3578 5111 quod

2016 5138 2070 5190 in
2101 5138 2240 5191 hunc
2258 5151 2476 5190 censum
2506 5151 2613 5190 non
2641 5137 2845 5200 veniat,
2875 5137 2992 5189 Vila
3018 5152 3103 5189 seu
3147 5136 3313 5203 potius
3344 5133 3579 5204 Elogium

2017 5225 2250 5280 Salviani
2267 5242 2298 5277 a
2325 5225 2520 5279 Larino
2549 5226 2751 5280 Amulio
2770 5227 3037 5279 novissime
3064 5224 3221 5287 edita,
3252 5224 3318 5278 ab
3344 5223 3579 5293 ejusdem

2023 5313 2256 5367 Salviani
2283 5312 2535 5382 Epistolis
2555 5314 2885 5382 potissimum
2913 5310 3207 5364 cnucleata.

2095 5400 2247 5453 1771.
2287 5400 2529 5464 Venetiis,
2552 5417 2618 5453 ea:
2646 5400 2866 5468 Typogr.
2887 5397 2973 5450 lo.
3009 5398 3158 5468 Bapt.
3200 5400 3425 5467 Albritii,
3461 5403 3583 5457 Hie-

2024 5505 2134 5541 ron.
2157 5490 2234 5557 ﬁl.
2256 5506 2272 5552 ;
2293 5490 2459 5559 ὅτι-[οι.
2488 5487 2719 5541 Salviani
2742 5486 3037 5555 presbyteri
3060 5474 3397 5545 Massiliensis
3410 5493 3584 5561 Opera

2021 5592 2141 5644 qua:
2193 5583 2404 5630 exstant
2457 5574 2654 5626 oninia.
2706 5573 2944 5628 Accessit
2988 5575 3252 5631 Vincentii
3300 5578 3585 5633 Lirinensis

2022 5666 2515 5722 Commonitorium.
2551 5663 2627 5717 Ex
2653 5665 2805 5718 tertia
2836 5666 3066 5722 editione
3099 5668 3349 5737 Stephani
3390 5667 3583 5721 Balusii
