4234 6250
588 336 658 393 25
1207 340 1262 394 5.
1299 338 1676 395 SALVIANUS
1715 306 2170 399 MASSILIENSIS
2208 302 2625 394 PRESBYTER.
2658 372 2728 381 --
2758 292 3285 397 PROLEGOMENA.

585 452 648 508 νγ.
681 452 740 507 C.
774 452 830 506 In
861 420 992 506 Bilil.
1022 449 1136 505 ρι’.
1168 461 1219 504 ει
1245 450 1350 506 SS.
1390 451 1501 504 Vel.
1527 449 1671 503 Eccl.
1724 449 1955 504 Asnam:
2006 448 2149 503 GM.-

2258 450 2498 521 Tr‘attato
2526 451 2578 506 di
2606 452 2857 509 Salviano
2885 452 3211 508 Marsiliense
3234 454 3370 509 della
3399 452 3743 518 Providcnza,
3778 455 3829 508 in

585 559 756 597 LANDII
780 550 925 596 tome
947 540 1013 604 Χ,
1038 554 1201 609 pagg.
1218 538 1443 593 {—102.

654 633 802 687 Notae
830 631 1145 692 Baluzianar,
1178 644 1283 683 non
1305 637 1363 682 ut
1390 627 1523 682 alias
1542 628 1679 682 solet
1705 625 2008 693 bic'editor,
2035 635 2180 703 texi

582 729 658 780 tui
686 718 887 788 statim,
916 724 1008 778 sed
1038 723 1106 776 ad
1133 721 1337 776 calcem
1384 719 1637 788 subjectae
1678 730 1822 785 sunt,
1851 720 1986 775 adeo
2014 728 2073 774 ut
2101 720 2154 773 in

582 813 831 870 omnibus
875 812 1048 867 tertia:
1088 810 1339 866 editionis
1367 808 1680 881 Baluzianze
1716 809 1884 864 forma
1922 817 2154 869 constet.

582 907 679 960 nisi
709 904 850 974 quod
878 904 944 958 de
972 918 1070 958 suo
1098 902 1217 956 loca
1239 900 1519 955 Biblica'in
1550 900 1786 955 inferiori
1809 900 2047 969 margine
2072 899 2161 955 ad-

580 994 784 1062 iecerit.
817 993 893 1047 De
921 992 1169 1047 Salviano
1198 990 1412 1047 disserit
1432 980 1505 1045 “in
1532 990 1773 1061 Prolcgg.
1807 1007 1922 1060 cap.
1952 988 2003 1053 l,
2031 1007 2153 1059 pag.
2182 984 2183 987 “

524 1116 525 1119 η
580 1100 677 1149 ιιι,
707 1100 781 1135 ιν.

1190 1168 1199 1171 ’
1234 1168 1527 1251 Verpiones.

646 1261 837 1316 Omnia
867 1262 1103 1317 Salviani
1134 1278 1295 1332 opera
1325 1262 1464 1317 haud
1491 1262 1656 1317 semel
1690 1263 1741 1317 in
1772 1262 2003 1329 linguam
2031 1259 2156 1314 Cal-

580 1339 730 1406 licam
761 1352 1002 1407 traducta
1023 1360 1149 1407 sunt
1177 1367 1207 1406 a
1236 1349 1449 1416 Corseo,
1470 1351 1698 1406 Bonneto
1722 1358 1776 1406 et
1795 1352 1931 1405 aliis.
1957 1349 2157 1404 Praeter

579 1457 639 1513 ea
669 1441 731 1495 de
759 1430 1088 1495 Providentia
1122 1440 1238 1494 libri
1267 1457 1376 1496 non
1412 1442 1585 1496 solum
1614 1457 1644 1495 a
1675 1439 1838 1495 Gallis
1874 1442 1969 1497 sed
2006 1425 2187 1498 Italis.

582 1532 747 1584 etiam
772 1531 1020 1586 conversi
1049 1540 1283 1595 exstant,
1313 1540 1372 1587 ut
1398 1533 1681 1601 sequentia
1704 1541 1987 1605 testantur.
2180 1516 2185 1522 ’

649 1620 967 1675 ϐααὶεω.-
992 1619 1144 1673 1575.
1177 1621 1323 1692 Lgon
1343 1662 1359 1686 ,
1401 1622 1525 1676 chez
1545 1621 1695 1677 Cuil.
1726 1622 1961 1689 Rouille;
1992 1624 2152 1679 ill-8°.
2188 1662 2189 1665 η

581 1709 638 1779 S.
667 1709 884 1764 Salvian
908 1725 1113 1780 eveque
1142 1710 1210 1766 de
1234 1710 1609 1766 Marseille‘du
1651 1728 1782 1783 vray.
1801 1713 2077 1781 jugement
2103 1721 2161 1768 et

2262 540 2472 621 Latino,
2505 544 2569 620 in.
2599 542 2855 611 Italiano,
2886 543 2952 599 ed
3000 544 3052 598 in
3092 543 3373 598 Francese.
3427 545 3653 615 Argelati
3701 545 3735 597 1.
3788 545 3827 599 l.

2256 629 2444 685 Versio
2471 631 2673 686 Gallica
2702 641 2783 686 est
2812 631 3261 703 Malpertuisiana,
3292 632 3486 687 Italica:
3523 643 3710 688 auctor
3736 632 3832 688 fuit
3914 697 3921 701 _

2259 719 2425 775 Guido
2455 717 2743 775 Ronsartus
2760 716 3041 777 sacerdos.~

2927 809 3155 869 Codices.

2327 902 2366 955 1.
2409 902 2679 957 Librorum
2707 904 2771 957 de
2796 904 3027 958 Avaritia
3052 920 3070 957 :
3103 903 3164 955 1ο
3192 898 3386 967 Codex,
3423 902 3563 957 unde
3602 900 3839 972 primum

2258 991 2385 1045 editi
2431 982 2678 1058 fuerunt,
2727 993 2814 1047 Jo.
2860 992 3137 1058 Sichardi,
3185 992 3252 1047 de
3296 1007 3405 1061 quo
3450 1007 3556 1046 non
3599 999 3830 1045 constat.

2258 1082 2319 1133 2°
2349 1081 2655 1152 Exemplar,
2686 1098 2753 1137 ex
2788 1098 2895 1152 quo
2924 1098 3018 1138 eos
3038 1083 3314 1151 castigavit
3356 1082 3605 1146 Pithoeus,
3634 1081 3834 1150 migra-

2259 1181 2408 1227 verat
2423 1173 2475 1227 in
2496 1172 2872 1227 bibliothecam
2888 1159 3271 1257 Camerti-nam,
3293 1173 3379 1225 ubi
3400 1170 3528 1225 illud
3550 1178 3737 1225 nactus
3751 1179 3834 1225 est

2260 1264 2506 1319 Baluzius
2534 1272 2588 1317 et
2616 1265 2668 1318 in
2711 1264 2884 1318 tertiis
2910 1263 3052 1318 curis
3091 1263 3347 1317 adhibuit.
3388 1261 3494 1317 Sed
3528 1262 3832 1316 describere

2259 1370 2367 1410 non
2396 1356 2669 1409 sustinuit.
2701 1355 2763 1408 5ο
2792 1354 3005 1409 Codices
3035 1353 3255 1419 Baluzii,
3287 1369 3423 1422 quos
3452 1354 3504 1407 in
3533 1353 3703 1422 prima
3722 1360 3832 1405 sta-

2381 1443 2618 1499 editione
2645 1443 2884 1498 adhibuit
2919 1452 2975 1498 et
2994 1458 3115 1498 cum
3144 1441 3422 1498 Pithaaana
3462 1441 3702 1504 contulit,
3731 1439 3831 1493 duo

2266 1533 2429 1604 Regii,
2455 1549 2484 1587 a
2507 1520 2622 1588 Nic.
2645 1531 2917 1598 Colberto,
2951 1531 3269 1587 Lucioncnsi
3313 1547 3377 1586 ac
3414 1531 3540 1586 dein
3568 1529 3831 1584 Autissio-

2258 1622 2474 1678 dorensi
2494 1623 2748 1693 episcopo
2768 1638 2831 1677 ac
2850 1622 3186 1677 bibliotheca:
3207 1621 3385 1690 Regia:
3404 1618 3678 1690 praefecto,
3705 1634 3829 1672 ann.

2261 1712 2417 1778 1060,
2442 1712 2543 1781 ipsi
2561 1711 2959 1776 communicati,
2989 1712 3117 1765 alter
3138 1718 3501 1791 pervetustus,
3521 1709 3682 1764 modo
3701 1707 3831 1762 Cor-

580 1799 899 1867 providence
948 1800 1016 1855 de
1063 1800 1229 1866 Dieu,
1276 1801 1471 1856 traduit
1510 1816 1587 1856 en
1621 1801 1852 1870 francois
1878 1819 1976 1874 par
1997 1804 2056 1857 Β.
2091 1804 2160 1857 Β-
2184 1794 2229 1874 ,Β
2259 1797 2461 1856 beiensi
2491 1802 2747 1857 librorum
2786 1801 2849 1854 de
2877 1799 3255 1854 Gubematione
3286 1798 3412 1862 Dei,
3457 1814 3616 1867 quem
3654 1797 3833 1852 statim

584 1886 645 1939 l).
676 1885 733 1939 S.

635 1951 806 2046 :1655.
831 1974 1007 2041 Paris,
1025 1977 1148 2030 cltez
1160 1976 1358 2048 Caspar
1371 1977 1603 2032 Meturas
1612 1995 1630 2042 ;
1650 1978 1818 2033 ὅπα-ιο.
1835 1978 1936 2034 Lcs
1946 1996 2185 2057 muvres

581 2064 647 2125 de
673 2063 921 2130 Salvian,
950 2065 1154 2136 évéque
1179 2068 1247 2122 de
1273 2067 1556 2133 Marseille,
1587 2076 1877 2149 contenant
1921 2070 1998 2125 les
2043 2071 2159 2125 huit

582 2155 739 2209 livres
780 2154 849 2209 de
888 2156 938 2209 la
984 2154 1344 2224 Providencc,
1400 2159 1479 2213 les
1526 2167 1716 2227 quatre
1762 2160 1920 2215 livres
1968 2170 2158 2217 contre

583 2245 841 2301 l‘Avarice
869 2262 1002 2301 avec
1039 2248 1301 2317 plusieurs
1343 2250 1570 2320 epistres
1599 2250 1855 2307 traduites
1896 2267 2027 2308 avec
2063 2252 2159 2308 des

582 2344 734 2391 notes
763 2351 861 2406 par
888 2335 1069 2392 Pierre
1089 2336 1275 2392 σοι-δε.

651 2423 805 2477 1700.
838 2423 1019 2490 Paris,
1045 2426 1167 2480 cltez
1195 2424 1363 2480 Guill.
1396 2427 1860 2501 Valleyretin-li.
1892 2430 1955 2483 ΙΙ
1982 2432 2152 2486 tomis.
2182 2488 2193 2501 ,

583 2512 681 2568 Les
707 2528 920 2571 muvres
964 2515 1032 2571 de
1078 2515 1291 2571 Salvicn
1339 2527 1394 2571 et
1441 2518 1491 2571 le
1539 2518 1695 2574 traité
1739 2519 1808 2574 de
1835 2518 2067 2576 Vinecnt
2089 2520 2157 2575 de

583 2602 767 2659 Lerins
794 2611 981 2660 contre
1008 2606 1084 2661 les
1104 2605 1377 2670 Hérésies,
1396 2607 1620 2664 traduits
1637 2623 1705 2665 en
1726 2608 1958 2676 [rancois
1981 2626 2081 2681 par
2107 2610 2158 2666 le

380 2704 385 2708 ·
484 2729 487 2733 ν
584 2691 645 2745 Ρ.
672 2691 885 2760 Bounet,
909 2704 1116 2764 prestre
1135 2695 1202 2751 de
1228 2694 1526 2751 l'Oratoire.
1870 2725 1874 2728 ‹
1972 2735 1975 2741 -

652 2781 805 2836 1701.
838 2783 1014 2849 Paris,
1037 2786 1160 2839 cite:
1184 2785 1341 2841 Louis
1370 2784 1591 2853 Gueriu;
1621 2788 1784 2843 iit-8°.
1819 2788 2053 2857 Salvien,
2089 2790 2158 2846 de

585 2870 630 2923 la
657 2869 1001 2935 Providence,
1027 2875 1225 2930 traduit
1253 2892 1319 2931 cn
1348 2876 1582 2944 francois
1602 2894 1699 2948 par
1715 2879 1849 2933 Jean
1878 2872 2073 2935 Drouet
2094 2880 2157 2935 de

587 2959 925 3031 Maupertuis.

654 3049 811 3105 1754.
841 3049 1016 3121 Paris,
1043 3055 1165 3108 cltez
1182 3055 1498 3129 Jean-Bapt-.
1526 3059 1831 3128 Delespine;
1864 3059 2160 3114 ἱη-12..1..θερ

2256 1890 2815 1954 commemorabimus,
2845 1889 3141 1959 posterior;
3171 1888 3305 1941 alter
3323 1886 3832 1957 quadringentorum

2227 2013 2230 2018 -
2260 1981 2425 2035 ferme
2453 1993 2735 2035 annorum.
2778 1979 2855 2034 Ac
2896 1979 2949 2032 in
2984 1978 3147 2047 priori
3194 1977 3285 2031 illo
3314 1984 3430 2031 erat
3455 1975 3681 2045 epistola
3712 1974 3833 2029 Sal-

2260 2071 2404 2125 viani
2429 2071 2495 2125 ad
2525 2070 2822 2134 Salonium,
2852 2083 2971 2139 qua:
2993 2054 3199 2138 pmligi
3231 2067 3370 2121 solet
3402 2065 3554 2120 libris
3581 2064 3833 2118 adversus

2260 2161 2556 2226 avaritiam,
2587 2174 2748 2228 quam
2776 2167 2952 2213 tamen
2978 2158 3029 2211 in
3059 2165 3272 2212 vetusto
3294 2172 3392 2212 suo
3416 2154 3710 2224 exemplari
3734 2152 3830 2207 de-

2260 2251 2449 2307 fecisse
2476 2256 2758 2304 monuerat
2808 2248 3066 2302 Pithmus.
3116 2244 3372 2298 Eamdcm
3418 2259 3546 2298 vero
3575 2230 3736 2296 etiam
3782 2240 3834 2293 in

2260 2342 2545 2397 recentiori
2593 2339 2760 2407 Regio
2804 2337 3233 2406 deprehensurus
3279 2333 3461 2387 fuisset
3507 2331 3753 2384 Baiuzius
3782 2328 3835 2382 ni

2258 2432 2436 2502 priora
2465 2432 2581 2498 ejus
2607 2428 2731 2483 folia
2758 2428 3065 2497 periissem.

2328 2523 2390 2578 ll.
2417 2521 2685 2576 Librorum
2699 2519 2762 2572 de
2777 2517 3153 2572 Gubernatione
3168 2514 3262 2568 De:
3280 2529 3296 2567 :
3316 2512 3374 2565 1ο
3394 2511 3565 2566 Codex
3579 2511 3833 2580 princeps,

2259 2615 2312 2669 id
2339 2621 2423 2669 est
2445 2628 2513 2668 ex
2532 2626 2640 2680 quo
2661 2610 2827 2663 libros
2848 2607 2966 2662 illos
2984 2604 3174 2660 extulit
3191 2603 3280 2658 1ο.
3304 2603 3452 2656 Alea“.
3478 2600 3835 2663 Brassicanus,

2259 2704 2356 2759 fuit
2384 2700 2511 2759 Olim
2540 2699 2877 2756 bibliotheca:
2904 2695 3081 2763 Regia:
3106 2692 3366 2748 Budensis
3396 2690 3448 2743 in
3478 2687 3743 2756 llungaria
3784 2695 3835 2740 ct

2238 2786 2387 2851 'ante
2424 2793 2540 2863 ejus
2579 2790 2844 2847 excidium
2892 2785 3147 2841 Ludovici
3185 2783 3327 2852 regis
3370 2778 3733 2835 muniﬁcentia
3771 2776 3836 2831 ad

2260 2858 2630 2941 Brassicanum
2671 2877 2934 2950 pervenit.
2975 2874 3117 2930 Satis
3156 2871 3438 2928 emendate
3464 2869 3693 2938 scriptus
3720 2858 3845 2927 fuit,

2261 2983 2321 3029 ut
2347 2990 2410 3028 ex
2452 2971 2739 3027 collatione
2781 2976 2959 3023 textus
2988 2980 3109 3020 cum
3137 2961 3481 3033 sequentibus
3520 2956 3837 3012 editionihus

2260 3070 2555 3131 comparet.
2588 3060 2654 3112 9."
2682 3058 2871 3111 Fit/mai
2899 3057 3164 3125 exemplar
3208 3053 3621 3108 vetustissimum
3641 3088 3657 3111 ,
3699 3045 3839 3118 quod

585 3158 796 3211 ωινγεδ
815 3143 882 3199 de
902 3144 1353 3216 Salvien,prestre
1378 3148 1447 3203 de
1463 3148 1745 3215 Marseille,
1764 3157 2055 3205 contenant
2074 3165 2160 3205 ses
2184 3144 2232 3205 C
2265 3151 2353 3206 ille
2380 3146 2777 3205 accuratissime
2823 3143 3055 3197 exscribi
3100 3142 3325 3194 curavit.
3375 3140 3519 3192 idem
3569 3144 3757 3205 postea
3789 3135 3840 3187 in

498 3241 513 3251 ’
585 3234 771 3291 lettres
797 3242 853 3289 et
878 3248 965 3288 ses
1004 3234 1192 3291 traitez
1218 3252 1312 3289 sur
1333 3237 1534 3305 l‘esprit
1569 3237 1889 3302 d‘intcrest,.
1910 3249 1966 3291 et
1991 3253 2083 3291 sur
2109 3237 2169 3291 la.

587 3323 936 3389 Providcnce,
960 3326 1219 3382 traduites
1243 3342 1311 3382 en
1332 3326 1564 3394 francois
1589 3343 1688 3398 par
1716 3344 1785 3382 un
1807 3326 1866 3381 P.
1901 3328 2119 3385 Jésuite.

660 3410 1143 3467 [taliaes—1579.
1180 3413 1246 3467 lu
1276 3414 1497 3481 Milone,
1528 3432 1778 3486 appressa
1799 3408 2165 3479 Micliel'Tmi;

585 3498 758 3553 iii-12.
818 3499 981 3555 Libro
1000 3499 1063 3554 di
1081 3501 1332 3557 Salviano
1359 3517 1590 3558 vescovo
1617 3503 1671 3558 di
1690 3503 1955 3573 Marsiglia
1982 3514 2161 3558 contra

584 3588 656 3658 gli
697 3588 982 3659 Spettacoli
1009 3604 1041 3644 e
1066 3591 1204 3646 aitre
1231 3591 1419 3645 vanita.
1451 3592 1538 3646 del
1566 3592 1796 3657 mendo,
1829 3592 2065 3648 tradotto
2093 3595 2159 3648 da

498 3704 503 3715 ε
587 3675 648 3729 S.
672 3673 826 3732 Carlo
849 3677 1153 3748 Borromeo,
1179 3696 1285 3735 una
1314 3696 1431 3736 cum
1456 3681 1759 3738 Memoriale
1786 3682 1839 3737 di
1868 3685 2164 3756 monsignor

495 3778 503 3830 ξ
585 3764 935 3823 illustrissimo
962 3785 992 3822 ε
1024 3771 1443 3826 reverendissimo
1470 3773 1735 3826 cardinal‘e
1765 3773 1819 3826 di
1849 3773 1908 3828 S.
1935 3773 2165 3828 Prasede

497 3848 501 3861 ’
586 3859 923 3924 arcivescoro,
946 3861 1001 3914 al
1037 3879 1130 3917 suo
1163 3862 1337 3917 diletto
1370 3865 1556 3934 popolo
1579 3864 1715 3917 delia
1735 3864 1899 3928 cum,
1918 3866 2166 3919 ediocese

588 3950 641 4002 di
672 3949 892 4005 Hilario.
936 3952 1165 4021 Argelati
1188 3952 1321 4006 Bibl.
1354 3954 1490 4023 degli
1528 3953 1815 4023 Volgari‘zz.
1842 3953 1903 4006 T.
1930 3954 1994 4007 ΙΙΙ
2018 3955 2160 4023 (Μὶ-

589 4039 710 4091 lano
745 4038 894 4102 1767,
918 4038 1116 4108 iii-4°),
1145 4054 1264 4108 pag.
1293 4038 1416 4094 529.
1459 4040 1648 4096 Nescio
1673 4051 1869 4107 tamen,
1912 4058 2064 4105 unus,
2097 4058 2164 4096 an

592 4141 782 4180 omnes
810 4127 874 4179 de
901 4126 1280 4183 Cubernatione
1319 4128 1415 4184 Dei
1447 4130 1564 4185 libri
1605 4131 1707 4185 hoc
1737 4131 1891 4186 titulo
1919 4144 2169 4203 compre-

596 4216 913 4273 hendantur.

670 4307 819 4364 1705.
857 4310 918 4364 In
966 4313 1247 4385 .‘lvignone,
1295 4332 1535 4386 apprcsso
1585 4315 1709 4369 Gio-
1748 4314 1948 4386 llobby;
1997 4315 2175 4368 imi“-

2262 3240 2583 3296 bibliotheca
2611 3235 2917 3290 Colbertina
2962 3229 3161 3301 reperit
3197 3228 3442 3282 Baluzius
3480 3233 3538 3279 et
3575 3224 3641 3277 ad
3686 3238 3849 3277 curas

2263 3325 2737 3385 tertiasadhibuit.
2771 3325 2832 3377 5°
2864 3322 3064 3375 Baluzii
3112 3319 3314 3385 codex,
3360 3314 3672 3371 monasterii
3709 3313 3841 3367 Cor-

2263 3416 2498 3474 beiensis
2539 3413 2637 3469 fuit
2655 3453 2679 3477 ,
2705 3409 3178 3466 vetustissimuset
3204 3406 3418 3477 optima:
3448 3412 3606 3459 notae.
3632 3403 3841 3472 Quippe

2264 3523 2294 3561 a
2322 3507 2590 3563 sexcentis
2612 3502 2734 3557 inde
2759 3501 2913 3555 annis
2938 3499 3191 3568 scriptum
3212 3495 3550 3550 existimabat
3573 3500 3628 3547 et
3653 3506 3840 3546 exara-

2270 3605 2379 3651 tum
2408 3595 2536 3650 dicit
2561 3594 2629 3648 ab
2669 3591 2874 3647 erudita
2896 3604 3082 3654 manu,
3108 3602 3226 3657 quaz
3253 3572 3580 3655 diligentiam
3602 3590 3657 3636 et
3684 3580 3833 3634 indu-

2268 3689 2452 3744 striam
2470 3687 2608 3741 intcr
2627 3684 2731 3739 alia
2751 3698 2818 3738 eo
2839 3687 3152 3750 argumento
3175 3676 3498 3748 probaverit,
3520 3673 3664 3744 quod
3684 3674 3840 3727 inter-

2267 3776 2583 3847 punctiones
2601 3773 2712 3828 fere
2733 3772 2928 3839 ubique
2947 3784 3167 3839 prorsus
3186 3768 3323 3822 bene
3342 3765 3616 3820 collocata;
3639 3768 3836 3816 essent.

2270 3866 2384 3921 Non
2426 3864 2661 3931 integros
2686 3870 2863 3915 tamen
2901 3867 3025 3914 octo
3070 3858 3235 3912 libros
3275 3853 3599 3910 continebat.
3629 3850 3839 3905 Submi-

2271 3954 2590 4009 nistraverat
2615 3965 2738 4005 eum
2761 3966 2827 4003 ex
2854 3932 2981 4002 bibl.
3015 3945 3071 4001 S.
3102 3944 3353 4000 Germani
3373 3942 3441 3997 dc
3468 3940 3642 3995 Pratis
3672 3939 3842 3994 Lucas

2271 4043 2561 4098 Dacherius
2590 4040 2842 4095 Maurina:
2870 4036 3298 4105 congregationis
3324 4034 3522 4090 socius.
3771 4105 3776 4113 Ι

2338 4132 2423 4188 lll.
2455 4121 2847 4202 Epistolarum:
2892 4129 2949 4182 l°
2972 4128 3039 4183 de
3069 4127 3255 4182 Pitliwi
3283 4126 3455 4180 codice
3484 4139 3591 4178 non
3611 4127 3839 4175 constat.

2268 4225 2331 4277 9.0
2365 4222 2566 4277 Baluzii
2593 4220 2911 4291 exemplaria
2965 4234 3070 4274 non
3102 4218 3203 4273 nisi
3232 4216 3363 4273 duas
3390 4215 3595 4285 priores
3635 4217 3690 4264 et
3709 4208 3853 4263 duas.

2274 4313 2598 4384 posteriores
2626 4302 2989 4367 continebant.

1862 4954 1875 4968 .
1976 4834 2457 5095 τξξξξξξξτ
