4234 6250
677 337 741 411 ει
1144 370 1157 382 -
1634 340 1687 396 S.
1729 338 2038 395 SALVIANI
2078 338 2528 398 MASSILIENSIS
2565 338 2987 398 PRESBYTERI
3422 403 3428 409 ,
3853 347 3927 404 52

679 453 855 519 mitti,
905 456 1031 525 quia
1074 471 1175 512 nec
1212 451 1459 511 coe‘ﬂiiat
1494 455 1791 509 malosnec
1819 462 2031 510 tueatur
2058 450 2247 519 Lucas,
2277 457 2326 516 Δ
2358 432 2536 524 lugere
2562 457 2831 524 gestiunt:
2877 456 3069 511 inﬁrmi
3114 464 3266 524 sunt,
3309 456 3613 516 inﬁrmitate
3654 422 3937 519 laetantur;

680 553 737 600 et
780 546 901 603 ideo
938 548 991 601 in
1038 549 1143 602 hoc
1170 546 1364 601 s:eculo
1392 545 1713 599 deteriorem
1745 545 2030 602 admodum
2054 555 2247 600 statum

681 650 802 691 esse
844 637 1159 700 meliorum;
1201 636 1373 690 bonos
1417 633 1617 703 quippe
1664 649 1785 690 esse
1831 635 1886 689 in
1914 643 2248 704 paupertate,

678 726 851 779 malos
881 726 932 778 in
958 725 1312 790 abundantia;
1342 724 1517 779 bonos
1554 725 1608 778 in
1637 724 1970 791 infirmitate,
2002 726 2171 793 malos
2198 727 2252 780 in

679 814 1014 877 fortitudine;
1041 815 1214 869 bonos
1241 828 1454 883 semper
1476 813 1534 885 in
1556 813 1722 879 luctu,
1764 815 1935 871 malos
1961 830 2176 885 semper
2197 816 2251 871 in

645 902 897 969 ~gaudio;
948 902 1118 956 bonos
1168 902 1221 954 in
1266 882 1483 956 miseria
1529 909 1584 956 et
1628 901 1957 971 abjectione,
2000 882 2171 958 malos
2199 903 2251 957 in

677 990 1032 1061 prosperitate
1076 998 1132 1046 et
1166 986 1445 1059 dignitate.
1496 989 1732 1044 Primum
1770 990 1929 1059 igitur
1963 990 2032 1045 ab
2072 991 2136 1045 iis
2161 991 2252 1059 qui

676 1082 779 1135 hoc
810 1080 883 1134 ita
912 1096 1032 1136 esse
1075 1070 1170 1135 vel.
1202 1081 1389 1135 dolent
1427 1080 1511 1134 vel
1551 1088 1831 1145 accusant,
1863 1078 1990 1135 illud
2017 1080 2251 1148 requiro,

674 1172 742 1226 de
770 1173 968 1229 'sanctis
997 1172 1121 1233 hoc,
1156 1172 1206 1225 id
1235 1179 1344 1237 est,
1374 1170 1442 1226 de
1467 1170 1609 1225 veris
1634 1186 1698 1225 ac
1726 1169 1966 1224 ﬁdelibus
1993 1169 2251 1224 Christia-

676 1263 778 1328 nis,
808 1279 876 1317 an
906 1263 973 1317 de
1003 1262 1148 1317 falsis
1191 1270 1246 1316 et
1285 1261 1666 1332 impostoribus
1691 1259 1928 1315 doleant.
1968 1257 2026 1313 Si
2054 1258 2121 1313 de
2149 1258 2250 1312 fal-

675 1353 779 1417 sis;
831 1351 1131 1422 superﬁuus
1157 1350 1337 1414 dolor,
1378 1350 1471 1418 qui
1510 1350 1681 1404 malos
1715 1349 1895 1404 doleat
1930 1364 2036 1403 non
2064 1349 2253 1404 beatos

677 1435 826 1507 esse;
873 1455 993 1495 cum
1040 1441 1226 1508 utique
1271 1440 1593 1508 quicumque
1640 1439 1766 1493 mali
1812 1446 1972 1503 sunt,
2002 1454 2250 1495 successu

677 1545 855 1595 rerum
896 1529 1192 1584 deteriores
1238 1528 1398 1592 ﬁant,
1444 1528 1736 1596 gaudentes
1781 1528 1881 1583 sibi
1920 1530 1976 1598 6
2003 1530 2252 1598 nequitia:

678 1618 912 1673 studium
946 1619 1083 1672 bene
1110 1616 1334 1683 cedere;
1375 1625 1429 1671 et
1469 1616 1589 1671 ideo
1618 1617 1701 1671 vel
1730 1618 1799 1671 ob
1824 1617 1929 1672 hoc
1958 1617 2128 1686 ipsum
2150 1616 2248 1670 mi-

678 1707 1033 1762 serrimi'esse
1058 1706 1255 1761 debent
1285 1714 1342 1759 ut
1368 1705 1493 1759 mali
1523 1720 1643 1759 esse
1668 1704 1945 1767 desistant,
1976 1704 2248 1759 vindican-

2352 545 2480 599 Cum
2525 549 2661 600 enim
2680 586 2698 613 ,
2728 547 2899 616 inquit
2927 536 3245 616 Apostolus,
3294 550 3549 619 inﬁrmor,
3593 560 3715 604 tunc
3745 562 3922 622 potens

2349 652 2462 689 sum
2488 635 2553 705 (ll
2583 635 2703 690 Cor.
2732 652 2823 701 xu,
2854 636 2963 706 10).
3024 636 3134 692 Nec
3180 638 3447 693 immerito
3490 640 3570 696 sic
3611 642 3918 705 arbitratur,

2351 724 2416 777 ad
2442 739 2602 795 quem
2639 724 2781 779 Deus
2816 725 2929 793 ipse
2965 725 3043 781 sic
3070 727 3338 794 loquitur:
3389 727 3590 798 Suﬁicit
3632 731 3720 784 tibi
3754 735 3920 803 gratia

2312 868 2318 874 ,
2352 828 2504 902 mea;
2535 829 2658 867 nam
2685 815 2843 869 virtus
2888 815 2943 869 in
2985 816 3292 884 infimitate
3334 818 3599 902 perﬁcitur
3625 818 3809 889 (Ibid.,
3839 820 3916 891 9).

2352 900 2698 970 Nequaquam
2726 915 2853 969 ergo
2877 902 3035 957 nobis
3069 902 3294 958 dolenda
3323 912 3404 959 est
3432 900 3563 960 haec
3590 905 3808 961 afﬂictio
3833 907 3918 962 in-

2353 986 2687 1054 ﬁrmitatum,
2709 1006 2866 1060 quam
2888 991 3227 1059 intelligimus
3250 999 3473 1047 matrem
3500 1008 3617 1047 esse
3644 994 3915 1049 virtutum.

2351 1076 2536 1146 Itaque
2580 1077 2832 1146 quidquid
2874 1079 3001 1132 illud
3046 1078 3241 1144 fuerit,
3285 1081 3603 1149 quicumque
3644 1097 3770 1137 vere
3796 1083 3918 1137 reli-

2350 1164 2483 1231 giosi
2511 1174 2653 1227 sunt,
2686 1166 2828 1220 beati
2856 1181 2977 1221 esse
3005 1167 3213 1222 dicendi
3241 1176 3364 1222 sunt
3390 1188 3401 1220 :
3432 1169 3556 1237 quia
3585 1170 3721 1224 inter
3739 1185 3919 1239 quam-

2352 1252 2481 1307 libet
2526 1254 2656 1307 dura
2684 1295 2698 1317 ,
2748 1255 3042 1322 quamlibet
3084 1270 3306 1325 aspera,
3346 1257 3477 1310 nulli
3504 1257 3769 1312 beatiores
3795 1268 3916 1312 sunt

2349 1357 2509 1410 quam
2537 1344 2628 1412 qui
2679 1344 2782 1399 hoc
2822 1352 2946 1399 sunt
2989 1346 3132 1415 quod
3174 1346 3378 1401 volunt.
3430 1346 3649 1402 Soleant
3674 1350 3915 1415 quamvis

2350 1451 2468 1490 esse
2513 1437 2751 1491 nonnulli
2797 1438 2888 1506 qui
2936 1438 3111 1507 turpia
3155 1446 3315 1507 atque
3356 1438 3584 1494 obscena
3627 1447 3912 1502 sectantes,
3953 1489 3961 1499 ,

2349 1528 2451 1581 etsi
2472 1526 2624 1594 juxta
2654 1530 2702 1598 7
2730 1528 3040 1597 opinionem
3067 1543 3219 1583 suum
3247 1529 3388 1584 beati
3424 1537 3574 1595 sunt,
3603 1530 3727 1599 quia
3755 1530 3915 1599 adipi-

2350 1626 2570 1673 scuntur
2596 1618 2739 1687 quod
2776 1619 2991 1685 volunt;
3030 1634 3089 1674 re
3116 1628 3294 1673 tamen
3324 1620 3436 1688 ipsa
3464 1620 3608 1674 beati
3634 1635 3739 1673 non
3768 1627 3920 1683 sunt,

2350 1710 2475 1779 quia
2503 1710 2645 1778 quod
2674 1709 2890 1775 volunt,
2922 1710 3064 1765 nolle
3090 1710 3404 1765 debuerant.
3461 1709 3711 1777 Religiosi
3740 1716 3915 1764 autem

678 1805 759 1852 tes
802 1796 1205 1876 improbissimis
1235 1805 1260 1833 α
1289 1796 1669 1866 qumstionibus
1719 1810 1912 1851 nomen
1957 1796 2247 1864 religionis,
2282 1787 2325 1847 Β
2353 1788 2456 1852 hoc
2482 1799 2689 1853 cunctis
2715 1799 2984 1853 beatiores
3010 1807 3170 1861 sunt,
3220 1799 3344 1867 quia
3373 1806 3429 1852 et
3454 1798 3652 1852 habent
3678 1812 3795 1866 qua:
3823 1814 3914 1853 vo-

677 1895 731 1941 et
757 1887 1095 1957 praeferentes
1123 1884 1189 1939 ad
1225 1884 1615 1940 sordidissimas
1643 1884 2032 1952 negotiationes
2060 1884 2085 1922 δ
2122 1885 2247 1938 titu-

678 1976 787 2030 lum
815 1976 1114 2031 sanctitatis
1139 1993 1151 2026 :
1182 1990 1410 2043 quorum
1442 1974 1645 2030 scilicet
1672 1974 1923 2041 nequitiis
1950 1974 1996 2027 si
2026 1974 2250 2028 miseria:

677 2070 1073 2132 comparentur,
1121 2062 1295 2116 minus
1334 2067 1458 2116 sunt
1504 2060 1685 2116 miseri
1730 2073 1889 2128 quam
1937 2069 2245 2116 merentur:

679 2153 800 2222 quia
851 2154 902 2205 in
947 2151 1271 2221 quibuslibet
1302 2151 1531 2206 miseriis
1558 2150 1852 2213 constituti,
1882 2165 1989 2204 non
2018 2159 2143 2205 sunt
2171 2160 2251 2205 ta-

684 2257 807 2295 men
835 2250 941 2294 tam
986 2241 1166 2295 miseri
1211 2255 1371 2310 quam
1416 2247 1541 2295 sunt
1572 2240 1718 2294 mali.
1758 2239 2100 2309 Nequaquam
2125 2255 2253 2309 ergo

682 2348 782 2401 pro
810 2332 894 2385 his
938 2332 1223 2386 dolendum
1271 2331 1414 2401 quod
1458 2346 1564 2386 non
1610 2339 1736 2386 sunt
1761 2322 1954 2385 divites
1981 2346 2046 2386 ac
2071 2332 2250 2397 beati;

681 2419 849 2474 multo
877 2427 1054 2475 autem
1082 2436 1180 2489 pro
1220 2421 1418 2475 sanctis
1457 2421 1631 2475 minus
1656 2439 1670 2474 :
1701 2421 1825 2490 quia
1856 2421 2149 2492 quamlibet
2178 2422 2253 2476 vi-

682 2508 911 2562 deantur
939 2509 1311 2578 ignorantibus
1338 2524 1456 2565 esse
1480 2510 1680 2575 miseri,
1703 2525 1810 2565 non
1825 2510 2048 2579 possunt
2075 2520 2252 2567 tamen

684 2615 801 2654 esse
829 2599 971 2653 aliud
1008 2616 1169 2670 quam
1194 2600 1355 2655 beati.
1396 2598 1733 2670 Superﬁuum
1762 2608 1936 2655 autem
1968 2609 2049 2655 est
2077 2608 2137 2674 ut
2161 2615 2256 2656 eos

682 2690 946 2760 quispiam
966 2690 1051 2746 vel
1071 2688 1380 2745 inﬁrmitate
1404 2691 1487 2745 vel
1507 2696 1819 2760 paupertate
1838 2691 1923 2744 vel
1944 2691 2060 2745 aliis
2079 2690 2257 2745 istius-

685 2780 830 2834 modi
881 2782 1041 2836 rebus
1088 2780 1355 2837 existimet
1404 2794 1521 2836 esse
1560 2780 1811 2845 miseros,
1857 2780 2050 2849 quibus
2094 2795 2152 2836 se
2182 2780 2257 2834 illi

686 2869 960 2923 conﬁdunt
1008 2884 1128 2925 esse
1168 2870 1369 2926 felices.
1423 2869 1590 2925 Nemo
1637 2869 1780 2925 enim
1827 2870 2051 2924 aliorum
2097 2885 2258 2925 sensu

686 2960 851 3014 miser
878 2968 980 3024 est,
1012 2960 1108 3015 sed
1143 2976 1262 3017 suo.
1320 2961 1390 3017 Et
1415 2961 1535 3017 ideo
1564 2976 1671 3016 non
1696 2968 1921 3031 possunt
1946 2960 2259 3030 cujusquam

689 3047 822 3101 falso
846 3047 1050 3116 judicio
1078 3065 1196 3105 esse
1212 3050 1422 3117 'miseri,
1454 3052 1544 3120 qui
1564 3062 1688 3107 sunt
1709 3067 1837 3107 vere
1862 3048 1957 3107 sua
1983 3053 2260 3106 conscien-

2351 1887 2501 1950 lunt,
2550 1896 2607 1941 et
2645 1887 2867 1941 meliora
2907 1902 3065 1956 quam
3104 1901 3223 1957 qua:
3250 1886 3449 1939 habent
3475 1886 3691 1941 omnino
3719 1887 3915 1941 habere

2349 1992 2456 2031 non
2477 1983 2718 2045 possunt.
2742 1975 2917 2030 Labor
2936 1977 3114 2044 itaque
3130 2014 3145 2038 ,
3168 1983 3222 2030 et
3236 1974 3513 2043 jejunium,
3535 1982 3591 2029 et
3608 1983 3911 2044 paupertas,

2350 2073 2405 2119 et
2423 2065 2726 2129 humilitas,
2749 2073 2805 2119 et
2834 2063 3111 2119 inﬁrmitas
3134 2079 3239 2118 non
3267 2064 3513 2118 omnibus
3539 2069 3663 2118 sunt
3688 2078 3913 2120 onerosa

2353 2157 2721 2218 tolerantibus,
2738 2155 2832 2211 sed
2856 2156 3083 2211 tolerare
3104 2155 3423 2211 nolentibus.
3438 2164 3469 2207 ε
3483 2144 3605 2210 Sive
3625 2155 3765 2209 enim
3788 2169 3914 2224 gra-

2353 2249 2438 2302 via
2466 2249 2600 2313 htec,
2624 2247 2737 2302 sive
2757 2248 2915 2312 levia,
2942 2248 3151 2302 animus
3173 2247 3448 2301 tolerantis
3462 2246 3604 2301 facit.
3627 2246 3759 2299 Nam
3781 2245 3919 2298 sicut

2351 2338 2483 2392 nihil
2510 2346 2594 2393 est
2639 2345 2746 2391 tam
2782 2337 2898 2391 leve
2932 2337 3075 2407 quod
3110 2338 3159 2391 ei
3189 2352 3296 2390 non
3324 2349 3483 2403 grave
3510 2336 3579 2391 sit
3613 2336 3631 2373 ι
3662 2335 3753 2403 qui
3783 2334 3916 2387 invi‘

2353 2438 2440 2484 tus
2467 2429 2619 2494 facit,
2669 2430 2745 2484 sic
2771 2427 2902 2483 nihil
2930 2435 3013 2481 est
3039 2433 3147 2480 tam
3177 2440 3337 2494 grave
3364 2425 3506 2494 quod
3534 2441 3641 2478 non
3669 2424 3720 2478 ei
3745 2424 3836 2491 qui
3865 2423 3919 2479 id

2304 2506 2323 2518 ’
2353 2522 2582 2576 libenter
2629 2519 2957 2587 exsequitur,
3008 2518 3124 2571 leve
3168 2531 3285 2570 esse
3329 2514 3588 2569 videatur.
3646 2513 3756 2567 Nisi
3785 2512 3917 2569 forte

2355 2609 2586 2679 antiquis
2622 2608 2726 2663 illis
2770 2608 2957 2677 priscae
2996 2606 3208 2660 virtutis
3237 2604 3380 2675 viris,
3413 2602 3607 2666 Fabiis,
3640 2601 3916 2663 Fabriciis,

2358 2698 2687 2755 Cincinnatis
2704 2738 2718 2763 ,
2770 2711 2931 2765 grave
2971 2694 3132 2750 fuisse
3159 2694 3522 2748 existimamus
3547 2690 3689 2762 quod
3716 2705 3917 2761 paupe~

2356 2806 2445 2845 res
2490 2797 2681 2854 erant,
2732 2787 2823 2856 qui
2870 2786 3059 2841 divites
3105 2799 3225 2839 esse
3271 2783 3554 2846 nolebant;
3592 2795 3715 2836 cum
3741 2779 3917 2833 omnia

2358 2880 2561 2937 scilicet
2605 2877 2776 2933 studia
2801 2917 2816 2942 ,
2866 2889 3052 2935 omnes
3096 2880 3319 2939 conatus
3361 2885 3487 2925 suos
3526 2867 3593 2922 ad
3619 2866 3918 2922 communia

2357 2969 2720 3039 emolumenta
2765 2964 3071 3021 cenferrent
3092 3000 3107 3025 ,
3174 2968 3229 3016 et
3273 2969 3574 3016 crescentes
3618 2954 3918 3025 reipublicai

2359 3059 2500 3111 vires
2527 3060 2733 3127 privata
2763 3062 3075 3123 paupertate
3112 3051 3360 3107 ditarent.
3420 3047 3681 3118 Numquid
3706 3061 3919 3117 parcam

689 3137 759 3189 tia
786 3138 946 3192 beati.
986 3138 1123 3194 Nulli
1144 3142 1305 3206 enim,
1328 3148 1387 3196 ut
1412 3143 1623 3210 opinor,
1652 3142 1920 3197 beatiores
1947 3149 2065 3195 sunt
2095 3157 2253 3211 quam
2283 3126 2328 3186 (ἶ
2361 3145 2504 3198 iilam
2536 3154 2661 3197 tunc
2690 3136 3061 3209 agrestemque
3098 3143 3259 3195 vitam
3286 3156 3406 3196 cum
3433 3140 3631 3208 gemitu
3659 3146 3713 3193 et
3739 3137 3918 3193 dolore

686 3227 776 3296 qui
804 3242 871 3280 ex
915 3230 1182 3281 sententia
1226 3246 1321 3283 sua
1358 3237 1517 3297 atque
1551 3245 1617 3285 ex
1642 3237 1770 3283 voto
1794 3236 1976 3297 agunt.
2017 3228 2255 3284 Humiles

686 3324 811 3369 sunt
830 3317 1088 3384 religiosi,
1133 3318 1235 3371 hoc
1261 3316 1482 3372 volunt:
1518 3326 1543 3355 ε
1575 3330 1835 3385 pauperes
1870 3325 2023 3378 sunt,
2053 3332 2257 3386 paupe-

687 3405 766 3459 rie
795 3405 1127 3460 delectantur
1151 3421 1163 3457 :
1213 3405 1329 3460 sine
1374 3404 1665 3459 ambitione
1691 3410 1851 3467 sunt,
1884 3404 2139 3459 ambitum
2168 3420 2257 3461 re-

688 3504 884 3565 spuunt
908 3513 920 3548 :
965 3495 1209 3550 inhonori
1249 3503 1401 3562 sunt,
1431 3491 1459 3532 ει
1489 3495 1751 3551 honorem
1778 3493 1985 3562 fugiunt
2009 3513 2022 3546 :
2054 3496 2254 3564 lugent,

2361 3231 2663 3287 tolerabant
2686 3270 2700 3295 ,
2748 3243 2869 3282 cum
2896 3227 3029 3279 viles
3056 3236 3120 3279 ac
3147 3235 3173 3272 ε
3203 3228 3428 3278 rusticos
3454 3226 3603 3277 cibos
3630 3233 3752 3278 ante
3778 3224 3919 3293 ipso:

2358 3321 2551 3389 quibus
2577 3322 2834 3373 coxerant
2861 3315 3012 3369 focos
3032 3320 3321 3379 sumerent,
3353 3325 3551 3379 eosque
3570 3312 3712 3380 ipsos
3729 3326 3919 3380 capere

2359 3409 2460 3465 nisi
2489 3407 2562 3463 ad-
2592 3419 2868 3475 vesperam
2905 3418 3013 3457 non
3052 3400 3273 3456 liceret?
3317 3398 3581 3469 Numquid
3618 3412 3759 3468 a3gre
3784 3398 3912 3455 ferc-

2358 3499 2488 3554 bant
2513 3495 2659 3564 quod
2685 3491 2713 3530 δ
2742 3506 2902 3546 avara
2949 3504 3012 3545 ac
3037 3486 3199 3543 divite
3226 3487 3550 3544 conscientia
3579 3486 3693 3541 auri
3721 3487 3929 3543 talenta

1849 3579 2185 3639 STEPHANI
2221 3584 2493 3641 BALUZII
2525 3581 2754 3637 ΝΟΤίΕ.

762 3682 786 3710 ι
820 3673 1204 3748 Rittershusius
1251 3691 1317 3732 ex
1372 3676 1587 3747 ingenio
1623 3675 1925 3733 emendavit
1961 3676 2254 3748 quaestibus,

690 3759 946 3817 suamque
985 3746 1346 3817 conjecturam
1382 3746 1615 3817 probare
1654 3753 1880 3817 conatus
1914 3746 1998 3801 est
2022 3750 2258 3802 auctori-

690 3821 811 3886 tate
839 3812 1097 3886 Cypriani
1131 3816 1358 3886 inulibro
1385 3812 1471 3872 'de
1509 3815 1715 3886 Lapsis.
1763 3814 1830 3870 Et
1866 3822 2059 3886 tamen
2084 3817 2255 3872 codex

688 3881 1030 3940 Corbeiensis
1055 3893 1110 3938 et
1132 3884 1295 3939 editio
1324 3883 1517 3940 Pithmi
1546 3881 1743 3941 habent
1770 3884 2151 3941 auazstionibus.

760 3951 785 3990 δ
814 3950 951 4031 infra
996 3960 1237 4007 extremo
1282 3954 1417 4007 libro
1461 3970 1548 4016 ιιι,
1593 3967 1716 4072 μιῖ
1765 3950 1874 4005 59:
1908 3951 2071 4032 .Niln't
2114 3956 2252 4033 enim

760 4036 895 4072 mmo
928 4021 1133 4072 modest
1180 4037 1359 4072 nomen
1393 4030 1627 4072 sanctum
1700 4019 1849 4071 abere
1874 4035 1987 4072 sine
2003 4021 2247 4072 moribus.

687 4020 895 4075 omnino
927 4019 1133 4088 prodest
1180 4037 1371 4088 nomen,
1393 4019 1627 4088 sanctum
1665 4019 1849 4088 habere
1874 4020 1987 4088 sine
2003 4021 2247 4084 moribus,

718 4091 803 4140 uia
834 4086 933 4140 vita
950 4103 982 4138 α
1004 4088 1320 4157 professione
1338 4087 1638 4141 discordem
1656 4086 1868 4157 obrogat
1888 4086 2100 4157 illustris
2112 4090 2250 4157 tituli

685 4107 803 4206 ἵκω
834 4107 932 4140 ωια
950 4107 982 4138 a
1004 4107 1320 4156 prolusione
1338 4107 1638 4141 ulscaraam
1656 4107 1868 4157 αυτ-σθαι
1888 4107 2100 4140 ιιηιειηδ
2117 4107 2247 4144 ιιιιιιι

701 4170 930 4225 tonarent
953 4171 1043 4225 per
1064 4154 1606 4225 in‘diguorumractuum
1632 4156 1893 4225 vilitatem.
1935 4154 2042 4225 Sic.
2071 4156 2164 4225 lib.
2193 4174 2247 4223 ν,

687 4226 807 4291 pag.
837 4220 962 4292 {08,
988 4222 1040 4276 in
1071 4220 1193 4290 illos
1228 4224 1499 4279 invehitur
1524 4224 1614 4292 qui
1652 4224 1965 4292 religionem
1995 4220 2248 4279 simulanL

686 4290 1057 4364 t_es,adeoque
1086 4293 1230 4355 titulo
1258 4293 1457 4364 sibimet
1482 4290 1777 4347 saitctitatii
1802 4294 2046 4364 inscripto
2068 4333 2083 4359 ,
2114 4309 2249 4363 pro-

686 4360 914 4431 fessione
958 4360 1046 4416 illa
1090 4378 1284 4417 nomen
1329 4362 1545 4431 quidem
1597 4360 1968 4431 mutaverant,
1994 4360 2244 4418 ueterum

686 4429 939 4499 pristinos
983 4446 1160 4486 mores
1195 4448 1300 4486 non
1330 4429 1653 4499 abjeecrant.
1693 4431 1773 4485 Ex
1800 4430 1882 4485 his
1906 4431 2085 4499 itaque
2112 4432 2245 4489 locis

2358 3677 2553 3747 solent,
2584 3689 2682 3747 per
2702 3683 2925 3747 questus
2950 3682 3005 3729 et
3031 3672 3450 3747 deplorationem
3478 3672 3637 3747 sortis
3663 3686 3789 3747 sum.
3820 3671 3917 3726 Sc-

2395 3740 2642 3803 uentibus
2685 3740 2877 3799 deinde
2912 3740 3116 3798 seculis
3160 3740 3412 3809 expedire
3442 3740 3624 3809 visum
3660 3748 3743 3795 est
3775 3742 3928 3795 bono-

2394 3815 2648 3885 isciplinze
2675 3815 2751 3867 uti
2775 3813 3033 3885 religiosis
3061 3826 3166 3865 non
3195 3810 3379 3885 liceret
3404 3808 3603 3876 aliquid
3621 3811 3925 3885 proprium

2356 3876 2582 3957 habere,
2630 3884 2704 3934 ita
2746 3890 2806 3934 ut
2849 3876 2915 3934 ne
2950 3881 3190 3957 Romano
3229 3876 3443 3947 quidem
3486 3876 3720 3957 pontiﬁci
3757 3878 3916 3957 licere

2354 3952 2620 4005 voluerint
2646 3964 2767 4004 cum
2808 3949 3075 4003 monacho
3114 3946 3424 4014 dispensare
3451 3946 3590 3999 circa
3620 3946 3915 4014 proprieta-

2354 4026 2497 4080 tem,
2540 4017 2982 4088 quemadmodnm
3014 4030 3185 4088 nuper
3203 4013 3549 4088 observatum
3588 4020 3671 4067 est
3698 4013 3750 4067 in
3776 4014 3913 4068 notis

2356 4088 2423 4142 ad
2440 4080 2687 4161 _Corfcilia
2696 4084 2900 4161 “Gallia:
2929 4080 3285 4161 Narbonensis
3310 4096 3429 4151 pag.
3444 4080 3550 4161 _28.

2427 4154 2454 4194 ἀ
2494 4156 2669 4210 Editio
2696 4154 2886 4209 Pithmi
2913 4150 3169 4220 respuunt.
3202 4150 3496 4220 Quomodo
3518 4151 3683 4220 etiam
3712 4151 3912 4205 editum

2353 4233 2437 4279 est
2482 4242 2513 4279 a
2560 4220 2874 4278 Brassicano
2914 4231 2967 4277 et
2997 4218 3291 4275 'Galesinio.
3333 4218 3678 4273 Emendatum
3715 4226 3799 4271 est
3841 4234 3909 4271 ex

2352 4294 2535 4349 codice
2574 4292 2909 4364 ,Corbeiensi.
2949 4289 3086 4364 Cur_
3101 4289 3241 4364 enim
3268 4289 3352 4343 bis
3377 4287 3561 4341 eadem
3596 4299 3726 4364 voce
3748 4286 3909 4364 Λευ-ιτα

2351 4378 2512 4416 unam
2551 4363 2744 4417 lineam
2762 4360 3016 4415 uteretur
3054 4357 3334 4413 Salvianus
3371 4370 3477 4411 non
3524 4353 3771 4421 coactus?
3814 4352 3909 4406 Li-

2350 4430 2512 4485 brarii
2539 4431 2682 4485 haud
2709 4430 2869 4484 dubie
2895 4427 3143 4482 mendum
3173 4426 3287 4479 fuit.

685 4489 952 4566 colligitur
978 4513 1072 4573 eos
1096 4489 1468 4573 qui‘severiori
1495 4516 1554 4554 se
1581 4502 1703 4553 vita:
1730 4489 2090 4573 applicabant,
2121 4516 2248 4573 san-
2276 4514 2325 4573 ι)
2390 4498 2446 4539 ὀ
2486 4501 2699 4573 Tacitus
2728 4499 2818 4552 lib.
2855 4514 2906 4551 γι
2944 4495 3229 4573 Annalium
3255 4511 3268 4545 :
3301 4490 3479 4573 Neque
3514 4490 3654 4573 nmio
3681 4489 3910 4571 rel_bon_a

683 4564 941 4636 ctos'tum
978 4564 1366 4636 fuisse'dictos.
1420 4568 1530 4622 llos
1566 4577 1747 4623 autem
1765 4564 1947 4636 'paulo
1973 4576 2098 4636 post
2122 4570 2247 4622 reli-

683 4635 862 4718 giosos
888 4643 1073 4718 vocati
1098 4644 1154 4718 et
1180 4651 1304 4718 pag.
1332 4635 1365 4690 8
1395 4637 1496 4692 hoc
1525 4638 1697 4718 ipsum
1733 4635 2120 4718 argumentum
2147 4645 2249 4718 tra:

684 4704 992 4776 ctans,_ait_g:
1019 4704 1273 4776 Religiosi
1300 4723 1361 4759 ac
1381 4704 1561 4760 sancti
1575 4708 1669 4776 viri
1700 4706 1872 4760 miseri
1901 4720 2004 4776 non
2032 4706 2246 4776 putandi

684 4781 821 4842 sunt.
863 4771 1250 4841 Religiosorum
1295 4782 1473 4829 autem
1509 4775 1753 4839 nomine,
1796 4782 1856 4828 ut
1890 4774 1955 4828 ad
1998 4771 2245 4842 paginam

683 4838 753 4892 80
777 4838 1003 4909 dicetur,
1045 4843 1306 4898 intellexit
1338 4841 1617 4897 Salvianus
1643 4843 1893 4907 clericos,
1933 4838 2244 4907 monachos,

681 4917 739 4963 et
764 4911 983 4980 omnino
1009 4926 1105 4967 eos
1131 4912 1222 4980 qui
1250 4928 1281 4965 a
1304 4912 1409 4966 vita
1435 4911 1676 4969 smeulari
1703 4911 2151 4966 convertebantur
2177 4912 2247 4966 ad

682 4979 1067 5047 professionem
1094 4979 1214 5035 vita:
1238 4981 1536 5036 severioris.
2128 4994 2131 4999 ‘

757 5060 779 5088 ε
810 5048 936 5104 Sive
972 5050 1040 5105 de
1076 5050 1350 5105 monachis
1390 5050 1639 5118 loquatur
1673 5048 1983 5111 Salvianus,
2030 5048 2143 5104 sive
2176 5049 2244 5104 dc

686 5118 925 5188 clericis.
967 5125 1172 5188 certum
1208 5126 1292 5173 est
1329 5134 1437 5172 non
1463 5117 1624 5188 posse
1650 5117 1774 5173 hinc
1802 5117 1978 5185 colligi
2006 5132 2245 5188 necessa-

682 5187 816 5258 riam
846 5197 957 5241 tum
996 5187 1157 5243 fuisse
1194 5188 1444 5256 religioso
1468 5186 1736 5258 publicam
1771 5186 2099 5258 paupertatis
2121 5201 2247 5258 pro-

683 5253 965 5325 fessionem
983 5297 998 5321 ,
1040 5258 1153 5311 sive
1181 5253 1365 5310 votum
1394 5253 1755 5325 paupertatis,
1773 5253 1853 5325 ἰιι
1879 5253 2037 5325 hodie
2066 5253 2241 5324 loqui-

682 5338 818 5394 |I|_lll'.
859 5323 989 5377 Nam
1029 5326 1308 5380 Salvianus
1346 5322 1466 5394 ipse
1491 5322 1706 5379 docebit
1734 5322 1876 5394 infra
1913 5322 2154 5394 inlibro'
2187 5340 2240 5376 ιιι

681 5389 934 5446 adversus
964 5395 1237 5463 avaritiam
1268 5389 1389 5461 pag".
1418 5392 1541 5457 256,
1565 5392 1945 5463 proprietatem
1963 5392 2236 5463 bonorum

681 5473 745 5527 ac
771 5461 1163 5527 possessionum
1193 5460 1294 5515 illis
1332 5460 1925 5517 interdictam—nondum
1955 5460 2114 5514 fuisse
2144 5476 2239 5526 per

682 5525 799 5579 illas
825 5537 1183 5599 tempestates.
1216 5530 1382 5599 llujus
1408 5545 1535 5599 ergo
1558 5531 1658 5585 loci
1684 5546 1872 5584 sensus
1898 5539 1997 5592 est,
2022 5525 2235 5595 religio-

681 5611 771 5649 sos
796 5597 885 5665 qui
915 5612 1176 5667 pauperes
1200 5597 1355 5653 erant
1380 5597 1491 5655 sive
1539 5600 1839 5663 voluntate,
1871 5606 2235 5667 paupertatem

580 5723 595 5742 ο
680 5671 834 5736 ωειυο
863 5666 1040 5722 animo
1069 5682 1129 5721 ac
1157 5668 1406 5737 gaudenti
1434 5668 1719 5734 tolerasse,
1751 5684 1887 5730 non,
1909 5674 1967 5719 ut
1998 5666 2236 5739 plerique

2350 4584 2464 4639 qua
2498 4571 2672 4639 vulgus
2708 4575 2846 4637 putet
2884 4582 2901 4618 :
2930 4566 3113 4639 multos
3145 4564 3229 4633 qui
3257 4558 3541 4629 conﬂictari
3574 4558 3800 4613 adversis
3835 4560 3913 4612 ui-

2352 4632 2601 4698 deantur;
2618 4632 2806 4697 beatos,
2839 4648 2901 4686 ac
2925 4632 3217 4702 plerosque,
3252 4643 3546 4702 quanquam
3567 4643 3781 4697 magnas
3818 4643 3911 4696 per.

2351 4721 2491 4774 apes,
2520 4705 2865 4774 miserrimos,
2903 4699 2963 4774 si
2988 4700 3064 4753 illi
3091 4699 3293 4774 gravem
3334 4699 3909 4774 fortung'm‘constanter

2350 4763 2591 4849 tolerent,
2606 4773 2656 4825 hi
2684 4764 2927 4849 prospera
2946 4763 3230 4849 inconsulte
3255 4763 3480 4846 meumr.
3508 4764 3638 4818 Vide
3658 4771 3815 4818 notas
3839 4763 3919 4816 ad

2349 4841 2625 4911 epistolam
2651 4835 2933 4894 secundam
2966 4836 3094 4906 Lupi
3116 4835 3499 4890 Ferrariensis.
3759 4900 3772 4913 .
3802 4900 3813 4913 .

2426 4908 2444 4948 ί
2477 4909 2615 4963 Infra
2662 4916 2901 4962 extremo
2928 4907 3065 4961 libro
3104 4912 3295 4972 quarto
3340 4902 3594 4957 adversus
3630 4908 3907 4972 avaritiam

2347 4992 2467 5049 pag.
2484 4977 2633 5049 295:
2657 4976 2836 5031 Totum
2857 4977 3045 5028 durum
3056 4970 3139 5027 est
3158 4971 3404 5049 quidquid
3420 4970 3902 5049 i‘mperntiirinvitis.

2417 5036 2446 5094 ἔ
2476 5047 2665 5117 idest,
2688 5061 2837 5117 rapa,
2867 5052 2925 5117 ut
2960 5036 3746 5117 constat'exLAurelionVictore
3783 5051 3901 5117 cap:

2352 5114 2420 5169 55
2456 5115 2523 5170 dc
2543 5103 2683 5168 Viris
2710 5103 3044 5181 illustribus,
3066 5108 3300 5181 Respicit
3325 5104 3472 5181 enim
3506 5104 3787 5181 Salvianus
3837 5103 3907 5181 ad

2345 5183 2628 5238 Historiam
2654 5181 2797 5236 Curii
2840 5178 3047 5234 Dentati
3076 5173 3207 5231 civis
3250 5173 3496 5252 Romani,
3540 5188 3698 5243 quem
3725 5173 3903 5252 _legati

2343 5252 3018 5323 Samnitiumurcpe‘rerunt
3048 5260 3175 5323 rapa
3214 5250 3504 5323 torrentem
3541 5241 3904 5323 atque_ligneo
3981 5244 3991 5271 ε

2342 5322 2523 5376 catillo
2547 5320 2564 5387 (
2589 5327 2645 5388 ut
2666 5308 2907 5388 Valerius
2933 5308 3198 5388 Maximus
3224 5311 3300 5365 ait
3442 5328 3512 5375 Iv,
3544 5308 3725 5388 capt?»
3750 5312 3766 5374 )
3787 5320 3904 5362 ca:-

2343 5378 2577 5445 nautem‘.
2610 5387 2658 5440 Is
2685 5401 2814 5451 ergo
2844 5384 3018 5438 lictilia
3044 5396 3139 5451 sua
3167 5378 3717 5451 Samniticoprzetulit
3744 5391 3898 5437 auro.

2342 5444 2401 5512 ut
2426 5458 2613 5510 Florus
2650 5444 2852 5507 scribit.
2889 5451 3015 5504 Vide
3041 5449 3437 5505 Ciceronem'in
3469 5444 3559 5501 lib.
3590 5446 3657 5499 de
3685 5444 3917 5499 Senects

2414 5524 2439 5595 e
2469 5524 2679 5595 Optime
2725 5520 2893 5575 codex
2930 5518 3267 5595 Corheiensis
3311 5533 3409 5586 pro
3448 5531 3514 5595 eo
3547 5512 3904 5595 quod'editio

2343 5581 2533 5658 Pitlint'i
2556 5591 2715 5642 habet
2744 5605 2950 5658 ararum
2975 5605 3033 5641 ac
3062 5588 3266 5658 divitem
3300 5581 3677 5658 conscientiam.
3712 5581 3906 5658 Emen-

2340 5653 2605 5714 dationem
2633 5674 2795 5726 porro
2835 5656 2985 5712 istam
3026 5674 3140 5711 esse
3171 5656 3454 5721 legitimam
3486 5653 3712 5720 probant
3740 5653 3903 5703 etiam
