4234 6262
311 354 385 413 εδ
1407 346 1493 402 ΒΕ
1529 348 2049 405 cunenxmoxe
2089 342 2199 401 net
2235 347 2358 401 un.
2398 327 2455 402 ιζ
3475 341 3559 425 εις

317 478 424 520 non
473 467 812 535 premerent,
860 476 976 515 cum
1026 448 1185 514 etiam
1235 441 1437 527 argenti
1486 476 1637 513 usum
1682 460 1955 528 legibusA
1985 467 2249 513 ctamenta
2302 461 2555 528 capiunt,
2601 466 2653 513 et
2702 457 3045 527 beatitudinis
3101 458 3287 513 futura:
3330 459 3551 529 prmmia

316 553 664 612 coercerent?
690 549 947 619 Numquid
967 550 1232 603 illecebrae
1259 557 1313 603 et
1332 548 1638 617 cupiditatis
1665 564 1878 617 pmnam

315 643 581 716 putabant
604 640 744 712 quod
770 640 998 694 distenta
1024 639 1201 694 aureis
1230 639 1458 692 nummis
1485 638 1751 707 marsupia
1773 652 1879 691 non

315 736 581 791 haberent
601 774 615 800 ,
662 747 781 786 cum
809 740 836 768 ι
863 729 1144 799 patricium
1171 728 1438 783 hominem
1461 768 1476 793 ,
1524 728 1665 796 quod
1714 741 1880 795 usque

316 822 387 878 ad
434 822 614 877 decem
660 819 861 887 argenti
905 817 1070 872 libras
1116 815 1266 871 dives
1293 829 1411 870 esse
1438 816 1709 880 voluisset,
1742 814 1881 869 indi-

316 925 481 981 gnum
510 909 651 966 curia
674 907 1008 976 iudicarent?
1035 905 1151 959 Neu
1169 903 1530 973 despiciebant
1551 911 1695 968 tunc,
1726 910 1876 972 puto,

319 1012 577 1072 pauperes
603 998 776 1053 cultus
798 1038 813 1063 ,
855 1011 975 1051 cum
1003 1002 1204 1051 vestem
1232 994 1428 1048 hirtam
1458 1008 1521 1047 ac
1546 993 1765 1047 brevem
1792 1006 1882 1045 su-

316 1094 560 1152 merent,
609 1100 732 1142 cum
772 1086 839 1139 ab
884 1091 1063 1138 aratro
1092 1074 1488 1137 arcesserentur
1514 1080 1579 1134 ad
1609 1079 1797 1145 fasces,
1828 1087 1883 1133 et

316 1177 614 1233 illustrandi
650 1176 835 1230 habitu
875 1173 1170 1243 consulari,
1214 1171 1316 1226 illis
1343 1170 1568 1225 fortasse
1596 1169 1722 1239 ipsis
1748 1184 1881 1237 quas

314 1266 635 1338 assuInpturi
678 1272 854 1337 lerant
901 1262 1265 1334 imperialibus
1312 1261 1449 1330 togis
1491 1260 1761 1315 madidum
1798 1276 1881 1315 su-

313 1356 445 1411 dore
471 1356 749 1425 pulverem
774 1340 1149 1420 detergerentI
1184 1349 1370 1418 Itaque
1410 1356 1535 1402 tunc
1568 1347 1642 1401 illi
1680 1362 1881 1417 paupe-

313 1459 401 1500 res
444 1444 784 1511 magistratus
828 1440 1135 1509 opulentam
1170 1437 1551 1507 rempublicam
1587 1437 1875 1503 habebant;

317 1538 375 1607 8
402 1549 542 1589 nunc
568 1540 745 1587 autem
774 1530 801 1570 δ
829 1529 978 1584 dives
1006 1536 1241 1598 potestas
1284 1541 1571 1597 pauperem
1607 1526 1732 1580 facit
1760 1540 1878 1581 esse

310 1621 714 1691 rempublicam.
774 1618 843 1672 Et
869 1632 989 1687 qua:
1010 1656 1024 1682 ,
1056 1631 1188 1685 rogo
1210 1655 1227 1681 ,
1256 1616 1461 1670 insania
1491 1623 1608 1678 est,
1640 1623 1732 1669 aut
1758 1629 1877 1684 qua:

312 1710 548 1773 accitas,
593 1715 652 1762 ut
696 1714 977 1774 egestuosa
1005 1720 1067 1760 ac
1093 1704 1425 1759 mendicante
1450 1702 1720 1773 republica
1748 1703 1877 1757 divi-

1981 558 2372 619 consequentur
2383 551 2407 604 2

2050 637 2132 691 Ill.
2176 638 2316 691 Dixit
2342 637 2554 707 quidam
2585 654 2649 691 ex
2680 638 2793 693 istis
2821 638 2888 701 de
2913 638 3106 706 quibus
3134 652 3408 705 querimur
3433 638 3548 693 cui-

1979 727 2101 783 dam
2149 736 2333 782 sancto
2374 728 2492 782 viro
2538 728 2828 782 secundum
2877 728 3116 783 veritatis
3141 729 3378 796 regulam
3419 744 3545 784 sen-

1980 816 2159 881 tienti,
2212 815 2263 869 id
2308 823 2419 881 est,
2466 815 2611 883 quod
2656 815 2796 870 Deus
2823 816 3002 870 omnia
3041 825 3249 883 regeret
3288 833 3350 870 ac
3392 826 3416 857 ε
3448 830 3545 886 pro

1979 905 2213 961 humano
2266 920 2459 975 genere
2507 905 2859 960 necessariam
2903 913 3083 960 nosset
3127 898 3544 960 moderationem

1980 1009 2130 1049 suam
2160 1003 2214 1048 et
2240 994 2655 1061 gubernaculum
2700 1002 3040 1065 temperaret,
3090 993 3262 1060 Quare
3283 1010 3428 1065 ergo,
3460 997 3544 1049 in-

1980 1097 2159 1152 quam,
2186 1093 2239 1137 tu
2263 1084 2375 1153 ipse
2405 1084 2642 1139 inﬁrmus
2662 1085 2754 1138 es?
2782 1085 2884 1139 hoc
2904 1084 3085 1151 utique
3112 1099 3178 1138 eo
3206 1099 3363 1140 sensu
3385 1094 3546 1154 atque

1974 1170 2193 1239 judicio,
2225 1172 2325 1225 hoc
2354 1180 2435 1226 est
2466 1190 2478 1223 ε
2510 1170 2567 1227 Si
2608 1173 2767 1238 Deus,
2794 1181 2853 1226 ut
2879 1180 3053 1242 putas,
3087 1172 3138 1225 in
3171 1174 3270 1227 hac
3296 1177 3543 1243 prmsenti

1978 1262 2088 1316 vita
2116 1262 2293 1315 omnia
2344 1261 2498 1331 regit,
2539 1263 2585 1317 si
2614 1262 2753 1316 Deus
2776 1272 2967 1317 cuncta
2993 1262 3291 1331 dispensat;
3322 1279 3427 1332 qua
3456 1280 3542 1317 ra-

1978 1351 2125 1404 tione
2152 1350 2303 1405 fortis
2328 1366 2391 1405 ac
2410 1367 2570 1406 sanus
2591 1361 2669 1406 est
2694 1353 2854 1407 homo
2874 1368 3032 1422 quem
3055 1363 3389 1423 peccatorcm
3410 1356 3542 1417 scio,

1979 1447 2033 1492 et
2062 1448 2117 1491 tu
2164 1438 2419 1503 inﬁrmus,
2449 1454 2607 1507 quem
2653 1448 2892 1495 sanctum
2922 1456 3039 1496 esse
3070 1457 3173 1495 non
3201 1444 3257 1512 θ
3300 1443 3543 1510 ambigo?

1966 1526 2107 1592 Quis
2135 1536 2243 1581 tam
2291 1527 2539 1597 profundi
2568 1529 2744 1583 cordis
2784 1530 2952 1583 virum
2982 1546 3085 1583 non
3115 1531 3425 1595 admiretur,
3453 1534 3542 1600 qui

1978 1608 2167 1670 merita
2190 1618 2558 1685 religiosorum
2588 1627 2747 1687 atque
2771 1619 2993 1674 virtutes
3018 1628 3125 1674 tam
3157 1623 3361 1690 magnis
3389 1625 3545 1677 retri-

1976 1705 2285 1761 butionibus
2305 1707 2490 1775 dignas
2504 1714 2671 1776 putat,
2696 1716 2754 1760 ut
2776 1708 2825 1761 in
2848 1706 3095 1777 praesenti
3116 1709 3214 1764 hac
3234 1710 3341 1763 vita
3356 1725 3545 1764 carnes

308 1804 413 1855 tias
454 1813 611 1869 posse
657 1796 875 1852 credant
915 1803 1059 1850 stare
1097 1794 1366 1864 privatas?
1412 1791 1569 1847 Tales
1595 1806 1724 1860 ergo
1751 1800 1879 1847 tunc
1908 1810 1954 1869 Β
1978 1801 2139 1862 atque
2164 1794 2500 1850 fortitudines
2519 1811 2800 1866 corporum
2824 1798 3037 1868 pnemia
3054 1806 3200 1868 putet
3219 1785 3412 1854 debere
3427 1815 3544 1857 esse

311 1895 518 1944 veteres
543 1885 770 1942 Romani
797 1891 981 1948 erant;
1011 1890 1067 1938 et
1104 1882 1181 1937 sic
1208 1881 1284 1935 illi
1310 1888 1438 1934 tunc
1463 1880 1878 1935 contemnebant

298 1978 521 2032 divitias
545 2015 561 2042 ,
606 1975 901 2030 nescientes
936 1973 1105 2027 Deum
1122 2011 1138 2037 ,
1168 1972 1306 2026 sicut
1332 1985 1475 2025 nunc
1500 1978 1761 2039 spernunt
1787 1983 1876 2024 se—

310 2075 538 2136 quentes
561 2060 864 2120 Dominum.
945 2062 1268 2129 Quanquam
1287 2059 1416 2129 quid
1443 2073 1544 2128 ego
1571 2059 1639 2114 de
1665 2058 1770 2113 illis
1794 2058 1877 2112 lo-

298 2169 451 2224 -quor
476 2156 573 2222 qui
596 2167 724 2208 cura
750 2151 960 2221 imperii
987 2148 1332 2219 propagandi,
1361 2156 1728 2218 contemptum
1756 2162 1879 2216 pro-

300 2243 443 2314 pria:
470 2241 736 2297 facultatis
763 2240 828 2294 ad
856 2238 1096 2308 publicas
1120 2252 1251 2307 opes
1276 2236 1641 2302 conferebant,
1671 2244 1728 2291 et
1754 2236 1878 2290 licet

304 2331 555 2403 privatim
582 2343 846 2400 pauperes
863 2335 1061 2391 essent,
1089 2326 1287 2383 divitiis
1306 2334 1487 2381 tamen
1506 2323 1878 2380 communibus

308 2419 676 2484 abundabant;
736 2422 855 2473 cum
903 2415 1065 2471 etiam
1114 2412 1283 2470 (ἔνωυί
1338 2412 1554 2482 quidam
1602 2411 1876 2481 sapientia:

308 2517 600 2567 sectatores
642 2508 757 2564 sine
801 2507 911 2561 ullo
956 2504 1180 2576 publice
1219 2503 1461 2558 utilitatis
1488 2500 1682 2556 aﬂ‘ectu
1708 2514 1877 2570 prope

310 2608 453 2665 omni
478 2623 538 2663 se
562 2607 643 2662 rei
668 2604 945 2660 familiaris
973 2619 1104 2666 usu,
1136 2602 1482 2671 assequendae
1506 2600 1688 2668 gloria:
1717 2599 1879 2653 avidi-

308 2716 418 2765 tate
441 2749 457 2775 ,
509 2707 857 2771 nudaverint;
897 2718 998 2759 nec
1023 2703 1196 2758 solum
1223 2702 1357 2767 hoc,
1399 2699 1494 2755 sed
1520 2699 1681 2753 etiam
1709 2712 1878 2768 usque

308 2808 371 2863 Id
397 2813 762 2877 contemptum
789 2784 989 2858 doloris
1029 2816 1092 2856 ac
1120 2800 1309 2855 mortis
1336 2797 1594 2853 doctrina:
1622 2811 1731 2850 sua:
1758 2795 1874 2851 cul-

307 2884 426 2961 men
448 2904 738 2967 erexerint,
759 2902 997 2956 dicentes
1016 2899 1219 2953 scilicet
1238 2897 1399 2951 etiam
1418 2897 1471 2949 in
1494 2895 1697 2951 catenis
1718 2903 1878 2962 atque

306 3002 580 3073 suppliciis
616 3001 833 3055 beatum
868 3011 988 3052 esse
1024 2995 1357 3063 sapientem?
1410 2993 1633 3047 Tantam
1666 2993 1876 3047 virtutis

300 3101 419 3155 vim
446 3112 565 3153 esse
591 3097 900 3160 voluerunt,
944 3102 1005 3148 ut
1043 3107 1149 3147 non
1176 3092 1345 3162 possit
1371 3106 1490 3146 esse
1538 3106 1767 3161 unquam
1794 3093 1876 3148 vir

1977 1887 2324 1939 sanctorum?
2350 1885 2668 1956 Respondeo
2689 1888 2865 1956 igitur,
2890 1905 2992 1944 non
3016 1890 3168 1945 unius
3198 1900 3400 1945 tantum
3422 1892 3543 1946 reli-

1975 1974 2111 2043 giosi
2141 1975 2373 2040 nomine,
2404 1976 2495 2030 sed
2525 1977 2909 2033 universorum.
2959 1979 3159 2045 Quaeris
3188 1982 3364 2050 igitur,
3395 1984 3539 2051 quis-

1975 2061 2095 2131 quis
2122 2062 2211 2117 ille
2258 2078 2334 2128 es,
2378 2078 2481 2132 qua
2510 2064 2717 2120 ratione
2744 2065 2937 2120 inﬁrmi
2964 2069 3072 2123 siut
3097 2071 3267 2124 sancti
3292 2071 3407 2143 viri.
3435 2071 3541 2125 Re-

1975 2150 2216 2219 spondeo
2243 2152 2493 2227 breviter,
2525 2154 2648 2222 quia
2671 2155 2793 2210 ideo
2820 2158 2990 2211 sancti
3018 2158 3117 2212 viri
3139 2159 3458 2216 inﬁrmiores
3485 2179 3541 2216 se

1975 2254 2093 2295 esse
2122 2240 2352 2306 faciunt;
2403 2244 2526 2312 quia
2567 2244 2612 2298 si
2654 2244 2821 2300 fortes
2870 2246 3083 2314 fuerint,
3115 2251 3285 2304 sancti
3306 2266 3427 2307 esse
3453 2253 3539 2307 vix

1976 2338 2221 2399 possunt.
2263 2328 2465 2399 Opinor
2503 2332 2644 2387 enim
2693 2350 2878 2391 omnes
2905 2338 3119 2394 omnino
3147 2338 3388 2395 homines
3414 2341 3540 2397 cibis

1976 2433 2041 2474 ac
2067 2420 2487 2503 poculistortes
2530 2438 2680 2487 esse;
2733 2424 2971 2481 inﬁnnos
3006 2437 3181 2482 autem
3203 2431 3539 2493 abstinentia,

1977 2510 2242 2575 ariditate,
2269 2510 2504 2581 jejuniis.
2548 2513 2662 2569 Non
2703 2529 2830 2584 ergo
2858 2516 3046 2571 mirum
3069 2527 3150 2573 est
3176 2521 3318 2588 quod
3348 2520 3539 2574 inﬁrmi

1974 2607 2100 2653 sunt
2124 2601 2215 2668 qui
2242 2616 2393 2654 usum
2433 2617 2616 2656 earum
2645 2617 2819 2657 rerum
2857 2612 3116 2674 respuunt
3158 2621 3255 2675 per
3281 2623 3413 2675 quas
3451 2609 3538 2661 alii

1976 2684 2142 2742 fortes
2170 2687 2319 2742 fiunt.
2344 2687 2410 2743 Et
2430 2698 2513 2744 est
2538 2690 2675 2746 ratio
2702 2707 2799 2747 cur
2819 2703 3091 2763 respuant,
3141 2694 3349 2749 dicente
3375 2694 3537 2749 Paulo

1975 2779 2221 2848 apostolo
2241 2779 2308 2834 de
2327 2794 2386 2835 se
2415 2781 2531 2849 ipso
2557 2797 2569 2833 :
2602 2780 2808 2852 Castigo
2828 2798 3010 2853 corpus
3038 2799 3220 2849 meum,
3244 2794 3292 2837 et
3313 2784 3539 2841 servituti

1975 2868 2223 2939 subjicio;
2266 2887 2331 2923 ne
2371 2872 2503 2939 forte
2521 2886 2635 2923 cum
2656 2872 2775 2924 aliis
2795 2872 3196 2940 prwdicaverim,
3227 2875 3337 2945 ipse
3363 2891 3538 2945 repro-

1977 2958 2068 3012 bus
2112 2960 2306 3029 emt-far
2351 2959 2392 3029 (I
2409 2958 2526 3014 Cor.
2580 2976 2652 3024 Ix,
2696 2960 2808 3029 27).
2835 2959 2891 3015 Si
2915 2961 3273 3019 inﬁmitatem
3302 2966 3540 3035 corporis

1977 3049 2330 3118 appetendam
2356 3050 2456 3105 sibi
2485 3050 2645 3105 etiam
2675 3052 2959 3123 Apostolus
2986 3062 3155 3123 putat,
3180 3054 3299 3124 quis
3326 3040 3507 3125 sapien
3526 3086 3539 3099 -

230 3186 247 3191 _
310 3127 419 3214 ξω·
446 3127 565 3153 *ππ
597 3127 900 3214 *υιῗξξ
1899 3154 1944 3214 ρ
1980 3148 2063 3195 ter
2087 3141 2286 3194 evitat?
2304 3127 2361 3196 Si
2390 3139 2753 3198 fortitudinem
2785 3145 2959 3198 carnis
2991 3144 3275 3214 Apostolus
3321 3146 3537 3211 metuit,

300 3202 484 3258 bonus
525 3214 633 3303 ηοξι
682 3198 895 3303 egimus:
930 3194 1005 3303 _Si
1054 3206 1181 3302 ξετερ
1217 3192 1292 3247 ίυί
1331 3207 1362 3246 ³
1389 3192 1875 3303 (ξυίιξυεάθωβιιιτξο
1900 3192 1944 3214 “
1977 3192 2112 3298 quis
2135 3192 2533 3286 senatus
2545 3192 3539 3303 ιᾶἧιῖεὲξὲᾟπέυἶῖτιῖἷὶιεέἷὲξοί

300 3302 468 3358 etiam
494 3293 822 3368 sapientibus
848 3294 976 3349 viris
1001 3291 1183 3346 miseri
1209 3305 1317 3346 non
1337 3297 1609 3361 putantur,
1639 3290 1729 3360 qui
1757 3290 1876 3346 nul-

1867 3320 1876 3331 '
1975 3290 2113 3371 ratio
2140 3326 2241 3382 est,
2271 3333 2375 3388 qua
2397 3320 2641 3376 homines
2670 3320 2884 3377 Christo
2910 3290 3073 3377 dediti
3095 3330 3150 3377 et
3188 3320 3380 3377 inﬁmi
3417 3290 3539 3378 suun:

300 3402 388 3455 los
415 3397 613 3453 laboris
639 3394 723 3450 sui
749 3393 951 3448 fructus
980 3391 1082 3446 nisi
1109 3404 1177 3445 ex
1204 3390 1454 3459 praesenti
1484 3396 1690 3443 tantum
1718 3389 1875 3446 laude

1871 3412 1875 3442 ε
1974 3413 2029 3461 et
2055 3407 2240 3461 volunt
2264 3423 2403 3463 esse.
2447 3409 2598 3464 Absit
2651 3419 2827 3465 autem
2857 3418 2911 3465 ut
2952 3411 3053 3466 hoc
3079 3419 3391 3480 argumento
3418 3413 3543 3466 reli.

300 3498 614 3569 capiebant;
650 3500 849 3563 quanto
888 3490 1057 3559 magis
1084 3489 1318 3557 religiosi
1347 3503 1410 3544 ac
1437 3489 1608 3544 sancti
1638 3490 1739 3544 viri
1768 3490 1872 3544 mi-

1865 3519 1872 3530 ι
1973 3498 2153 3565 giosos
2180 3508 2476 3568 putemusa
2509 3501 2619 3556 Deo
2660 3503 2871 3570 negligi,
2917 3517 3014 3572 per
3040 3503 3181 3571 quod
3226 3502 3537 3559 conﬁdimus

301 3598 411 3653 seri
455 3613 563 3653 non
610 3592 829 3666 putandi
856 3598 1008 3655 sunt,
1058 3589 1147 3658 qui
1177 3595 1231 3643 et
1257 3588 1538 3657 praesentis
1565 3588 1688 3644 ﬁdei
1715 3591 1871 3645 oble-
1975 3591 2093 3659 plus
2121 3592 2307 3646 amari.
2340 3590 2586 3660 Legimus
2614 3590 2638 3630 δ
2670 3590 3007 3647 Timotheum
3047 3593 3342 3663 apostolum
3382 3608 3539 3647 carne

1459 3699 1794 3783 STEPHANI
1830 3699 2098 3783 BALUZII
2136 3700 2362 3755 noras.

310 3799 571 3855 editiones
598 3792 891 3850 Brassicani
930 3798 985 3846 et
1019 3788 1291 3852 Galesinii,
1316 3788 1404 3856 qui
1432 3788 1607 3843 locum
1636 3790 1775 3844 hunc
1798 3791 1874 3846 sic
2047 3789 2310 3844 Cmterum
2348 3789 2502 3844 Sevir
2541 3791 2627 3844 ille
2678 3788 2983 3855 augustalis,
3033 3786 3181 3856 cujus
3228 3803 3419 3842 nomen
3458 3789 3537 3843 di-

303 3863 623 3923 edideruut:
656 3861 920 3932 Numquid
939 3875 1074 3932 (egre
1093 3855 1483 3928 ferebant’quod
1509 3873 1667 3915 avara
1692 3859 1810 3914 illos
1839 3875 1873 3912 α
1977 3859 2137 3913 midia
2165 3860 2245 3914 sui
2269 3867 2428 3932 parte
2451 3860 2626 3932 periit,
2660 3858 2882 3932 fortasse
2919 3863 3000 3911 est
3041 3855 3296 3932 Servilius
3324 3856 3538 3932 Marcia-

308 3937 462 3989 άίυίιε
480 3935 788 3988 conscientia
807 3925 922 3999 iniri
946 3925 1138 3982 ta'tenta
1164 3942 1266 3999 non
1286 3925 1588 3999 premerent.
1616 3995 1660 3999 __
1738 3997 1746 3999 _
1858 3982 1861 3985 ,
1976 3944 2076 3984 nus
2099 3925 2349 3999 sacerdos
2368 3929 2434 3983 ad
2453 3925 2707 3999 iemplum
2738 3926 2919 3999 Romae
2943 3934 2999 3999 et
3025 3925 3378 3999 Augustorum
3402 3927 3537 3999 _Are‘

384 4014 409 4041 ι
447 4001 746 4055 Cornelium
774 3998 1044 4061 Ruﬁnum,
1076 4003 1134 4067 ut
1159 3989 1316 4067 docet
1348 3989 1586 4067 \‘a‘ilerius
1612 3995 1874 4067 Maximus
1974 3999 2103 4062 late,
2132 3998 2283 4067 cujus
2311 4000 2511 4053 mentio
2539 3989 2715 4054 e'xstat
2742 3998 2794 4051 in
2822 3995 3010 4067 veteri
3029 3989 3373 4067 inscriptione
3402 3994 3538 4067 Lug-

308 4073 403 4127 iib.
434 4087 489 4135 ιι,
514 4085 631 4138 cap.
671 4068 729 4138 ὁὶ
745 4068 981 4122 Meminit
1002 4074 1056 4120 et
1076 4063 1429 4138 Tertullianus
1451 4066 1510 4138 in
1527 4064 1873 4138 Apologijtico
1973 4063 2586 4138 dunensijapudSixtum
2609 4069 2659 4122 in
2690 4063 3279 4138 pontiliciopArelatensi
3304 4080 3421 4138 pag.
3449 4064 3534 4120 55.

307 4125 430 4222 ἐπι)-
460 4125 531 4222 (ἱε
562 4125 676 4210 (ius
693 4125 1151 4222 Ραιτξςὶυιινιιξρέ
1164 4125 1753 4222 insuevisse?!
1768 4135 1872 4222 ha.-

302 4203 514 4279 buisset,
521 4203 614 4279 pro
626 4221 813 4279 magno
824 4206 968 4279 titulo
978 4203 1265 4279 ambitionis
1278 4212 1457 4256 senatu
1469 4203 1866 4279 sumnioqebont.

378 4279 403 4317 δ
427 4271 1109 4350 _Assentior'Rittershusio,
1137 4271 1527 4350 quipotestatis
1554 4272 1870 4350 vocabulum

304 4347 446 4416 apud
483 4346 791 4416 Salvianum
835 4350 889 4396 et
931 4341 1054 4394 alibi
1097 4339 1316 4416 intelligi
1361 4339 1558 4416 debere
1602 4340 1872 4416 egistimat

304 4406 479 4487 ipsum
519 4413 859 4487 magistratus
879 4407 1232 4487 nomen..Quo
1259 4421 1416 4487 sensu
1456 4406 1868 4486 fortassisacei-

344 4483 500 4539 ienda
522 4491 603 4537 est
612 4477 741 4536 'hazc
751 4494 854 4535 vox
883 4480 934 4534 in
958 4477 1121 4533 veteri
1143 4477 1484 4543 inscriptione
1503 4489 1621 4544 quae
1641 4477 1869 4544 primum

344 4568 411 4607 oe
437 4552 558 4607 loco
584 4551 721 4605 edita
742 4557 823 4604 est
848 4563 913 4602 ex
944 4547 1116 4613 lapide
1143 4545 1363 4613 antiquo
1389 4545 1479 4613 qui
1510 4543 1755 4599 Narbone
1775 4559 1870 4599 ex-

1974 4134 2104 4206 Quze
2120 4136 2245 4206 dein
2260 4134 2333 4190 ex
2363 4134 2707 4206 inscriptione
2731 4135 2939 4206 desunt,
2973 4136 3044 4188 ita
3073 4135 3213 4206 haud
3242 4135 3400 4191 dubie
3415 4138 3538 4205 sup-‘

1975 4204 2168 4273 pleuda
2196 4214 2321 4258 sunt
2352 4223 2365 4256 :
2405 4206 2468 4260 de
2490 4203 2583 4260 sua
2628 4205 2976 4259 mediocritate
3001 4221 3034 4257 a
3061 4203 3390 4274 fundamento
3426 4203 3539 4274 ﬁeri

1977 4276 2194 4342 ponique
2215 4274 2394 4342 jussit.
2434 4341 2443 4342 ί
2681 4341 2694 4342 7
2879 4341 2882 4342 ν
2978 4340 2986 4342 Α
3162 4339 3171 4342 _
3222 4310 3235 4321 ,

2050 4351 2072 4379 ο
2112 4339 2230 4393 Νι)ιὶ
2257 4342 2393 4396 male
2423 4341 2656 4397 fortassis
2678 4339 3174 4407 Rittershusius,qui
3207 4347 3374 4392 totum
3396 4340 3536 4394 hunc

1975 4408 2148 4463 locmn
2188 4409 2266 4463 sic
2318 4410 2594 4480 legendum
2650 4418 2705 4463 ct
2752 4409 3222 4477 interpungendum
3270 4415 3422 4480 putat
3476 4428 3536 4462 ac

1974 4491 2123 4547 prout
2150 4477 2564 4550 Immanovgeneri
2609 4480 2947 4550 neqessarinm
2976 4486 3172 4539 nosset,
3223 4477 3535 4550 moderatio-

1974 4540 2087 4601 nem
2137 4565 2281 4602 suam
2319 4559 2368 4602 et
2391 4540 2807 4619 'gubernacu'lum
2854 4555 3171 4619 temperaret.
3208 4546 3534 4619 Quanquam

300 4603 412 4677 ᾆξιὶ
438 4603 634 4693 invide
655 4603 862 4671 ’Prioris
886 4617 945 4670 Β.
974 4603 1150 4693 bim-im:
1175 4603 1423 4681 Majoris.‘
1441 4612 1599 4693 liapis
1622 4622 1707 4693 est
1730 4629 1866 4683 [ιι-ω-
1895 4603 1945 4663 Ῐ)
1971 4624 2267 4693 repugnant
2316 4603 2521 4693 omnes
2542 4617 2802 4693 editiones
2834 4623 2896 4670 'ct
2930 4603 3076 4693 Ιῖῃιηὶρ
3120 4603 3412 4693 nisiwquod:
3438 4633 3535 4693 pro

299 4690 516 4758 grandis
537 4730 552 4754 ,
571 4689 868 4758 iusummo
907 4693 1083 4758 sectus
1135 4683 1185 4735 iu
1209 4697 1409 4758 arcum,
1439 4683 1491 4735 in
1522 4683 1629 4758 imo
1657 4684 1864 4758 planus,

298 4749 461 4829 quem
487 4749 548 4829 in
568 4757 751 4811 limine
761 4752 1042 4829 cujusdam
1062 4750 1495 4829 templi_posi_tum
1518 4749 1676 4807 fuisse
1694 4753 1869 4821 gravis

206 4878 213 4883 .
298 4819 383 4883 ést
409 4826 734 4895 conjectura.
761 4819 1052 4877 ln'cantica
1077 4819 1229 4890 parte
1247 4819 1361 4875 btec
1380 4820 1654 4887 leguntur:

969 4921 1207 5001 IMP.

652 5000 1192 5075 CAESARmVlT"
1180 5016 1451 5074 NERVAE
1492 5018 1550 5072 F.

296 5089 596 5147 NERVAE.
637 5088 1204 5208 ΤΚΑΙΑΙῗξόΤϐιὲῐόἒί.
1238 5086 1438 5208 lll’ONT.
1480 5087 1644 5143 ΜΑΧ.
1687 5088 1861 5142 TRIB.

511 5192 517 5199 ι
863 5156 1012 5212 por.
1052 5156 1197 5213 cos.
1238 5156 1298 5208 ιι.
1362 5221 1399 5235 _
1708 5224 1719 5231 _

511 5234 574 5300 ρ.
615 5232 1306 5290 S....lLlUS........ANUS.
1336 5232 1474 5288 ιιιιιι.
1516 5232 1649 5285 VIR.

475 5299 856 5359 AUGUSTAL.
894 5304 1005 5370 ne.
1045 5303 1197 5358 sm.
1238 5299 1667 5370 MEDIOCRITA.

302 5368 1762 5435 ................,MENTOFIERL

782 5439 1096 5507 PONIQUE.
1140 5438 1373 5494 lUSSlT;

293 5527 356 5582 In
381 5529 585 5598 postica
615 5545 743 5584 vero
769 5538 943 5599 parte,
979 5528 1267 5596 majoribus
1304 5528 1729 5588 characteribus,
1763 5527 1857 5578 sic.

345 5626 535 5712 Al).
580 5629 1032 5712 URNAM.
1084 5623 1803 5710 POTESTATIS.

1973 4683 2331 4749 necessariam,
2362 4701 2479 4754 qua:
2508 4686 2665 4739 lectio
2693 4696 2775 4740 est
2815 4692 2923 4738 tum
2963 4683 3250 4739 Pithmanac
3283 4683 3535 4739 editionis

1973 4760 2084 4808 tum
2114 4754 2354 4817 aliarum,
2398 4755 2568 4809 codex
2612 4754 2951 4809 Corbeiensis
2986 4755 3145 4808 habet
3170 4756 3530 4814 necessarium,

1971 4823 2113 4891 quod
2143 4822 2358 4891 adjuvat
2403 4824 2761 4891 conjecturam
2804 4823 3158 4878 Bittersliusii.
3193 4823 3534 4877 Brassicanus

1972 4889 2028 4945 ét
2045 4889 2359 4959 Galesinius,
2402 4889 2638 4947 detracta
2668 4906 2798 4945 voce
2845 4901 3012 4945 nosset
3053 4900 3108 4944 ut
3143 4893 3423 4959 superllua,
3454 4891 3531 4942 sic

1972 4959 2214 5027 legerunt
2236 4961 2377 5014 hunc
2402 4961 2575 5015 locum
2602 4976 2614 5010 :
2640 4963 2711 5011 Ac
2740 4976 2832 5028 pro
2854 4960 3075 5029 immune
3092 4976 3281 5029 genere
3308 4971 3528 5009 necesse.

1973 5030 2105 5098 riam
2124 5030 2523 5098 moderationem
2551 5036 2769 5098 suamet
2791 5028 3181 5098 gnbemacnlum
3211 5032 3526 5098 temperaret.

2042 5097 2068 5136 ά
2097 5097 2236 5152 Infra
2263 5098 2417 5166 epist.
2444 5098 2493 5161 9,
2528 5111 2651 5165 pag.
2680 5089 2827 5166 209":
2863 5096 3107 5150 Timothei
3135 5089 3370 5166 apostoli.
3402 5089 3528 5166 ilic:

1971 5171 2224 5238 rpnymtts
2264 5157 2315 5220 ili
2364 5157 2630 5238 Chronico
2680 5184 2691 5219 :
2736 5164 2980 5238 {feliquitc
3024 5157 3257 5238 apostoli
3282 5157 3543 5211 Timothei

1971 5227 2458 5305 Constantinopolim
2479 5237 2703 5287 in’veette.
2732 5227 2946 5305 Certum
2967 5227 3402 5284 cst’Timotheum
3425 5244 3530 5281 non

1966 5305 2127 5361 fuisse
2151 5321 2215 5359 ex
2248 5299 2469 5358 numero
2491 5318 2674 5355 eorum
2702 5316 2837 5368 quos
2858 5299 3532 5368 vulgo_vocamus_aposto-

1964 5355 2469 5446 [δέῗὲίβνίὦὸέίίιέ
2488 5372 2538 5423 in
2567 5355 2735 5446 caput
2756 5355 2979 5446 primum
3011 5355 3438 5446 Epistolth’auli
3463 5368 3528 5419 ad
3588 5432 3595 5439 ἢ
3683 5355 3691 5367 ’

1966 5442 2366 5512 Philippenses,
2403 5454 2521 5512 qua:
2563 5434 2647 5512 sic
2687 5435 2868 5512 incipit
2917 5434 3112 5512 Penios
3152 5446 3199 5487 et
3226 5435 3530 5512 limotiteus

1964 5503 2259 5565 servi'Jesn
2306 5503 2527 5569 Christi,-
2569 5503 2935 5570 Apnstolatum
2962 5505 3189 5572 denegat
3226 5504 3525 5561 Timotheo,

1964 5595 2082 5633 cum
2128 5579 2256 5633 dicit
2282 5596 2293 5628 :
2328 5576 2507 5628 Omnis
2527 5574 2787 5641 apostolus
2815 5588 3005 5635 senats,
3036 5590 3137 5627 non
3164 5574 3329 5627 omnis
3357 5586 3528 5641 serves

1964 5651 2244 5716 apostolus.
2274 5645 2379 5700 Sed
2399 5637 2670 5698 sciendum
2697 5649 2775 5696 est
2804 5645 3032 5711 apostoli
3060 5658 3253 5698 nomen
3283 5637 3528 5707 generale
