4234 6250
682 337 755 393 55

1610 335 1664 389 s.
1705 330 2014 388 suum
2059 328 2514 389 MASSILIENSIS
2561 328 2976 389 nassonem
3394 298 3433 396 ί
3845 331 3914 387 se

684 450 1097 508 inﬁrmissimum
1119 428 1946 514 fuisse:-Numquidncgligebatur
1963 461 1994 499 a
2010 444 2251 506 Domino,
2284 436 2334 507 Α
2359 460 2465 498 non
2492 453 2745 512 agnoscat
2758 460 2835 499 ac
2861 443 3040 498 videat
3066 441 3477 512 pulcherrimum
3504 441 3684 499 Inundi
3708 456 3845 511 opus
3863 451 3919 497 et

684 548 778 594 aut
801 539 871 594 ob
891 537 1249 592 infirmitatem
1274 533 1486 587 Christo
1515 547 1621 586 non
1649 532 1867 602 placuit,
1893 533 1985 602 qui
2026 532 2097 587 ad
2140 533 2253 607 hoc.

684 631 924 688 inliunus
950 642 1068 685 esse
1097 626 1262 681 voluit
1281 633 1340 679 ut
1362 624 1596 692 placeret
1612 624 1634 677 ?
1650 636 1916 693 quemque
1938 625 2100 679 etiam
2133 624 2249 693 ipse

683 721 958 793 apostolus
985 717 1180 773 Paulus
1207 714 1250 784 (l
1275 713 1407 769 Tim.
1437 730 1488 778 ν,
1512 714 1624 783 9.3),
1654 714 1782 769 licet
1800 713 1979 799 nimiis
2009 713 2121 782 jam
2166 714 2249 769 in-

675 810 1019 869 timiitatibus
1047 807 1398 867 laborantem,
1432 818 1537 858 non
1567 809 1745 859 tamen
1774 802 1873 859 nisi
1900 801 2248 871 pauxillulum

684 901 790 958 vini
822 912 1036 954 sumere
1084 911 1148 952 ac
1191 894 1426 951 delibare
1464 893 1740 967 permisit;
1769 893 1874 948 hoc
1901 900 2001 955 est,
2026 893 2098 947 ita
2125 905 2248 947 eum

681 988 848 1047 voluit
872 983 1168 1041 inﬁrmitati
1189 998 1303 1039 sum
1323 983 1602 1039 consulem
1620 980 1762 1050 quod
1790 979 1960 1036 noluit
1985 988 2161 1035 tamen
2180 978 2249 1035 ad

676 1075 1042 1135 fortitudinem
1071 1072 1387 1145 pervenire?
1412 1071 1480 1125 Et
1525 1071 1630 1127 hoc
1670 1086 1767 1126 cur
1792 1070 1903 1125 ita?
1925 1068 2031 1125 Cur
2048 1069 2250 1141 absque

679 1169 862 1229 dubio,
909 1167 1007 1222 nisi
1053 1164 1198 1238 quia,
1231 1172 1288 1219 ut
1314 1164 1430 1232 ipse
1453 1162 1581 1219 dicit
1615 1178 1628 1213 :
1659 1162 1793 1216 Caro
1818 1159 2137 1230 concupiscit
2158 1158 2251 1215 ad-

678 1275 849 1317 versus
894 1259 1146 1330 qiiritum,
1177 1257 1385 1326 spiritus
1412 1263 1585 1308 autem
1612 1252 1852 1307 adversus
1881 1266 2108 1303 carnem.
2149 1250 2250 1322 ιο

682 1348 812 1407 Hac
864 1350 1021 1411 enim,
1076 1346 1266 1414 inquit,
1301 1345 1514 1400 iiwiceut
1551 1342 1649 1397 sibi
1677 1341 2030 1405 adversantur,
2061 1350 2117 1394 ut
2140 1355 2249 1395 non

680 1456 1001 1512 quiscumque
1038 1439 1207 1499 vultis.
1249 1436 1343 1492 illa
1369 1436 1572 1507 faciatis
1600 1431 1744 1502 (Gal.
1778 1448 1827 1497 ιν,
1862 1431 1970 1500 l7).
2001 1431 2117 1485 Non
2147 1431 2247 1489 im-

681 1530 970 1601 prudenter
1000 1538 1023 1563 η
1053 1527 1268 1599 quidam
1310 1526 1414 1580 hoc
1458 1524 1578 1579 loco
1622 1523 1757 1579 dixit
1799 1521 1946 1590 quod
1991 1521 2041 1576 si
2087 1535 2246 1590 repu—

670 1627 878 1689 gnante
907 1616 1146 1689 corporis
1169 1613 1496 1678 fortitudine,
1526 1626 1646 1681 qutc
1672 1617 1920 1681 optamus
1946 1607 2122 1664 facere
2143 1623 2247 1665 non

667 1722 986 1780 possumus:
1020 1705 1389 1761 inlirmandum
1416 1702 1570 1759 nobis
1590 1716 1756 1759 carne
1779 1701 1850 1759 sit
1875 1710 1937 1757 ut
1961 1707 2142 1769 optata
2170 1698 2251 1752 fa—

2348 534 2771 589 intcstimabilem
2834 527 3182 602 suptunarum
3248 528 3680 600 internarumque
3739 540 3937 589 rerum

2334 624 2795 694 magniﬁcentiam
2822 624 2891 679 ab
2906 622 3098 681 eodem
3114 622 3229 691 regi
3257 637 3288 679 a
3302 635 3412 692 quo
3431 631 3609 679 treats
3623 623 3717 686 sit.
3735 637 3919 691 quem-

2324 728 2454 784 .qne
2495 716 2883 770 elementorum
2925 712 3319 777 fabricatorem,
3352 710 3598 793 eumdem
3625 713 3787 770 etiam
3813 726 3914 781 gu-

2347 804 2688 863 bematorem
2716 803 2871 863 tam?
2894 803 2990 872 qui
3013 811 3209 861 cuneta
3260 802 3463 860 scilicet
3495 817 3604 872 qua
3651 811 3918 872 potestate

2346 911 2413 951 ac
2440 895 2719 964 majestate
2742 894 3065 957 condiderit,
3092 894 3284 951 eadem
3303 895 3465 952 etiam
3491 894 3827 964 providentia
3853 910 3917 953 ac

2348 984 2559 1041 ratione
2588 983 2921 1048 moderetur;
2952 982 3246 1052 praesertim
3270 997 3394 1041 earn
3421 984 3584 1040 etiam
3613 985 3664 1040 in
3693 985 3776 1042 his
3798 1000 3919 1055 que

2349 1075 2585 1130 humano
2637 1082 2760 1131 actu
2805 1073 3259 1139 administrantur,
3300 1073 3433 1131 nihil
3462 1075 3916 1143 penitussinerr

2348 1162 2497 1219 tione
2538 1163 2816 1228 comistat,
2865 1163 3150 1231 omniaque
3176 1163 3250 1219 ita
3290 1178 3329 1246 ξι
3356 1155 3687 1234 providentia
3715 1166 3915 1223 bicolo-

2330 1257 2607 1319 Amitatem.
2632 1256 2784 1323 quasi
2832 1270 3029 1324 corpus
3081 1255 3150 1312 ab
3201 1256 3377 1313 anitua
3424 1256 3612 1319 vitam,
3671 1257 3912 1322 trahant;

2327 1347 2577 1416 ideoque
2604 1348 2659 1403 in
2682 1348 2788 1403 hoc
2815 1347 3013 1403 mundo
3034 1362 3138 1402 non
3164 1348 3337 1402 solum
3367 1348 3589 1418 imperia
3615 1355 3672 1402 et
3699 1348 3915 1417 provin-

2336 1437 2478 1501 cias,
2508 1446 2671 1505 atque
2695 1450 2811 1491 rem
2839 1437 3050 1492 civilem
3076 1451 3143 1492 ac
3167 1437 3474 1501 militarem,
3504 1436 3599 1491 sed
3623 1436 3783 1492 etiam
3809 1437 3914 1491 mi-

2344 1542 2484 1584 nora
2503 1527 2676 1583 omnia
2695 1536 2753 1583 et
2766 1528 3006 1597 privatas
3020 1527 3227 1592 domos,
3251 1527 3484 1597 pecudes
3506 1527 3737 1596 denique
3754 1527 3914 1597 ipsas.

2350 1622 2407 1672 et
2432 1616 2786 1673 minutissima
2828 1630 3058 1684 qumque
3103 1615 3517 1673 domesticorum
3570 1615 3918 1673 aniurantium

2334 1718 2566 1773 genera,
2592 1719 2702 1761 mu
2730 1705 2832 1759 nisi
2860 1705 3093 1760 humana
3121 1706 3460 1761 ordinatione
3486 1714 3647 1775 atque
3672 1705 3915 1769 consilio,

683 1799 903 1853 ciamus.
943 1815 962 1847 ι
998 1794 1278 1849 [inﬁrmitas
1303 1793 1446 1848 enim
1471 1791 1664 1856 carnis,
1698 1790 1868 1859 inquit
1897 1789 2065 1858 (Salv.
2092 1788 2243 1855 epist.
2278 1789 2325 1853 B
2347 1796 2501 1864 quasi
2524 1795 2753 1864 quadam
2774 1802 2954 1850 manu
3002 1798 3474 1864 et‘gubernaculo,
3510 1781 3793 1852 contineri.
3851 1796 3920 1852 Et

682 1885 767 1956 5),
824 1886 1059 1957 vigorem
1101 1884 1296 1939 mentis
1332 1881 1562 1944 exacuit.
1610 1879 1637 1919 δ
1665 1888 1721 1935 et
1773 1878 1977 1934 allectis
2003 1878 2242 1945 aruibus,

639 1967 646 1972 ’
679 1978 823 2033 vires
848 1988 1132 2045 corporum
1173 1973 1226 2030 in
1252 1973 1476 2027 virtutes
1504 1969 1891 2029 transferuntur
1918 1969 2246 2033 animorum;

684 2081 790 2121 non
840 2063 1086 2133 turpibus
1136 2060 1364 2117 llainmis
1414 2060 1656 2115 medullm
1702 2066 1950 2125 metuant,
1980 2073 2087 2113 non
2114 2057 2250 2117 male

671 2172 868 2217 sanam
924 2162 1158 2208 mentem
1210 2150 1428 2206 latentia
1469 2149 1733 2207 incentiva
1761 2148 2110 2211 succendunt,
2139 2162 2249 2206 non

684 2243 803 2309 vagi
856 2256 1043 2297 sensus
1091 2254 1193 2309 per
1216 2238 1366 2295 varia
1394 2236 1781 2295 oblectamenta
1808 2236 2124 2300 lasciviunt;
2154 2236 2249 2294 sed

683 2332 798 2386 sola
827 2320 1060 2386 exsultat
1083 2329 1277 2394 anima,
1309 2327 1427 2384 laeta
1452 2341 1682 2397 corpore
1706 2324 1921 2390 aﬂ'eeto,
1946 2325 2104 2395 ιιιωεί
2157 2324 2251 2382 κᾶν

683 2420 923 2476 versat-io
976 2417 1277 2489 subiugata.
1312 2436 1333 2471 ι
1369 2416 1495 2475 limo
1539 2430 1693 2487 ergo,
1736 2423 1796 2473 ut
1829 2415 1960 2481 disi.
1991 2414 2250 2484 religiosis

682 2509 813 2565 viris
839 2523 1000 2564 causa
1026 2506 1352 2588 inﬁrmitatis
1376 2514 1490 2572 est;
1520 2520 1747 2579 eamque
1775 2496 1908 2561 esse'
1928 2520 2035 2563 nec
2070 2512 2148 2569 tu,
2191 2511 2252 2563 ut

684 2602 932 2665 arbitror,
958 2601 1068 2670 jam
1098 2612 1278 2671 negas.

749 2691 839 2749 ιν.
867 2691 977 2749 Sed
1002 2698 1127 2749 sunt
1150 2688 1397 2757 fortasse,
1429 2689 1623 2758 inquis.
1654 2687 1757 2747 alia
1782 2686 1989 2755 majora
2015 2703 2028 2743 :
2060 2685 2114 2743 id
2142 2693 2246 2752 est.

680 2783 826 2855 quod
851 2783 1019 2840 multa
1048 2782 1103 2841 in
1131 2781 1242 2840 vita
1266 2780 1369 2835 ista
1398 2794 1588 2849 aspera
1617 2785 1776 2846 atque
1802 2777 1996 2836 acerba
2036 2776 2252 2846 psum-

683 2881 791 2935 tur,
842 2871 992 2940 quod
1042 2870 1342 2941 capiuntur,
1378 2867 1525 2939 quod
1550 2874 1889 2936 torquentur,
1919 2866 2065 2936 quod
2091 2867 2254 2927 truci—

678 2963 910 3024 dantur-
954 2961 1153 3019 Verum
1206 2967 1307 3017 est.
1336 2958 1444 3017 Sed
1471 2958 1596 3028 quid
1625 2957 1850 3021 luamus
1876 2957 2020 3027 quod
2043 2965 2103 3017 et
2127 2973 2256 3028 pro-

2344 1881 2468 1938 time
2495 1883 2673 1938 omnia
2697 1883 2813 1938 sine
2848 1884 3014 1940 dubio
3054 1885 3327 1940 voluntate
3373 1900 3438 1940 ac
3471 1885 3672 1954 judicio
3721 1888 3918 1942 summi

2340 1972 2447 2028 Dei
2462 1991 2486 2027 ι
2515 1973 2720 2043 scilicet
2747 1983 2805 2029 ut
2828 1990 2898 2030 eo
2934 1977 3185 2046 exemplo
3229 1990 3390 2031 omne
3428 1990 3599 2045 genus
3629 1978 3919 2033 humanum

2352 2062 2644 2131 particulas
2668 2078 2849 2120 rerum
2874 2071 2933 2123 et
2956 2065 3198 2123 membra
3221 2075 3452 2133 regeret,
3481 2080 3590 2136 quo
3635 2058 3751 2140 ipse
3775 2082 3921 2124 sum-

2350 2164 2497 2207 mam
2541 2151 2708 2207 totius
2752 2153 3007 2211 mundani
3051 2154 3295 2224 corporis
3337 2154 3678 2224 gubernaret.
3716 2155 3827 2211 Sed
3865 2155 3919 2212 in

2346 2245 2635 2315 principio,
2676 2246 2870 2316 inquis,
2918 2256 3284 2305 creaturarum
3321 2248 3435 2303 tunc
3465 2256 3587 2301 sunt
3615 2263 3645 2302 a
3674 2247 3785 2302 Deo
3811 2255 3921 2301 sta-

2353 2341 2469 2389 tuta
2518 2343 2680 2405 atque
2725 2335 3011 2405 disposita;
3061 2345 3309 2391 cteterum
3338 2330 3545 2406 patrata
3576 2336 3920 2392 universitate

2351 2436 2531 2479 rerum
2572 2435 2734 2496 atque
2760 2427 3013 2497 perfecta,
3041 2427 3272 2482 removit
3311 2441 3342 2480 a
3366 2441 3430 2481 se
3466 2435 3714 2481 cunctam
3754 2435 3922 2483 terre-

2350 2512 2540 2569 strium
2564 2528 2742 2568 rerum
2756 2529 2943 2571 curam
2965 2526 2994 2555 ο
3018 2524 3073 2570 et
3092 2515 3385 2582 ablegaVit;
3418 2515 3655 2571 laborem
3678 2515 3922 2571 videlicet

2350 2599 2492 2679 torte
2530 2600 2756 2671 fugiens,
2808 2618 2839 2658 a
2865 2619 2965 2660 suo
3012 2604 3131 2660 loco
3177 2603 3497 2671 amandavit,
3528 2614 3585 2661 et
3624 2607 3921 2662 molestiam

2352 2680 2676 2760 fatigationis
2722 2692 2929 2752 evitans
2948 2733 2965 2759 ,
3014 2703 3107 2751 aut
3150 2704 3443 2764 occupatus
3499 2696 3726 2765 negotiis
3778 2695 3918 2759 aliis.

2348 2788 2559 2853 partem
2586 2798 2768 2841 rerum
2802 2784 3037 2853 reliquit,
3066 2784 3194 2852 quia
3231 2782 3400 2841 td‘utm
3428 2783 3577 2843 obire
3604 2800 3711 2841 non
3732 2784 3917 2854 possit.

2424 2870 2489 2925 γ.
2521 2870 2782 2928 Removet
2811 2873 2971 2943 igitur
2997 2888 3027 2929 a
3055 2888 3133 2940 se,
3176 2874 3364 2944 inquit,
3407 2888 3589 2932 curam
3618 2874 3924 2931 mortalium

2356 2960 2518 3018 Deus.
2550 2960 2617 3016 Et
2637 2976 2756 3031 quae
2780 2975 2912 3031 ergo
2941 2961 3097 3017 nobis
3121 2960 3312 3019 diviute
3337 2961 3609 3031 religionis
3636 2969 3718 3019 est
3748 2961 3924 3019 ratio?

683 3057 859 3128 phetzc
882 3056 939 3111 in
968 3052 1331 3124 captivitatem
1362 3050 1574 3110 abducti
1600 3057 1728 3106 sunt
1753 3057 1807 3107 et
1834 3048 2064 3118 apostoli
2089 3049 2251 3106 etiam
2355 3064 2475 3119 quae
2501 3050 2586 3103 vel
2605 3065 2764 3104 causa
2785 3051 3051 3105 Christum
3073 3051 3300 3117 colendi,
3324 3052 3409 3111 vel
3428 3066 3550 3123 spes
3570 3050 3926 3126 propitiandi?

686 3152 949 3201 tormenta
1004 3141 1331 3227 tolerarunt?
1382 3137 1451 3199 Et
1476 3145 1625 3199 certe
1650 3137 1896 3199 dubitare
1925 3151 2030 3193 non
2057 3150 2247 3206 posse.
2273 3131 2319 3197 C
2356 3143 2456 3210 12
2481 3138 2536 3193 Si
2558 3141 2701 3192 enim
2732 3141 2959 3207 negligit
2978 3142 3117 3194 Deus
3138 3142 3191 3194 in
3219 3143 3322 3196 hoc
3348 3143 3542 3197 saeculo
3569 3156 3734 3210 genus
3756 3142 3928 3195 homi-

676 3248 818 3298 ‘mus,
872 3232 1016 3303 quod
1072 3238 1198 3289 tunc
1237 3231 1347 3289 Deo
1374 3229 1607 3286 maxime
1632 3243 1775 3285 cura
1798 3235 1975 3293 erant,
2003 3240 2124 3282 cum
2153 3240 2251 3295 pro
2354 3246 2502 3294 num,
2553 3245 2649 3284 cur
2696 3228 2762 3283 ad
2804 3230 2997 3284 coelum
3041 3229 3282 3296 quotidie
3312 3244 3500 3283 manus
3527 3230 3808 3293 tendimus,
3832 3246 3926 3286 cur

685 3322 797 3379 Deo
826 3323 925 3381 ista
950 3329 1282 3392 paterentur.
1316 3319 1385 3379 At
1412 3316 1634 3374 forsitan
1664 3318 1768 3373 hoc
1793 3317 1912 3387 ipso
1938 3316 2108 3383 magis
2134 3330 2255 3385 pro-

683 3413 812 3469 bare
836 3420 894 3469 te
914 3412 1054 3469 dicis
1080 3410 1220 3481 quod
1251 3409 1390 3467 Deus
1416 3407 1471 3465 in
1492 3407 1693 3463 εωειιιο
1718 3406 1825 3463 isto
1852 3404 2033 3463 omnia
2082 3404 2252 3472 negli-

682 3511 793 3573 gat,
822 3511 879 3557 et
904 3501 1080 3561 fuutro
1110 3508 1277 3555 totum
1298 3497 1505 3567 judicio
1532 3502 1787 3561 reservet,
1817 3496 1943 3565 quia
1970 3502 2255 3565 semperct

685 3593 813 3650 boni
867 3591 1045 3646 omnia
1100 3589 1240 3645 mala
1268 3587 1409 3658 passi
1438 3595 1579 3653 sunt,
1611 3595 1666 3643 et
1692 3584 1933 3645 fecerunt
1960 3584 2106 3641 mali.
2134 3583 2254 3643 Non

686 3678 913 3733 inﬁdelis
940 3677 1152 3746 quidem
1184 3676 1390 3730 videtur
1416 3676 1658 3740 assertio,
1691 3675 1923 3730 maxime
1958 3673 2084 3748 quia
2113 3661 2256 3731 futu-

685 3786 803 3825 rum
840 3769 949 3841 Dei
997 3767 1253 3838 judicium
1307 3765 1608 3823 conﬁtetur.
1648 3765 1753 3821 Sed
1789 3782 1888 3823 nos
1916 3765 1988 3821 ita
2012 3764 2255 3835 judican—

687 3861 811 3919 dum
858 3859 1146 3915 humanum
1200 3872 1367 3926 genus
1407 3873 1438 3913 a
1476 3854 1690 3912 Christo
1713 3856 1958 3921 dicimus,
1989 3864 2051 3909 ut
2078 3865 2255 3915 tamen

686 3950 846 4005 etiam
902 3959 1045 4001 nunc
1095 3945 1276 3999 omnia
1332 3944 1518 4005 Deum,
1548 3953 1709 4012 prout
1734 3942 2054 3997 rationabile
2080 3949 2250 4009 putat,

688 4051 875 4106 regere
899 4051 963 4089 ac
989 4035 1296 4105 dispensare
1316 4032 1622 4095 credamus;
1654 4040 1710 4085 et
1737 4031 1809 4084 ita
1838 4031 1892 4084 in
1921 4029 2098 4085 futuro
2121 4030 2256 4099 judi-

686 4126 770 4178 cio
806 4123 1164 4190 iudicatur.qu
1191 4120 1534 4185 allirmamus,
1567 4130 1623 4175 ut
1653 4129 1828 4177 tamen
1855 4135 2067 4189 semper
2093 4121 2257 4179 etiam

688 4215 740 4271 in
771 4214 873 4269 hoc
900 4212 1094 4270 steculo
1116 4211 1382 4280 iudicasse
1398 4212 1708 4268 doceamus.
1730 4211 2027 4266 Dmnenim
2046 4206 2260 4281 sempel-

686 4303 944 4369 gubernat
998 4301 1156 4367 Deus,
1213 4316 1425 4372 semper
1472 4300 1716 4373 judicat:
1761 4300 1886 4368 quia
1908 4301 2257 4375 "gubernatio

577 4436 591 4451 .
689 4393 800 4463 ipsa
823 4392 1082 4461 judicium
1108 4402 1209 4451 est.
1248 4396 1344 4463 ιι
1375 4390 1518 4457 Quot
1555 4391 1727 4447 modis
1770 4390 1877 4448 hoc
1928 4391 2008 4446 vis
2061 4392 2258 4461 probe-v

2353 3319 2684 3375 orationibus
2703 3318 2905 3374 crebris
2928 3317 3348 3372 misericordiam
3386 3318 3479 3373 Dei
3500 3320 3803 3389 quzcrimus,
3832 3336 3927 3377 cur

2350 3409 2422 3464 ad
2465 3407 2856 3463 ecclesiasticas
2901 3406 3089 3462 domos
3131 3407 3411 3470 currimus,
3457 3423 3554 3463 cur
3587 3417 3711 3464 ante
3739 3410 3926 3469 altaria

2353 3496 2740 3568 supplicamus?
2761 3494 2911 3550 Nulla
2932 3503 3016 3550 est
3039 3495 3181 3549 enim
3230 3496 3387 3552 nobis
3413 3499 3552 3554 ratio
3578 3500 3852 3568 precandi.
3876 3501 3925 3556 si

2354 3601 2477 3656 spes
2494 3585 2697 3641 tollitur
2716 3583 3051 3654 impetrandi.
3073 3583 3231 3643 Vides
3249 3598 3377 3654 ergo
3396 3600 3557 3656 quam
3578 3587 3738 3643 stulta
3757 3595 3923 3657 atque

2356 3676 2527 3731 inanis
2551 3674 2622 3729 sit
2648 3673 2802 3742 hujus
2824 3674 3185 3743 persuasionis
3213 3675 3438 3751 assertio
3471 3694 3483 3728 :
3516 3691 3633 3745 quae
3662 3677 3843 3745 utique
3872 3678 3923 3732 si

2355 3765 2628 3837 recipitur,
2652 3763 2780 3819 nihil
2806 3764 3016 3832 penitus
3036 3763 3102 3817 de
3135 3759 3393 3835 religione
3420 3774 3679 3821 senatur.
3722 3766 3828 3824 Sed
3858 3767 3925 3827 ad

2356 3844 2485 3913 illud
2514 3853 2651 3909 forte
2677 3851 2951 3921 confugies
2979 3859 3037 3906 ut
3058 3852 3202 3907 dicas
3228 3868 3327 3908 nos
3348 3862 3493 3908 metu
3532 3853 3696 3907 futuri
3739 3854 3926 3922 judicii

2357 3942 2525 3996 Deum
2550 3941 2747 4005 colere,
2779 3948 2834 4000 et
2855 3941 2908 3995 id
2928 3941 3073 3996 omni
3095 3942 3434 4011 praesentium
3464 3942 3761 4001 oﬂiciorum
3781 3945 3927 4000 cultu

2356 4031 2633 4089 elaborare
2688 4039 2745 4085 ut
2788 4031 2840 4085 in
2868 4030 2954 4087 die
2980 4031 3139 4087 luturi
3170 4028 3347 4087 smeuli
3376 4048 3675 4089 mereamur
3703 4036 3922 4093 absolvi.

2356 4118 2492 4186 Quid
2517 4133 2645 4191 ergo
2673 4120 2770 4175 sibi
2800 4121 2914 4175 vult
2935 4121 3210 4188 apostolus
3238 4120 3436 4179 Paulus
3458 4123 3768 4192 prmeipiens
3794 4139 3928 4191 Quo-

2358 4209 2486 4263 tidie
2528 4210 2583 4262 in
2608 4208 2847 4264 Ecclesia
2894 4223 2958 4263 ac
2979 4208 3174 4278 jubens
3202 4217 3261 4265 ut
3287 4209 3571 4267 oferamus
3598 4211 3797 4279 jugiter
3816 4212 3927 4266 Deo

2357 4313 2541 4362 nostro
2569 4306 2861 4367 orationes,
2893 4305 3313 4368 obsecrationes,
3351 4304 3754 4378 postulationes,
3806 4317 3928 4371 gra-

2361 4397 2551 4451 tiarum
2590 4396 2830 4451 actiones
2858 4394 2900 4465 (l
2936 4393 3068 4451 Tim.
3100 4411 3156 4455 ιι,
3192 4394 3281 4459 l)?
3308 4392 3376 4446 Et
3402 4395 3514 4449 htcc
3542 4392 3721 4449 omnia
3766 4407 3929 4462 quam

688 4485 837 4539 inus?
886 4485 1114 4547 ratione.
1170 4498 1239 4538 an
1290 4483 1566 4565 exemplis,
1596 4497 1666 4539 an
1701 4482 2051 4539 testimoniis?
2074 4482 2135 4537 Si
2163 4498 2252 4537 ra—
2281 4470 2331 4530 ι)
2355 4485 2426 4540 ob
2452 4487 2701 4541 causam?
2724 4498 2884 4552 qutun
2915 4484 3113 4551 utique,
3152 4482 3271 4544 nisi,
3312 4490 3369 4534 ut
3397 4482 3509 4553 ipse
3537 4481 3683 4539 dicit.
3721 4491 3777 4536 ut
3795 4484 3931 4554 quie-

687 4576 868 4638 notio;
916 4572 1036 4641 quis
1081 4581 1187 4626 tam
1227 4587 1420 4641 expers
1446 4573 1688 4629 humanae
1708 4573 2069 4641 intelligentitc
2090 4583 2175 4631 est
2200 4582 2259 4631 et

687 4662 843 4732 hujus
871 4660 1036 4731 ipsius
1061 4659 1128 4716 de
1169 4675 1271 4730 qua
1298 4660 1586 4728 loquimur,
1617 4660 1854 4719 veritatis
1880 4660 2103 4727 alienus,
2157 4665 2249 4733 qui

2356 4584 2459 4628 tam
2506 4583 2556 4629 et
2606 4573 2928 4643 tranquillam
2978 4573 3133 4625 vitam
3178 4586 3390 4642 agamus
3431 4571 3484 4623 in
3527 4573 3665 4627 omni
3691 4573 3930 4627 castitate

2360 4664 2544 4741 (Ibid..
2573 4663 2651 4732 2).
2676 4662 2779 4719 Pro
2801 4660 3169 4731 pnescntibus,
3202 4669 3259 4716 ut
3282 4660 3543 4727 videmus,
3562 4660 3789 4719 Domino
3808 4677 3932 4731 ευρ-

882 4807 885 4811 .
1149 4750 1155 4756 ’
1848 4748 2184 4811 STEPHANI
2220 4752 2494 4809 BALUZII
2530 4750 2756 4810 NOTAE.

687 4853 804 4911 esse
826 4845 887 4911 et
902 4835 971 4911 ad
1004 4850 1192 4911 omnes
1236 4836 1505 4911 pertinere
1527 4839 1619 4911 qui
1646 4837 1714 4911 ad
1756 4849 1970 4908 gentem
2016 4842 2249 4911 aliquam
2354 4844 2497 4899 celsa
2526 4842 2608 4897 est
2626 4856 2692 4896 ac
2706 4841 2961 4896 Salviano
2978 4841 3135 4911 digna
3158 4842 3210 4896 in
3226 4840 3408 4911 codice
3420 4837 3754 4911 Corbciensi,
3769 4856 3926 4910 quem

688 4908 790 4962 iide
817 4905 1121 4978 Christiana
1164 4905 1499 4978 imbuendum
1541 4905 1868 4978 inissipstiut;
1898 4905 2248 4978 quemadmo-

687 4979 813 5030 dum
852 4975 1050 5028 dictum
1080 4981 1165 5027 est
1186 4968 1314 5028 olim
1344 4974 1397 5028 in
1424 4976 1651 5032 concilio
1680 4968 2065 5040 Leuioviéesisi,
2087 4991 2143 5036 et
2170 4982 2249 5035 le-

687 5048 837 5117 gitur
870 5043 924 5117 in
951 5042 1178 5117 epistola
1208 5041 1430 5117 Joannis
1474 5043 1698 5117 XX_de_
1721 5046 2034 5117 Apostolatu
2073 5049 2248 5104 sancti

688 5111 959 5168 Martialis.
984 5111 1077 5166 Sic
1104 5111 1494 5183 Epaphroditus
1521 5129 1551 5168 a
1573 5112 1737 5169 Paulo
1762 5111 1956 5172 dicitur
1979 5119 2252 5186 apostole

690 5181 1122 5236 l’hilinnensium.

768 5196 1122 5235 IIIDDCIISIIHD.

760 5262 786 5291 ι
829 5249 997 5321 verba
1019 5258 1142 5304 sunt
1167 5249 1401 5305 Salviaui
1430 5266 1494 5304 ex
1524 5251 1748 5320 epistola
1785 5253 1991 5321 quinta,
2021 5261 2079 5308 ut
2106 5262 2259 5308 notat

690 5320 853 5390 etiam;
879 5319 1280 5390 Rittershusius,
1310 5322 1401 5389 qui
1423 5319 1598 5375 locum
1627 5322 1766 5375 hunc
1793 5319 1925 5375 mire
1952 5322 2127 5376 facere
2158 5339 2256 5390 pu-

689 5397 767 5459 tat
793 5388 1046 5459 adversus
1070 5386 1261 5459 Pitbmi
1288 5386 1619 5459 suspiciones
1645 5392 1713 5442 do
1747 5399 1966 5443 auctore
1995 5386 2252 5444 librarian

644 5456 655 5463 ’
690 5457 938 5510 tuli-orsus
964 5456 1271 5515 Avaritiam.
1352 5506 1359 5519 ,

759 5524 785 5563 ιι
826 5524 1086 5593 Frigidior
1110 5535 1226 5581 erat
1271 5527 1534 5587 sententia
1578 5525 1734 5591 hujus
1771 5524 1875 5578 loci
1912 5524 1964 5578 in
1993 5525 2112 5579 aliis
2138 5525 2254 5579 edi-

691 5595 940 5657 tionibus,
967 5609 1085 5663 quae
1110 5597 1184 5648 ita
1210 5595 1476 5649 habebant
1505 5612 1518 5644 ε
1552 5594 1623 5646 Ut
1647 5594 1848 5661 «ﬂectis
1874 5594 2102 5656 artubus,
2126 5596 2257 5663 uires

693 5680 955 5734 corporum
983 5667 1036 5717 in
1064 5664 1683 5731 virtutesjransferautur
1702 5663 2008 5714 animorum.
2032 5662 2138 5717 Sed
2162 5678 2259 5724 ex-

2358 4913 2500 4968 bona
2532 4912 2635 4965 lidc
2661 4909 3214 4981 expressimusﬂuin
3239 4918 3295 4981 et
3323 4909 3601 4981 salvianus
3629 4911 3752 4981 ipse
3788 4909 3926 4981 hanc

2355 4978 2784 5037 emendationem
2810 4979 3088 5037 conﬁrmat
3102 4978 3160 5034 in
3186 4978 3412 5050 epistola
3431 4978 3635 5046 quinta,
3652 4979 3791 5045 unde
3813 4979 3925 5034 haec

2356 5057 2580 5191 ῨὛΡΙῈ
2606 5056 2937 5191 ξῗὲεξίυῃθεί
2966 5123 3020 5169 et
3040 5110 3560 5191 interpungidebcre
3588 5113 3676 5168 hic
3694 5115 3842 5168 locus
3870 5123 3928 5167 ut

2356 5186 2445 5242 hic
2470 5186 2645 5245 editus
2671 5194 2771 5243 est.
2802 5180 2933 5238 Nam
2959 5191 3013 5237 et
3039 5180 3298 5237 editiones
3326 5181 3398 5236 ita
3429 5180 3645 5246 habent,
3659 5191 3713 5237 et
3738 5197 3927 5237 sensus

2359 5255 2599 5324 postulat
2616 5254 2692 5308 uti
2716 5253 3170 5324 hanc_lccti_onem_
3177 5250 3517 5324 retineamus.
3539 5252 3808 5324 Attamen
3832 5266 3924 5324 co-

2360 5316 2463 5377 dex
2482 5322 2819 5378 Corbeiensis
2848 5321 3114 5374 habebat:
3146 5316 3214 5370 Et
3249 5318 3497 5384 ablegavit
3530 5319 3773 5384 laborem,
3796 5320 3931 5373 vide-

2359 5393 2495 5454 licet,
2526 5400 2629 5444 etc.
2644 5390 2921 5459 ⁸(Ξιιξιιενιιιιι
2948 5396 3231 5459 antequam
3264 5387 3331 5459 ab
3353 5387 3455 5459 hoc
3485 5387 3619 5459 loco
3638 5388 3925 5459 discedam,

2361 5457 2752 5512 admonendum
2795 5456 2977 5526 putavi
3024 5455 3277 5509 lcetorcm
3314 5456 3403 5510 hic
3441 5455 3492 5526 in
3522 5456 3710 5526 eodem
3739 5455 3926 5526 codice

2361 5526 2782 5596 pmomandmiit
2799 5523 3054 5596 scriptum
3075 5539 3193 5581 esse
3218 5523 3603 5596 commendarit.
3630 5524 3931 5596 Quantis!“

2361 5591 2522 5716 ἱῦιιέιὴιο
2541 5594 2689 5715 ,δι’ιὲὺὶ
2730 5595 2831 5663 legi
2861 5591 3175 5651 annotatqu
3211 5601 3291 5648 est
3319 5594 3375 5647 in
3402 5593 3639 5660 margine
3676 5591 3926 5653 editionis

2408 5679 2423 5716 ι
2487 5677 2539 5716 αξ
2577 5679 2589 5713 :
2661 5701 2673 5715 .

2408 5674 2673 5717 immanes.
