4234 6262
346 356 413 441 =7

1453 345 1540 400 DE
1574 338 2103 400 GUBERNATIONE
2144 338 2253 395 DEI
2290 329 2418 394 LIB.
2463 339 2503 393 Ι.
3536 344 3602 396 38

344 465 533 535 picari
558 463 715 533 jubet
739 471 794 517 et
822 475 973 515 orare
998 478 1009 511 :
1040 459 1183 528 quod
1212 458 1394 525 utique
1422 470 1530 511 non
1548 455 1783 524 juberet,
1814 453 1913 509 nisi
1941 458 1987 514 Α
2019 451 2163 519 Ergo
2187 451 2291 506 hoc
2313 451 2384 504 de
2410 450 2588 519 primo
2608 449 2846 513 homine,
2873 448 2925 502 id
2952 457 3054 514 est,
3086 449 3154 503 de
3181 458 3351 518 patre.
3372 451 3511 518 Quid
3537 454 3602 507 de
3680 451 3687 457 ⁷

343 567 575 608 exorare
603 566 762 622 posse
786 548 1093 605 confideret.
1126 545 1405 613 Quomodo
1432 559 1563 613 ergo
1590 544 1783 612 aliquis
1821 557 1920 612 pro

341 641 654 701 obtinendis
680 638 841 694 futuri
871 636 1127 707 uunporis
1151 636 1308 691 bonis
1333 643 1548 705 apertas
1592 633 1691 688 Dei
1738 646 1915 699 aures,

249 788 269 814 ,
340 747 445 804 pro
493 731 839 802 praesentibus
866 737 1045 785 autem
1070 728 1282 783 clausas
1308 734 1471 804 atque
1495 725 1797 780 obstructas
1820 739 1920 795 ρει-

344 823 593 881 tat?,Aut
615 819 885 891 quomodo
907 835 1007 875 nos
1034 820 1089 873 in
1115 817 1356 873 ecclesia
1384 816 1747 886 supplicantes
1774 828 1917 885 prre-

342 920 553 966 sentem
575 909 727 966 nubis
740 909 974 964 salutem
996 924 1033 962 a
1057 908 1168 962 Deo
1186 907 1478 977 poscimus,
1534 906 1584 959 si
1620 903 1921 959 audiendos

344 1014 447 1055 nos
467 1000 678 1069 penitus
721 1013 833 1052 non
870 997 1163 1067 putamus?
1191 995 1344 1049 Nulla
1368 1008 1502 1063 ergo
1530 993 1685 1048 nobis
1712 1007 1811 1061 pro
1838 992 1923 1045 in-

334 1072 742 1147 ‘coluinitatibus
760 1101 825 1141 ac
845 1084 1289 1155 prosperitatibus
1309 1084 1507 1140 nostris
1527 1090 1652 1137 vota
1682 1080 1921 1136 facienda

342 1184 484 1231 sunt.
529 1173 670 1241 Quin
712 1175 894 1244 potius
921 1181 981 1227 ut
1025 1171 1286 1227 modestia
1306 1169 1711 1240 supplicationis
1734 1183 1920 1225 vocem

339 1266 592 1323 conciliet
637 1263 981 1335 postulantis,
1027 1262 1311 1317 dicendum
1340 1260 1565 1317 fortasse
1606 1259 1763 1313 nobis
1788 1266 1872 1313 est
1904 1276 1916 1310 :

342 1357 586 1421 Domine,
617 1371 727 1409 non
754 1354 1165 1424 prosperitatum
1210 1352 1333 1406 vita:
1360 1352 1513 1406 istius
1539 1351 1922 1420 petimus,lncc

338 1462 440 1517 pro
492 1446 652 1502 bouis
692 1444 1044 1515 pnesentihus
1096 1443 1493 1513 supplicamus;
1532 1443 1731 1497 scimus
1777 1442 1919 1497 enim

312 1573 329 1586 ..
342 1550 500 1590 aures
521 1542 642 1591 tuas
662 1534 749 1589 bis
767 1532 1227 1594 obsecrationibus
1242 1531 1452 1587 clausas
1468 1544 1589 1587 esse
1610 1538 1667 1584 et
1685 1530 1921 1584 auditum

343 1633 396 1680 te
414 1625 482 1679 ad
507 1639 696 1694 preces
723 1622 1023 1678 istiusmodi
1044 1637 1151 1677 non
1180 1621 1399 1683 habere,
1429 1619 1524 1675 sed
1562 1634 1662 1689 pro
1691 1619 1774 1674 his
1802 1626 1922 1673 tan-

343 1714 617 1770 tummodo
637 1715 870 1785 petimus
884 1728 1008 1783 quze
1027 1720 1149 1767 sunt
1176 1711 1350 1767 futura
1380 1720 1501 1781 post
1520 1718 1771 1766 mortem.
1787 1709 1919 1766 Esto

2020 539 2277 603 scande,
2308 539 2360 592 id
2381 547 2487 601 est,
2508 539 2577 593 de
2600 536 2746 594 ﬁlio?
2771 536 2991 592 Factum
3019 547 3118 603 est,
3142 539 3314 607 inquit
3328 540 3602 611 Scriptura

2018 645 2192 691 sacra,
2239 640 2356 700 post
2396 630 2583 683 utullus
2635 628 2749 683 dies
2774 638 2833 682 ut
2857 628 3069 697 σθεν-νει
3107 628 3237 684 Cain
3265 630 3331 684 de
3357 633 3602 703 [rudibus

2021 730 2175 788 terra
2210 735 2429 773 munera
2454 718 2718 776 .Domiuo.
2753 716 2878 771 Abel
2902 734 3100 789 quoque
3122 718 3308 774 obtulit
3334 720 3397 775 de
3421 723 3602 791 primi-

2021 812 2105 865 (iis
2131 811 2303 881 gregis
2329 811 2410 864 sui
2438 819 2489 862 et
2515 810 2580 864 de
2604 808 2842 887 adipibus
2871 810 3001 880 ejus.
3045 807 3116 862 Et
3162 813 3390 881 respexit
3416 810 3600 866 Domi-

2020 916 2119 953 nus
2146 900 2215 953 ad
2242 900 2368 953 Abel
2395 908 2445 953 et
2472 899 2542 952 ad
2585 915 2800 954 munera
2827 902 2942 971 ejus
2972 916 2990 953 :
3020 900 3090 953 ad
3134 899 3264 954 Cain
3294 917 3412 955 vero
3448 911 3498 955 et
3532 902 3603 955 ad

2020 1006 2233 1044 munera
2271 991 2382 1059 ejus
2410 1006 2513 1043 non
2550 991 2774 1059 respexit
2801 988 2951 1058 (Gen.
2985 1005 3056 1054 Iv,
3087 988 3225 1059 3—5).
3282 988 3599 1059 Priusquam

2018 1082 2089 1136 de
2106 1081 2439 1136 evidentiore
2459 1081 2663 1150 judicio
2691 1081 2786 1135 Dei
2814 1081 3010 1145 dicam,
3042 1089 3174 1150 puto
3194 1081 3337 1150 quod
3358 1082 3521 1137 etiam
3542 1084 3598 1139 in

2022 1172 2106 1227 liis
2128 1187 2251 1241 quae
2268 1171 2379 1241 jam
2408 1171 2660 1236 diximus,
2691 1171 2935 1240 quadam
2956 1185 3181 1226 censura
3206 1172 3393 1239 judicii
3421 1181 3524 1227 est.
3540 1172 3597 1227 in

2022 1260 2125 1314 hoc
2151 1261 2293 1314 enim
2320 1259 2467 1329 quod
2495 1261 2652 1315 unius
2678 1260 3001 1315 sacrificium
3052 1261 3196 1316 Deus
3241 1261 3480 1331 suscipit,
3529 1263 3599 1316 al-

2022 1349 2187 1404 terius
2211 1348 2467 1414 escludit,
2493 1349 2893 1404 evidentissime
2910 1350 3098 1418 utique
3125 1360 3179 1403 et
3220 1348 3288 1404 de
3332 1350 3491 1405 unius
3512 1349 3599 1418 ξος

2020 1441 2164 1497 stitia
2186 1449 2241 1495 et
2266 1442 2335 1497 de
2365 1441 2647 1511 iniquitate
2675 1440 2898 1494 alterius
2912 1438 3189 1508 judicavit.
3214 1438 3323 1494 Sed
3358 1439 3463 1495 hoc
3503 1455 3598 1515 pa-

2020 1546 2141 1586 rum
2195 1538 2298 1585 est.
2339 1529 2475 1584 Cum
2506 1530 2669 1599 igitur
2712 1529 2892 1585 futuro
2934 1528 3155 1583 facinori
3188 1530 3328 1584 viam
3355 1537 3600 1585 sternens

2024 1620 2241 1675 fratrem
2272 1620 2325 1674 in
2345 1619 2690 1675 solitudinem
2709 1620 2892 1685 trahit,
2940 1618 3165 1673 secretis
3211 1620 3599 1689 patrocinanti-

2021 1710 2123 1766 bus
2161 1710 2340 1765 scelus
2374 1710 2602 1779 peragit,
2646 1708 2990 1778 impiissimus
3029 1708 3233 1778 pariter
3267 1716 3322 1764 et
3348 1708 3599 1767 stultissi-

340 1805 521 1872 igitur,
548 1804 844 1875 postulatio
873 1804 994 1857 talis
1013 1803 1244 1857 utilitate
1267 1817 1374 1857 non
1402 1810 1618 1868 careat;
1654 1802 1755 1872 13
1781 1817 1920 1870 quo-
1950 1813 2001 1873 Β
2024 1815 2163 1865 mus,
2192 1800 2287 1869 qui
2306 1799 2379 1853 ad
2400 1798 2820 1869 perpetrandum
2862 1799 3155 1853 maximum
3184 1797 3334 1854 nefas
3357 1798 3601 1856 sulIicere

343 1892 504 1948 modo
520 1893 731 1948 ratione
752 1892 1028 1947 mbsistit?
1051 1892 1109 1946 Si
1123 1892 1268 1947 enim
1290 1891 1429 1946 Deus
1451 1906 1486 1945 a
1503 1899 1747 1960 respectu
1765 1890 1921 1961 hujus

342 1983 522 2038 mutii
565 1999 748 2039 curam
777 1984 1026 2051 removit,
1054 1992 1113 2038 et
1135 1983 1521 2053 postulantium
1550 1983 1799 2053 precibus
1826 1998 1921 2039 au-

332 2089 432 2129 res
457 2089 582 2128 suas
607 2074 824 2139 clausit;
855 2075 1058 2142 absque
1083 2073 1247 2127 dubio
1273 2063 1366 2141 qui
1394 2087 1500 2128 non
1522 2073 1669 2127 audit
1695 2088 1796 2129 nos
1820 2089 1921 2143 pro

336 2162 730 2233 mentibus,
778 2178 885 2216 non
916 2161 1067 2216 audit
1091 2162 1253 2216 etiam
1278 2178 1377 2232 pro
1396 2162 1622 2217 futuris:
1655 2163 1756 2217 nisi
1785 2162 1922 2218 forte

340 2250 617 2307 credimus
637 2266 738 2321 pro
765 2266 984 2320 precum
1004 2251 1313 2306 diversitate
1335 2267 1491 2309 aures
1510 2268 1636 2308 suas
1653 2252 1922 2308 Christum

341 2339 432 2397 vel
463 2339 699 2395 trilmere
727 2339 809 2395 vel
837 2353 1048 2408 negare,
1080 2340 1131 2395 id
1156 2349 1261 2407 est,
1288 2349 1345 2395 ut
1392 2342 1615 2397 claudat
1657 2357 1753 2396 eas
1797 2358 1921 2397 cum

338 2436 604 2496 rogantur
649 2430 948 2498 pimseutia,
1000 2429 1207 2499 aperiat
1228 2445 1356 2485 cum
1382 2429 1581 2485 futura.
1614 2429 1719 2486 Sed
1740 2431 1809 2487 de
1836 2431 1920 2487 his

338 2515 631 2573 dicendum
652 2518 879 2587 amplius
902 2534 1009 2574 non
1032 2527 1135 2574 est.
1155 2518 1285 2575 'l'am
1311 2520 1474 2574 stulta
1506 2521 1650 2581 enim
1690 2528 1818 2576 sunt
1865 2529 1923 2576 et

344 2613 459 2660 tam
503 2603 709 2671 frivola,
763 2615 821 2660 ut
846 2606 1145 2662 cavendum
1188 2608 1350 2667 sitne
1370 2608 1421 2666 id
1449 2608 1623 2676 ipsum
1648 2609 1794 2677 quod
1822 2623 1924 2679 pro

345 2696 552 2755 honore
569 2695 664 2754 Dei
691 2697 904 2762 dicitur,
933 2698 1129 2768 injuria
1158 2698 1258 2752 Dei
1285 2713 1407 2753 esse
1444 2698 1708 2752 videatur.
1752 2696 1924 2754 Tanta

340 2785 544 2856 Quippe
596 2795 680 2841 est
724 2787 1019 2856 maiestatis
1068 2801 1238 2842 eam
1264 2794 1322 2843 et
1340 2794 1449 2843 tam
1476 2787 1753 2843 tremenda
1770 2803 1925 2845 reve-
1955 2824 1961 2831 ι

596 2887 664 2936 ut.
697 2892 805 2934 non
852 2878 1115 2934 soinmea
1141 2876 1926 2946 qumabiltiseontrareligio-

340 2976 474 3017 mean
500 2964 752 3021 dicuntur
778 2967 1020 3030 horrere,
1060 2965 1158 3020 sed
1201 2966 1366 3020 etiam
1397 2979 1518 3034 quae
1545 2980 1644 3035 pro
1668 2966 1928 3035 religione

348 3068 456 3107 nos
480 3050 580 3120 ipsi
605 3051 830 3109 dicimus
847 3068 968 3117 essu
993 3053 1179 3121 grandi
1196 3059 1346 3108 metu
1363 3068 1428 3108 ac
1447 3053 1724 3123 disciplina
1747 3055 1926 3114 dicere

2020 1891 2123 1947 sibi
2136 1890 2365 1946 credidit
2385 1892 2430 1945 si
2452 1897 2701 1961 aspectus
2716 1891 2911 1945 vitaret
2928 1890 3225 1957 hominum,
3249 1890 3599 1947 fratricidium

2004 1981 2136 2037 ‘Deo
2166 1989 2304 2037 teste
2353 1981 2609 2038 facturus.
2637 1979 2790 2035 Unde
2812 1988 2945 2050 puto
2973 1979 3118 2049 quod
3142 1980 3261 2035 haec
3288 1982 3341 2035 in
3370 1981 3463 2036 illo
3486 1981 3599 2051 jam

2012 2080 2153 2127 tunc
2176 2072 2360 2142 opinio
2381 2071 2539 2125 fuerit
2566 2084 2686 2140 qua:
2706 2072 2921 2127 nuncin
2949 2070 3132 2126 multis
3152 2080 3251 2138 est,
3283 2072 3451 2127 Deum
3496 2074 3598 2129 sci-

2022 2161 2149 2216 licet
2192 2156 2471 2216 terrestria
2511 2176 2621 2215 non
2662 2162 2932 2231 respicere
2959 2169 3014 2216 et
3042 2168 3193 2216 actus
3219 2161 3599 2218 sceleratorum

1976 2270 1977 2273 η
2022 2251 2299 2306 hominum
2329 2265 2435 2305 non
2463 2250 2664 2305 videre.
2696 2250 2807 2305 Nec
2834 2249 3053 2305 debium
3074 2260 3177 2316 est,
3209 2266 3331 2306 cum
3358 2258 3481 2323 post
3528 2251 3598 2307 fa-

2022 2340 2177 2395 cinus
2205 2340 2512 2405 admissum,
2546 2340 2641 2395 Dei
2668 2354 2917 2395 sermone
2943 2349 3258 2407 conventus,
3283 2341 3416 2397 nihil
3442 2357 3502 2397 se
3530 2342 3600 2398 de

2024 2430 2171 2487 aede
2213 2428 2391 2484 fratris
2421 2438 2448 2468 ι
2494 2431 2632 2485 scire
2656 2430 3011 2500 responderit.
3046 2429 3193 2486 Adeo
3222 2430 3446 2486 inscium
3474 2430 3600 2487 facti

2016 2521 2107 2575 sui
2133 2520 2302 2575 Deum
2330 2520 2693 2576 arbitrabatur
2711 2528 2770 2575 ut
2791 2521 3036 2576 crederet
3058 2520 3430 2576 feralissimum
3451 2522 3600 2576 nefas

2024 2610 2133 2678 tegi
2176 2619 2336 2684 posse
2374 2609 2673 2665 mendacio.
2728 2610 2797 2664 At
2842 2610 3000 2665 aliter
3044 2617 3296 2681 expertus
3331 2618 3414 2665 est
3438 2625 3599 2679 quam

2024 2700 2264 2769 putabat.
2322 2698 2456 2753 Nam
2510 2699 2699 2767 Deum,
2750 2715 2781 2755 a
2806 2715 2917 2769 quo
2946 2693 3055 2754 ndn
3074 2700 3400 2753 existimavit
3430 2699 3598 2753 videri

2021 2789 2228 2845 scelera
2248 2804 2368 2844 cum
2396 2789 2687 2856 occideret,
2714 2790 2883 2845 sensit
2898 2789 3081 2844 videre
3095 2805 3215 2844 cum
3227 2788 3592 2844 damnaretur.

2022 2875 2125 2933 iiic
2154 2892 2295 2933 nunc
2313 2878 2588 2947 requirere
2614 2879 2682 2933 ab
2710 2878 2815 2933 illis
2833 2878 2958 2934 volo
2985 2878 3076 2949 qui
3105 2888 3304 2948 negant
3344 2892 3431 2935 res
3458 2895 3599 2937 nunc

2020 2968 2286 3023 humanas
2312 2969 2398 3023 vel
2418 2968 2616 3038 respici
2636 2983 2667 3023 a
2690 2968 2827 3032 Deo,
2858 2968 2944 3023 vel
2967 2970 3095 3037 regi,
3126 2970 3209 3025 vel
3232 2969 3492 3040 judicari;
3527 2987 3597 3028 an

2023 3065 2218 3112 cuncta
2266 3057 2321 3112 in
2368 3056 2452 3112 his
2478 3070 2597 3127 qua:
2618 3056 2850 3112 diximus
2877 3073 2909 3112 e
2929 3057 3147 3114 diverso
3166 3059 3293 3114 sint.
3330 3061 3429 3133 ιε
3459 3060 3600 3119 Puto

352 3143 662 3199 debeamus.
689 3140 856 3210 igitur
876 3143 928 3198 si
947 3143 1107 3199 stulte
1125 3151 1294 3213 aurae
1313 3143 1475 3215 impie
1500 3145 1736 3200 creditur
1774 3148 1923 3217 quod
1944 3160 1997 3223 ς
2025 3146 2172 3201 enim
2194 3146 2340 3215 quod
2362 3161 2602 3217 presens
2620 3155 2704 3202 est
2721 3147 2813 3216 qui
2832 3148 3098 3203 sacriﬁcio
3119 3148 3361 3213 interest,
3386 3158 3443 3205 et
3464 3151 3602 3220 regit

347 3245 534 3299 curam
580 3231 930 3287 hmnanarum
962 3248 1144 3288 rerum
1191 3233 1366 3302 pietas
1418 3234 1599 3291 divina
1639 3234 1919 3305 despiciat,

344 3336 481 3391 ergo
529 3338 636 3379 non
678 3322 919 3393 despicit.
946 3323 1007 3380 Si
1046 3334 1230 3382 autem
1277 3343 1386 3385 non
1415 3326 1660 3400 despicit,
1682 3330 1840 3399 regit.
1867 3328 1927 3385 Si

348 3420 529 3471 utilem
580 3414 738 3481 regit,
785 3414 890 3470 lace
935 3415 1052 3484 ipso
1078 3416 1224 3485 quod
1250 3418 1389 3486 uegit
1428 3418 1667 3487 judicat:
1699 3419 1930 3490 quiare-

348 3504 531 3571 aituen
582 3518 705 3561 esse
733 3520 840 3559 non
866 3512 1064 3581 potest,
1094 3507 1196 3562 nisi
1224 3507 1384 3565 fuerit
1404 3508 1605 3577 jugiter
1632 3510 1687 3563 in
1715 3519 1927 3566 rectore

352 3595 629 3664 judicium.
1142 3636 1147 3641 -

424 3685 507 3741 Vl.
538 3686 873 3757 Sed'panun
893 3703 1014 3744 esse
1060 3688 1289 3744 fortasse
1313 3690 1577 3759 quispiam
1604 3699 1758 3761 putet
1782 3692 1925 3761 quod

354 3774 458 3833 ιωο
475 3776 615 3833 ratio
642 3776 902 3842 declarat,
922 3778 1028 3839 nisi
1048 3777 1314 3848 probetur
1327 3780 1610 3848 exemplis.
1638 3780 1928 3837 Videamus

350 3864 579 3931 qualiter
621 3866 875 3929 mundum
919 3882 951 3921 a
988 3867 1257 3937 principio
1311 3868 1452 3924 Deus
1476 3870 1713 3936 rexerit;
1745 3879 1801 3925 et
1851 3872 1927 3926 ita

352 3970 476 4011 eum
521 3957 701 4011 omnia
752 3972 968 4028 semper
1017 3958 1344 4026 gubernasse
1382 3960 1819 4026 monstrabimus,
1868 3970 1930 4016 ut

355 4042 514 4098 simul
532 4044 691 4098 etiam
701 4046 967 4113 jndicasse
985 4045 1295 4102 dooearnus.
1321 4046 1462 4113 Quid
1489 4048 1632 4104 enim
1650 4048 1930 4120 Scriptura

355 4130 485 4187 dicit
509 4147 522 4182 :
551 4129 817 4194 Formaeit
834 4135 987 4205 igitur
1004 4120 1153 4190 Deus
1168 4135 1427 4195 flaminem
1452 4137 1516 4191 de
1532 4138 1656 4191 limo
1686 4146 1857 4204 terra,
1880 4148 1931 4193 et

354 4220 626 4289 uispiravil
651 4221 708 4274 in
735 4237 851 4274 eum
878 4225 1190 4293 spiraculum
1216 4226 1333 4280 vim
1362 4223 1522 4296 (Gen:
1540 4243 1597 4290 η,
1623 4227 1698 4297 7).
1722 4226 1790 4283 Et
1803 4228 1931 4298 quid

352 4312 577 4382 postea?
622 4310 831 4378 Posuit,
886 4313 1077 4383 inquit,
1105 4332 1219 4369 eum:
1254 4317 1310 4369 in
1363 4316 1611 4386 paradiso
1654 4318 1931 4387 uoluptatis

353 4400 540 4467 αὔξει,
565 4400 677 4471 i5).
701 4402 840 4469 Quid
862 4403 1150 4476 deinceps?
1174 4406 1331 4464 Dedit
1356 4406 1776 4475 scilicetlegem,
1793 4423 1931 4478 pra:-

2024 3235 2122 3304 qui
2146 3234 2282 3289 Cain
2320 3244 2445 3306 post
2468 3233 2728 3292 sacriﬁcia
2753 3237 2999 3309 castigat,
3030 3247 3087 3292 et
3111 3238 3371 3295 sollicitus
3399 3248 3483 3296 est
3508 3243 3603 3315 qui

2022 3324 2097 3379 ab
2120 3324 2466 3382 interfectore
2492 3325 2829 3383 interfectum
2856 3328 3098 3398 requirit,
3147 3336 3203 3383 et
3251 3328 3457 3398 iudicat
3509 3332 3605 3404 qui

2026 3430 2397 3485 percussorem
2425 3416 2645 3486 impiam
2670 3416 2817 3486 justa
2856 3418 3323 3475 animadversione
3356 3421 3605 3478 condem-

2022 3514 2138 3560 nat.
2169 3505 2227 3560 in
2254 3520 2362 3575 quo
2391 3506 2608 3579 quidem
2653 3508 2815 3562 etiam
2868 3507 2996 3563 illud
3051 3524 3161 3564 non
3212 3511 3551 3568 incommode
3586 3531 3598 3565 :

2026 3594 2058 3633 it
2084 3612 2268 3651 verum
2292 3611 2361 3651 ne
2381 3597 2641 3682 miremur
2669 3612 2812 3652 nunc
2838 3608 3057 3654 sanctos
3086 3599 3332 3656 homines
3359 3602 3604 3672 quzcdam

2022 3702 2217 3758 aspera
2244 3689 2375 3756 pati,
2407 3702 2529 3742 cum
2548 3688 2827 3741 videamus
2842 3689 2984 3754 quod
2996 3690 3106 3756 jam
3122 3696 3249 3743 tunc
3273 3690 3416 3751 Deus
3438 3692 3602 3745 etiam

2024 3793 2127 3847 per
2168 3762 2461 3831 maximum
2504 3775 2655 3831 nefas
2687 3786 2710 3815 ο
2738 3776 2973 3849 primum
3012 3785 3333 3833 sanctorum
3360 3780 3484 3835 sivit
3511 3797 3605 3837 oc-.

2027 3867 2151 3922 eidi.
2184 3866 2312 3933 Quae
2337 3865 2554 3934 quidem
2582 3880 2689 3934 qua
2712 3864 2928 3935 ratione
2963 3864 3219 3934 patiatur,
3275 3881 3450 3936 neque
3496 3870 3600 3925 hu-

1998 3946 2201 4021 ‘manm
2249 3957 2632 4014 imbecillitatis
2678 3964 2761 4014 est
2787 3956 2947 4027 plena
2975 3955 3227 4025 indagine
3254 3970 3600 4029 cognoscere,

2030 4065 2206 4120 neque
2234 4057 2359 4105 tunc
2386 4048 2647 4119 temporis
2668 4048 2964 4118 disputare.
2989 4048 3207 4114 interim
3230 4049 3461 4122 probare
3474 4051 3605 4106 satis

2030 4147 2113 4193 est
2140 4137 2320 4193 omnia
2344 4137 2642 4192 istiusmodi
2664 4152 2774 4192 non
2804 4123 3128 4209 negligentia
3157 4148 3248 4194 aut
3276 4139 3482 4195 incuria
3503 4140 3602 4197 Dei

2030 4226 2164 4291 fieri,
2194 4226 2289 4281 sed
2315 4225 2541 4281 consilio
2589 4240 2652 4280 ac
2674 4226 3076 4296 dispensatione
3103 4229 3363 4300 permitti.
3396 4228 3608 4299 Nequa-

2030 4330 2193 4383 quam
2220 4324 2397 4368 autem
2418 4312 2674 4382 injustum
2702 4330 2987 4384 possumus
3015 4316 3211 4379 dicere,
3245 4317 3299 4369 in
3333 4330 3455 4384 quo
3482 4320 3609 4371 divi-

2032 4419 2161 4459 num
2216 4419 2335 4459 esse
2374 4402 2633 4483 judicium
2689 4418 2797 4458 non
2839 4417 3119 4477 possumus
3146 4402 3452 4473 denegare:
3485 4406 3607 4479 quia

351 4490 759 4559 septisinmu'l,
788 4493 1121 4553 itlstitutione
1144 4495 1413 4554 formavit.
1436 4493 1574 4562 Quid
1600 4504 1780 4552 autem
1801 4507 1925 4568 post
1951 4504 1999 4566 ι)
2026 4509 2232 4552 smuma
2256 4492 2462 4563 iustitia
2492 4500 2594 4559 est,
2619 4493 2869 4548 voluntas
2893 4492 3009 4548 Dei.
3059 4488 3243 4561 Neque
3291 4495 3434 4549 enim
3482 4495 3605 4551 ideo
3645 4536 3688 4567 ,.

351 4578 723 4637 issicseastum
747 4586 868 4640 est?
887 4583 1150 4641 Printeriit
1174 4587 1340 4642 homo
1356 4586 1668 4642 mandatum
1690 4601 1923 4652 sacrum,

350 4672 671 4727 sementiam
698 4674 881 4742 ambiit,
908 4676 1215 4745 paradisum
1239 4676 1491 4746 perdidit,
1520 4692 1735 4747 prunam
1774 4677 1927 4733 dam-

355 4762 586 4816 nationis
632 4764 862 4835 excepit.
904 4764 1036 4831 Quis
1063 4780 1172 4820 non
1200 4766 1253 4821 in
1282 4765 1348 4821 iis
1374 4766 1623 4825 omnibus
1644 4773 1705 4822 et
1727 4766 1921 4841 aliter

352 4860 594 4907 ualerem
615 4852 783 4909 Deum
801 4855 981 4911 videat
1001 4855 1332 4927 etjudicem?
1357 4856 1461 4934 ιε.
1477 4857 1765 4919 Constituit
1782 4859 1925 4921 enim

352 4938 521 5009 Adam
548 4940 602 4997 in
632 4945 880 5014 paradiso
907 4946 1269 5012 innocentem,
1295 4947 1503 5018 expulit
1520 4962 1694 5007 reum.
1717 4948 1777 5010 In
1794 4964 1927 5009 con-

348 5034 627 5091 stitutione
678 5035 946 5098 ordinatio
995 5046 1080 5100 est
1102 5075 1119 5103 ν
1166 5038 1221 5099 in
1275 5038 1591 5110 espulsione
1642 5039 1920 5121 judicium.

350 5121 579 5188 Quando
603 5125 745 5179 enim
773 5141 897 5189 eum
918 5127 971 5181 in
994 5128 1114 5184 loco
1133 5128 1423 5201 voluptatis
1460 5130 1665 5202 posuit,
1710 5131 1926 5187 ordina-

350 5213 464 5291 vit:
495 5214 715 5283 quando
741 5226 921 5277 autem
946 5216 1099 5277 I‘eum
1125 5220 1193 5277 de
1213 5233 1379 5291 regno
1394 5220 1621 5290 expulit.
1651 5219 1923 5282 iudicavit.

2031 4602 2140 4642 non
2164 4586 2367 4656 justum
2397 4592 2481 4639 est
2502 4583 2647 4652 quod
2671 4582 2926 4638 divinitas
2951 4582 3078 4650 agit,
3101 4583 3228 4651 quia
3268 4598 3461 4655 capere
3501 4585 3607 4639 vim

2030 4677 2224 4733 divina:
2240 4675 2461 4745 iustitia:
2478 4675 2644 4729 homo
2675 4690 2785 4729 non
2805 4674 2968 4729 valet.
3018 4672 3129 4728 Sed
3171 4674 3240 4729 ad
3273 4676 3611 4746 propositum

2026 4777 2378 4849 revertamur.
2938 4774 2943 4781 ‘

2105 4858 2217 4919 Vll.
2252 4858 2508 4917 Videmus
2533 4869 2666 4927 ergo
2695 4857 2747 4917 in
2769 4856 2854 4913 his
2875 4869 2996 4927 qua:
3021 4856 3162 4915 dicta
3202 4865 3327 4919 sunt
3350 4857 3482 4917 nihil
3533 4857 3610 4910 in-

2033 4949 2181 5023 curia
2206 4948 2524 5014 Deiectum.
2549 4948 2643 5009 sed
2663 4948 2789 5017 quia
2816 4946 3065 5017 quaedam
3104 4962 3175 5010 ex
3202 4947 3286 5007 bis
3330 4946 3613 5014 dispositio

2032 5039 2211 5099 divina
2249 5039 2339 5092 ita
2390 5037 2679 5100 ordinavit,
2716 5037 2984 5107 ’quaidam
3026 5037 3282 5107 patientia
3331 5034 3610 5096 sustinuit.
3652 5030 3655 5039 ’

2030 5132 2278 5209 quaedam
2305 5131 2570 5185 sententia
2592 5128 2617 5168 ἀ
2646 5130 2924 5194 judicavit.
2957 5128 3066 5190 Sed
3093 5142 3201 5183 non
3230 5123 3362 5185 satis
3394 5123 3612 5201 quidam

2032 5223 2170 5277 forte
2196 5222 2503 5279 existimat
2533 5222 2644 5278 luce
2698 5234 2818 5288 qua:
2842 5219 3070 5281 (litamus
3098 5229 3196 5278 nos.
3221 5213 3478 5283 probasse
3514 5231 3612 5286 per

1538 5310 1873 5366 STEPiiANl
1909 5307 2176 5368 BALUZII
2214 5309 2440 5367 NOTAE.

376 5404 449 5479 .-ι
481 5397 839 5479 Dubitamlum
870 5416 975 5479 non
1000 5408 1087 5479 est
1104 5402 1395 5479 quin‘lizcc
1413 5403 1571 5479 lectio
1590 5403 1927 5479 praeferenda

345 5474 423 5547 sit
443 5474 492 5548 ei
521 5480 639 5534 quae
665 5474 843 5523 exstat
869 5474 921 5523 in
944 5474 1186 5552 editione
1208 5474 1418 5537 Pitbmi,
1450 5474 1539 5525 ubi
1560 5474 1885 5553 sic_habetur
1911 5491 1924 5525 :

347 5533 501 5589 Nihil
521 5551 577 5611 se
606 5537 675 5589 de
697 5538 835 5596 aede
860 5540 1323 5611 [ramsjconscjum
1354 5541 1694 5611 responderit.
1727 5541 1930 5597 Practer

344 5605 721 5678 aut-tnritatein
763 5605 925 5678 porro
952 5609 1156 5678 codicis
1193 5608 1354 5678 Corb.
1398 5605 1528 5678 quo:
1553 5609 1637 5663 usi
1662 5626 1845 5665 sumus
1873 5613 1927 5665 in

342 5673 729 5729 emendatione
758 5673 863 5730 ioci
891 5676 1063 5743 istius,
1094 5677 1255 5732 lectio
1276 5678 1364 5732 illa
1391 5673 1738 5754 continuatur
1765 5681 1927 5735 etiam

521 5480 639 5534 quae
665 5474 843 5523 exstat
869 5470 921 5523 in
944 5469 1186 5525 editione
1207 5469 1418 5537 Pitbmi,
1450 5472 1539 5525 ubi
1560 5469 1638 5527 sic
1657 5473 1885 5530 habetur
1911 5491 1924 5525 :
1991 5496 2005 5504 -

2035 5406 2354 5463 auctoritate
2377 5404 2668 5459 editionum
2692 5396 2990 5459 Brassicani
3014 5405 3069 5459 et
3087 5395 3362 5457 Galesinii.

2107 5474 2132 5512 δ
2173 5474 2449 5529 Assentior
2476 5469 2847 5535 Rittershusio,
2879 5466 2972 5539 qui
3000 5468 3221 5529 subesse
3246 5470 3333 5529 hic
3359 5468 3616 5535 mendam

2035 5543 2321 5598 existimat.
3436 5550 3439 5553 ’

2112 5623 2132 5647 θ
2175 5612 2230 5665 Id
2251 5620 2353 5676 est,
2378 5608 2614 5663 Abelem.

2111 5679 2135 5719 δ
2174 5673 2355 5735 Codex
2377 5678 2614 5732 Colbert.
2645 5673 2935 5731 vindicavit.
