4234 6262
570 365 577 369 _
666 330 738 385 δυ
1610 323 1665 376 s.
1708 317 2017 374 suum
2056 310 2513 379 MASSILIENSIS
2550 308 2969 364 causamn]
3534 288 3541 293 ’
3574 316 3583 327 ί
3851 307 3920 362 to

672 454 889 508 paucos.
923 437 1207 491 Videamus
1234 448 1301 485 an
1325 431 1375 484 id
1398 433 1568 499 ipsum
1591 427 1932 481 manifestare
1977 425 2239 494 possimus
2267 440 2312 494 Α
2342 420 2585 490 profecto
2615 422 3016 488 intelligendum
3048 421 3204 473 estin
3234 420 3528 474 minoribus
3552 419 3692 487 quod
3723 418 3775 474 in
3807 436 3922 474 Ina-

671 530 832 584 etiam
854 543 951 598 per
978 526 1271 581 universos.
1306 523 1473 575 Aucta
1502 520 1661 586 igitur
1686 533 1749 572 ac
1770 518 2121 585 multiplicata
2141 515 2242 568 hu-

671 618 814 672 mani
842 616 1055 685 generis
1082 611 1421 668 multitudine
1472 608 1632 663 simul
1657 616 1713 662 et
1740 608 2039 675 iniquitate,
2068 606 2243 658 videns

671 707 830 772 Deus,
856 706 1027 774 inquit
1053 703 1327 771 Scriptura
1357 714 1528 762 sacra,
1550 698 1687 769 quod
1724 699 1882 753 multa
1911 697 2109 749 malitia
2149 695 2248 770 .ItO-

669 798 863 850 minam
889 804 1019 849 esset
1043 795 1097 846 in
1119 801 1275 854 terra,
1297 800 1347 843 et
1366 798 1550 842 cuncta
1577 789 1818 859 cogitatio
1843 787 2011 840 cordis
2048 787 2245 839 intenta

668 893 799 938 esset
818 883 888 936 ad
905 882 1095 934 malum
1124 880 1264 943 omni
1288 887 1532 947 tempore,
1564 876 1798 945 paenituit
1838 890 1954 927 eum
1980 872 2115 944 quod
2160 872 2247 925 Ito-

668 974 854 1025 minem
875 971 1078 1040 fecisset
1099 970 1150 1022 in
1175 978 1345 1032 terra;
1368 977 1416 1020 et
1442 975 1604 1018 tactus
1626 964 1801 1018 dolore
1820 963 1990 1016 cordis
2010 963 2247 1014 intrinse-

668 1077 775 1123 cus,
807 1056 1015 1121 Delebo,
1039 1058 1224 1127 inquit,
1251 1057 1506 1109 hominem
1524 1054 1868 1119 cu'emcreavi,
1892 1070 1924 1105 a
1945 1053 2080 1122 facie
2096 1060 2242 1104 terra:

670 1148 824 1217 (Gen.
858 1164 929 1212 Vl,
962 1145 1104 1216 5-7).
1128 1145 1543 1200 Consideremus
1569 1140 2016 1210 quemadmodum
2055 1138 2108 1192 in
2163 1138 2246 1191 bis

668 1238 917 1293 omnibus
943 1245 999 1290 et
1014 1228 1326 1290 Sollicitudo
1346 1233 1559 1287 Domini
1586 1232 1787 1301 pariter
1811 1237 1867 1283 et
1889 1218 2148 1282 severitas
2172 1229 2246 1280 in-

667 1328 891 1381 dicetur.
926 1324 1160 1377 I’rimum
1188 1322 1331 1376 enim
1360 1322 1435 1375 ait
1459 1338 1472 1373 :
1502 1321 1605 1391 16
1639 1319 1829 1371 Videas
1859 1326 2029 1369 autem
2074 1314 2241 1378 Deus;

668 1400 921 1477 secundo,
952 1413 1135 1466 Tactus
1166 1411 1342 1464 dolore
1361 1410 1532 1463 cordis
1560 1410 1897 1471 intrinsecus;
1928 1406 2109 1470 tertio,
2145 1406 2245 1459 De-

668 1504 799 1567 lebo,
851 1505 1037 1572 inquit,
1067 1503 1322 1555 hominem
1348 1516 1494 1571 quem
1545 1499 1731 1552 creari.
1764 1496 1821 1550 In
1851 1496 1954 1550 hoc
1981 1495 2243 1563 siquidem

668 1593 813 1663 quod
836 1593 1015 1646 videre
1034 1591 1210 1644 omnia
1228 1591 1366 1661 Deus
1389 1589 1602 1651 dicitur,
1624 1601 1752 1641 cura
1775 1584 1889 1652 ejus
1914 1582 2240 1647 ostenditur;

669 1683 726 1737 in
753 1684 857 1736 hoc
901 1681 1045 1750 quod
1090 1670 1257 1743 dolet,
1287 1688 1461 1733 terror
1489 1678 1641 1742 irati;
1673 1676 1726 1730 in
1773 1677 1876 1748 hoc
1902 1674 2043 1743 quod
2068 1674 2239 1743 punit,

2310 566 2311 569 η
2341 511 2550 578 joribus
2573 510 2970 578 comprobatur.

2419 597 2548 651 VIII.
2580 598 2744 666 Igitur
2781 613 2903 651 cum
2935 605 3055 666 post
3083 597 3335 650 diluvium
3372 596 3704 664 generationi
3746 597 3920 650 homi-

2349 702 2475 741 num
2495 686 2854 740 benedixisset
2872 686 3032 748 Deus.
3057 687 3477 754 immensamque
3496 687 3769 740 hominum
3790 688 3922 739 mul-

2314 777 2625 832 -titudinem
2672 774 2975 839 benedictio
3020 777 3134 845 ipsa
3187 784 3516 843 generasset,
3568 777 3801 844 loquitur
3850 777 3920 830 ad

2342 858 2612 921 Abraham
2661 866 2915 921 Dominus
2962 882 2992 919 e
3031 866 3170 920 cmlo
3219 864 3372 933 (Gen.
3399 882 3490 929 xu,
3517 866 3591 935 I),
3635 866 3831 934 jubcns
3861 873 3920 920 ut

2312 1005 2319 1009 .
2343 957 2558 1011 deserat
2578 965 2773 1011 terram
2801 972 2974 1021 suam,
3006 956 3240 1024 inquirat
3261 956 3509 1010 alienam.
3550 956 3800 1021 Vocatur,
3832 972 3918 1010 se-

2347 1046 2548 1115 quitur,
2600 1047 2896 1113 adducitur,
2939 1047 3262 1111 collocatur;
3311 1044 3370 1098 ﬁt
3407 1045 3473 1100 de
3501 1061 3735 1115 paupere
3766 1047 3917 1101 locn-

2350 1138 2486 1207 ples,
2517 1138 2584 1191 de
2625 1138 2806 1203 ignoto
2847 1144 3053 1205 potens,
3086 1135 3298 1190 inﬁmus
3326 1136 3774 1204 peregrinatione,
3817 1152 3918 1189 ex-

2342 1228 2751 1282 cellentissimus
2794 1215 3070 1294 dignitate.
3103 1225 3209 1283 Sed
3238 1243 3303 1280 ne
3331 1226 3446 1280 lucc
3491 1236 3668 1280 tamen
3718 1242 3838 1294 qua:
3867 1231 3917 1281 ei

2348 1326 2372 1355 α
2419 1316 2543 1391 data
2586 1316 2767 1391 a'Deo
2810 1314 3039 1379 fuerant,
3096 1314 3332 1368 muneris
3381 1323 3585 1367 tantum
3612 1314 3919 1368 viderentur

2343 1386 2526 1472 fuisse,
2560 1386 2665 1460 non
2694 1406 2889 1470 meriti,
2918 1405 3009 1472 qui
3042 1404 3320 1458 lzetabatur
3340 1405 3627 1475 prosperis,
3659 1406 3919 1474 probatur

2320 1495 2598 1559 ,adversis.
2632 1494 2883 1565 Sequitur
2927 1495 3126 1563 quippe
3166 1494 3336 1559 labor,
3377 1494 3707 1564 periculum,
3734 1495 3943 1567 timor,

2320 1583 2581 1639 AVexatur
2613 1585 3073 1650 commigratione,
3114 1584 3369 1653 fatigatur
3396 1585 3604 1649 exsilio,
3641 1592 3916 1664 contume-

2344 1673 2414 1727 lia
2459 1673 2706 1738 afﬁcitur,
2753 1688 2920 1728 uxore
2974 1675 3256 1742 privatur;
3310 1675 3572 1729 immolari
3626 1676 3726 1729 sibi
3777 1675 3916 1755 Deus

668 1773 926 1827 severitas
966 1770 1270 1845 judicantis.
1302 1768 1553 1822 Paenituit
1597 1783 1738 1837 ergo,
1772 1766 1941 1833 inquit
1966 1764 2238 1834 Scriptura
2273 1775 2317 1834 Β
2345 1761 2507 1816 ﬁlium
2529 1761 2705 1829 jussit,
2747 1770 2899 1831 pater
2925 1762 3145 1827 obtulit;
3185 1772 3240 1817 et
3266 1771 3521 1831 quantum
3560 1763 3627 1817 ad
3666 1762 3692 1800 ἀ
3721 1763 3911 1818 defun-

668 1879 840 1925 sacra,
866 1862 1027 1915 Deum
1046 1860 1180 1931 quod
1204 1860 1461 1913 hominem
1486 1858 1687 1927 fecisset
1714 1856 1768 1908 in
1794 1866 1961 1917 terra;
1980 1869 2084 1907 non
2099 1851 2243 1921 quod

669 1954 810 2007 Deus
836 1953 905 2007 sit
929 1951 1192 2006 obnoxius
1219 1949 1341 2003 huic
1361 1947 1528 2002 motui
1557 1954 1647 2019 aut
1669 1946 1757 1998 ulli
1785 1945 2059 2012 subjaceat
2080 1953 2103 1980 ἰ
2121 1958 2243 2012 pas-

667 2045 833 2108 sioni;
863 2041 956 2097 sed
983 2056 1159 2097 sermo
1184 2040 1392 2093 divinus
1419 2037 1486 2090 ad
1510 2035 1882 2090 insinuandam
1911 2033 2119 2102 plenius
2144 2047 2241 2086 no—

666 2131 749 2187 bis
786 2146 962 2186 rcrum
996 2114 1325 2197 scriptarum
1355 2124 1778 2199 intelligentiam,
1808 2122 1963 2190 quasi
2007 2121 2241 2174 humano

676 2219 951 2272 nobiscum
1001 2215 1193 2269 allectu
1238 2214 1479 2281 loquens,
1529 2210 1628 2264 sub
1672 2210 1887 2263 nomine
1934 2207 2241 2276 pmuitcntis

670 2307 699 2345 1³
722 2308 815 2360 Dei
836 2305 941 2359 vim
954 2302 1335 2358 demonstravit
1361 2300 1500 2357 irati.
1522 2299 1604 2353 Ira
1626 2306 1707 2353 est
1727 2307 1906 2359 autem
1920 2296 2236 2359 Divinitatis,

671 2413 828 2468 ptena
870 2397 1157 2466 peccantis.
1199 2394 1335 2461 Quid
1375 2407 1503 2461 ergo
1550 2401 1669 2462 post
1708 2393 1821 2447 hsce
1842 2399 2085 2447 secutum
2113 2391 2240 2444 est?

671 2485 816 2548 Cum,
843 2486 1027 2554 inquit,
1054 2485 1260 2538 vidisset
1284 2483 1416 2536 Deus
1438 2492 1627 2536 terram
1648 2498 1757 2535 esse
1778 2489 2091 2550 corruptam,
2107 2481 2239 2534 dixit

673 2576 742 2630 ad
779 2574 931 2629 Noe:
962 2573 1116 2627 Finis
1161 2574 1409 2626 universa:
1448 2573 1619 2648 carnis
1646 2572 1778 2625 venit
1799 2585 1975 2626 coram
2000 2585 2080 2622 me
2105 2585 2123 2621 :
2153 2584 2236 2621 re-

670 2668 808 2738 pleta
828 2678 903 2720 est
932 2676 1067 2719 terra
1088 2665 1356 2735 iniquitate
1383 2679 1414 2715 α
1438 2663 1569 2734 facie
1596 2676 1787 2721 eorum,
1839 2667 1888 2712 et
1911 2675 2003 2729 ego
2033 2657 2236 2728 disper-

671 2759 791 2812 dam
819 2774 904 2810 eos
933 2773 1045 2810 cum
1070 2765 1206 2809 terra
1237 2753 1418 2825 (Μήτι,
1446 2753 1551 2820 15).
1584 2751 1652 2805 Et
1675 2750 1799 2827 quid
1821 2750 2040 2819 postea?
2083 2746 2239 2818 Rupti

671 2858 807 2911 sunt,
841 2847 1029 2913 inquit,
1052 2860 1224 2898 omnes
1253 2845 1418 2914 fontes
1439 2841 1608 2912 abyssi
1636 2855 1856 2919 magnae,
1887 2848 1935 2891 et
1963 2846 2240 2891 cataracta:

673 2938 785 2990 caeli
831 2945 1021 3005 aperta:
1071 2944 1227 2987 sunt:
1267 2937 1503 3005 factaque
1556 2941 1632 2987 est
1670 2931 1839 3002 pluria
1867 2948 2020 3000 super
2050 2939 2238 3001 terram

673 3026 1015 3103 quadraginta
1041 3024 1212 3078 diebus
1232 3034 1280 3077 et
1304 3026 1648 3104 quadraginta
1678 3022 1909 3077 noctibus
1947 3020 2097 3093 (Gen.
2146 3037 2235 3086 vn,

2342 1854 2574 1909 ctionem
2602 1853 2779 1910 cordis
2808 1853 3059 1922 pertinet,
3102 1853 3414 1907 immolavit.
3448 1853 3678 1908 Rursum
3706 1855 3911 1919 exsilia,

2343 1959 2553 1999 rursum
2582 1953 2773 2009 metus,
2806 1942 3208 2004 Philistinorum
3241 1944 3458 2008 invidia,
3491 1944 3797 1999 Abimelech
3827 1961 3912 1998 ra-

2328 2036 2468 2105 pina
2501 2054 2513 2087 :
2546 2036 2711 2089 multa
2744 2035 2956 2104 quidem
2988 2035 3147 2098 mala,
3178 2034 3273 2090 sed
3316 2043 3491 2090 tamen
3512 2037 3672 2104 paria
3700 2035 3909 2090 solatia.

2336 2123 2470 2195 Nam
2501 2125 2601 2178 etsi
2629 2140 2660 2177 a
2691 2124 2936 2193 plurimis
2957 2123 3206 2189 afﬁcitur,
3232 2132 3407 2179 tamen
3436 2125 3503 2178 de
3523 2125 3771 2179 omnibus
3799 2125 3910 2179 vin—
3972 2128 3973 2131 “

2329 2215 2567 2284 dicatur.
2601 2215 2738 2281 Quid
2767 2216 2927 2283 igitur
2955 2216 3006 2270 in
3038 2217 3242 2271 cunctis
3283 2216 3396 2270 istis
3423 2230 3542 2285 quae
3564 2238 3567 2239 ν
3589 2217 3908 2270 memoravi-

2340 2309 2502 2361 mus?
2531 2322 2656 2360 num
2682 2306 2822 2360 Deus
2844 2322 2949 2360 non
2980 2315 3062 2360 est
3088 2315 3143 2359 et
3173 2307 3462 2375 inspector,
3486 2317 3541 2361 et
3561 2309 3830 2371 invitator,
3855 2316 3905 2361 et

2342 2394 2550 2457 ductor,
2575 2404 2631 2449 et
2652 2395 2931 2457 sollicitus,
2962 2403 3018 2449 et
3044 2410 3290 2463 sponsor,
3323 2404 3378 2449 et
3397 2403 3687 2464 protector,
3720 2405 3776 2450 et
3793 2411 3910 2450 mu-

2344 2493 2585 2548 nerator,
2617 2492 2673 2538 et
2698 2485 2983 2553 probator,
3012 2492 3069 2538 et
3093 2484 3424 2548 sublimator,
3467 2492 3522 2537 et
3549 2485 3710 2549 ultor,
3753 2494 3808 2539 et
3827 2485 3911 2553 ju~

2337 2573 2480 2628 dex?
2506 2572 2783 2641 Inspector
2807 2573 3005 2641 quippe
3044 2581 3145 2636 est,
3190 2574 3315 2627 dum
3354 2588 3422 2627 ex
3460 2573 3707 2627 omnibus
3747 2590 3909 2630 unum

2337 2650 2510 2733 elegit.
2534 2680 2693 2734 quem
2738 2666 3016 2721 meliorem
3046 2666 3201 2731 vidit;
3244 2666 3515 2730 invitator,
3546 2665 3671 2720 dum
3719 2676 3909 2733 vocat;

2332 2755 2545 2821 ductor,
2576 2756 2703 2811 dum
2732 2756 2805 2833 ad
2828 2756 3006 2825 ignota
3036 2757 3305 2827 perducit;
3349 2758 3626 2822 sollicitus,
3668 2758 3791 2813 dum
3841 2761 3907 2813 ad

2336 2846 2517 2902 ilicem
2539 2846 2750 2913 visitat;
2780 2861 3026 2916 sponsor,
3058 2847 3183 2901 dum
3208 2847 3382 2901 futura
3404 2847 3699 2917 promittit;
3722 2856 3878 2917 prole
3895 2879 3911 2889 -

2338 2945 2479 3002 ctor,
2505 2939 2630 3007 quia
2660 2939 2799 2994 inter
2843 2946 3030 3007 gentes
3057 2939 3315 2993 barbaras
3342 2939 3615 3007 protexit;
3659 2953 3910 2990 munera—

2336 3036 2446 3093 .tor,
2464 3029 2602 3096 quia
2640 3029 3017 3098 locupletavit;
3039 3029 3315 3097 probator,
3338 3030 3463 3098 quia
3492 3029 3684 3082 tentari
3709 3028 3910 3097 asperis

672 3114 759 3178 Il,
793 3113 900 3184 I2).
921 3098 985 3167 Et
1013 3115 1173 3183 paulo
1194 3121 1313 3182 post
1337 3098 1685 3182 :L‘onsum'pta
1699 3122 1773 3165 est
1801 3112 1966 3173 quinis
1988 3126 2109 3163 caro
2129 3124 2242 3178 qua:
2268 3116 2314 3178 ς
2341 3116 2539 3178 voluit;
2587 3118 2919 3179 sublimator,
2958 3119 3080 3183 quia
3127 3118 3485 3184 potentiorem
3533 3117 3779 3171 omnibus
3813 3120 3913 3188 18

674 3206 967 3260 movebatur
1021 3218 1171 3270 super
1226 3211 1414 3253 terram
1446 3201 1642 3269 (Ibid.,
1674 3200 1734 3251 2|
1754 3200 1791 3267 ).
1845 3199 1911 3251 Et
1941 3198 2191 3266 deinceps
2223 3214 2236 3248 :

675 3294 939 3346 Remansit
966 3299 1134 3343 autem
1152 3290 1292 3343 solus
1314 3287 1365 3341 Ν
1370 3306 1447 3353 oe,
1470 3298 1517 3341 et
1537 3290 1623 3359 qui
1651 3303 1766 3341 cum
1792 3303 1850 3341 eo
1879 3295 2026 3338 erant
2049 3288 2102 3339 in
2117 3302 2241 3339 arca

676 3380 858 3450 (Ibid.,
876 3370 1001 3448 '25).
1036 3378 1132 3432 llic
1157 3394 1188 3431 ιι
1217 3392 1297 3431 .ιι‹;
1323 3376 1595 3443 requirere
1616 3375 1812 3449 abillis
1838 3374 1963 3429 volo
1983 3374 2075 3450 qui
2098 3374 2244 3429 incu-

676 3470 872 3523 riosum
916 3483 1096 3523 rerum
1143 3467 1493 3520 humanarum
1540 3464 1812 3534 appellant
1840 3443 2120 3543 Deum,\’an
2151 3463 2242 3519 illo

676 3569 914 3629 tempore
939 3559 1020 3613 vel
1045 3571 1259 3613 curasse
1285 3571 1404 3611 eum
1436 3558 1706 3611 terrestria
1733 3555 1955 3623 credant
1977 3556 2061 3610 vel
2100 3554 2239 3625 judi-

676 3665 844 3706 casse.
897 3638 1037 3703 Puto
1078 3648 1220 3703 enim
1268 3662 1375 3700 non
1422 3646 1681 3715 judicavit
1703 3654 1926 3721 tantum,
1959 3647 2052 3700 sed
2081 3645 2241 3700 etiam

676 3743 958 3812 dupliciter
978 3740 1254 3811 judicavit.
1280 3739 1411 3794 Nam
1438 3739 1563 3794 dum
1592 3739 1839 3811 servabat
1865 3738 2053 3800 bonos,
2097 3737 2242 3806 pium

675 3850 732 3890 se
750 3834 1147 3898 retributorem,
1174 3816 1233 3886 et
1249 3830 1374 3887 dum
1394 3830 1716 3885 condemnat
1742 3829 1930 3891 malos,
1961 3844 2018 3883 se
2057 3843 2241 3881 verum

674 3926 901 3996 iudicem
921 3910 1306 4000 comprobavit.
1335 3920 1441 3976 Sed
1471 3921 1583 3974 huic
1608 3921 1827 3973 forsitan
1862 3917 1999 3985 apud
2026 3917 2238 3999 stultos,

674 4014 796 4082 quia
825 4022 949 4065 ante
973 4010 1246 4070 diluvium,
1280 4009 1329 4060 id
1350 4016 1448 4068 est,
1471 4007 1623 4081 quasi
1651 4007 1755 4083 alio
1782 4006 2015 4077 quodam
2042 4006 2240 4059 smculo

673 4109 823 4168 gesta
839 4105 978 4159 sunt,
1003 4097 1175 4149 minus
1188 4094 1521 4148 auctoritatis
1546 4093 1741 4147 habere
1767 4092 2063 4147 vidcantur.
2080 4092 2240 4159 Quasi

675 4202 805 4240 vero
847 4193 937 4239 aut
965 4192 1089 4238 tunc
1104 4170 1247 4237 alius
1288 4181 1426 4236 Deus
1466 4181 1640 4246 fuerit,
1665 4189 1757 4236 aut
1785 4190 1968 4252 postea
1997 4181 2240 4253 eamdem

664 4257 855 4328 'mundi
876 4263 1058 4330 curam
1078 4272 1276 4326 habere
1296 4272 1546 4325 noluerit.
1576 4270 1793 4327 Possum
1819 4271 2035 4342 quidem
2058 4271 2238 4350 divino

675 4379 895 4418 munere
921 4356 1018 4433 per
1044 4362 1277 4430 singulas
1308 4363 1405 4432 17
1436 4369 1560 4431 post
1586 4360 1841 4415 diluvium
1869 4362 2239 4435 generationes

2342 3203 2497 3265 fecit;
2523 3203 2682 3267 ultor,
2705 3203 2827 3271 quia
2848 3218 2970 3258 eum
2992 3204 3059 3257 de
3084 3204 3400 3257 adversariis
3419 3206 3561 3257 ultus
3586 3213 3699 3268 est;
3728 3206 3908 3273 iudex,

2287 3362 2295 3370 α
2338 3293 2466 3361 quia
2491 3292 2616 3346 dum
2640 3293 2928 3356 ulciscitur,
2956 3291 3232 3360 judicavit.
3265 3291 3546 3359 Subjungit
3585 3305 3763 3349 autem
3794 3303 3907 3350 sta-

2345 3382 2438 3435 tim
2467 3382 2590 3435 huic
2619 3382 2853 3445 historize
2880 3381 3020 3435 Deus
3049 3380 3234 3449 dicens
3278 3399 3290 3432 :
3333 3381 3538 3435 Clamor
3567 3382 3908 3438 Sodomorum

2339 3482 2392 3525 et
2438 3470 2737 3534 Gomorrlue
2783 3471 3154 3540 multiplicatus
3201 3480 3309 3533 est,
3351 3481 3400 3525 et
3436 3483 3699 3541 peccatum
3738 3490 3909 3528 eorum

2343 3570 2678 3633 aggravatum
2699 3571 2775 3614 est
2795 3563 2948 3615 nimis
2972 3560 3121 3631 (Gen.
3150 3577 3292 3625 svnt,
3319 3561 3429 3626 20).
3462 3560 3686 3627 Clamor,
3720 3564 3907 3630 inquit,

2343 3636 2685 3708 Sodomorum
2712 3661 2761 3706 et
2791 3652 3091 3714 Gomorrlta:
3128 3653 3495 3722 multiplicatus
3541 3664 3633 3707 est.
3654 3710 3661 3717 ,
3686 3648 3910 3710 Pulchre

2342 3744 2634 3798 clamorem
2673 3742 2807 3820 dixit
2836 3743 2887 3795 in
2926 3757 2986 3798 se
3018 3742 3217 3797 habere
3249 3751 3485 3812 peccata.
3512 3742 3740 3800 Grandis
3768 3745 3909 3799 enim

2342 3833 2543 3900 absque
2573 3830 2735 3885 dubio
2763 3831 3095 3898 peccantium
3128 3831 3331 3885 clamor
3351 3840 3453 3896 est,
3483 3832 3574 3900 qui
3604 3847 3633 3884 a
3657 3840 3796 3885 terra
3827 3847 3909 3886 as-

2341 3920 2520 3987 cendit
2558 3919 2625 3973 ad
2669 3920 2883 3983 coelum.
2927 3919 3103 3986 Quare
3148 3928 3325 3976 autem
3372 3929 3591 3991 peccata
3636 3921 3910 3975 hominum

2340 4009 2494 4077 quasi
2522 4008 2754 4063 clamare
2776 4010 3035 4063 testatur?
3063 4007 3278 4067 Scilicet
3298 4010 3420 4077 quia
3451 4009 3585 4063 exedi
3611 4024 3769 4064 aures
3788 4024 3910 4063 suas

2346 4099 2487 4153 Deus
2539 4097 2669 4152 dicit
2712 4099 3033 4155 clamoribus
3082 4108 3462 4169 peccatorum,
3510 4088 3580 4154 ne
3634 4099 3911 4153 diﬁ‘eratnr

2282 4241 2293 4256 ,
2339 4205 2496 4260 pmna
2527 4191 2881 4258 peccantium.
2924 4188 2992 4245 Et
3029 4205 3153 4244 vere
3190 4190 3410 4253 clamor,
3443 4197 3498 4243 et
3542 4188 3756 4255 grandis
3796 4189 3910 4242 cla-

2340 4295 2458 4343 mor
2496 4287 2596 4344 est,
2627 4279 2841 4347 quando
2871 4280 3060 4350 pietas
3090 4280 3182 4334 Dei
3213 4288 3549 4348 peccatorum
3586 4275 3910 4332 clamoribus

2342 4369 2569 4424 vincitur
2596 4376 2654 4421 ut
2676 4377 2963 4437 peccantes
2985 4369 3174 4437 punire
3220 4374 3461 4433 cogatur.
3492 4362 3737 4420 Ostendit
3778 4379 3912 4433 ergo

675 4455 901 4524 Pl‘0bal‘c
920 4467 1036 4520 (Ιιιω
1063 4452 1213 4516 dico;
1244 4451 1338 4531 56d
1376 4454 1431 4504 el
1457 4451 1746 4504 Θηονῐῐιίιίιε
1768 4459 1932 4515 Veli“.
1974 4460 2029 4505 οι
2058 4460 2232 4504 tamen
2269 4458 2313 4514 υ
2339 4459 2591 4514 Dominus
2617 4474 2777 4528 quam
2807 4459 3002 4521 invitus
3027 4456 3213 4527 puniat
3232 4455 3394 4510 etiam
3415 4454 3761 4521 gravissimos
3785 4469 3911 4523 pec-

675 4551 819 4598 certa
838 4542 1074 4611 quaedam
1096 4551 1151 4596 et
1170 4542 1370 4619 majora
1392 4541 1661 4598 sufﬁciunt
1683 4561 1695 4595 :
1719 4543 1840 4610 quia
1862 4558 1983 4597 cum
2005 4543 2147 4597 idem
2168 4546 2238 4598 sit

675 4632 874 4698 absque
901 4629 1063 4686 dubio
1088 4629 1351 4697 majorum
1381 4631 1579 4701 pariter
1605 4646 1667 4686 ac
1693 4632 1955 4685 minorum
1982 4632 2139 4697 Deus,
2187 4634 2237 4687 id

2343 4552 2571 4614 ca‘tores,
2602 4549 2785 4603 dicens
2811 4548 2955 4616 quod
2982 4548 3186 4603 clamor
3209 4543 3595 4600 'Sodomorum
3643 4543 3710 4597 ad
3738 4558 3798 4598 se
3826 4559 3909 4599 as-

2344 4638 2598 4693 cenderit.
2627 4636 2740 4691 Hoc
2777 4644 2858 4691 est
2885 4636 3071 4695 dicere,
3102 4655 3114 4687 :
3147 4633 3507 4690 Misericordia
3537 4633 3751 4702 quidem
3792 4649 3910 4690 mea

1847 4761 2177 4827 STEPHANI
2213 4764 2481 4820 BALUZII
2518 4763 2743 4819 ΝΟΤᾹΞ.

744 4888 769 4915 ἰ
807 4877 896 4931 Sic
916 4875 1048 4929 infra
1079 4876 1167 4929 lib.
1195 4893 1264 4938 iv,
1290 4889 1410 4944 pag.
1436 4875 1494 4926 7|
1527 4893 1545 4939 ,ε
1579 4874 1800 4944 Cumque
1818 4874 1925 4943 ejus
1947 4884 2146 4929 natura:
2166 4878 2235 4929 sit

671 4964 812 5012 mens
838 4946 1109 5068 Deilu‘que
1136 4946 1376 5014 majestas
1414 4954 1467 4997 ut
1504 4946 1645 4997 nulla
1682 4944 1963 4997 iracundia:
2000 4946 2234 5014 passione

672 5026 946 5068 moveatur.
1040 5015 1283 5068 trobiuue
1305 5013 1617 5068 vocabulum
1664 5013 1790 5067 illud
1820 5014 2043 5068 barbare
2084 5015 2234 5068 nosi-.

672 5026 946 5072 moveatur.
991 5013 1283 5081 Utrobique
1305 5013 1617 5082 vocabulum
1664 5013 1790 5067 illud
1820 5013 2043 5069 barbare
2084 5015 2237 5082 posis.

671 5095 782 5139 tum
815 5094 898 5154 est
923 5099 1020 5154 pro
1049 5100 1131 5139 ~eo
1157 5082 1300 5154 quod
1333 5081 1517 5154 _Latini
1546 5081 1728 5154 dicunt
1775 5084 2047 5154 allectum_'
2068 5081 2229 5154 animi

671 5156 754 5209 vel
800 5149 1502 5221 affectionem.’Invaluerat
1554 5152 1796 5205 nimirum
1840 5167 1959 5221 arvo
1999 5149 2230 5203 Salviani

672 5225 940 5291 corruptio
962 5224 1049 5277 illa
1082 5224 1269 5291 lingua:
1312 5214 1594 5291 Romaltms
1622 5221 1836 5287 quando
1864 5214 2048 5291 ead?!"
2076 5233 2227 5291 νρςθ,

672 5298 729 5342 ιιι
756 5286 1086 5345 all'éctionem
1116 5286 1276 5344 animi
1316 5286 1886 5357 signiticeiit,’utuntur
1926 5287 2083 5357 etiam
2129 5286 2229 5339 Ba-

598 5360 601 5361 ⁷
672 5358 903 5427 chiarius
941 5358 993 5410 in
1021 5360 1246 5427 epistola
1291 5354 1719 5427 ad'Januarium,
1764 5364 1978 5427 sanctus
2004 5354 2230 5427 Ambro-

671 5426 800 5488 sius,
830 5423 1131 5487 Cassianus,
1172 5426 1393 5485 Faustus
1434 5426 1701 5489 Reiensis,
1749 5424 2010 5478 Czcsarius
2050 5423 2230 5475 Arela-

671 5495 856 5614 tezilsis,
882 5492 1131 5613 lliuri‘cius
1161 5493 1822 5558 Lemovicetsis,Julianus
1850 5491 2145 5557 Pomerius,
2168 5506 2230 5543 ac

671 5576 759 5614 mu
784 5570 819 5613 ιι
847 5577 875 5614 a
902 5576 954 5613 ιι.

671 5561 819 5616 multi
847 5560 954 5614 alii.

739 5632 764 5669 ι’
800 5629 1040 5686 Imitatus
1067 5639 1146 5684 est
1174 5630 1477 5685 Salvianum
1504 5632 1730 5698 Faustus
1757 5629 1996 5690 Rciensis
2038 5630 2089 5683 in
2119 5628 2230 5696 epi-

2334 4874 2563 4947 s_tolaad
2592 4890 2935 4947 anonymum,
2970 4877 3019 4947 in
3054 4893 3156 4946 qua
3192 4879 3301 4933 lucc
3332 4879 3578 4945 leguntur
3611 4895 3621 4927 :
3655 4874 3907 4930 Craterum

2336 4943 2434 5015 Dei
2471 4946 2570 5015 ira,
2600 4940 2795 5013 iustitia
2824 4955 2931 5009 est;
2961 4940 3265 5015 Dei'fnror,
3309 4940 3589 4999 severitatis
3629 4947 3767 5014 rigor
3792 4955 3907 5006 est;

2336 5012 2431 5083 Dei
2454 5012 2693 5083 jurasse,
2717 5015 2959 5083 deﬁnisse
2984 5012 3110 5077 est;.'
3125 5014 3220 5068 Dei
3253 5016 3542 5083 paenituisse
3679 5012 3907 5067 Senten-

2334 5082 2406 5162 tia
2425 5079 3006 5162 .tainettvswpe'multata.
3042 5083 3110 5162 [fit
3148 5079 3261 5162 cum
3287 5101 3342 5162 se
3365 5083 3908 5162 persequentenaliquo

2332 5150 2453 5202 («edi
2484 5150 2625 5217 dicit,
2656 5150 2844 5204 crimen
2868 5152 3101 5204 lwdeutis
3128 5150 3372 5205 ostendit.
3402 5150 3665 5206 Craterum
3692 5150 3923 5217 Salvia-_.

2333 5233 2432 5271 nus
2460 5217 2549 5272 lib.
2581 5212 2636 5284 ιι,
2665 5233 2786 5289 pag.
2818 5217 2905 5282 9.9,
2931 5221 3006 5272 ait
3034 5228 3303 5289 aspectum
3335 5220 3632 5274 Divinitatis
3659 5212 3916 5289 propitiae

2331 5302 2448 5341 esse
2472 5303 2661 5341 munus
2676 5288 3106 5342 conservationis
3132 5288 3393 5342 humanm.

2405 5367 2426 5392 ο
2466 5354 2723 5417 Colbert.,
2755 5357 2877 5409 data
2905 5373 2937 5407 ιι
2965 5355 3205 5410 Domino.

2402 5422 2427 5460 τί
2468 5423 2522 5475 In
2566 5440 2658 5477 ora
2690 5424 2976 5480 Pitbocana:
3020 5424 3266 5486 editionis
3294 5434 3606 5480 annotatum
3645 5431 3728 5477 est
3771 5421 3896 5474 alibi

2328 5492 2820 5612 {pgibde/iuitionem.
2849 5488 2964 5557 Quo
3009 5494 3166 5548 etiam
3196 5496 3353 5549 modo
3394 5494 3584 5560 legitur
3623 5492 3673 5544 in
3712 5488 3930 5547 codice.

2373 5576 2420 5611 ο.
2471 5574 2651 5611 mensi.

2373 5576 2420 5611 0.
2437 5574 2651 5611 DClCIlSI.
