4234 6262
260 5237 486 5290 -se.A

345 344 406 398 ιι
1445 342 1532 397 DE
1569 341 2099 399 GUBERNATIONE
2138 342 2249 399 DEI
2288 341 2415 399 LIB.
2457 343 2497 398 I.
2735 349 2742 354 '
3547 343 3614 400 49

339 455 472 516 mihi
500 455 694 512 suadet
719 463 777 510 ut
803 470 1037 527 parcam,
1070 455 1162 511 sed
1193 466 1373 511 tamen
1419 465 1761 527 peccatorum
1809 458 1922 512 cla-
1950 468 1998 524 Α
2028 458 2321 526 sacrilegus
2350 462 2670 524 torqueatur
2696 452 3008 507 diversitate
3037 451 3306 522 supplicii.
3345 462 3368 490 ο
3398 451 3465 507 Ει
3487 455 3614 524 quid

341 563 463 603 mor
493 549 637 616 cogit
665 555 721 602 ut
762 547 997 618 puuiam.
1031 546 1166 602 Cum
1208 562 1336 616 ergo
1384 549 1483 604 ista
1522 549 1763 616 dixisset,
1795 550 1925 619 quid

342 647 693 696 consecutum
735 640 851 693 est?
897 638 1181 694 Mittuntur
1208 640 1383 708 angeli
1429 639 1718 696 Sodomam
1767 639 1921 712 (Gen.

341 746 453 795 xIx,
477 731 523 796 l,
557 732 738 803 seqq.),
762 731 1196 802 proﬁciscuntur,
1232 734 1816 796 introeunt,.bonorum
1843 734 1927 789 fo-

343 830 539 877 veutur
568 821 769 887 officio,
800 823 1064 878 malorum
1094 833 1359 880 vexantur
1397 824 1622 893 injuria;
1655 833 1925 880 cmcantur

341 913 588 983 improbi,
620 915 895 970 salvantur
922 917 1096 985 probi.
1147 926 1173 954 λ
1200 915 1336 972 Loth
1367 933 1489 972 cum
1519 916 1799 973 affectibus
1821 916 1924 986 piis

341 1003 470 1058 urbe
498 1004 746 1059 educitur
788 1024 800 1058 :
849 1007 975 1061 urbs
1017 1022 1136 1062 cum
1166 1007 1558 1062 habitatoribus
1589 1008 1764 1078 impiis
1793 1024 1924 1070 con-

341 1105 626 1151 crematur.
657 1096 936 1166 Interrogo
979 1098 1067 1153 hic
1099 1106 1401 1152 utrumnam
1444 1099 1586 1152 Deus
1615 1115 1683 1152 ex
1720 1097 1923 1166 judicio

339 1187 528 1253 malos,
553 1203 620 1242 an
662 1189 778 1242 sine
802 1184 1003 1257 judicio
1032 1191 1430 1244 concremarit?
1457 1191 1560 1256 Qui
1587 1191 1702 1245 sine
1717 1189 1922 1258 judicio

336 1275 642 1333 Sodomitas
663 1280 878 1349 punitos
903 1296 933 1334 a
959 1281 1070 1336 Deo
1093 1281 1241 1345 dicit,
1266 1282 1506 1350 iniquum
1530 1282 1694 1336 Deum
1724 1283 1917 1350 alguit.

335 1367 392 1424 Si
422 1378 602 1426 autem
630 1388 750 1426 cum
768 1372 971 1442 judicio
995 1374 1168 1428 malos
1197 1374 1444 1444 perdidit,
1472 1375 1750 1444 judicavit.
1777 1375 1802 1412 υ
1825 1374 1920 1430 Ju-

335 1459 532 1516 dicavit
573 1463 788 1532 utique;
815 1471 869 1519 et
907 1465 1123 1535 quidem
1141 1464 1254 1533 jam
1283 1465 1436 1534 quasi
1462 1465 1528 1518 ad
1560 1466 1730 1519 instar
1757 1464 1922 1519 futuri

334 1548 516 1620 iudicii
552 1552 829 1622 judicavit.
860 1553 996 1610 Cum
1025 1556 1171 1610 enim
1201 1556 1267 1610 ad
1309 1555 1627 1626 supplicium
1657 1556 1921 1612 malorum

334 1643 636 1711 gehennam
677 1646 730 1700 in
759 1645 994 1700 futurum
1024 1663 1267 1702 arsuram
1296 1663 1414 1703 esse
1458 1646 1800 1704 manifestum
1829 1649 1919 1713 sit,

335 1731 624 1791 Sodomam
661 1745 716 1792 et
751 1738 952 1793 vicinas
990 1740 1039 1794 ei
1082 1740 1241 1794 urbes
1269 1741 1506 1796 cmlestis
1534 1741 1750 1796 ﬂamma
1781 1758 1917 1797 con-

2028 550 2340 621 postremo?
2387 548 2568 603 decies
2611 545 2855 610 rebellat,
2898 543 3080 600 decies
3109 544 3441 600 verberatur.
3475 546 3615 611 Quid

2029 656 2160 711 ergo
2188 642 2453 698 dicimus?
2482 639 2620 694 Puto
2661 637 2805 708 quod
2854 637 2908 691 in
2939 637 3022 691 his
3061 637 3309 692 omnibus
3338 644 3394 691 et
3421 653 3616 692 curare

2026 735 2231 806 pariter
2270 749 2357 788 res
2404 733 2665 786 humanas
2695 729 2864 784 Deum
2913 735 2968 782 et
3014 727 3256 796 judicare
3293 742 3609 797 cognoscas.

2033 822 2053 862 τ
2083 825 2141 878 In
2173 823 2408 894 Egypto
2436 821 2634 890 quippe
2663 828 2790 874 tunc
2817 819 2959 874 enim
2989 835 3098 874 non
3126 819 3350 888 simplex
3383 826 3610 886 tantum,

2026 916 2120 971 sed
2150 915 2428 984 multiplex
2458 919 2673 968 constat
2718 911 2814 967 Dei
2845 910 3008 966 fuisse
3033 910 3310 980 judicium.
3361 909 3614 976 Quoties-

2027 1023 2237 1078 cunque
2267 1007 2409 1062 enim
2439 1006 2763 1060 rebellantes
2793 1003 3078 1075 Egyptios
3115 1005 3410 1073 percussit,
3451 1006 3612 1058 toties

2021 1099 2299 1169 judicavit.
2333 1097 2437 1152 Sed
2468 1105 2590 1167 post
2619 1098 2868 1166 ista,qua:
2906 1097 3157 1161 diximus,
3190 1097 3317 1166 quid
3363 1106 3608 1151 secutum

2027 1191 2146 1246 est?
2185 1189 2350 1244 Israel
2398 1189 2702 1255 dimittitur,
2747 1190 2946 1258 pascha
2978 1197 3002 1236 κ
3034 1188 3291 1253 celebrat,
3326 1187 3610 1260 Egyptios

2025 1281 2240 1352 spoliat,
2287 1280 2437 1334 dives
2465 1279 2724 1344 abscedit,
2758 1277 3096 1334 Pharaonem
3125 1279 3370 1349 pmnitet,
3403 1279 3609 1333 exerci-

2027 1381 2141 1427 tum
2169 1372 2462 1436 contrahit,
2513 1371 2582 1426 ad
2629 1370 2893 1440 fugientes
2921 1372 3185 1442 pervenit,
3219 1371 3411 1426 castris
3432 1369 3610 1439 jungi-

2027 1473 2130 1530 tur,
2165 1463 2406 1518 tenebris
2433 1471 2732 1534 separatur,
2765 1464 2999 1519 siccatur
3026 1463 3266 1532 pelagus,
3295 1461 3456 1516 Israel
3484 1474 3610 1528 gra-

2025 1557 2189 1622 ditur,
2223 1555 2465 1612 ofﬁciosa
2496 1557 2761 1612 undarum
2790 1557 3050 1627 patientia
3081 1556 3358 1612 liberatur.
3397 1553 3609 1610 Pharao

2023 1649 2288 1718 sequitur,
2311 1649 2420 1719 20
2439 1663 2588 1703 mare
2616 1664 2779 1718 super
2805 1662 2928 1703 eum
2950 1645 2980 1685 δ
3009 1647 3258 1712 volvitur,
3284 1645 3448 1701 ﬂuctu
3477 1660 3610 1716 ope-

2026 1738 2200 1793 riente
2230 1738 2461 1794 deletur.
2507 1738 2646 1794 Puto
2684 1739 2796 1808 jam
2824 1754 2934 1794 non
2981 1739 3268 1794 obscurum
3298 1740 3351 1793 in
3381 1739 3464 1793 his
3491 1754 3609 1808 quae

335 1829 640 1898 sumpserit.
671 1828 728 1884 In
751 1832 996 1899 przesenti
1027 1840 1208 1886 autem
1231 1833 1360 1889 illud
1383 1834 1529 1904 quod
1553 1834 1790 1889 futurum
1815 1845 1916 1901 est,
1951 1829 2000 1890 B
2025 1840 2145 1886 acta
2173 1839 2299 1885 sunt
2319 1831 2415 1886 Dei
2439 1829 2558 1886 esSe
2573 1831 2854 1899 judicium,
2886 1839 2943 1885 et
2969 1830 3187 1900 quidem
3215 1846 3323 1886 non
3347 1830 3609 1900 judicium

337 1917 481 1973 Deus
509 1921 679 1976 voluit
717 1921 989 1978 declarare
1031 1923 1313 1993 judicium,
1343 1927 1562 1994 quando
1610 1943 1772 1998 super
1819 1929 1920 1982 im-

335 2009 481 2080 pium
527 2011 778 2080 populum
825 2015 1129 2082 gehennam
1175 2016 1322 2070 misit
1365 2017 1596 2083 e‘cwlo;
1635 2021 1738 2090 19
1782 2019 1923 2074 sicut

337 2099 501 2152 etiam
531 2103 805 2169 apostolus
837 2103 965 2158 dicit
995 2103 1060 2173 (ll
1089 2103 1232 2159 Petr.
1269 2123 1324 2172 ιι,
1357 2106 1411 2178 6)
1441 2108 1587 2177 quod
1617 2109 1759 2164 Deus
1788 2110 1922 2165 civi—

338 2195 480 2244 tates
515 2189 805 2246 Sodomam
843 2203 897 2248 et
935 2192 1292 2252 Gomorrbam
1321 2202 1600 2257 eversione
1628 2202 1917 2269 damnarit,

336 2281 643 2351 exemplum
681 2299 886 2353 ponens
912 2285 1074 2356 impie
1103 2289 1301 2344 acturis
1333 2309 1345 2344 :
1376 2293 1622 2361 quamvis
1661 2293 1712 2347 id
1747 2294 1920 2363 ipsum

333 2371 478 2439 quod
498 2372 570 2427 ibi
591 2383 770 2429 actum
797 2384 896 2443 est,
920 2377 1039 2446 plus
1067 2377 1314 2436 habuerit
1345 2383 1730 2438 misericordiae
1757 2400 1919 2454 quam

333 2466 652 2523 severitatis.
684 2467 838 2539 Quod
865 2467 1008 2527 enim
1032 2487 1247 2542 poenam
1269 2490 1457 2530 eorum
1481 2484 1588 2530 tam
1619 2477 1712 2531 diu
1739 2477 1916 2532 distu-

332 2555 410 2620 lit,
442 2558 820 2616 misericordia:
848 2561 974 2629 fuit;
1001 2563 1245 2634 justitiae,
1270 2567 1415 2636 quod
1437 2568 1729 2637 aliquando
1759 2569 1918 2637 puni-

331 2646 423 2702 vit.
456 2646 524 2702 Et
571 2650 693 2706 ideo
738 2668 862 2708 cum
891 2656 1114 2724 angelos
1154 2655 1445 2711 Sodomam
1487 2657 1630 2712 Deus
1659 2659 1914 2722 mitteret,

332 2737 432 2795 hoc
459 2742 617 2797 nobis
657 2745 890 2813 probare
917 2747 1108 2813 Voluit,
1137 2747 1281 2816 quod
1307 2748 1473 2802 etiam
1503 2749 1675 2804 malos
1705 2751 1920 2819 puniret

313 2828 546 2886 invitus.
582 2832 799 2890 Scilicet
834 2845 896 2891 ut
923 2854 1045 2892 cum
1072 2838 1374 2907 legeremus
1402 2855 1523 2909 qua:
1551 2856 1582 2894 a
1626 2840 1920 2897 Sodomitis

329 2913 508 2993 angeli
536 2927 900 2994 pertulissent,
933 2937 989 2982 et
1017 2930 1325 2985 videremus
1362 2933 1625 2987 scelerum
1674 2933 1921 2988 immani-

329 3022 522 3079 tatem,
556 3017 842 3071 criminum
866 3020 1276 3088 turpitudinem,
1309 3022 1584 3079 libidinum
1616 3025 1920 3080 obscenita-

332 3109 474 3169 tem;
506 3103 762 3173 probaret
788 3105 972 3175 utique
1009 3108 1166 3163 nobis
1207 3109 1350 3165 Deus
1375 3112 1518 3180 quod
1548 3113 1664 3183 ipse
1693 3129 1789 3170 eos
1815 3130 1916 3171 no-

333 3192 496 3252 luerit
524 3195 770 3264 perdere,
812 3197 904 3251 sed
934 3197 1035 3267 ipsi
1065 3201 1388 3256 extorserint
1430 3212 1488 3256 ut
1515 3205 1770 3274 perirent.

399 3285 492 3341 IX.
525 3284 752 3343 Possum
808 3289 1092 3346 innumera
1141 3292 1402 3363 proferre.
1444 3294 1552 3351 Sed
1606 3312 1800 3353 vereor
1853 3314 1924 3354 ne

329 3380 456 3436 dum
483 3381 615 3436 satis
647 3391 670 3420 ο
701 3397 814 3437 rem
844 3384 1075 3454 probare
1104 3385 1340 3452 nitimur,
1374 3387 1654 3444 historiam
1686 3392 1924 3448 texuisse

333 3470 628 3526 videamur.
661 3471 873 3544 Moyses
910 3474 965 3528 in
1005 3474 1222 3531 deserto
1250 3477 1462 3548 positus
1501 3494 1720 3548 gregem
1737 3475 1924 3551 pascit

335 3560 532 3633 (Exod.
566 3565 667 3636 ιιι),
710 3565 902 3620 rubum
929 3566 1121 3622 ardere
1155 3569 1440 3638 conspicit,
1486 3569 1659 3625 Deum
1689 3586 1757 3626 ex
1785 3573 1922 3630 rubo

334 3653 501 3720 audit,
534 3665 799 3726 praecepta
827 3658 1044 3727 accipit,
1075 3666 1347 3731 potestate
1376 3660 1662 3724 exaltatur,
1688 3662 1755 3716 ad
1782 3660 1922 3719 Pha-

334 3760 554 3802 raonem
582 3748 830 3816 mittitur,
874 3750 1042 3816 venit,
1094 3751 1351 3820 loquitur,
1383 3753 1768 3819 contemnitur,
1799 3756 1922 3810 vin-

335 3837 426 3891 cit.
459 3837 720 3911 Egyptus
739 3841 1057 3910 percutitur,
1086 3841 1384 3898 Pharaonis
1412 3844 1778 3901 inobedientia
1799 3864 1923 3903 ver-

337 3925 571 3998 beratur,
602 3940 658 3987 et
685 3932 904 4003 quidem
923 3949 1032 3989 non
1060 3951 1168 3990 uno
1196 3935 1390 4002 modo;
1432 3938 1638 3993 scilicet
1657 3937 1684 3976 ά
1716 3948 1775 3994 ιιι
1803 3943 1921 4010 plus

2027 1930 2256 1987 tantum,
2287 1921 2382 1976 sed
2423 1923 2588 1976 etiam
2618 1922 3044 1977 moderationem
3084 1931 3246 1991 atque
3271 1922 3605 1992 patientiam.

2028 2011 2308 2067 Patientia:
2334 2013 2478 2067 enim
2508 2012 2607 2067 fuit
2631 2013 2776 2082 quod
2807 2013 2822 2050 ί
2851 2011 3091 2084 Egyptii
3115 2014 3440 2069 rebellantes
3468 2030 3609 2084 saepe
3693 2019 3698 2024 '

2026 2105 2268 2174 percussi
2297 2113 2456 2169 sunt;
2479 2105 2686 2173 judicii,
2711 2105 2856 2175 quod
2883 2110 2899 2157 t
2933 2107 3284 2163 contumacia:
3307 2108 3609 2178 pertinaces

2026 2203 2203 2250 morte
2223 2195 2477 2249 damnati.
2505 2194 2671 2263 Igitur
2690 2204 2814 2264 post
2838 2196 2983 2252 hunc
3010 2213 3188 2253 rerum
3217 2206 3486 2267 gestarum
3514 2213 3606 2252 or-

2024 2287 2206 2342 dinem
2263 2287 2561 2356 ingreditur
2615 2303 2854 2343 eremum
2910 2286 3103 2344 victrix
3157 2290 3274 2345 sine
3309 2289 3450 2346 bello
3479 2304 3608 2358 gens

2024 2379 2394 2434 Hebraeorum.
2428 2379 2550 2448 Agit
2597 2380 2698 2434 iter
2740 2381 2857 2435 sine
2887 2381 3099 2447 itinere,
3127 2381 3318 2435 viatrix
3357 2381 3474 2435 sine
3499 2381 3606 2442 via.

2024 2471 2228 2541 praevio
2283 2469 2414 2536 Deo,
2465 2469 2648 2525 divino
2697 2471 3012 2528 commilitio
3066 2471 3415 2538 honorabilis,
3447 2471 3608 2526 ductu

2025 2564 2232 2618 cmlesti
2261 2573 2474 2633 potens,
2506 2579 2739 2634 sequens
2787 2565 3042 2620 mobilem
3071 2565 3398 2627 columnam,
3448 2565 3606 2618 nubi-

2025 2655 2134 2709 lam
2161 2655 2268 2720 die,
2303 2656 2514 2722 igneam
2568 2662 2746 2720 nocte,
2797 2668 3062 2720 congruas
3089 2653 3332 2709 colorum
3381 2654 3606 2708 diversi-

2025 2754 2166 2801 tates
2195 2761 2292 2815 pro
2337 2755 2641 2816 temporum
2682 2745 2992 2799 diversitate
3035 2749 3371 2808 sumentem;
3403 2743 3606 2800 scilicet

2027 2845 2086 2892 ut
2115 2846 2170 2892 et
2198 2837 2302 2892 diei
2331 2836 2358 2876 ¹ι
2388 2838 2565 2892 lucem
2605 2837 2749 2890 lutea
2779 2835 3106 2891 obscuritate
3147 2835 3520 2904 distingueret,
3554 2845 3608 2891 et

2023 2929 2308 2997 caliginem
2333 2928 2508 2982 noctis
2537 2925 2785 2980 ﬂammeo
2815 2925 3099 2996 splendore
3136 2927 3396 2983 claritatis
3430 2928 3609 2984 radia-

2024 3028 2126 3075 ret.
2157 3019 2307 3074 Adde
2337 3019 2442 3074 huc
2471 3018 2647 3074 fontes
2679 3025 2904 3087 repente
2934 3025 3109 3081 natos,
3143 3017 3281 3073 adde
3318 3020 3609 3076 medicatas

2023 3129 2193 3184 aquas
2221 3114 2308 3168 vel
2334 3113 2486 3168 datas
2513 3112 2599 3168 vel
2632 3109 2651 3149 ι
2687 3111 3012 3175 immutatas,
3045 3112 3280 3182 speciem
3310 3122 3605 3180 servantes,

1945 3202 1994 3266 C
2027 3213 2272 3260 naturam
2301 3205 2688 3275 relinquentes.
2721 3203 2872 3259 Adde
2896 3212 3081 3273 aperta
3111 3207 3515 3276 erumpentibus
3539 3208 3608 3260 ri-

2029 3299 2110 3354 vis
2138 3299 2400 3354 montium
2429 3298 2624 3368 capita,
2657 3296 2794 3352 adde
2831 3297 3178 3353 scaturientia
3227 3299 3382 3353 novis
3427 3299 3609 3369 pulve-

2027 3391 2240 3446 rulenta
2289 3406 2416 3444 arva
2462 3389 2810 3454 torrentibus,
2852 3389 2988 3444 adde
3016 3388 3214 3444 inlatos
3242 3389 3609 3445 itinerantium

2026 3483 2218 3538 castris
2264 3482 2449 3536 alitum
2497 3493 2685 3548 greges
2711 3479 2804 3534 Dei
2831 3479 3035 3549 pietate
3063 3479 3523 3548 indulgentissima
3546 3490 3609 3545 ιιι,

2028 3592 2136 3632 non
2166 3575 2350 3630 usibus
2387 3581 2595 3628 tantum
2636 3573 2943 3636 hominum,
2973 3570 3070 3626 sed
3113 3571 3274 3626 etiam
3325 3572 3609 3626 inlecebris

2027 3667 2349 3728 servientes,
2380 3665 2565 3717 datum
2588 3677 2686 3730 per
2712 3662 3064 3733 quadraginta
3087 3676 3258 3715 annos
3286 3663 3444 3715 astris
3472 3677 3609 3729 quo-

2025 3756 2156 3811 tidie
2183 3752 2563 3807 famulantibus
2591 3751 2789 3813 cibum,
2821 3757 3072 3827 rorantes
3105 3748 3307 3817 jugiter
3325 3752 3463 3806 escis
3490 3751 3609 3806 dul-

2023 3846 2176 3902 cibus
2214 3844 2388 3915 polos,
2444 3856 2554 3896 non
2601 3839 2668 3894 ad
2705 3839 2908 3895 victum
2935 3846 3163 3906 tantum,
3197 3840 3313 3904 sed
3353 3842 3514 3895 etiam
3545 3843 3611 3898 ad

2023 3937 2242 3996 delicias
2262 3935 2611 4008 proﬂuentes.
2637 3931 2787 3989 Adde
2805 3932 3054 3990 homines
3087 3933 3142 3989 in
3161 3933 3321 3990 nullis
3341 3936 3608 3993 membro-

1505 4027 1845 4085 STEPHANI
1885 4030 2155 4088 BALUZII
2192 4025 2419 4084 ΝΟΤᾸΞ.

411 4124 440 4154 ι
475 4114 533 4170 Id
561 4125 672 4194 est,
690 4134 809 4194 cum
827 4135 997 4177 uxore
1019 4129 1074 4194 et
1101 4121 1300 4178 liberis.
1327 4123 1565 4194 Recepta
1585 4134 1702 4181 erat
1724 4128 1922 4184 saeculo

338 4184 432 4240 illo
459 4187 606 4242 vocis
633 4189 784 4244 istius
812 4192 1107 4261 usurpatio,
1144 4202 1202 4246 ut
1265 4184 1514 4264 ropinqui
1555 4196 1920 4263 significaren-

338 4262 424 4311 ιιιι·
447 4275 458 4310 :
485 4256 552 4312 de
578 4274 685 4316 auo
713 4276 812 4314 nos
839 4261 1077 4316 fortassis
1099 4210 1326 4316 amnIius
1353 4264 1679 4316 disseremus
1700 4268 1751 4316 in
1782 4270 1920 4316 notis

335 4262 424 4332 tur
447 4275 458 4310 :
485 4256 552 4332 de
578 4274 685 4332 quo
713 4276 812 4332 nos
839 4256 1077 4332 fortassis
1096 4256 1679 4332 7ampliusrfdisseremvus
1700 4268 1751 4320 in
1781 4270 1924 4322 notis

335 4325 402 4401 ad
453 4325 710 4401 epistolas
754 4329 955 4386 Ruricii
1022 4325 1260 4401 episcopi
1321 4331 1738 4401 Lemovicensis.
1791 4337 1924 4390 Vide

334 4394 622 4469 Rosvfeydi
651 4398 1032 4456 Onomasticon
1056 4394 1127 4455 ad
1151 4394 1301 4456 Vitas
1330 4400 1568 4456 Patrum.

405 4466 435 4506 ιι
471 4465 682 4548 ιιιξιιιίἱε
710 4469 1033 4548 editionibus
1074 4471 1268 4548 legitur
1298 4488 1310 4524 :
1346 4470 1406 4526 Si
1427 4479 1605 4548 autem
1637 4491 1758 4548 gum
1779 4477 1926 4548 judi-

337 4537 418 4628 cio
445 4538 607 4628 malos
638 4540 880 4628 perdidit,
903 4537 1158 4628 judicavit
1185 4544 1397 4628 utique;
1418 4543 1603 4628 Codex
1614 4537 1923 4628 gorbéien-
1949 4567 2004 4628 ι)

333 4607 740 4732 Eislbeleganter
793 4607 989 4681 repetit
1043 4628 1229 4667 vocem
1274 4607 1551 4684 'judicavit.
1613 4614 1704 4672 Sic
1760 4619 1923 4675 etiam

377 4692 410 4732 ο
472 4719 485 4731 .

377 4692 485 4732 011).

409 4759 432 4786 ε
472 4746 652 4830 Editio
681 4749 982 4830 Brassicani
1016 4769 1035 4830 ε.
1064 4751 1256 4830 Vereor
1275 4769 1340 4806 ne
1360 4754 1481 4808 dum
1503 4759 1631 4830 satis
1664 4775 1772 4812 rem
1803 4777 1925 4830 pro-

335 4815 455 4871 bare
482 4819 771 4873 renitimur.
804 4819 1105 4876 Galesinius
1135 4839 1152 4875 :
1190 4821 1382 4876 Vereor
1409 4841 1476 4878 ne
1504 4826 1625 4882 dum
1654 4831 1782 4883 satis
1803 4815 1922 4884 'rem

397 4889 554 4942 obare
573 4891 807 4970 nitimur.
841 4888 1079 4970 Pithoeus
1111 4909 1124 4944 :
1156 4891 1348 4970 Yereor
1366 4910 1430 4946 ne
1450 4895 1568 4951 dum
1588 4901 1716 4970 satis
1745 4917 1922 4970 repro-

367 4973 456 5011 are
485 4975 590 5013 rem
612 4962 845 5014 nitimur.
881 4960 988 5015 Nos
1022 4963 1191 5016 secuti
1219 4977 1401 5018 sumus
1427 4960 1811 5023 auctoritatem"
1830 4987 1924 5025 co-

336 5024 854 5102 dicis_Corbeiensis.
888 5029 994 5086 Pro
1022 5047 1089 5086 eo
1127 5040 1307 5087 autem
1350 5034 1492 5102 quod
1534 5036 1697 5093 editio
1727 5024 1921 5096 Pithmi

335 5097 558 5168 omnino
585 5100 724 5154 male
744 5101 940 5156 habeat
969 5103 1171 5168 texisse,
1201 5118 1300 5157 nos
1327 5097 1497 5159 secuti
1517 5107 1758 5163 codicem
1784 5108 1922 5164 Cor-

334 5164 608 5244 beiensem
637 5177 693 5244 et
718 5172 1023 5244 superiores
1052 5164 1332 5244 editiones
1358 5177 1696 5244 reposuimus
1726 5181 1921 5232 texuis-

377 5253 406 5317 ε.
441 5240 616 5317 {atque
646 5240 718 5294 ita
744 5240 798 5296 in
817 5255 920 5317 sua
935 5242 1169 5317 editione
1189 5240 1494 5317 emendavit
1514 5245 1920 5317 Rittershusius.

333 5303 546 5431 Eimilis'
576 5326 734 5393 error
774 5311 1040 5368 acciderat
1085 5313 1140 5367 in
1184 5311 1612 5371 Commonitorio
1658 5315 1925 5374 Vinoentii

380 5391 643 5431 mnensns.

380 5391 643 5436 mnensts.

405 5443 434 5526 ’ἲ
471 5446 739 5526 Galba":
765 5455 1288 5526 ιιιιςηιιεεαενίιιςθυε·

413 5524 438 5553 ⁸
477 5515 653 5595 Εάίιίρ
680 5515 877 5595 Pithdei
905 5540 917 5574 :
942 5521 1025 5595 Et
1049 5515 1205 5595 quid?
1249 5534 1502 5595 postremo
1549 5527 1714 5581 decies
1757 5529 1923 5583 rebel-

337 5584 429 5651 lat,
454 5596 559 5642 etc.
607 5589 954 5647 Reddidimus
974 5584 1219 5650 hic'bona
1242 5584 1343 5650 fide
1366 5596 1606 5652 codicem
1629 5596 1922 5653 Corbeien-

336 5672 470 5737 sem.
507 5655 659 5737 Unde
703 5661 1050 5718 confirmatur
1092 5664 1398 5734 conjectura
1437 5665 1798 5733 Rittershusii,
1826 5669 1919 5737 qui

333 5727 410 5786 ita
436 5727 721 5789 legendum
751 5745 868 5787 esse
889 5744 1191 5789 monuerat.

411 5794 431 5838 ί
470 5794 605 5856 Cum
654 5800 742 5856 hic
786 5802 936 5858 locus
979 5805 1128 5859 varie
1173 5805 1396 5878 legatur,
1446 5807 1918 5877 admouuissetque

614 5891 894 5957 Panos.
934 5889 1108 5966 LIII.

2027 4126 2417 4182 Rittershusius
2445 4124 2726 4193 legendum
2751 4122 2921 4177 videri
2948 4120 3014 4175 In
3035 4119 3267 4193 Egypto
3294 4125 3478 4193 quippe
3499 4133 3612 4181 tum

2027 4215 2131 4278 non
2160 4197 2397 4278 simptex,
2431 4192 2544 4278 nos
2558 4194 2674 4263 ejus
2719 4192 3091 4278 conjecturam
3119 4192 3316 4278 ’snecuti:
3350 4192 3534 4278 sumus
3560 4196 3614 4278 in

2025 4267 2128 4321 hac
2183 4259 2446 4328 editione,
2491 4273 2553 4318 ut
2588 4259 2833 4319 sensum,
2869 4262 3100 4331 aliquem
3148 4259 3464 4315 faceremus
3493 4265 3615 4322 huic

2029 4336 2425 4470 locsotlolbert"
2455 4402 2756 4464 celebratur,
2779 4400 2966 4467 Corb.,
2995 4397 3265 4470 celebrato.

2100 4473 2130 4513 ιι
2167 4473 2354 4539 Corb.,
2385 4469 2545 4546 super
2564 4474 2804 4546 uoluitur.
2831 4470 2967 4546 Hinc
2980 4469 3268 4546 _v_olumina
3315 4486 3414 4546 pro
3442 4470 3614 4546 Eucti-

2026 4546 2130 4602 bus
2161 4546 2216 4600 in
2236 4540 2478 4612 epistolis
2497 4542 2699 4598 Meletii
2719 4541 2958 4612 episcopi
2973 4540 3344 4612 gMopsuesten‘i
3365 4550 3420 4597 et
3441 4542 3615 4600 Theo-

2027 4615 2204 4687 doreti
2218 4611 2495 4687 _Cyrensis
2533 4612 2716 4687 editis_
2729 4611 2804 4687 in_
2821 4611 3077 4687 synodico
3121 4611 3375 4687 adversus
3399 4621 3616 4687 tragic-

2028 4685 2171 4740 diam
2217 4680 2403 4740 Irenmi
2449 4698 2567 4753 cap.
2618 4682 2738 4744 119,
2783 4680 2904 4753 129,
2953 4680 3072 4746 159,
3125 4680 3246 4734 151.
3277 4680 3478 4738 Plinius
3507 4680 3612 4742 vlib.

2027 4772 2116 4820 vn,
2148 4771 2266 4825 cap.
2297 4754 2404 4810 45:
2436 4752 2637 4825 Magna
2667 4754 2822 4807 sortis
2855 4752 3099 4806 humanm
3122 4755 3447 4824 reperiantur
3471 4755 3617 4809 volu-

2024 4842 2188 4881 mma.

2103 4894 2121 4973 ξ
2165 4893 2432 4973 Qplbert.,_
2451 4893 2734 4966 :Egyptios
2754 4894 3054 4973 rebellantes
3075 4895 3503 4973 δωρερενςαδεέι.

2029 5013 2032 5015 ,
2100 4967 2115 5016 t
2164 4965 2221 5020 ld
2266 4975 2366 5028 est,
2414 4959 2475 5019 in
2515 4959 2852 5020 contumacia
2896 4959 3166 5020 durantes'.
3200 4959 3354 5027 Quod
3401 4959 3509 5025 alii,
3557 4970 3613 5015 ut

2027 5035 2236 5110 diversa
2267 5043 2391 5110 sunt
2417 5035 2693 5110 hominum
2725 5036 2938 5105 ingenia
2959 5077 2974 5101 ,
3006 5036 3154 5088 aiunt
3180 5043 3298 5110 esse
3323 5029 3496 5110 animi
3511 5045 3612 5110 pa-

2027 5121 2148 5161 rum
2171 5107 2428 5170 liberalis.
2462 5106 2554 5160 alii
2577 5121 2709 5162 vero
2729 5098 3003 5176 generosae
3024 5111 3079 5158 et
3106 5098 3331 5154 excelsae
3357 5098 3572 5156 mentis.

2101 5175 2128 5214 ¹ι
2165 5175 2341 5232 Colb..
2372 5177 2560 5231 lumen.
3003 5210 3008 5214 -

2209 5192 2341 5242 010.,
2372 5192 2560 5231 tamen.
3003 5210 3008 5214 -

2107 5243 2809 5319 lI_d_em_codex,invitatus.
2892 5310 2976 5319 __
3078 5306 3090 5319 .
3415 5265 3536 5319 ω--

2103 5325 2144 5353 ω
2181 5316 2281 5372 Hic
2308 5317 2458 5373 locus
2494 5303 2569 5371 sic
2595 5323 2754 5369 antea
2774 5310 3050 5378 legebatur
3077 5306 3131 5360 in
3159 5303 3394 5366 editione
3415 5309 3610 5370 Pithmi

2031 5394 2086 5442 et
2113 5386 2167 5442 in
2192 5387 2377 5458 codice
2423 5383 2752 5447 Corbeiensi,
2784 5378 3179 5458 Deumnpietqte
3215 5378 3612 5458 indulgentissi-

2031 5472 2134 5524 ma,
2165 5466 2268 5512 etc.
2301 5457 2662 5524 Admonuerat
2689 5458 2866 5524 autem
2902 5447 3302 5524 ‘Rittershusius
3328 5447 3608 5524 legendum

2032 5519 2152 5583 esse
2174 5527 2270 5581 Dei
2299 5519 2878 5596 pietate._Cum-ilaq_ue
2902 5519 3189 5596 lectionem
3217 5519 3607 5596 illampmfer-

2021 5605 2145 5652 rent
2203 5587 2462 5666 editiones
2509 5587 3209 5666 grassicaniethalesinii,
3257 5587 3606 5666 dubitandum

2021 5683 2131 5722 non
2186 5673 2302 5720 erat
2347 5662 2475 5728 quin
2523 5659 2870 5718 Rittershusii
2921 5661 3234 5734 conjectura
3284 5656 3424 5714 foret
3470 5656 3605 5709 reti-

2021 5737 2217 5794 nenda.
