4234 6262
337 309 406 363 45
1377 301 1386 308 ’
1482 297 1571 357 DE
1607 290 2136 358 GUBERNATIONE
2177 293 2282 348 DEI
2325 278 2446 348 LIB.
2488 281 2528 349 i.
3554 293 3626 350 ω

338 436 426 482 tur
454 439 621 496 plena
657 423 976 494 peccantes?
1013 421 1079 474 Et
1110 409 1288 474 tamen
1319 429 1439 474 cum
1471 418 1649 473 omnis
1696 414 1928 487 populus
1957 413 2006 472 Α
2031 417 2080 462 et
2100 405 2230 461 Abiu
2251 407 2346 478 ﬁlii
2371 405 2543 461 Aaron
2570 407 2862 471 thuribulis,
2880 412 3161 479 pesu'erunl
3191 408 3361 480 ignem
3382 417 3433 462 et
3453 411 3623 464 incew

337 531 466 578 reus
506 521 685 584 fuerit,
719 535 810 574 cur
849 533 955 571 non
995 523 1079 569 est
1109 515 1160 568 in
1193 528 1383 568 omnes
1426 513 1587 566 missa
1618 507 1934 565 damnatio?

278 609 281 612 ’
339 613 480 682 Quia
510 612 632 683 pius
659 610 859 666 scilicet
888 607 1146 662 Dominus
1176 613 1390 676 partem
1417 603 1690 674 percussit
1710 608 1931 656 senten-

341 705 432 760 tiae
461 717 572 758 suae
599 699 792 771 gladio,
837 701 895 752 ut
925 705 1132 768 partem
1164 697 1462 765 corrigeret
1491 693 1758 764 exemplo,
1790 707 1931 763 prae-

341 793 602 863 beretque
650 791 898 846 omnibus
949 789 1108 846 simul
1156 773 1209 844 et
1237 786 1538 844 coercendo
1568 800 1850 841 censuram
1879 792 1936 840 et

343 883 665 953 indulgendo
695 883 971 953 pietatem.
1028 880 1266 936 Censura
1296 881 1438 935 enim
1468 878 1568 933 fuit
1593 877 1739 948 quod
1767 877 1933 932 casti-

345 977 508 1049 gavit,
546 976 716 1045 pietas
742 965 886 1045 quod
915 974 1158 1044 pepercit
1191 992 1202 1026 :
1233 972 1479 1042 quamvis
1518 977 1807 1037 utrumque
1835 968 1935 1022 im-

342 1068 459 1142 pari
488 1067 667 1122 modo.
717 1064 845 1120 Plus
872 1063 1139 1135 siquidem
1194 1072 1325 1119 tunc
1376 1061 1565 1132 pietati
1620 1059 1803 1114 datum
1854 1055 1936 1113 est

342 1173 502 1229 quam
530 1159 828 1214 severitati.
877 1155 1006 1212 Ideo
1035 1157 1240 1225 utique,
1273 1154 1400 1223 quia
1429 1167 1550 1208 cum
1577 1147 1932 1218 indulgentis-

337 1249 505 1304 simus
534 1248 797 1304 Dominus
825 1247 1236 1318 pr0pensiorem
1271 1259 1331 1299 se
1359 1257 1572 1312 semper
1599 1237 1932 1295 miserationi

335 1347 559 1411 przestet
579 1355 741 1409 quam
773 1339 983 1404 ultioni,
1013 1331 1142 1393 licet
1168 1338 1224 1391 in
1253 1334 1554 1391 coercenda
1580 1340 1709 1388 tunc
1726 1331 1933 1386 Iudaici

337 1434 613 1503 exercitus
652 1441 805 1503 parte
830 1431 1037 1502 judicio
1068 1447 1131 1485 ac
1160 1427 1434 1486 severitati
1474 1441 1703 1482 censura
1751 1424 1932 1479 divina

339 1525 540 1594 aliquid
571 1524 896 1588 attribuerit,
931 1522 1194 1592 majorem
1239 1528 1420 1575 tamen
1462 1517 1564 1574 sibi
1594 1513 1777 1588 populi
1805 1529 1934 1585 por-

339 1617 544 1670 tionem
569 1616 744 1685 pietas
771 1613 1064 1669 vindicavit
1098 1631 1109 1665 :
1143 1609 1451 1683 Specialiter
1477 1607 1694 1679 quidem
1722 1607 1847 1672 hoc,
1879 1612 1934 1660 et

339 1703 604 1774 peculiari
657 1713 786 1758 tunc
829 1693 1130 1759 innumera:
1186 1701 1358 1773 plebis
1412 1697 1818 1763 misericordia;
1863 1711 1934 1751 ne

2034 509 2149 554 sum
2172 501 2406 569 desuper,
2426 499 2702 569 o/Terentes
2729 517 2901 555 corum
2932 499 3152 554 Domino
3173 503 3339 573 ignem
3363 503 3622 558 alienum:

2035 592 2172 666 quod
2198 593 2273 648 eis
2300 597 2614 662 praeceptum
2634 609 2735 646 non
2762 597 2892 646 erat.
2914 589 3429 666 Egressusque-iguis
3459 612 3492 649 a
3511 583 3624 652 Do-

2035 687 2196 751 mino,
2215 681 2476 740 devoravit
2497 701 2606 749 eos,
2631 689 2680 739 et
2701 687 2889 738 mortui
2909 693 3027 740 sunt
3055 703 3231 741 coram
3254 685 3477 744 Domino
3509 679 3624 762 (Le-

2035 781 2124 834 uit.
2150 795 2202 844 ι,
2229 775 2278 842 i,
2302 776 2378 849 Ξ).
2411 773 2546 844 Quid
2575 778 2719 832 enim
2751 773 2895 833 aliud
2916 794 3076 849 quam
3100 783 3373 835 extentam
3397 775 3502 855 25
3528 794 3622 839 su.

2035 881 2136 942 per
2149 886 2248 925 nos
2261 870 2536 926 dexteram
2554 887 2704 926 suam
2726 879 2780 927 et
2797 873 3164 929 imminentem
3176 875 3377 944 iugiter
3389 874 3622 945 gladium

2037 963 2206 1018 voluit
2233 963 2640 1032 ostendere,qui
2655 981 2895 1020 errorem
2917 967 3346 1036 supradictorum
3369 967 3548 1022 statim
3572 967 3627 1025 in

2038 1057 2154 1127 ipso
2177 1073 2341 1127 opere
2362 1057 2587 1126 punivit,
2621 1074 2721 1114 nec
2750 1074 2886 1129 pene
2915 1060 3060 1131 prius
3088 1061 3364 1130 peractum
3389 1068 3471 1116 est
3497 1059 3623 1116 faci-

2037 1161 2139 1202 nus
2167 1149 2524 1218 peccantium,
2556 1163 2717 1219 quam
2747 1149 3096 1206 ulcisceretur
3120 1167 3280 1223 poena
3308 1154 3622 1225 peccatum!

2037 1237 2290 1304 Quamvis
2312 1255 2418 1295 non
2445 1240 2496 1295 id
2518 1247 2725 1296 tantum
2749 1242 2802 1295 in
2823 1242 2925 1296 hac
2945 1258 3004 1297 re
3035 1250 3211 1298 actum
3232 1245 3320 1310 sit,
3335 1244 3431 1299 sed
3458 1244 3623 1302 etiam

2038 1331 2205 1385 multa
2242 1332 2363 1385 alia.
2389 1331 2524 1386 Cum
2560 1334 2702 1388 enim
2733 1334 2785 1387 in
2818 1331 2921 1388 illis
2952 1341 3080 1390 tunc
3109 1351 3216 1390 non
3260 1351 3412 1389 mens
3442 1336 3623 1406 impia,

2037 1417 2133 1478 sed
2174 1419 2402 1478 facilitas
2430 1424 2651 1478 nimium
2673 1425 2974 1480 inconsulta
3003 1427 3191 1497 punita
3220 1427 3305 1492 sit,
3333 1425 3626 1482 declaravit

2036 1516 2280 1586 profecto
2303 1515 2559 1573 Dominus
2587 1533 2696 1587 quo
2719 1519 2980 1590 supplicio
3002 1519 3147 1587 digni
3168 1525 3348 1575 essent
3375 1519 3467 1590 qui
3489 1537 3625 1575 con-

2036 1611 2246 1678 temptu
2276 1605 2581 1663 Divinitatis
2604 1609 2805 1678 aliquid
2827 1611 3191 1677 admitterent,
3215 1609 3432 1681 quando
3461 1613 3624 1666 etiam

2037 1697 2110 1755 illi
2138 1703 2379 1771 percussi
2409 1717 2438 1756 a
2469 1699 2582 1758 Deo
2613 1709 2796 1782 essent
2831 1704 2922 1774 qui
2953 1704 3067 1760 sola
3094 1705 3291 1760 mentis
3319 1702 3624 1760 inconside-

341 1805 531 1851 omnes
579 1796 785 1851 scilicet
829 1796 970 1864 quos
1013 1802 1195 1850 reatus
1242 1791 1721 1864 complectebatur,
1773 1801 1932 1859 poma
1965 1790 2010 1848 Β
2037 1793 2250 1847 ratione
2281 1803 2612 1863 peccassent,
2657 1801 2748 1849 aut
2775 1811 2936 1866 quam
2975 1795 3054 1850 rei
3083 1798 3265 1852 essent
3293 1797 3386 1867 qui
3433 1803 3622 1851 contra

341 1894 701 1942 consumeret.
735 1885 1002 1942 Caeterum
1033 1897 1158 1955 erga
1181 1886 1442 1956 quasdam
1464 1897 1746 1954 personas,
1771 1889 1830 1936 ut
1857 1881 1937 1936 le-

342 1979 538 2047 gimus,
572 1994 635 2033 ac
663 1975 888 2035 familias
909 1994 1136 2034 censura
1158 1978 1254 2033 Dei
1285 1976 1634 2032 inexorabilis
1655 1982 1769 2040 est;
1797 1973 1937 2029 sicut

343 2068 494 2134 illud,
527 2071 618 2125 ubi
647 2071 850 2125 otiante
878 2071 1116 2125 sabbatis
1144 2069 1365 2139 populo,
1392 2069 1438 2124 is
1466 2068 1559 2138 qui
1589 2056 1843 2137 colligere
1871 2067 1936 2121 li-

347 2174 454 2229 gna
482 2168 792 2230 usurparat,
816 2159 988 2217 occidi
1008 2161 1225 2231 iubetur
1248 2157 1435 2232 (Num.
1465 2173 1553 2224 xv,
1586 2158 1678 2232 35)
1708 2178 1720 2211 :
1747 2173 1936 2228 quam-

346 2254 427 2308 vis
473 2255 618 2307 cnim
660 2268 795 2322 opus
839 2254 1010 2323 ipsum
1061 2253 1293 2308 hominis
1328 2251 1602 2308 videretur
1632 2251 1932 2314 innoxium,

345 2344 580 2399 faciebat
609 2331 791 2400 tamen
820 2360 943 2400 eum
973 2341 1076 2400 diei
1100 2343 1408 2400 observatio
1438 2344 1814 2400 criminosum.
1838 2340 1938 2396 Vel

346 2450 470 2490 cum
496 2433 704 2490 duobus
732 2435 826 2489 lite
856 2436 1204 2502 certantibus,
1235 2447 1376 2490 unus
1403 2435 1494 2503 qui
1514 2433 1934 2503 blasphemarat,

345 2532 518 2580 morte
554 2525 826 2581 multatur.
860 2523 1102 2598 2&1Sic
1138 2526 1282 2581 enim
1329 2525 1586 2596 scriptum
1629 2532 1758 2578 est:
1797 2515 1932 2576 Ecce

347 2628 513 2673 autem
541 2619 681 2689 ﬁlius
703 2619 932 2674 mulieris
959 2619 1278 2674 lsraelitidis
1307 2635 1455 2691 quem
1476 2624 1747 2689 pepererat
1779 2615 1843 2669 de
1863 2617 1940 2669 ui-

347 2723 403 2764 ro
432 2709 682 2782 zEggptiO
712 2713 849 2764 inter
889 2711 1027 2780 ﬁlios
1060 2707 1248 2775 Israel,
1285 2711 1529 2780 iurgatus
1567 2716 1644 2761 est
1670 2709 1726 2761 in
1754 2709 1939 2760 castris

350 2815 464 2855 cum
497 2802 606 2855 viro
636 2799 894 2856 Israelite.
925 2800 1156 2872 Cumque
1185 2800 1587 2870 blaspltemasset
1615 2815 1802 2852 nomen
1824 2797 1937 2851 Do-

348 2902 496 2964 mini,
525 2907 572 2952 et
599 2885 964 2952 malédixisset
995 2896 1063 2959 ei,
1091 2892 1345 2945 adductus
1388 2899 1465 2943 est
1493 2889 1561 2943 ad
1589 2887 1802 2958 Moysen
1827 2887 1942 2959 (Le-

349 2992 439 3044 uit.
469 3003 613 3049 xxxv,
637 2987 720 3050 i0,
738 2985 850 3054 ii).
869 2984 935 3037 Et
955 2983 1121 3053 paulo
1147 2989 1304 3052 post:
1325 2979 1378 3034 M
1384 2982 1599 3045 iserunt,
1614 2980 1804 3048 inquit,
1826 2995 1940 3034 eum

349 3083 406 3136 in
428 3093 702 3141 carcerem,
727 3077 889 3131 donec
911 3075 1142 3129 viderent
1163 3074 1285 3146 quid
1304 3074 1508 3145 juberet
1529 3073 1802 3128 Dominus.
1837 3073 1938 3138 Qui

2032 1885 2330 1955 iussionem
2361 1885 2573 1940 Domini
2601 1887 2683 1940 sui
2706 1885 2960 1952 facerent,
2993 1904 3117 1943 cum
3139 1889 3302 1943 etiam
3332 1887 3407 1942 illi
3446 1889 3624 1944 taliter

2037 1979 2404 2050 plecterentur
2423 1979 2514 2048 qui
2542 1979 2744 2050 iniussa
2764 1979 3033 2036 fecissent.
3061 1979 3229 2037 Porro
3253 1989 3434 2036 autem
3461 1981 3623 2036 etiam

2037 2085 2103 2125 ex
2133 2072 2238 2126 hoc
2265 2071 2552 2128 consulere
2580 2069 2722 2128 Deus
2751 2071 2919 2128 voluit
2951 2082 3148 2128 nostra:
3177 2071 3501 2128 correctioni
3528 2086 3624 2141 per

2037 2179 2320 2219 censuram
2348 2163 2579 2219 salubris
2608 2161 2861 2235 exempli,
2896 2171 2953 2219 ut
2987 2181 3176 2220 omnes
3205 2165 3328 2220 laici
3359 2163 3624 2232 intellige—

2038 2262 2162 2310 rent
2188 2263 2452 2325 quantum
2481 2256 2617 2310 iram
2641 2255 2737 2310 Dei
2762 2257 2952 2312 timere
2981 2255 3259 2324 deberent,
3284 2273 3405 2312 cum
3429 2272 3459 2312 a
3495 2269 3624 2326 prai-

2038 2349 2178 2402 senti
2220 2361 2380 2419 paena
2419 2345 2558 2404 ﬁlios
2605 2346 2900 2404 sacerdotis
2945 2365 3044 2404 nec
3093 2341 3344 2404 meritum
3385 2347 3625 2426 parentis

2040 2439 2294 2510 eriperet,
2328 2455 2427 2495 nec
2455 2437 2742 2495 ministerii
2772 2441 2912 2496 sacri
2944 2440 3281 2512 privilegium
3306 2431 3621 2520 vindicaret.

2040 2527 2147 2584 Sed
2193 2527 2321 2601 quid
2371 2545 2473 2600 ego
2521 2528 2589 2585 de
2634 2530 2717 2586 his
2765 2529 2886 2587 dico
2914 2547 3142 2602 quorum
3166 2529 3624 2587 inconsiderantia

2039 2619 2435 2692 quodammodo
2465 2621 2634 2677 Deum
2678 2623 2851 2692 tetigit
2888 2631 2942 2678 et
2970 2623 3036 2677 ad
3063 2623 3336 2679 caelestem
3377 2615 3625 2692 iniuriam

2039 2712 2390 2770 redundavit?
2431 2713 2597 2770 Maria
2628 2727 2816 2770 contra
2846 2714 3064 2785 Moysen
3097 2715 3352 2784 loquitur,
3386 2721 3440 2768 et
3468 2713 3624 2784 puni-

2041 2811 2158 2869 tur;
2193 2820 2293 2860 nec
2319 2805 2537 2876 punitur
2567 2813 2793 2870 tantum,
2835 2803 2929 2861 sed
2968 2805 3153 2874 iudicii
3203 2821 3354 2860 more
3381 2805 3621 2876 punitur.

2041 2891 2279 2949 Primum
2305 2896 2448 2950 enim
2477 2895 2543 2949 ad
2566 2897 2827 2965 iudicium
2853 2905 3096 2963 vocatur,
3139 2895 3334 2952 deinde
3359 2897 3621 2967 arguitur,

2041 2988 2202 3044 tertio
2223 2987 2554 3044 verberatur.
2576 2985 2635 3042 In
2658 2987 3028 3058 obiurgatione
3048 2989 3246 3059 excipit
3274 2989 3380 3043 vim
3405 2998 3627 3064 senten—

2043 3079 2149 3147 tize,
2191 3074 2244 3133 in
2291 3078 2440 3151 lepra
2481 3088 2661 3136 autem
2707 3081 2910 3152 patitur
2949 3079 3218 3151 piaCulum
3265 3082 3566 3137 criminosa:
3605 3097 3622 3140 :

355 3169 552 3225 locutus
567 3178 642 3222 est
656 3168 726 3221 ad
749 3167 992 3238 Moysen,
1013 3166 1192 3220 dicens
1209 3182 1228 3219 .'
1249 3161 1397 3218 Educ
1419 3150 1772 3236 blasphemum
1792 3175 1941 3220 extra
1968 3156 2012 3216 C
2045 3171 2292 3241 quamvis
2310 3150 2566 3228 coercitio
2590 3150 2886 3229 istiu—smodi
2908 3150 3014 3229 ιιριι
3038 3167 3261 3228 Mariam
3282 3179 3511 3239 tantum,
3533 3169 3626 3242 sed

350 3271 546 3324 castra,
569 3269 620 3313 et
637 3268 835 3330 ponant
860 3271 1033 3312 omnes
1063 3258 1147 3328 qui
1177 3255 1449 3310 audierunt
1468 3271 1654 3309 manus
1675 3271 1830 3328 super
1850 3272 1940 3309 ca-

349 3363 438 3426 put
455 3352 586 3423 ejus,
604 3358 654 3405 et
667 3349 862 3420 tapidet
881 3365 997 3402 eum
1028 3347 1246 3420 populus
1264 3349 1535 3403 universus
1552 3345 1604 3420 (ι
1609 3347 1715 3402 bid.
1732 3345 1935 3420 1244).

349 3442 597 3512 Nunquid
637 3455 746 3496 non
787 3454 1026 3511 przesens
1054 3439 1150 3494 Dei
1188 3445 1272 3494 est
1312 3437 1766 3509 manifestumque
1788 3437 1935 3509 iudi-

349 3535 508 3599 cium,
540 3539 594 3588 et
622 3533 832 3604 prolata
862 3532 1015 3601 quasi
1048 3530 1202 3600 iuxta
1245 3529 1468 3586 humani
1515 3533 1783 3587 examinis
1823 3532 1937 3587 for-

351 3645 494 3683 mam
529 3627 735 3684 cmlesti
777 3623 1170 3696 disceptatione
1219 3626 1525 3681 sententia?
1554 3623 1815 3690 Primum,
1848 3626 1940 3694 qui

348 3729 667 3792 peccaverat
688 3715 1118 3790 comprehensus
1134 3727 1250 3785 est;
1282 3717 1540 3785 secundo,
1573 3720 1727 3788 quasi
1757 3718 1824 3772 ad
1847 3719 1940 3774 tri-

349 3811 512 3870 bunal
541 3811 825 3879 adductus;
859 3809 1042 3877 tertio,
1075 3819 1388 3880 accusatus;
1420 3808 1615 3867 deinde
1657 3811 1709 3866 in
1752 3827 1940 3867 carce-

351 3923 465 3964 rem
507 3906 731 3972 missus;
775 3914 1071 3977 postremo,
1113 3906 1350 3962 ctelestis
1386 3907 1571 3976 iudicii
1620 3908 1942 3963 auctoritate

354 4001 595 4072 punitus.
625 4000 794 4056 Porro
824 3984 1007 4055 autem
1035 4014 1143 4054 non
1169 3999 1386 4068 punitus
1416 4007 1640 4065 tantum,
1665 4001 1762 4056 sed
1787 4001 1944 4070 puni-

357 4099 447 4146 tus
491 4090 589 4144 sub
636 4090 973 4158 testimonio;
1024 4096 1084 4145 ut
1121 4089 1377 4146 dalnnare
1417 4091 1622 4161 scilicet
1670 4089 1944 4146 videretur

358 4199 514 4240 reum
526 4183 751 4252 iustitia,
779 4199 883 4238 non
911 4190 1146 4252 potestas
1165 4202 1178 4236 :
1195 4183 1446 4254 erupto
1468 4183 1671 4240 scilicet
1694 4182 1762 4238 ad
1779 4193 1945 4243 θειω-

356 4284 569 4334 ctortttn
610 4275 1037 4332 emendationem
1066 4275 1401 4347 proliciente,
1443 4285 1504 4331 ut
1530 4292 1600 4331 ne
1641 4277 1763 4346 quis
1790 4285 1942 4348 post-

354 4385 420 4426 ea
462 4368 776 4447 admitteret
827 4365 968 4438 quod
1014 4369 1188 4423 omnis
1235 4368 1288 4422 in
1327 4381 1436 4422 uno
1482 4367 1716 4437 populus
1770 4365 1944 4422 vindi-

357 4469 550 4516 casset.
602 4453 714 4515 Hac
743 4458 904 4528 igitur
933 4459 1141 4515 ratione
1170 4468 1332 4528 atque
1356 4457 1561 4528 iudicio
1591 4457 1772 4512 omnia
1802 4457 1944 4514 Deus

2043 3263 2208 3318 etiam
2238 3263 2507 3320 Aaronem
2534 3263 2916 3331 humiliaverit,
2949 3267 3075 3337 quia
3106 3263 3207 3322 etsi
3235 3263 3523 3322 deformari
3546 3266 3653 3338 le-,

2042 3368 2140 3425 pra
2171 3371 2436 3412 summum
2473 3359 2765 3415 antistitem
2805 3375 2913 3414 non
2953 3359 3209 3430 oportuit,
3241 3367 3297 3414 et
3342 3359 3517 3431 ipsum
3547 3367 3626 3414 ta-

2042 3462 2167 3502 men
2197 3448 2410 3504 Domini
2450 3451 2732 3520 castigatio
2763 3449 3051 3519 ilagellavit
3099 3469 3109 3502 :
3158 3465 3258 3506 nec
3295 3449 3470 3506 solum
3500 3449 3625 3518 hoc,

2043 3539 2137 3595 sed
2165 3541 2220 3596 in
2241 3557 2456 3611 pmnam
2476 3558 2636 3612 quam
2659 3542 2823 3596 Maria
2852 3543 3074 3612 patitur,
3099 3541 3282 3597 Aaron
3310 3543 3474 3597 etiam
3494 3557 3626 3616 qua-

2043 3631 2086 3687 si
2129 3633 2298 3701 culpze
2340 3634 2611 3702 particeps
2659 3641 2956 3687 coercetur.
2992 3628 3157 3685 Maria
3187 3623 3332 3686 enim
3363 3631 3626 3701 supplicio

2043 3724 2290 3788 ai'llcitur,
2310 3733 2370 3777 ut
2385 3725 2564 3777 Aaron
2587 3723 2902 3778 confusione
2930 3724 3236 3778 mulctetur.
3256 3722 3426 3782 Porro
3447 3728 3627 3777 autem

2043 3825 2102 3871 ut
2129 3815 2514 3870 inexorabilem
2539 3813 2590 3869 in
2620 3811 2937 3884 quibusdam
2957 3827 3372 3882 agnosceremus
3398 3811 3628 3870 formam

2042 3906 2208 3962 divini
2237 3921 2356 3963 esse
2397 3905 2602 3976 iudicii,
2637 3905 2744 3978 κ
2770 3919 2838 3960 ne
2880 3903 3022 3960 illius
3060 3903 3278 3973 quidem
3325 3904 3628 3962 intercessu

2043 4003 2134 4072 qui
2175 4003 2330 4058 laesus
2353 4001 2526 4056 fuerat
2546 3985 2793 4057 indulsit.
2825 3999 2916 4056 Sic
2941 4000 3084 4054 enim
3110 3999 3334 4069 legimus
3364 3999 3431 4055 ad
3459 3999 3628 4056 Aaro-

2045 4109 2166 4149 nem
2197 4101 2250 4149 et
2280 4092 2505 4148 Mariam
2528 4091 2726 4149 dixisse
2762 4091 3048 4148 Dominum
3081 4111 3092 4145 :
3128 4090 3302 4157 Quare
3327 4094 3486 4165 igitur
3524 4110 3630 4149 nou

2045 4187 2262 4239 timuisti
2292 4185 2561 4238 detrahere
2594 4201 2738 4239 seruo
2765 4197 2880 4239 meo
2926 4183 3134 4255 Moysi?
3175 4185 3439 4258 iratusque
3479 4173 3627 4240 abiit.

2045 4275 2116 4329 Et
2138 4291 2254 4329 ecce
2283 4275 2457 4328 Μανία
2490 4277 2732 4346 apparuit
2755 4275 2983 4328 candens
3011 4275 3154 4344 lepra
3182 4277 3329 4346 quasi
3365 4277 3486 4340 nix;
3517 4276 3628 4328 cla-

2045 4368 2298 4438 mavitque
2319 4366 2526 4439 Moyses
2547 4366 2617 4420 ad
2637 4365 2918 4420 Dominum
2942 4365 3116 4418 dicens
3140 4381 3156 4417 :
3183 4359 3428 4430 Obsecro,
3448 4363 3628 4419 Domi-

2045 4480 2131 4529 ne,
2161 4479 2293 4518 sana
2318 4477 2452 4515 eam.
2486 4456 2581 4512 Cui
2612 4455 2878 4529 respondit
2914 4454 3164 4510 Dominus
3196 4472 3212 4510 .°
3245 4454 3305 4512 Si
3333 4464 3479 4525 pater
3518 4455 3630 4527 ejus

358 4561 414 4608 et
455 4568 597 4607 nunc
640 4554 749 4620 agit
777 4559 834 4607 et
859 4567 1075 4620 semper
1112 4553 1240 4619 egit,
1273 4550 1481 4606 scilicet
1519 4558 1579 4604 ut
1619 4550 1942 4606 correctioni
1973 4529 2267 4628 Περαίωει
2308 4557 2363 4608 in
2397 4554 2585 4626 faciem
2620 4551 2781 4615 illius,
2817 4567 2914 4605 non
2952 4547 3194 4603 debuerat
3235 4550 3417 4603 saltem
3459 4548 3628 4604 decem

357 4646 596 4702 omnium
626 4644 914 4716 proliceret
941 4644 1200 4714 quidquid
1228 4644 1423 4712 singuli
1453 4643 1823 4714 pertulissent.
1858 4643 1944 4698 Si-

354 4747 445 4796 cut
474 4741 636 4794 etiam
666 4747 722 4793 et
752 4738 880 4793 illud
908 4737 1026 4802 fuit,
1059 4753 1182 4792 cum
1214 4737 1350 4794 Abiu
1377 4746 1433 4793 et
1452 4737 1661 4804 Nadab,
1684 4738 1941 4795 sacerdo-

357 4832 478 4886 talis
533 4831 808 4899 sanguinis
863 4831 986 4895 viri,
1027 4829 1234 4886 scelesti
1288 4831 1410 4900 igne
1458 4830 1761 4901 consumpti
1821 4840 1946 4887 sunt

353 4921 540 4996 (Num.
574 4939 732 4988 xxvn;
780 4921 944 4976 Leuit.
980 4939 1046 4987 x;
1095 4920 1138 4975 II
1177 4921 1362 4976 Paral.
1410 4923 1591 4992 xxxv);
1648 4921 1700 4976 in
1745 4922 1945 4992 quibus
1992 4981 1995 4984 ἠ

350 5015 537 5082 utique
564 5029 674 5069 non
713 5011 979 5082 iudicium
1008 5021 1238 5081 tantum,
1272 5012 1366 5069 sed
1395 5028 1633 5083 praesens
1675 5014 1816 5070 Deus
1845 5027 1937 5069 os-

314 5103 576 5180 tandem
627 5103 798 5160 voluit
852 5106 1278 5176 impendensque
1323 5103 1602 5174 iudicium.
1656 5105 1746 5162 Sic
1793 5107 1938 5162 enim

313 5183 320 5204 ²
343 5199 612 5268 scriptum
649 5204 733 5252 est
757 5198 905 5268 quod
927 5215 1053 5254 cum
1079 5212 1329 5268 egressus
1356 5197 1493 5268 ignis
1523 5213 1554 5252 a
1583 5197 1814 5254 Domino
1841 5199 1938 5254 de-

343 5297 594 5347 vorasset
616 5290 992 5348 holocaustum
1024 5289 1214 5363 (Leuit.
1237 5307 1312 5358 ιι,
1342 5290 1457 5362 24),
1490 5293 1710 5362 arreptis
1740 5288 1932 5347 Nadab

2047 4647 2244 4701 dierum
2273 4644 2458 4700 rubore
2495 4635 2760 4712 διηγωηάἰῖ
2789 4634 3071 4713 Separetur
3099 4651 3292 4712 septem
3331 4640 3508 4696 diebus
3535 4660 3632 4697 ea:-

2044 4749 2127 4794 trs
2167 4748 2360 4806 castra,
2406 4744 2456 4792 et
2491 4744 2672 4807 postea
2711 4732 3031 4788 revocabitur
3061 4732 3254 4805 (Num.
3301 4749 3406 4800 xu,
3444 4733 3627 4805 8-H).

2045 4821 2326 4884 Sufficiam
2367 4827 2530 4895 igitur
2556 4825 2624 4882 de
2665 4825 2772 4880 hoc
2799 4839 2995 4895 genere
3033 4823 3313 4881 divisionis
3341 4833 3396 4880 et
3422 4824 3489 4878 de
3530 4825 3633 4879 hac

2045 4928 2201 4990 parte
2227 4918 2491 4974 sermonis
2517 4917 2621 4971 ista
2648 4931 2768 4986 qua:
2797 4916 3044 4971 diximus.
3078 4914 3347 4970 inﬁnitum
3375 4913 3518 4967 enim
3548 4921 3631 4965 est

2047 5011 2114 5066 de
2143 5009 2390 5065 omnibus
2418 5007 2712 5078 disputare,
2738 5022 2858 5076 quae
2901 5007 3059 5061 nimis
3102 5007 3317 5075 longum
3346 5009 3427 5055 est
3466 5001 3628 5055 etiam

2045 5103 2163 5170 sine
2191 5101 2556 5171 disputatione
2577 5115 2881 5157 numerare.
2907 5098 3014 5154 Sed
3034 5096 3207 5152 adhuc
3225 5100 3405 5148 tamen
3425 5090 3630 5163 aliquid

2045 5193 2325 5253 addamus.
3678 5186 3686 5228 τ

2111 5285 2226 5343 Xll.
2265 5285 2498 5344 Paenitet
2536 5293 2751 5356 gentem
2781 5281 3128 5339 Han-acorum
3164 5275 3234 5335 de
3273 5271 3512 5353 Egypto
3542 5295 3629 5340 re-
3695 5325 3700 5330 .

1554 5414 1890 5486 STEPHANI
1928 5427 2196 5516 canum
2233 5409 2463 5485 Nm.

421 5551 450 5580 ι
485 5538 648 5608 ιηίη,
679 5555 804 5612 pag.
836 5537 904 5595 27
936 5558 948 5594 :
983 5538 1053 5594 Ut
1072 5524 1350 5612 proﬁceret
1373 5548 1672 5612 cunctorum
1697 5540 1941 5612 M49-

2047 5549 2230 5593 com
2257 5537 2488 5607 ang-to-
2529 5529 2752 5607 ασίέίωισ
2787 5527 3021 5607 publica-
3040 5531 3341 5607 νερρωεωτ
3413 5529 3632 5607 «uano

342 5613 476 5684 uani
520 5599 929 5684 manuum
955 5599 1246 5684 noxiorum.
1289 5609 1357 5666 Et
1398 5611 1500 5684 lib.
1522 5626 1623 5676 vn,
1651 5625 1776 5684 pag.
1806 5608 1928 5676 156,
2037 5599 2504 5684 scilicetdeeimus
2525 5599 2906 5684 quisquenfusti
2926 5599 3114 5684 feritur
3139 5603 3196 5658 in
3213 5599 3476 5661 exercitu.
3497 5600 3637 5658 Vide

343 5690 403 5754 [ᾳ
421 5680 544 5754 dum
566 5699 692 5754 pars
718 5681 1126 5754 cladecteditur,
1157 5699 1280 5754 pars
1299 5680 1532 5754 exemplo
1552 5680 1926 5754 emendantur.

339 5747 588 5821 MU;
615 5753 713 5810 lib.
737 5767 830 5810 ιη
851 5747 1182 5811 Annalium:
1213 5747 1464 5824 Παρθιωή
1483 5753 1774 5820 exemplum
1795 5750 1936 5818 quod

2040 5677 2455 5736 Rittershusium
2475 5671 2544 5728 ad
2563 5672 2726 5728 istum
2754 5671 2994 5730 Salviani
3017 5671 3219 5733 locum.

3421 5770 3454 5779 ..κ
