4234 6262
642 345 708 426 '47
1633 343 1691 425 ε..
1731 354 2048 428 SALVIANI
2085 369 2549 428 MASSILIENSIS
2586 371 3033 436 PRESBYTERL
3785 455 3790 458 _
3824 365 3892 430 4'8

637 481 864 538 cessisse
889 475 1086 551 (Exod.
1111 477 1242 548 xw),
1271 478 1597 548 percutitur;
1619 479 1768 534 dolet
1792 479 1987 534 deinde
2014 481 2225 549 fatigari
2251 486 2306 545 Α
2331 489 2444 538 tum
2500 481 2728 538 interfici
2758 483 2899 536 Deus
2939 478 3146 550 voluit,
3175 477 3262 536 hic
3298 485 3669 544 tantummodo
3698 485 3907 560 portio-

630 590 693 631 se
720 569 1160 653 labore.itineris,
1186 569 1464 639 affligitur;
1495 586 1686 626 carnes
1713 572 2003 639 desiderat,
2036 572 2224 627 verbe-

628 676 801 724 ratur.
833 665 902 721 Et
929 666 1055 736 quia
1091 665 1332 736 quotidie
1360 679 1612 719 mannam
1641 666 1807 731 edens
1835 666 2054 736 explere
2083 666 2220 722 inle-

626 760 806 816 cebris
835 759 984 830 cupit
1010 760 1213 814 ventris
1242 757 1548 828 ingluviem,
1599 763 1785 827 optata
1813 757 2030 827 quidem
2071 758 2221 829 cupi-

623 853 794 908 ditate
827 860 1098 908 saturatur
1120 893 1135 920 ,
1178 851 1270 908 sed
1323 851 1377 906 in
1426 850 1538 920 ipsa
1583 857 1764 910 tamen
1792 851 2074 906 saturitate
2102 860 2204 906 tor-

623 952 842 1015 quetur.
883 946 1064 1000 Adhuc
1111 947 1283 1008 enim,
1326 943 1500 1011 inquit
1528 943 1803 1013 Scriptura
1823 985 1838 1010 ,
1869 960 1985 998 esca
2023 954 2133 998 erat
2161 945 2215 996 in

620 1055 713 1092 ore
739 1041 986 1110 ipsorum,
1019 1046 1068 1089 et
1094 1038 1174 1089 ira
1201 1034 1292 1087 Dei
1315 1034 1546 1088 ascendit
1574 1035 1628 1087 in
1657 1052 1762 1088 eos.
1797 1034 1866 1089 Et
1887 1036 2073 1089 occidit
2100 1037 2217 1105 plu-

619 1131 783 1184 rimos
810 1144 1006 1189 eorum,
1039 1135 1089 1178 et
1115 1126 1301 1179 electos
1330 1124 1500 1179 Israel
1527 1127 1791 1197 impedivit
1814 1126 1985 1198 (Psal.
2013 1145 2209 1193 Lxxvn,

620 1223 708 1289 30,
754 1221 866 1289 51).
919 1219 996 1286 0g
1045 1227 1233 1273 contra
1278 1218 1499 1290 Moysen
1543 1219 1806 1283 rebellat,
1857 1220 2214 1288 exstinguitur

619 1313 797 1386 (Deut.
826 1311 923 1381 ιιι).
949 1309 1089 1364 Core
1110 1310 1458 1373 conviciatur,
1483 1309 1981 1364 obruitur.-Datlian
2011 1318 2064 1364 et
2093 1309 2214 1364 Abi-

613 1419 717 1458 ron
749 1411 1116 1465 murmurant,
1151 1402 1478 1456 devorantur
1526 1401 1712 1470 (Num.
1749 1401 1886 1472 xvr).
1911 1402 2106 1472 Aperta
2134 1412 2211 1456 est

611 1497 772 1560 enim,
797 1496 987 1564 inquit,
1013 1505 1169 1560 terra,
1201 1504 1251 1548 et
1281 1495 1545 1566 deglutivit
1566 1495 1864 1561 Dat/ian,et
1892 1496 2092 1567 operuit
2119 1512 2207 1566 sy-

612 1605 873 1660 nagogam
919 1587 1114 1642 Abiron
1148 1588 1320 1658 (Psal.
1355 1604 1439 1654 cv,
1474 1587 1584 1658 l7).
1633 1588 1860 1642 Ducenti
1899 1602 2114 1657 quoque
2155 1594 2210 1641 et

611 1681 1019 1750 quinquaginta,
1053 1688 1113 1734 ut
1143 1696 1296 1735 sacer
1324 1695 1503 1734 sermo
1534 1687 1784 1744 testatur,
1813 1679 2084 1749 principes
2107 1678 2208 1732 viri

609 1772 703 1842 qui
728 1780 972 1842 tempore
996 1772 1208 1826 concilii
1232 1788 1327 1842 per
1349 1771 1932 1836 nominavocabantur,
1951 1786 2205 1826 surrexe-

2328 577 2488 630 nem?
2516 573 2732 630 Scilicet
2759 576 2883 645 quia
2913 575 3104 645 plenus
3131 583 3186 629 et
3225 583 3251 611 ι
3275 573 3498 642 iustitia:
3527 588 3582 634 et
3610 581 3909 638 misericor-

2323 668 2425 722 dia:
2454 669 2731 732 Dominus,
2758 676 2814 723 et
2851 667 3039 738 pietati
3077 683 3188 732 sua:
3212 668 3379 723 multa
3409 669 3576 725 donat
3605 687 3700 741 per
3730 672 3908 727 indul-

2321 760 2598 829 gentiam,
2637 768 2692 814 et
2731 759 2758 798 δ
2795 759 3083 814 severitate
3112 759 3266 829 punit
3312 775 3410 830 per
3455 761 3808 832 disciplinam.
3843 762 3909 818 Et

2321 851 2444 907 ideo
2473 851 2546 906 ibi
2575 851 2823 922 przestitit
2851 851 3162 921 disciplinae,
3195 861 3254 905 ut
3282 852 3567 922 proliceret
3588 863 3918 910 cunctorum

2319 942 2680 998 emendationi
2711 958 2926 1013 pmnam
2955 943 3192 997 omnium
3233 943 3547 1009 noxiorum;
3599 944 3686 1000 hic
3725 953 3912 1000 autem

2319 1037 2702 1092 misericordia:
2747 1053 2857 1091 suac
2889 1037 3093 1100 tribuit,
3139 1054 3207 1092 ne
3234 1037 3518 1091 universus
3547 1038 3774 1106 populus
3811 1039 3914 1094 de-

2317 1127 2537 1197 periret.
2563 1126 2631 1180 Et
2653 1136 2830 1182 tamen
2851 1143 2974 1182 cum
2998 1136 3107 1181 tam
3129 1127 3545 1182 misericorditer
3566 1129 3753 1196 egerit,
3777 1130 3907 1198 quia

2317 1219 2373 1272 in
2401 1226 2553 1288 parte
2578 1220 2751 1290 plebis
2780 1221 3058 1289 castigatio
3095 1221 3254 1276 toties
3281 1222 3508 1290 repetita
3546 1237 3651 1275 non
3681 1209 3904 1291 profuit,

2315 1311 2383 1364 ad
2413 1311 2656 1365 ultimum
2695 1327 2882 1367 omnes
2909 1320 3083 1367 morte
3123 1313 3416 1368 damnavit.
3463 1312 3591 1380 Qua:
3619 1329 3707 1369 res
3753 1323 3808 1368 et
3837 1317 3907 1369 ti-

2314 1403 2453 1458 mori
2482 1412 2537 1458 et
2565 1403 2928 1459 emendationi
2957 1412 3154 1459 nostra:
3182 1405 3341 1460 simul
3367 1405 3632 1476 prolicere
3659 1397 3904 1472 deberet,

2313 1494 2522 1549 scilicet
2551 1509 2616 1548 ne
2644 1494 2737 1564 qui
2766 1495 2982 1550 illorum
3024 1497 3274 1566 exemplo
3301 1497 3515 1566 penitus
3543 1512 3652 1550 non
3679 1496 3905 1565 corrigi-

2313 1600 2453 1651 mur,
2485 1585 2698 1639 illorum
2725 1585 2953 1640 fortasse
2983 1586 3130 1640 exitu
3153 1587 3458 1656 puniamur.
3493 1586 3611 1641 Non
3640 1587 3781 1641 enim
3803 1587 3903 1641 du-

2313 1673 2460 1729 bium
2483 1683 2563 1730 est
2591 1675 2719 1744 quid
2741 1684 2921 1730 actum
2939 1675 3007 1730 de
3035 1677 3114 1732 eis
3142 1676 3322 1731 fuerit.
3353 1676 3488 1730 Nam
3509 1692 3632 1732 cum
3653 1676 3900 1731 universa

2313 1783 2445 1836 gens
2475 1767 2822 1822 Hebraeorum
2869 1767 2938 1822 ad
2966 1769 3070 1823 hoc
3109 1767 3179 1823 de
3209 1768 3443 1840 Egypto
3473 1768 3666 1823 exierit
3709 1779 3762 1822 ut
3794 1775 3900 1822 ter-

607 1874 737 1920 runt
764 1873 952 1920 contra
994 1864 1216 1935 Moysen
1249 1882 1261 1916 :
1295 1864 1521 1936 Cumque
1557 1865 1818 1918 stetissent
1845 1873 2027 1918 contra
2053 1863 2206 1934 Moy-
2239 1858 2288 1918 B
2313 1876 2428 1914 ram
2477 1859 2907 1929 repromissionis
2954 1860 3219 1923 intraret,
3270 1869 3467 1930 praeter
3512 1860 3648 1915 duos
3694 1868 3898 1915 tantum

614 1967 787 2011 senet
831 1960 1029 2020 Aaron,
1063 1958 1354 2012 dixerunt:
1390 1957 1626 2027 Sufficiat
1667 1957 1828 2021 vobis,
1873 1958 1995 2028 quia
2037 1958 2203 2010 omnis

608 2049 883 2104 multitudo
913 2058 1211 2103 sanctorum
1238 2058 1334 2114 est,
1365 2057 1414 2101 et
1449 2049 1503 2100 in
1531 2049 1657 2118 ipsis
1691 2057 1766 2102 est
1794 2047 2067 2101 Dominus.
2101 2047 2206 2100 Cur

607 2141 880 2196 elevamini
924 2157 1078 2211 super
1111 2141 1356 2211 populum
1387 2138 1600 2194 Domini
1629 2138 1818 2210 (Num.
1862 2157 1948 2194 xvr
1969 2180 1984 2204 ,
2014 2140 2108 2210 3)?
2140 2138 2207 2193 Et

605 2233 734 2302 quid
776 2240 900 2302 post
927 2231 1074 2286 haec?
1107 2229 1276 2302 Ignis,
1307 2231 1502 2299 inquit,
1546 2248 1778 2302 egressus
1808 2249 1840 2283 a
1869 2231 2095 2285 Domino
2124 2233 2206 2284 in—

603 2323 809 2394 terfecit
839 2321 1082 2375 ducentos
1107 2322 1482 2392 quinquaginta
1511 2323 1645 2374 viros
1682 2321 1767 2391 qui
1797 2319 2084 2388 offerebant
2119 2321 2171 2372 in
2193 2349 2204 2358 -

602 2431 814 2468 censum
843 2411 1029 2484 (Ibid.,
1064 2409 1176 2482 55).
1219 2414 1322 2484 27
1353 2411 1459 2467 Sed
1488 2429 1608 2467 cum
1641 2413 1755 2467 tunc
1796 2420 1944 2466 tanta
1977 2411 2168 2467 fierent
2188 2451 2202 2476 ,

603 2506 842 2562 caelestis
854 2522 982 2560 cura
997 2521 1105 2560 non
1121 2504 1340 2573 profuit.
1360 2504 1611 2559 Adhibita
1626 2513 1709 2559 est
1729 2503 2022 2573 saepissime
2051 2519 2208 2559 coer-

601 2597 755 2661 citio,
787 2600 881 2651 sed
911 2594 1218 2650 emendatio
1248 2611 1356 2650 non
1379 2603 1462 2650 est
1489 2602 1695 2650 secuta.
1728 2594 1880 2649 Sicut
1910 2597 2054 2650 enim
2084 2612 2202 2660 nos,

599 2704 730 2743 cum
772 2688 1108 2755 llagellamur
1136 2686 1350 2742 assidue
1373 2731 1387 2754 ,
1422 2703 1531 2742 non
1572 2688 1913 2756 corrigimur,
1945 2688 2018 2741 ita
2049 2697 2104 2742 et
2132 2688 2207 2741 illi

601 2795 733 2834 cum
762 2779 1099 2833 casderentur
1118 2778 1432 2847 saepissime,
1468 2793 1574 2831 non
1596 2776 2042 2832 emendabantur.
2070 2776 2208 2843 Quid

601 2871 753 2922 enim
783 2871 1041 2938 scriptum
1071 2870 1189 2923 est?
1232 2869 1577 2923 Murmuravit
1615 2877 1787 2922 autem
1825 2871 1992 2922 omnis
2033 2869 2228 2923 multi-‘

603 2961 732 3013 ludo
754 2960 983 3029 ﬁliorum
1017 2960 1184 3014 i'srael
1207 2965 1436 3034 sequenti
1468 2963 1551 3016 die
1577 2973 1758 3017 contra
1789 2962 2006 3035 Moysen
2027 2973 2076 3016 et
2104 2964 2209 3015 Aa-

601 3066 721 3117 ron,
755 3052 929 3106 dicens
959 3069 976 3106 :
1008 3052 1112 3107 Vos
1140 3056 1474 3126 interfecistis
1503 3057 1750 3126 papulum
1779 3055 1993 3111 Domini
2019 3055 2206 3125 (Num.

603 3154 719 3206 xw,
751 3141 863 3210 ll).
892 3142 958 3196 Et
986 3144 1111 3211 quid
1134 3147 1364 3212 postea?
1387 3144 1646 3200 Percussa
1675 3153 1802 3199 sunt
1829 3148 2010 3200 statim
2040 3154 2094 3199 et
2122 3147 2206 3200 di-

2311 1961 2531 2010 sanctos
2561 1954 2737 2008 nullus
2765 1953 3001 2007 intravit.
3036 1953 3126 2008 Sic
3154 1953 3298 2007 enim
3330 1954 3590 2023 scriptum
3631 1961 3715 2007 est
3747 1971 3760 2006 :
3798 1950 3898 2006 Lo«

2311 2055 2455 2098 cutus
2485 2053 2560 2098 est
2603 2044 2854 2098 Dominus
2885 2044 2955 2097 ad
2982 2042 3199 2115 Moysen
3228 2054 3278 2098 et
3304 2045 3501 2110 Aaron,
3536 2045 3708 2099 dicens
3740 2061 3758 2097 :
3792 2043 3895 2098 Us-

2312 2152 2506 2206 quequo
2541 2134 2814 2189 multitudo
2854 2135 2963 2188 haec
2988 2136 3211 2205 pessima
3239 2143 3527 2188 murmurat
3565 2143 3745 2188 contra
3774 2134 3898 2186 me?

2321 2227 2446 2282 Vivo
2466 2244 2579 2300 ego,
2604 2228 2678 2280 ait
2704 2226 2995 2281 Dominus:
3013 2228 3144 2280 sicut
3165 2227 3319 2281 locuti
3341 2228 3464 2280 estis
3485 2235 3607 2280 ante
3626 2242 3707 2279 me
3726 2225 3894 2288 hodie,

2312 2321 2386 2374 sic
2416 2321 2607 2391 faciam
2636 2317 2794 2373 vobis.
2830 2321 2937 2388 28
2960 2317 3024 2371 In
3055 2318 3334 2372 solitudine
3354 2318 3451 2370 huc
3470 2317 3715 2389 jacebunt
3740 2316 3899 2370 cada-

2311 2431 2430 2468 vera
2452 2424 2617 2467 vestra
2650 2411 2834 2482 (Num.
2869 2427 2975 2475 xxv,
3007 2410 3094 2477 26,
3127 2410 3238 2482 29).
3263 2410 3332 2466 Ει
3359 2411 3486 2481 quid
3514 2412 3738 2481 postea?
3767 2409 3900 2464 Par-

2312 2507 2473 2569 vulos,
2523 2505 2725 2573 inquit,
2769 2514 2964 2558 vestros
2994 2504 3057 2558 de
3088 2502 3270 2575 quibus
3313 2503 3519 2557 dixistis
3547 2502 3682 2574 quod
3711 2500 3898 2572 praeda

2313 2596 2540 2650 hostibus
2574 2596 2759 2666 forent,
2791 2593 3118 2647 introducam
3145 2603 3201 2646 ut
3221 2593 3426 2647 videant
3459 2603 3649 2646 terram
3675 2606 3789 2662 qua:
3817 2608 3897 2645 vo-

2315 2692 2389 2746 bis
2419 2692 2700 2761 displicuit.
2754 2689 2938 2743 Vestra
2979 2688 3234 2742 cadavera
3269 2686 3513 2758 jacebunt
3542 2687 3596 2740 in
3624 2685 3900 2740 solitudine

2315 2782 2502 2856 (Ibid.,
2535 2781 2620 2846 5i,
2654 2781 2765 2849 52).
2789 2779 2855 2834 Ει
2883 2778 3012 2848 quid
3039 2777 3272 2834 deinde?
3301 2775 3513 2841 Omnes,
3545 2776 3734 2844 inquit,
3760 2792 3899 2830 mor-

2315 2880 2388 2932 tui
2416 2886 2535 2931 sunt
2584 2884 2735 2948 atque
2774 2874 3004 2945 percussi
3031 2873 3086 2925 in
3125 2879 3397 2940 conspectu
3443 2867 3655 2922 Domini
3701 2865 3901 2937 (lbid.,

2317 2969 2384 3023 56
2403 3008 2416 3030 ,
2451 2968 2564 3038 57).
2596 2965 2735 3032 Quid
2765 2972 2847 3020 est
2873 2963 3019 3034 quod
3049 2963 3103 3017 in
3131 2963 3214 3017 bis
3256 2961 3504 3017 omnibus
3533 2975 3639 3014 non
3667 2959 3772 3013 sit?
3813 2955 3902 3014 Vis

2312 3057 2498 3111 videre
2527 3057 2828 3110 rectorem?
2871 3053 3011 3110 Ecce
3039 3063 3095 3110 et
3122 3053 3406 3124 prmsentia
3436 3051 3693 3119 corrigit,
3737 3057 3792 3104 et
3819 3047 3902 3102 fu~

2315 3156 2435 3201 tura
2465 3147 2720 3215 disponit.
2770 3158 2792 3184 ο
2824 3146 2917 3200 Vis
2945 3146 3129 3201 videre
3169 3161 3418 3202 severum
3454 3143 3729 3213 judicent?
3769 3140 3902 3197 Ecca

603 3235 738 3289 vino
767 3233 888 3301 igne
926 3242 1244 3301 consumpta
1273 3234 1681 3300 quatuordecim
1719 3236 1886 3289 millia
1927 3238 2207 3292 hominum
2235 3231 2282 3294 C
2314 3242 2507 3298 noxios
2534 3239 2706 3310 punit.
2732 3238 2824 3294 Vis
2853 3237 3037 3291 videre
3060 3238 3266 3304 justum
3285 3243 3340 3291 et
3368 3238 3552 3306 pium?
3581 3235 3720 3291 Ecce
3746 3235 3901 3290 inno-

609 3332 669 3379 et
696 3323 1038 3393 septingenti.
1083 3321 1216 3376 Cum
1247 3323 1421 3377 omnis
1461 3337 1590 3391 ergo
1621 3331 1750 3380 tunc
1790 3327 1977 3395 populi
2021 3329 2205 3382 multi-

606 3413 742 3468 tudo
771 3413 1095 3482 peccaverit,
1126 3428 1223 3468 cur
1250 3428 1356 3467 non
1383 3421 1466 3467 est
1489 3414 1542 3468 in
1572 3415 1821 3470 omnibus
1842 3417 2209 3476 vindicatum?

602 3506 910 3577 praesertim
965 3521 1086 3560 cum
1134 3521 1200 3560 ex
1242 3504 1332 3563 illa
1361 3520 1523 3574 quam
1571 3520 1736 3576 supra
1786 3507 1897 3563 dixi
1944 3509 2212 3568 seditione

573 3629 575 3631 ι
608 3593 750 3652 Core
779 3597 956 3653 nullus
976 3597 1225 3653 evaserit.
1248 3594 1357 3652 Cur
1379 3596 1452 3652 ibi
1473 3606 1727 3654 cunctum
1757 3611 2078 3672 peccantum
2101 3621 2212 3664 ca:-

683 3793 709 3855 f
749 3783 1011 3855 Qolbert.,
1036 3784 1242 3855 justitia
1270 3793 1320 3839 et
1341 3785 1717 3841 misericordia.

681 3852 1080 3930 {Editiones'z
1113 3855 1502 3930 Et_severitati_
1519 3874 1611 3930 per
1653 3857 2001 3930 disciplinam.
2023 3929 2028 3930 ί
2051 3860 2204 3915 Haud

605 3924 772 3979 dubie
794 3927 956 3995 lectio
980 3925 1070 3995 illa
1095 3926 1297 3995 optima
1336 3935 1439 3995 est.
1469 3924 1577 3995 Sed
1624 3939 1724 3992 ego
1767 3924 1992 3995 pnefero
2021 3929 2205 3984 lectio-

604 4010 736 4051 nem
789 3994 990 4064 codicis
1035 3993 1394 4064 gorbeiensis.
1449 3993 1784 4064 Augustinus
1827 3997 1879 4048 in
1939 3998 2200 4064 psalmum

606 4062 961 4114 centesimum
987 4078 996 4111 :
1026 4059 1165 4112 Deus
1195 4070 1362 4113 autem
1384 4077 1476 4114 nec
1498 4059 1552 4114 in
1580 4062 1806 4116 bonitate
1833 4059 2202 4123 misericordia

605 4130 781 4201 perdit
810 4129 995 4201 judicii
1035 4131 1374 4201 seueritatem,
1407 4147 1500 4201 nec
1524 4132 1578 4184 in
1603 4132 1892 4201 judicando
1921 4152 2034 4189 cum
2062 4155 2201 4191 seve-

605 4199 764 4251 ritate
792 4200 1006 4252 amitttit
1032 4200 1406 4255 misericordia:
1435 4199 1733 4257 bonitatem.

687 4279 707 4307 ε
748 4265 908 4347 Corb.
942 4277 999 4347 et
1039 4268 1302 4336 Colbert.,
1337 4273 1410 4347 vis
1449 4272 1618 4326 videre
1638 4274 1837 4344 justum
1876 4286 1926 4330 et
1965 4278 2108 4347 pium
2153 4289 2202 4333 et

608 4350 839 4410 severum
852 4340 1099 4410 judicem.
1151 4401 1159 4410 ε
1361 4344 1363 4348 ’

681 4407 706 4480 ξι
731 4401 962 4480 Explicit
984 4409 1070 4463 lib.
1087 4427 1122 4464 ι.
1142 4401 1219 4466 lta
1235 4412 1398 4466 editio
1419 4412 1634 4469 Pithuei.
1660 4413 1844 4473 Codex
1856 4417 2198 4476 Corbeiensis

607 4477 801 4532 habet:
821 4477 1212 4556 Explicitjiber
1240 4481 1270 4535 Ι
1291 4499 1406 4536 cum
1431 4485 1705 4554 facilitate.
1732 4485 1941 4543 Titulus
1961 4505 2091 4544 vero
2119 4506 2199 4544 se-

2315 3332 2561 3388 centibus
2611 3330 2803 3400 parcit.
2854 3327 2946 3382 Vis
2999 3327 3184 3382 videre
3249 3327 3304 3380 in
3333 3327 3582 3382 omnibus
3626 3327 3900 3397 judicem‘!

2313 3424 2454 3480 Ecce
2483 3423 2680 3490 ubique
2703 3420 2963 3490 judicium
2985 3427 3085 3476 est.
3113 3418 3248 3474 Nam
3275 3426 3331 3473 et
3359 3425 3419 3473 ut
3439 3418 3605 3488 judex
3633 3418 3826 3488 arguit,
3850 3426 3900 3473 et

2313 3526 2373 3574 ut
2413 3515 2583 3585 judex
2641 3514 2797 3582 regit.
2851 3510 3022 3568 Judex
3078 3511 3280 3583 promit
3325 3512 3650 3568 sententiam
3676 3551 3690 3575 ,
3738 3510 3898 3580 judex

2315 3609 2510 3666 noxios
2537 3605 2773 3677 perimit,
2800 3603 2966 3673 judex
2995 3603 3248 3660 innoxios
3275 3611 3592 3659 muneratur
3613 3600 3660 3656 ἀ.

2347 3790 2522 3847 uentis
2535 3787 2658 3843 libri
2677 3787 2722 3841 is
2741 3792 2823 3842 est
2839 3803 2851 3839 :
2869 3783 3063 3855 Incipit
3077 3784 3207 3855 liber
3228 3782 3479 3838 secundus
3503 3784 3558 3836 in
3581 3784 3765 3855 virtute
3780 3783 3897 3838 Dei.

2309 3852 2434 3916 llmc
2456 3860 2746 3913 admonere
2771 3852 3014 3910 fortassis
3039 3853 3237 3908 nullius
3257 3861 3374 3908 erat
3392 3853 3670 3907 momenti.
3701 3852 3897 3908 Verum

2309 3946 2374 3985 ex
2407 3929 2729 3996 antiquitate
2770 3939 3013 3979 amamus
3040 3925 3204 3978 etiam
3227 3922 3542 3994 quisquilias
3569 3933 3623 3976 et
3662 3938 3896 3996 semesos

2308 3993 2555 4069 lapidesf
2568 3996 2830 4069 Solebant
2848 4065 2855 4069 _
2862 4004 3097 4069 veteres,
3124 4001 3183 4046 ut
3211 3993 3527 4069 annotatum
3536 4001 3650 4069 "est
3665 4010 3739 4069 ua
3753 3993 3895 4069 'viris

2310 4061 2716 4130 eruditissimis,
2757 4067 2810 4120 in
2841 4065 2945 4120 line
2974 4064 3234 4120 librorum
3263 4061 3802 4135 scribereExplicit;
3832 4064 3895 4135 si-

2307 4139 2562 4206 gnificare
2594 4137 2834 4206 volentes
2879 4143 3197 4206 perventum
3240 4148 3358 4188 esse
3387 4132 3454 4186 ad
3485 4131 3643 4206 linem
3671 4133 3894 4206 volumi-

2305 4202 2406 4274 nis,
2440 4209 2585 4279 quod
2615 4202 3119 4279 planeexplicatum
3141 4213 3286 4279 esset
3308 4204 3681 4279 et_evolutum.
3708 4202 3895 4279 Hiero-

2305 4272 2497 4351 nymus
2524 4281 2578 4334 in
2607 4272 2833 4351 epistola
2861 4272 2943 4351 ad,
2966 4275 3274 4351 Marcellam
3294 4293 3317 4351 _:
3339 4274 3586 4351 Solemus
3624 4272 3893 4351 completis

2304 4346 2564 4422 opusculis
2601 4346 2670 4403 ad
2715 4349 3097 4403 distinctionem
3126 4349 3199 4400 rei
3222 4346 3228 4350 ”
3251 4346 3460 4400 alterius
3499 4346 3891 4422 sequentisme-l-

2304 4369 2334 4406 ο
2406 4369 2564 4406 scutis
2601 4369 2668 4403 aa
2715 4369 3097 4403 atsuncuonem
3126 4369 3199 4400 νει
3251 4369 3460 4400 ahenus
3499 4369 3752 4411 aequaeuo
3782 4369 3891 4393 ruc-

2303 4369 2444 4476 d’i):m
2487 4423 2814 4492 interponere
2841 4435 3086 4476 exrucrr
3116 4426 3205 4470 aut
3244 4429 3526 4470 FELICITER
3564 4419 3650 4464 aut
3697 4409 3891 4482 aliquid

2303 4493 2576 4561 ejusmodi.

616 4633 3860 4668 Μ

553 4921 580 5099 l

1534 4753 2011 4864 LIBER
2090 4695 2379 4866 SEO
2397 4757 2714 4865 ΠΜ)
2736 4755 2963 4864 U‘S.

681 5087 861 5166 281.
893 5085 1176 5146 Sufﬁciunt
1203 5084 1365 5156 igitur
1392 5086 1460 5142 de
1487 5087 1746 5159 exemplis
1784 5090 1885 5145 ista
1913 5106 2031 5160 qua:
2059 5091 2198 5147 dixi—
2228 5093 2276 5153 D
2302 5091 2587 5163 pondeam.
2626 5094 2778 5151 Nunc
2805 5096 2931 5166 quia
2971 5096 3075 5150 tria
3111 5097 3226 5149 haec
3246 5134 3262 5160 ,
3293 5092 3348 5148 id
3386 5101 3469 5148 est
3490 5133 3505 5161 ,
3551 5095 3887 5166 praesentiam

610 5165 769 5244 mus;‘
792 5179 984 5248 quibus
1023 5180 1205 5249 utique
1249 5178 1449 5250 jugiter
1477 5179 1619 5235 Deus
1646 5190 1831 5244 noster
1859 5191 1914 5237 et
1955 5171 2195 5239 contem-

608 5269 790 5336 plator
815 5271 1246 5336 sollicitissimus,
1278 5278 1333 5327 et
1355 5271 1683 5339 gubernator
1705 5272 1993 5341 piissimus,
2031 5282 2086 5328 et
2107 5275 2195 5342 ju-

609 5351 713 5413 dex
739 5360 1064 5428 justissimus
1092 5365 1494 5435 comprobatur.
1520 5361 1626 5419 Sed
1655 5365 1857 5432 cogitat
1884 5365 1952 5419 de
1980 5365 2196 5435 imperi-

611 5451 836 5506 tioribus
851 5451 988 5507 forte
1010 5455 1200 5524 aliquis
1221 5475 1233 5509 :
1254 5456 1311 5510 Si
1331 5458 1409 5512 sic
1428 5464 1656 5526 aguntur
1677 5470 1815 5509 nunc
1832 5470 1862 5509 a
1885 5455 1996 5510 Deo
2015 5459 2193 5511 omnia

612 5551 674 5597 ut
695 5551 822 5597 tunc
847 5551 965 5597 acta
993 5554 1137 5611 sunt,
1160 5547 1288 5614 quid
1307 5558 1390 5603 est
1416 5547 1561 5619 quod
1575 5548 1699 5602 mali
1723 5547 2031 5618 praevalent,
2053 5546 2192 5602 afﬂi-

610 5642 808 5703 guntur
834 5633 984 5699 boni,
1010 5643 1066 5689 et
1093 5651 1213 5690 cum
1242 5644 1371 5693 tunc
1391 5639 1526 5694 iram
1550 5642 1675 5695 mali
1703 5641 1988 5705 senserint,
2012 5649 2067 5694 et
2097 5642 2195 5695 mi-

609 5725 959 5782 sericordiam
978 5727 1127 5794 boni,
1152 5743 1293 5783 nunc
1312 5731 1563 5786 videntur
1582 5735 1782 5789 sentire
1797 5733 2193 5803 quodammodo

608 5815 742 5876 boni
766 5819 903 5878 iram
940 5828 996 5876 et
1021 5818 1149 5876 mali
1191 5821 1458 5892 gratiam?
1497 5821 1666 5881 Paule
1694 5834 1818 5895 post
1845 5824 1912 5881 ad
1953 5826 2055 5883 ista
2084 5840 2197 5881 res-

2305 5181 2431 5249 Dei,
2477 5185 2922 5255 gubernationem
2957 5192 3118 5255 atque
3141 5183 3440 5261 judicium,
3479 5186 3650 5242 tribus
3691 5189 3773 5241 his
3800 5202 3885 5240 me

2303 5276 2653 5345 probaturum
2681 5291 2800 5332 esse
2828 5275 3072 5346 promisi,
3104 5275 3208 5330 hoc
3237 5283 3336 5342 est,
3375 5277 3602 5342 ratione,
3625 5275 3884 5345 exemplis

2303 5383 2367 5421 ac
2398 5369 2736 5436 testimoniis,
2769 5369 2894 5437 quia
2934 5367 3146 5424 ratione
3175 5377 3230 5425 et
3257 5371 3518 5440 exemplis
3538 5369 3648 5437 jam
3679 5366 3884 5421 satisfc~

2303 5459 2490 5522 cimus,
2513 5467 2756 5529 superest
2773 5468 2830 5513 ut
2850 5460 3170 5538 testimoniis
3189 5462 3551 5520 declaremus:
3578 5461 3684 5531 29
3704 5476 3885 5529 quam-

2303 5547 2385 5601 vis
2421 5550 2665 5618 exempla
2697 5550 2810 5619 ipsa
2838 5565 2958 5619 qua:
2985 5552 3246 5620 diximus,
3278 5552 3460 5608 haberi
3510 5567 3608 5621 pro
3639 5552 3882 5605 testimo-

2304 5639 2406 5694 niis
2430 5639 2678 5707 debeant,
2705 5643 2829 5712 quia
2858 5653 3005 5700 recte
3032 5647 3397 5703 testimonium
3426 5660 3544 5701 esse
3563 5645 3757 5700 dicitur
3775 5655 3880 5709 quo

2304 5746 2482 5786 rerum
2513 5732 2707 5787 veritas
2735 5737 3084 5804 approbatur.
3122 5736 3258 5805 Quid
3289 5737 3448 5804 igitur
3477 5752 3543 5790 ex
3582 5735 3684 5788 illis
3716 5731 3880 5784 tribus

2304 5841 2423 5896 qua:
2462 5841 2621 5895 supra
2648 5827 2789 5886 dicta
2818 5839 2971 5897 sunt,
3010 5845 3108 5896 per
3137 5831 3442 5888 testimonia
3470 5843 3620 5885 sacra
3651 5826 3880 5892 primum

3292 5958 3467 5968 ...ιι-ρ.-
