4234 6250
1545 255 1576 263 α

330 349 403 406 s9
1467 338 1557 394 ne
1595 314 2134 396 GUBERNATIONE
2174 337 2285 392 DEI
2325 336 2450 392 LIB.
2493 337 2557 392 ιι.
3557 345 3629 402 50

331 439 557 535 probari
585 458 782 522 debet,
814 455 1114 528 praesentia,
1152 468 1220 507 an
1252 451 1594 522 gubernatio,
1625 468 1764 507 anne
1788 450 1931 520 judi-
1956 450 2010 512 Α
2038 459 2124 503 tur
2159 469 2170 502 :
2213 450 2395 504 Vultus
2436 461 2608 504 autem
2648 449 2859 506 Domini
2895 467 3049 524 super
3087 454 3333 525 facientes
3373 457 3537 522 mala,
3570 463 3634 511 ut

335 554 522 612 cium?
568 549 852 606 Prmsentia
875 589 890 614 ,
931 550 1125 620 opinor
1159 566 1170 600 :
1209 557 1236 585 ⁸
1274 549 1400 617 quia
1441 548 1534 616 qui
1565 548 1648 601 vel
1690 554 1936 601 recturus

337 654 426 703 est
452 645 540 701 vel
564 644 920 714 judicaturus,
942 658 1181 713 praesens
1202 645 1404 714 absque
1424 643 1586 698 dubio
1613 657 1728 697 esse
1751 641 1931 704 debet,

337 745 402 792 ut
429 737 515 791 vel
545 750 728 804 regere
767 734 1024 804 quidquid
1053 727 1184 790 illud
1215 743 1298 790 est
1342 735 1426 790 vel
1451 734 1696 804 judicare
1741 733 1930 803 possit.

339 826 592 896 Loquens
621 825 673 878 in
691 824 1055 879 voluminibus
1070 825 1182 880 suis
1197 841 1376 880 sermo
1391 823 1603 878 divinus
1618 825 1696 878 sic
1724 823 1799 878 ait
1826 841 1837 874 :
1867 820 1935 876 In

340 917 484 970 omni
512 914 622 968 loco
652 913 785 967 oculi
816 913 1030 968 Domini
1058 905 1476 986 contemplantur
1506 916 1667 970 bonos
1692 923 1743 968 et
1769 914 1936 968 malos

343 1007 523 1077 (Prov.
550 1021 634 1069 xv,
660 1004 740 1075 ὅ).
764 1003 906 1059 Ecce
925 1005 1092 1061 habes
1108 1014 1452 1076 praesentem,
1471 1021 1599 1062 ecce
1615 1007 1932 1070 intuentem,

340 1111 468 1151 ecce
494 1096 547 1149 in
578 1095 728 1149 omni
757 1095 878 1151 loco
908 1112 1036 1152 cura
1068 1113 1131 1152 ac
1157 1098 1468 1168 provisione
1488 1099 1816 1168 vigilantem.
1851 1097 1937 1164 ld-

342 1186 483 1240 circo
506 1186 654 1240 enim
681 1193 738 1240 et
763 1186 939 1242 bonos
966 1188 1034 1242 ab
1056 1203 1123 1243 eo
1144 1189 1473 1245 considerari
1503 1198 1559 1244 et
1584 1190 1755 1245 malos
1778 1188 1932 1256 dixit,

341 1285 399 1330 ut
425 1277 687 1348 probaret
716 1278 920 1333 scilicet
947 1280 1080 1334 nihil
1111 1281 1179 1334 ab
1209 1295 1276 1335 eo
1305 1281 1533 1350 negligi,
1567 1296 1726 1350 quem
1755 1289 1938 1336 osten-

337 1368 495 1423 deret
525 1369 778 1424 universa
808 1369 1013 1424 rimari.
1058 1369 1214 1438 Quod
1245 1379 1302 1426 ιιι
1332 1372 1541 1441 plenius
1570 1373 1751 1442 capias
1769 1412 1783 1436 ,
1814 1371 1938 1426 audi

333 1457 467 1528 quid
497 1458 551 1512 in
575 1459 683 1513 alio
703 1457 1103 1529 Scripturarum
1129 1461 1252 1517 loco
1282 1461 1423 1517 idem
1453 1471 1682 1518 testatur
1710 1461 1940 1533 Spiritus

335 1559 560 1606 sanctus
594 1569 606 1603 :
642 1547 829 1615 Oculi,
860 1553 1064 1622 inquit,
1094 1553 1309 1609 Domini
1347 1572 1502 1626 super
1541 1558 1771 1610 timentes
1799 1573 1936 1621 eum,

338 1651 398 1695 ut
428 1643 618 1713 eripiat
646 1660 678 1695 ιι
723 1652 887 1698 morte
916 1629 1120 1699 animas
1148 1663 1343 1713 eorum,
1376 1659 1426 1701 et
1454 1649 1566 1703 alat
1592 1666 1679 1704 eos
1706 1651 1760 1703 in
1804 1651 1942 1720 fame

347 1732 524 1804 (Psal.
576 1750 744 1800 xxxii,
779 1733 866 1800 18,
901 1734 1010 1806 19).
1055 1736 1192 1794 Ecce
1220 1755 1318 1794 cur
1356 1741 1599 1811 aspicere
1632 1742 1809 1811 iustos
1835 1743 1938 1799 ho—

343 1825 519 1880 mines
546 1825 689 1880 Deus
716 1825 943 1892 dicitur;
977 1829 1164 1899 utique
1195 1839 1253 1885 ut
1301 1842 1622 1899 conservet,
1667 1843 1724 1888 ut
1751 1843 1939 1904 prote-
1968 1833 2018 1892 Β

344 1925 459 1984 gat.
491 1917 520 1956 ι)
551 1919 814 1989 Aspectus
835 1920 980 1974 enim
1005 1921 1309 1978 Divinitatis
1338 1926 1601 1995 propitiae,
1628 1944 1822 1982 munus
1849 1935 1933 1983 est

341 2011 774 2065 conservationis
801 2011 1068 2067 humanas.
1118 2013 1251 2068 Nam
1283 2024 1338 2070 et
1378 2017 1504 2073 alibi
1554 2019 1692 2074 idem
1720 2019 1934 2078 divinus

340 2098 578 2170 Spiritus
608 2121 620 2154 :
647 2103 816 2167 Oculi,
849 2105 1039 2174 inquit,
1072 2106 1284 2162 Domini
1313 2127 1466 2181 super
1486 2113 1674 2183 justas,
1705 2123 1755 2168 et
1781 2132 1933 2169 aures

344 2193 460 2263 ejus
486 2195 541 2248 in
569 2213 741 2267 preces
766 2214 942 2252 eorum
973 2198 1147 2271 (Psal.
1182 2218 1367 2269 xxxut,
1403 2203 1510 2274 16).
1547 2206 1678 2261 Vide
1705 2223 1810 2276 qua
1839 2209 1934 2262 be-

345 2285 608 2355 nignitate
654 2301 813 2357 agere
841 2306 963 2345 cum
1009 2293 1122 2347 suis
1149 2292 1318 2349 Deum
1363 2293 1640 2366 Scriptura
1680 2299 1826 2354 dicit.
1874 2299 1933 2354 In

343 2377 447 2434 hoc
479 2379 743 2450 siquidem
791 2383 938 2452 quod
970 2385 1045 2438 ait
1075 2386 1260 2443 oculos
1307 2388 1522 2444 Domini
1571 2407 1733 2461 super
1756 2390 1933 2459 justos

343 2483 460 2525 esse
483 2511 498 2534 ,
545 2471 770 2527 affectus
807 2475 1115 2545 aspicientis
1154 2478 1490 2547 ostenditur;
1536 2482 1588 2536 in
1618 2483 1723 2538 hoc
1749 2491 1933 2538 autem

343 2561 486 2630 quod
516 2578 675 2619 aures
703 2565 756 2619 in
785 2568 1036 2636 precibus
1078 2579 1322 2638 paratas,
1353 2587 1567 2642 semper
1595 2574 1935 2645 exaudientis

343 2651 561 2722 largitas
587 2655 1008 2713 demonstratur.
1060 2660 1315 2726 Quamvis
1359 2679 1458 2733 per
1504 2663 1558 2718 id
1597 2665 1743 2733 quod
1771 2663 1928 2730 dicit,

343 2744 545 2801 divinas
573 2763 731 2803 aures
757 2749 811 2803 in
840 2751 1092 2820 precibus
1119 2767 1336 2822 semper
1365 2769 1484 2808 esse
1513 2755 1800 2822 iustorum,
1825 2774 1933 2813 non

339 2837 612 2893 audientis
644 2847 854 2894 tantum
883 2841 1001 2905 Dei,
1034 2842 1128 2896 sed
1168 2843 1411 2910 quasdam
1447 2846 1601 2913 quasi
1630 2847 1936 2902 obedientia

337 2927 433 2983 Dei
461 2928 800 2997 designetur.
832 2929 1117 2996 Quomodo
1145 2933 1288 2986 enim
1313 2933 1366 2986 in
1397 2934 1647 3003 precibus
1669 2935 1936 3005 justorum

336 3019 539 3073 divinae
561 3033 724 3072 aures
743 3021 908 3073 sunt?
930 3019 1232 3088 Quomodo,
1259 3023 1357 3076 nisi
1389 3033 1446 3077 ut
1465 3041 1678 3095 semper
1695 3029 1932 3098 audiant,

338 3109 445 3164 nisi
466 3117 530 3163 ιιι
557 3125 777 3180 semper
797 3111 1101 3178 exaudiant,
1135 3114 1234 3168 nisi
1265 3122 1322 3169 ut
1349 3127 1599 3188 prompte
1629 3121 1808 3176 audita
1840 3123 1934 3177 tri-

2042 541 2226 611 perdat
2267 542 2328 594 de
2371 553 2508 596 terra
2556 546 2857 598 memoriam
2902 562 3075 598 eorum
3115 545 3302 616 (Ibid.,
3353 547 3465 618 17).
3494 547 3633 605 Vide
3697 543 3706 548 ’

2041 633 2244 700 absque
2272 632 2435 686 dubio
2459 634 2582 700 quia
2615 649 2722 688 non
2742 642 2896 703 potes
2927 637 3077 704 queri
3105 637 3250 706 quod
3269 654 3376 692 non
3407 640 3631 709 aspiciat

2041 723 2203 777 etiam
2228 723 2458 792 injustos
2480 723 2638 789 Deus,
2663 725 2787 793 quia
2809 725 3062 794 intelligis
3082 727 3386 795 generalem
3412 729 3630 799 quidem

2041 831 2160 872 esse
2187 817 2240 870 in
2271 832 2462 872 omnes
2491 817 2701 871 Domini
2737 818 3021 883 visionem,
3045 819 3141 874 sed
3167 821 3484 876 meritorum
3514 820 3631 877 ﬁeri

2040 910 2453 981 disparilitatem
2496 908 2783 963 diversam.
2815 908 2948 963 Boni
2986 912 3185 981 quippe
3213 913 3544 983 aspiciuntur
3572 922 3630 967 ut

2041 1009 2448 1064 conserventur,
2477 999 2606 1052 mali
2633 1007 2692 1052 ut
2718 998 3094 1069 disperdantur
3119 1019 3130 1053 :
3155 1017 3273 1056 cum
3301 1004 3497 1072 quibus
3525 1005 3629 1058 uti-

2039 1108 2146 1162 que
2174 1100 2383 1163 partem
2409 1099 2465 1146 et
2493 1091 2610 1160 ipse
2640 1090 2865 1157 habens,
2896 1091 2990 1159 qui
3033 1092 3308 1148 hominem
3346 1110 3377 1148 a
3404 1095 3517 1150 Deo
3544 1111 3627 1150 asp

2039 1185 2148 1256 pici
2178 1198 2371 1252 negas,
2403 1198 2512 1238 non
2548 1183 2722 1238 solum
2748 1183 3003 1239 viderLte
3031 1201 3062 1238 a
3092 1184 3322 1239 Domino
3355 1187 3630 1244 evidenter

2041 1277 2301 1346 intellige,
2317 1275 2414 1330 sed
2434 1275 2736 1346 periturum
2757 1290 2975 1345 quoque
2995 1275 3360 1332 indubitanter
3379 1291 3628 1346 agnosce.

2042 1369 2178 1422 Nam
2200 1383 2323 1423 cum
2353 1367 2421 1422 ad
2449 1367 2552 1422 hoc
2580 1366 2651 1421 sit
2675 1367 2846 1420 uultus
2879 1364 2978 1420 Dei
3005 1383 3160 1438 super
3194 1369 3441 1438 facientes
3469 1369 3631 1436 mala,

2042 1471 2100 1514 ut
2126 1460 2311 1531 perdat
2331 1459 2396 1514 de
2423 1466 2564 1513 terra
2593 1469 2615 1498 ο
2651 1460 2956 1513 memoriam
2990 1475 3186 1524 eorum,
3217 1475 3439 1516 necesse
3467 1467 3631 1518 estut

2043 1551 2138 1621 qui
2165 1551 2410 1621 aspicere
2439 1550 2535 1605 Dei
2562 1550 2771 1604 vultum
2799 1565 2898 1620 per
2927 1549 3084 1605 ﬁdem
3113 1566 3297 1620 negas,
3325 1552 3633 1622 aspicientis

2045 1643 2181 1697 iram
2202 1641 2507 1712 perditione
2535 1655 2851 1710 cognoscas.
2884 1641 3050 1711 igitur
3069 1643 3137 1698 de
3167 1644 3455 1713 praesentia
3481 1659 3546 1700 ac
3565 1643 3632 1700 de

2047 1727 2284 1804 aspectu
2304 1732 2400 1788 Dei
2429 1733 2532 1788 ista
2561 1731 2852 1788 sufﬁciunt.

2423 1821 2512 1876 DE
2549 1821 3079 1879 GUBERNATIONE
3115 1823 3246 1879 DEI.

2108 1918 2172 1972 11.
2214 1917 2506 1973 Videamus
2533 1934 2676 1974 nunc
2709 1934 2777 1973 an
2801 1919 2893 1988 qui
2922 1920 3142 1992 respicit
3173 1930 3343 1992 regat,
3375 1937 3498 1979 cum
3525 1925 3631 1982 uti-

2035 2025 2142 2079 que
2166 2009 2282 2080 ipsa
2301 2009 2442 2064 ratio
2471 2009 2763 2077 aspiciendi
2791 2025 3008 2066 causam
3037 2013 3089 2068 in
3123 2028 3183 2069 se
3217 2015 3412 2070 habeat
3437 2017 3631 2085 guber~

2035 2102 2199 2158 nandi
2249 2120 2260 2154 :
2303 2102 2429 2171 quia
2482 2117 2590 2156 non
2620 2102 2689 2156 ad
2717 2103 2821 2158 hoc
2861 2105 3078 2174 respicit
3107 2114 3165 2160 ut
3200 2122 3322 2162 cum
3365 2109 3632 2178 aspexerit

2036 2196 2292 2265 negligat,
2324 2195 2417 2263 qui
2439 2193 2642 2249 scilicet
2670 2209 2767 2264 per
2785 2194 2838 2249 id
2860 2195 3032 2265 ipsum
3058 2213 3166 2252 non
3188 2199 3456 2270 negligere
3476 2200 3632 2254 intel-

2036 2287 2218 2355 ligitur
2243 2285 2372 2354 quia
2400 2285 2666 2355 respicere
2693 2285 2971 2354 dignatur;
2995 2289 3290 2358 praesertim
3319 2305 3441 2344 cum
3468 2306 3630 2361 supe-

2036 2381 2148 2436 rius
2174 2393 2328 2434 sacer
2351 2393 2531 2434 sermo
2571 2379 2674 2450 31
2718 2387 2943 2436 testatus
2977 2382 3046 2436 sit
3075 2383 3246 2438 malos
3286 2383 3353 2437 ad
3372 2385 3632 2454 perditio-

2036 2486 2207 2527 nema
2236 2470 2349 2526 Deo
2378 2469 2564 2540 aspici,
2598 2469 2772 2524 bonos
2798 2470 2866 2525 ad
2893 2473 3143 2528 salutem.
3167 2473 3283 2530 Hoc
3311 2475 3426 2544 ipso
3448 2475 3634 2544 utique

2036 2563 2390 2634 dispensatio_
2401 2561 2566 2618 divini
2595 2564 2943 2641 gubernaculi
2971 2566 3388 2622 demonstratur.
3413 2568 3527 2623 Hoc
3552 2577 3633 2625 est

2037 2653 2181 2708 enim
2199 2652 2343 2722 justa
2390 2652 2783 2721 gubernatione
2820 2669 3008 2724 regere
3043 2665 3099 2709 et
3125 2656 3363 2724 singulos
3389 2671 3632 2726 quosque

2036 2748 2286 2803 homines
2304 2762 2406 2818 pro
2434 2747 2753 2803 meritorum
2781 2748 3094 2803 diversitate
3122 2755 3373 2804 tractare.
3406 2749 3512 2805 Sed
3540 2766 3632 2805 ac-

2036 2840 2155 2909 cipe
2201 2847 2381 2892 tamen
2423 2838 2490 2894 de
2534 2839 2636 2894 hac
2664 2853 2725 2894 re
2753 2839 2962 2909 plenius
2989 2839 3374 2894 testimonium.
3407 2840 3544 2896 Dicit
3567 2841 3633 2896 ad

2036 2933 2208 2988 Deum
2245 2931 2461 2987 Patrem
2490 2933 2545 2987 in
2574 2932 2783 3001 psalmo
2808 2931 3040 3002 Spiritus
3072 2942 3290 2989 sanctus
3323 2952 3335 2986 :
3371 2932 3471 2998 Qui
3500 2935 3633 3006 regis

2039 3027 2226 3089 Israel,
2260 3025 2470 3080 intende
2501 3025 2673 3098 (Psal.
2707 3042 2888 3099 Lxxrx,
2914 3025 3002 3098 1).
3034 3025 3219 3092 Israel,
3251 3026 3436 3082 videns
3463 3027 3632 3082 Deum

2037 3117 2464 3187 interpretatur:
2496 3132 2657 3186 quem
2700 3117 2886 3186 utique
2933 3132 3057 3172 cum
3089 3115 3378 3171 Christiani
3429 3117 3533 3172 tide
3579 3123 3631 3172 et

334 3200 530 3266 huant,
562 3201 666 3256 nisi
699 3209 755 3256 ut
777 3202 920 3258 illico
941 3203 1190 3258 exaudita
1221 3207 1560 3266 concedant?
1583 3213 1687 3282 30
1705 3213 1934 3284 Semper
1957 3209 2004 3270 C
2037 3212 2201 3267 corde
2231 3211 2447 3266 videant
2473 3209 2580 3280 qui
2613 3209 2842 3265 ﬁdeliter
2869 3209 3113 3275 credunt,
3146 3210 3272 3266 licet
3306 3211 3641 3288 gubernator

339 3306 471 3362 ergo
501 3291 571 3347 ad
602 3293 899 3348 audiendas
926 3304 1238 3351 sanctorum
1268 3315 1458 3368 preces
1487 3311 1689 3372 paratae
1719 3305 1932 3361 Domini

341 3382 511 3438 nostri
541 3397 721 3447 aures,
753 3399 969 3454 semper
996 3393 1213 3442 attenta:
1236 3398 1378 3444 sunt.
1411 3390 1584 3458 Quam
1614 3394 1755 3449 beati
1785 3412 1931 3452 esse-

341 3488 458 3528 mus
483 3488 693 3539 omnes,
726 3474 771 3529 si
800 3490 961 3544 quam
983 3484 1286 3547 promptam
1308 3495 1435 3550 erga
1457 3498 1556 3537 nos
1583 3484 1677 3538 Dei
1707 3487 1932 3542 audien-

343 3564 471 3618 tiam
499 3565 745 3633 legimus,
789 3574 900 3620 tam
930 3577 1180 3638 prompte
1221 3570 1323 3639 ipsi
1351 3571 1520 3627 Deum
1551 3576 1736 3631 audire
1765 3579 1932 3634 velle-

343 3655 489 3709 mus!
524 3654 629 3711 Sed
675 3655 902 3712 forsitan
932 3658 1066 3714 dicis
1089 3701 1104 3726 ,
1154 3661 1260 3716 hoc
1297 3663 1442 3731 quod
1477 3664 1652 3733 justos
1688 3670 1931 3739 aspicere

345 3743 482 3799 Deus
510 3746 744 3814 legitur,
791 3763 984 3818 parum
1033 3750 1290 3820 prodesse
1327 3769 1521 3821 causae,
1552 3757 1672 3825 quia
1715 3775 1822 3814 non
1865 3763 1937 3816 sit

346 3835 608 3901 generalis
636 3836 942 3894 Divinitatis
988 3841 1215 3896 intuitus
1242 3843 1334 3912 qui
1371 3844 1531 3914 justis
1560 3855 1768 3905 tantum
1803 3868 1923 3923 spe-

346 3924 471 3978 ciali
497 3925 825 3995 benignitate
855 3930 1138 3986 tribuatur.
1170 3931 1288 3988 Jam
1317 3936 1531 4005 quidem
1571 3943 1817 4011 superius
1844 3961 1931 4000 sa-

347 4029 444 4069 cer
462 4030 639 4070 sermo
658 4025 882 4072 testatus
907 4027 990 4075 est
1008 4022 1135 4091 quia
1162 4024 1305 4079 oculi
1326 4026 1537 4084 Domini
1561 4035 1931 4106 contemplan-

311 4156 316 4158 _
348 4116 438 4159 tur
465 4105 639 4161 bonos
665 4115 718 4161 et
745 4108 932 4163 malos.
960 4109 1064 4167 Sed
1093 4113 1139 4167 si
1183 4114 1288 4171 hoc
1331 4119 1494 4173 etiam
1527 4137 1670 4178 nunc
1692 4125 1772 4180 vis
1810 4127 1929 4197 ple-

347 4200 468 4255 nius
487 4200 727 4270 probari,
757 4201 1117 4273 respicequ'id
1140 4217 1416 4278 sequatur.
1441 4211 1558 4269 Hoc
1585 4218 1728 4270 enim
1750 4222 1932 4276 subdi-

2037 3305 2277 3359 omnium
2333 3305 2475 3359 Deus
2515 3304 2602 3369 sit,
2636 3304 2741 3358 illis
2795 3313 2974 3359 tamen
3005 3304 3350 3373 peculiariter
3394 3304 3631 3371 regimen

2037 3396 2282 3465 praestari
2305 3410 2335 3449 a
2365 3395 2477 3450 Deo
2506 3395 2717 3458 dicitur,
2741 3395 2831 3464 qui
2857 3395 2968 3462 regi
2997 3395 3339 3464 peculiariter
3366 3410 3397 3448 a
3426 3394 3630 3448 Divini-

2037 3494 2149 3542 tate
2187 3496 2512 3542 mercantur.
2565 3485 2718 3542 Unde
2757 3494 2813 3542 et
2853 3496 2944 3550 tu,
2989 3488 3296 3556 quicunque
3331 3488 3419 3542 ille
3459 3503 3548 3552 es,
3585 3488 3629 3542 si
3651 3473 3673 3545 1.

2035 3576 2370 3633 Christianus
2406 3593 2483 3642 es,
2535 3593 2756 3634 necesse
2793 3585 2876 3632 est
2901 3584 2961 3630 ut
2988 3579 3101 3644 regi
3143 3586 3197 3632 te
3226 3593 3256 3631 a
3281 3578 3393 3632 Deo
3419 3579 3626 3657 credas.

2037 3672 2094 3727 Si
2125 3680 2306 3726 autem
2335 3670 2624 3738 gubernari
2651 3678 2704 3723 te
2729 3685 2760 3721 a
2790 3670 2902 3722 Deo
2923 3685 3044 3723 cum
3073 3670 3280 3723 caeteris
3309 3670 3634 3748 Christianis
3659 3713 3662 3716 μ

2042 3764 2264 3818 omnino
2286 3779 2392 3818 non
2418 3769 2592 3833 putas,
2624 3776 2842 3816 necesse
2871 3768 2953 3815 est
2972 3769 3124 3814 extra
3153 3775 3340 3815 omnes
3366 3760 3628 3816 Christia-

2035 3872 2135 3911 nos
2157 3862 2210 3910 te
2233 3869 2354 3910 esse
2381 3867 2696 3923 cognoscas.
2726 3851 2832 3906 Sed
2854 3851 2899 3906 si
2927 3850 3078 3916 illud,
3104 3859 3162 3905 ut
3181 3866 3340 3922 supra
3355 3851 3468 3921 jam
3487 3852 3626 3906 dixi-

2034 3966 2173 4012 usus,
2198 3947 2366 4016 magis
2392 3946 2585 4016 quaeris
2605 3945 2749 4016 quod
2772 3944 2840 3998 ad
2860 3959 3047 3999 omnes
3068 3944 3330 4011 homines,
3355 3959 3463 4000 non
3485 3942 3626 4014 quod

2035 4042 2102 4095 ad
2131 4040 2276 4096 solos
2303 4039 2536 4110 pertinet
2554 4035 2907 4100 Christianos,
2932 4051 3058 4090 ecce
3086 4035 3365 4092 evidenter
3382 4034 3511 4090 dicit
3527 4050 3627 4090 vo-

2036 4134 2217 4188 lumen
2240 4147 2451 4187 sacrum
2471 4138 2663 4185 cuncta
2687 4129 2928 4198 quotidie
2950 4137 3081 4183 nutu
3102 4129 3403 4184 Divinitatis
3430 4129 3544 4198 regi
3574 4136 3628 4184 et

2036 4223 2427 4278 incessabiliter
2467 4236 2496 4274 a
2537 4221 2649 4275 Deo
2679 4220 2860 4275 omnia
2897 4220 3204 4286 gubernari.
3239 4217 3265 4256 ει
3307 4219 3428 4288 Ipse
3469 4222 3622 4284 enim,

1525 4347 1864 4427 STEPHANI
1901 4354 2170 4411 BALUle
2208 4351 2434 4409 NOTAE.

421 4461 446 4486 η
488 4450 764 4536 Editiones
793 4473 805 4509 ι
841 4456 994 4536 Quid
1009 4459 1087 4514 vel
1118 4469 1452 4536 recturus_est
1477 4462 1560 4536 vel
1580 4465 1928 4536 judicaturus.

346 4521 592 4608 fremens
618 4525 792 4608 igitur,
815 4521 920 4608 etc.
933 4527 1102 4608 _Ecce.
1121 4531 1314 4608 iterum
1342 4521 1936 4608 Rittersli'usiiuconjec;

344 4600 524 4646 turam
556 4597 748 4666 vetusti
775 4598 978 4654 codicis
1017 4602 1334 4656 auctoritate
1369 4601 1655 4660 ﬁrmatam.
1684 4597 1936 4666 Nam'ille

343 4673 470 4732 post
495 4663 618 4732 quia
646 4665 770 4720 addi
794 4668 1009 4723 volebat
1032 4672 1138 4732 qui.

419 4731 448 4770 δ
477 4731 678 4788 Contra
700 4735 794 4820 lib.
817 4754 853 4804 ι,
878 4753 1001 4809 pag.
1028 4731 1058 4792 1⁷
1062 4739 1116 4804 6,
1139 4742 1274 4795 iram
1294 4741 1596 4802 Divinitatis
1616 4747 1692 4803 ait
1718 4765 1934 4820 pmnam

419 4818 466 4859 se
493 4815 788 4860 Deccantts.
1761 4829 1770 4836 ‘

349 4816 466 4859 esse
493 4816 788 4862 Deccantis.
1719 4816 1737 4820 “
1761 4829 1770 4836 ·

422 4883 445 4912 ε
487 4875 834 4948 Brassicanus
861 4887 917 4934 et
944 4878 1247 4938 Galesinius
1272 4883 1351 4939 sic
1371 4884 1653 4942 ediderunt
1679 4890 1822 4946 hunc
1851 4892 1935 4948 lo-

347 4958 473 5030 cum
505 4959 519 4996 :
551 4941 694 5030 {Vaut
718 4950 932 5030 cummi
959 4951 1055 5006 hoc
1085 4955 1154 5008 sit
1181 4953 1345 5030 vultus
1381 4954 1478 5009 Dei
1510 4973 1661 5030 super
1680 4941 1938 5030 iacientes

349 5012 495 5101 mala
521 5016 786 5101 utppoerdat
814 5018 878 5074 de
905 5028 1044 5076 terra
1071 5026 1372 5101 meritoriam
1390 5012 1582 5101 ξοπιιῄ
1622 5012 1701 5082 ἀρ’
1722 5012 1938 5101 genera;

350 5086 494 5170 tione
700 5103 907 5144 necesse
931 5101 1027 5158 est,
1059 5101 1166 5170 et_c.
1190 5094 1366 5149 Verba
1387 5095 1497 5170 illa,
1523 5097 1586 5151 de
1608 5086 1939 5170 generatione

349 5161 512 5234 omni,
541 5163 666 5234 sunt
691 5172 912 5234 prorsus
937 5161 1204 5234 superﬂua
1228 5204 1242 5228 ,
1291 5173 1345 5218 et
1387 5161 1593 5234 adjecta
1608 5161 1748 5224 'sunt
1775 5172 1842 5225 ab
1872 5187 1938 5226 eo

349 5225 443 5304 qui
469 5239 579 5304 n_on
624 5225 947 5304 intelligeret
974 5225 1042 5304 ad
1069 5225 1237 5302 quem
1258 5234 1435 5304 locum
1450 5225 1652 5293 'referri
1680 5225 1940 5295 deberent

351 5294 454 5347 ista
572 5294 945 5376 gubernatione
970 5294 1104 5368 Dei;
1146 5318 1265 5376 quae
1304 5303 1465 5376 facile
1512 5308 1670 5363 video
1693 5294 1862 5364 fuisse
1884 5312 1938 5366 in

350 5364 602 5445 pmnibus
643 5367 920 5445 codicibus
967 5364 1362 5445 manuscriptis.
1433 5375 1686 5433 Restituit
1754 5364 1938 5436 veram

349 5432 659 5513 lectionem,
685 5439 936 5513 sed_non
973 5457 1072 5496 suo
1118 5432 1259 5510 loco;
1289 5445 1372 5499 vir
1399 5432 1722 5503 clarissimus
1746 5432 1938 5507 Péiﬁi‘é

351 5499 615 5587 ΡίΙιΙιιιιιιιςΣ
766 5509 1216 5587 sic_t_'eprazsentat
1239 5499 1382 5587 hunc
1399 5499 1938 5576 {cedﬁi'é'ﬁain'aii

352 5573 424 5661 ad
447 5573 543 5628 hoc
571 5577 638 5630 sit
659 5573 828 5661 uultus
845 5573 952 5635 'De'i
972 5599 1125 5652 super
1151 5585 1395 5661 facientes
1424 5588 1563 5661 mala
1589 5599 1648 5661 ut
1673 5573 1940 5661 perdatde

353 5651 486 5729 terra
509 5650 837 5729 lmentariam
866 5650 1080 5729 eorum,
1127 5650 1202 5729 d_e_
1221 5653 1584 5729 gubernatione
1611 5650 1708 5715 Dei
1735 5679 1938 5717 necesse

247 5787 252 5790 -
349 5721 442 5790 est,
471 5723 578 5770 etc.
611 5716 904 5790 Admonuit
932 5729 1111 5777 tamen
1154 5716 1293 5778 idem
1339 5726 1421 5780 vir
1466 5716 1792 5785 clarissimus
1838 5716 1935 5787 has

349 5789 511 5840 voces
536 5801 655 5844 esse
681 5789 956 5859 delendas,
980 5795 1476 5882 epigraphen__enim
1499 5813 1616 5854 esse
1640 5800 1790 5866 libri,
1817 5816 1937 5883 quas

2039 4474 2092 4527 in
2140 4478 2344 4527 textum
2391 4469 2620 4540 irrepsit.
2654 4467 2779 4524 Haec
2806 4477 2929 4524 sunt
2957 4469 3073 4538 ejus
3099 4472 3262 4527 verba
3294 4490 3306 4525 :
3346 4491 3365 4524 ι
3393 4472 3518 4530 Haec
3544 4486 3628 4532 est

2036 4544 2235 4615 veteris
2264 4540 2463 4597 codicis
2491 4540 2671 4602 lectio,
2719 4540 2849 4615 nihil
2877 4541 3018 4594 enim
3035 4541 3209 4615 in_hi_s
3235 4543 3384 4598 libris
3411 4546 3627 4615 conjec-

2040 4613 2174 4668 turis
2202 4613 2404 4673 datum,
2431 4618 2602 4665 totum
2631 4625 2698 4664 ex
2728 4609 2830 4664 lide
2852 4611 3196 4666 vetustissimi
3227 4621 3282 4667 et
3304 4609 3627 4672 emendatis-

1961 4683 2161 4744 Dsimi
2208 4681 2407 4755 codicis
2444 4688 2874 4750 transumptum:
2910 4696 2979 4735 ex
3021 4696 3127 4755 qua
3176 4699 3297 4755 cum
3345 4701 3451 4738 non
3497 4689 3628 4742 satis

2041 4761 2291 4808 constare
2318 4750 2589 4823 videretur
2616 4767 2768 4823 mem.
2809 4768 2987 4823 eorum
3014 4752 3077 4805 de
3104 4750 3432 4823 generatione
3465 4759 3622 4820 omni,

2040 4823 2360 4878 concinnata
2386 4828 2469 4875 est
2495 4821 2705 4892 vulgata
2736 4821 2914 4876 lectio.
2943 4820 3236 4892 Utramque
3261 4823 3484 4879 fortasse
3510 4841 3628 4878 rec-

2041 4893 2148 4975 tius
2175 4889 2657 4976 deleremus1‘Nam
2689 4893 2802 4974 lucc
2826 4892 3008 4958 verba,
3033 4893 3096 4946 de
3114 4889 3482 4976 gubernatione
3505 4893 3625 4956 Dei,

2041 4963 2442 5034 epigraphe__es_t
2463 4959 2606 5034 libri,
2642 4976 2760 5034 qum
2789 4962 2842 5014 in
2872 4969 3080 5034 textum
3110 4959 3342 5032 irrepsit.
3379 4983 3397 5013 ι
3431 4961 3626 5016 Verum

2041 5030 2285 5089 esti-emo
2313 5030 2480 5098 digito
2509 5031 2686 5098 attigit
2713 5032 2794 5084 vir
2816 5030 3236 5095 eruditissimus,
3251 5046 3424 5098 neque
3445 5038 3627 5086 tamen

2041 5120 2262 5173 prorsus
2281 5101 2651 5172 deprehendit.
2685 5102 2860 5157 Verba
2880 5105 3022 5158 enim
3045 5103 3155 5164 illa,
3179 5102 3242 5154 de
3261 5101 3632 5170 gubernatione

2045 5172 2164 5237 Dei,
2189 5189 2254 5227 ex
2283 5188 2350 5227 eo
2379 5172 2499 5227 loco
2530 5173 2880 5241 expungenda
2902 5179 3026 5226 sunt
3052 5185 3213 5241 quem
3241 5182 3542 5240 occupant,
3574 5175 3631 5230 in

2044 5244 2278 5298 editione
2306 5241 2530 5307 Pithmi;
2562 5238 2618 5296 ei
2657 5238 2923 5312 in'media
2955 5238 3146 5308 pagina
3193 5238 3395 5312 reponi
3409 5242 3626 5312 debent,

2043 5323 2104 5368 ut
2130 5330 2161 5368 a
2182 5313 2337 5369 nobis
2367 5313 2564 5370 factum
2592 5320 2692 5376 est,
2723 5319 2845 5365 ante
2870 5307 2987 5362 illas
3006 5321 3168 5376 voces
3196 5307 3472 5366 Videamus
3493 5307 3631 5369 nunc

2043 5401 2111 5438 an
2136 5427 2150 5451 ,
2194 5392 2298 5439 etc.
2347 5384 2435 5439 Sic
2481 5383 2623 5438 enim
2665 5375 2933 5452 legi‘turin
2961 5375 3147 5434 codice
3164 5376 3529 5452 _Corbeiensi,
3575 5395 3634 5441 et

2043 5449 2304 5528 printer-ea
2332 5453 2614 5528 Salvianus
2641 5449 2960 5528 hicdemum
2987 5450 3292 5518 aggreditur
3311 5449 3631 5526 disputatio-

2044 5519 2167 5578 item
2195 5526 2261 5580 de
2289 5523 2673 5593 gubernatione
2699 5519 2810 5571 Dei.

2116 5594 2144 5632 ἀ
2177 5589 2409 5664 Respicit
2435 5593 2662 5664 fortasse
2700 5595 2889 5643 auctor
2911 5589 3096 5664 locum
3125 5592 3288 5654 Eccli.
3322 5611 3504 5657 χχχιιι,
3540 5592 3628 5656 10,

2045 5665 2135 5719 ubi
2157 5659 2350 5732 legitur
2377 5681 2388 5714 :
2420 5662 2449 5713 Ι
2453 5678 2542 5732 pse
2564 5659 2749 5732 diriget
2778 5662 3049 5716 consilium
3070 5664 3182 5732 ejus
3203 5674 3253 5718 et
3279 5665 3626 5732 disciplinam.

2045 5681 2135 5719 um
2157 5681 2350 5732 tegitur
2377 5681 2388 5714 :
2420 5681 2442 5713 ι
2467 5681 2542 5712 ιδε
2564 5681 2749 5730 atrtget
2778 5681 3049 5716 consutam
3070 5681 3098 5716 e
3123 5682 3182 5718 us
3203 5681 3253 5718 et
3279 5681 3556 5732 aiscipnna:

2043 5733 2219 5802 Atque
2247 5735 2334 5788 hic
2355 5734 2428 5786 ita
2453 5681 2736 5796 iegendum
2777 5733 3002 5788 suadere
3023 5681 3233 5796 videtur
3251 5739 3556 5798 contextus,
