4234 6262
363 324 430 396 ss
1462 327 1550 384 ne
1586 320 1974 384 GUBEBNATI

2070 319 2118 372 Ε
2149 301 2268 374 ἰιιει
2307 320 2432 375 Lm.
2474 320 2536 376 ιι.
2747 338 2764 347 -
3429 361 3440 367 -
3560 307 3636 389 ει

363 449 711 520 Quamobrem
736 465 841 504 nou
895 447 1087 503 recedet
1127 444 1332 518 gladius
1366 443 1430 498 de
1477 443 1628 497 domo
1661 450 1747 494 tua
1793 451 1954 507 usque
1977 435 2028 496 Α
2125 417 2188 487 ιι.
2232 433 2346 489 Hoc
2380 448 2509 504 ergo
2545 435 2777 505 primum
2818 442 2902 490 est
2932 429 3127 492 divinae
3159 438 3638 502 animadversionis

364 545 416 599 in
464 543 848 612 sempiternum.
898 537 1080 610 Itaque
1117 538 1226 591 [nec
1281 535 1405 589 dicit
1456 532 1711 588 Dominus
1741 546 1758 584 :
1815 527 1950 582 Ecce
2053 525 2351 607 exordium.
2380 528 2616 604 Primum
2650 530 2853 602 utique,
2885 546 2996 601 non
3030 531 3226 588 solum.
3260 531 3458 590 Secuta
3484 553 3638 594 nam-

367 654 461 708 cgo
491 633 750 691 suscitabo
777 649 926 703 super
971 640 1020 684 te
1072 630 1266 683 malum
1313 627 1376 682 de
1404 627 1554 681 domo
1597 635 1704 689 tua,
1759 631 1807 676 et
1863 619 1954 675 τοι·
2052 632 2158 696 que
2185 627 2269 694 est
2304 634 2665 675 aerumnarum
2696 621 2991 690 ingentium
3021 623 3178 712 longa
3199 626 3384 695 series,
3417 635 3581 700 atque
3607 645 3642 687 a

369 731 476 786 iam
500 743 686 783 uxores
716 736 827 780 tuas
863 727 920 778 in
961 723 1120 778 oculis
1151 723 1271 784 tuis,
1321 729 1370 774 et
1399 717 1530 772 dabo
1560 717 1796 788 proximo
1843 722 1948 766 tuo.

371 820 450 873 Tu
477 821 614 874 enim
643 816 807 888 fecisti
836 815 941 886 35
971 812 1302 874 abscondite;
1329 819 1426 880 ego
1469 823 1588 863 vero
1618 807 1810 878 faciam
1842 803 1956 858 ver;

371 905 492 966 bum
520 909 656 965 istud
693 909 748 962 in
778 915 1054 978 conspectu
1083 905 1252 958 omnis
1283 901 1473 966 Israel,
1504 908 1556 954 et
1598 900 1653 953 in
1681 904 1955 967 conspectu

373 1003 498 1058 solis
529 1001 592 1072 (ii
614 999 739 1070 Reg.
773 1014 867 1064 xu,
890 995 1057 1065 9-12).
1083 994 1219 1062 Quid
1247 993 1381 1048 dicis
1413 1001 1466 1046 ιιι
1487 1033 1500 1057 ,
1533 989 1626 1060 qui
1649 1004 1756 1044 non
1784 987 1958 1041 solum

373 1111 478 1151 non
485 1092 711 1162 judicari
726 1103 1054 1160 quaecunque
1069 1088 1294 1157 agimus,
1307 1085 1403 1141 sed
1416 1099 1516 1140 nec
1533 1081 1726 1152 respici
1742 1080 1959 1135 omnino

373 1205 403 1243 a
432 1189 543 1242 Deo
563 1185 778 1242 credis?
800 1181 1034 1240 Videsne
1059 1181 1224 1236 etiam
1246 1196 1277 1234 a
1301 1187 1512 1234 secreto
1539 1177 1633 1230 illo
1659 1190 1765 1244 quo
1795 1172 1962 1227 David

371 1277 540 1333 semel
572 1264 769 1346 lapsus
813 1281 913 1338 est,
947 1284 1282 1341 nequaquam
1333 1267 1428 1323 Dei
1479 1265 1665 1322 oculos
1694 1262 1962 1318 abfuisse?

376 1369 528 1425 Unde
549 1377 606 1423 et
635 1377 711 1432 tu,
735 1366 848 1436 qui,
871 1365 937 1420 ad
957 1364 1214 1419 solatium
1243 1360 1475 1416 arbitror
1487 1366 1829 1428 permatorum
1855 1364 1966 1409 tuo-

374 1476 516 1526 rum,
549 1457 878 1515 considerari
908 1462 1061 1510 actus
1088 1461 1305 1510 nostros
1333 1467 1364 1506 a
1391 1450 1513 1506 Deo
1541 1465 1647 1504 non
1672 1456 1856 1520 putas,
1899 1461 1968 1501 ex

2054 711 2217 768 domo
2245 711 2362 782 ejus
2392 711 2536 782 jugis
2560 712 2850 786 admodum
2870 716 3133 772 malorum
3168 719 3502 776 continuatio
3531 737 3645 780 non

2056 806 2298 860 recessit.
2332 805 2567 860 Thamar
2589 806 2852 861 Amnonis
2879 806 3060 863 furore
3089 813 3481 882 corrumpitur;
3514 813 3646 868 Am-

2058 894 2167 974 non
2217 896 2284 952 ab
2340 895 2609 969 Absalone
2651 896 2926 967 jugulatur
2982 899 3046 971 (ll
3100 898 3223 972 Reg.
3276 905 3413 974 xm).
3457 901 3646 960 Scelus

2059 987 2274 1062 quidem
2296 988 2498 1056 grande
2522 999 2544 1027 ο
2564 989 2633 1042 ab
2661 1004 2768 1044 uno
2790 989 2952 1044 fratre
2981 991 3352 1058 committitur,
3377 994 3471 1049 sed
3491 995 3644 1066 pejus

2060 1087 2240 1134 tamen
2289 1080 2356 1134 ab
2406 1078 2514 1132 alio
2561 1079 2879 1134 vindicatur.
2920 1081 3208 1137 inter‘htec
3251 1092 3428 1140 tamen
3475 1086 3647 1144 David

2064 1176 2218 1238 pater
2246 1168 2487 1223 facinore
2515 1169 2794 1238 utriusque
2820 1170 3062 1240 punitur.
3105 1170 3221 1227 Duo
3264 1171 3358 1228 filii
3395 1186 3645 1256 peccant,

2062 1259 2158 1314 “sed
2188 1267 2298 1313 tres
2318 1259 2549 1314 duorum
2579 1259 2787 1315 scelere
2805 1261 3118 1330 perduntur.
3150 1261 3209 1317 In
3239 1262 3473 1321 Thamar
3500 1269 3646 1332 enim

2063 1350 2342 1419 virginitas
2391 1351 2686 1416 amittitur;
2742 1342 2795 1406 in
2852 1351 3097 1408 Amnone
3151 1355 3313 1410 etiam
3366 1356 3650 1432 Absalonis

2063 1443 2298 1513 perditio
2335 1442 2568 1510 lugetur.
2615 1439 2683 1496 Et
2722 1441 2940 1512 quidem
2974 1440 3196 1500 nescias
3222 1461 3382 1515 quem
3424 1447 3490 1504 de
3528 1449 3652 1510 filiis

377 1552 482 1607 hoc
517 1552 635 1622 ipso
683 1557 740 1606 et
784 1547 950 1619 aspici
981 1555 1032 1601 te
1061 1561 1092 1600 a
1121 1543 1335 1600 Christo
1363 1556 1575 1616 semper
1602 1540 1864 1608 intelligo,
1912 1543 1972 1593 et
2068 1534 2276 1590 duobus
2305 1542 2412 1588 tam
2447 1534 2620 1589 bonus
2656 1541 2810 1604 pater
2845 1536 3060 1605 gravius
3091 1538 3353 1605 amiserit,
3383 1539 3531 1594 illum
3559 1542 3652 1612 qui

377 1640 706 1714 puniendum
746 1639 972 1695 forsitan
1011 1635 1322 1708 propediem
1369 1648 1489 1688 esse
1523 1645 1816 1701 cognosce;
1844 1628 1970 1699 quia
2069 1642 2232 1682 manu
2255 1627 2436 1682 fratris
2466 1627 2677 1682 occisus
2707 1636 2790 1683 est
2825 1628 2878 1681 in
2908 1628 3011 1683 hoc
3037 1630 3252 1698 saeculo,
3283 1648 3352 1686 an
3387 1633 3538 1687 illum
3559 1633 3653 1704 qui

379 1735 545 1794 etiam
573 1731 741 1786 David
782 1739 1027 1786 sanctum
1059 1727 1207 1782 vides
1235 1741 1399 1781 unum
1428 1739 1668 1780 errorem
1694 1738 1849 1778 suum
1871 1735 1974 1777 nec
2065 1732 2166 1775 sua
2203 1721 2364 1790 periit
2405 1721 2456 1774 in
2508 1719 2706 1776 futuro.
2753 1720 2869 1775 Jam
2907 1737 3039 1778 vero
3075 1724 3201 1778 hinc
3235 1723 3387 1793 juxta
3429 1726 3653 1783 verbum

378 1813 591 1885 secreto
627 1826 960 1882 occultorum
1004 1822 1360 1898 penetralium
1388 1809 1632 1892 potuisse
1660 1824 1966 1884 contegere,
1999 1808 2048 1870 B
2074 1815 2169 1869 Dei
2205 1813 2593 1869 inaestimabilis
2618 1805 2746 1868 mali
2778 1815 3039 1870 cumulus.
3071 1815 3297 1871 Insidias
3325 1817 3416 1872 diu
3445 1827 3599 1889 pater
3622 1834 3654 1874 a

381 1932 483 1973 nec
503 1933 533 1971 a
561 1916 913 1987 pnesentibus
938 1915 1112 1984 pinnis
1161 1911 1442 1984 privilegio
1469 1909 1661 1965 saltem
1693 1917 1716 1945 ι
1749 1920 1972 1975 magno-
2075 1905 2184 1961 tilio
2203 1907 2422 1978 patitur,
2456 1920 2620 1974 regno
2644 1906 2877 1976 pellitur,
2902 1915 2958 1962 et
2985 1923 3052 1962 ne
3081 1908 3376 1973 occidatur,
3402 1908 3656 1980 profugus

379 2025 500 2066 rum
529 2025 753 2080 operum
778 2009 1070 2065 vindicare.
1105 2005 1244 2073 Quid
1271 2004 1414 2060 enim
1443 2003 1519 2057 ait
1544 1999 1610 2055 ad
1639 2015 1761 2055 eum
1786 1997 1972 2052 Domi-
2011 2042 2020 2048 .

383 2105 522 2157 nus?
552 2101 752 2156 Tollam
779 2118 967 2156 uxores
1006 2109 1119 2154 tuas
1144 2100 1199 2152 in
1241 2104 1510 2168 conspectu
1539 2105 1623 2148 tuo
1639 2109 1656 2158 ;
1697 2100 1745 2146 et
1771 2090 1974 2162 gladius

385 2209 492 2246 non
513 2192 711 2247 recedet
738 2211 770 2247 a
798 2193 949 2246 domo
989 2200 1075 2244 tua
1117 2206 1274 2261 usque
1301 2190 1354 2242 in
1399 2188 1780 2258 sernpiternum.
1813 2181 1976 2237 Vides

383 2300 548 2356 quam
569 2301 803 2355 praesens
832 2285 1064 2354 excipiat
1098 2291 1277 2337 tantus
1309 2281 1391 2336 vir
1417 2295 1516 2350 pro
1544 2293 1653 2333 uno
1673 2275 1855 2332 statim
1884 2288 1974 2329 er-

381 2392 509 2432 rore
530 2375 808 2446 judicium.
836 2375 1085 2431 Protinus
1121 2375 1333 2445 culpam
1361 2379 1546 2427 secuta
1575 2367 1844 2424 damnatio
1869 2374 1972 2430 est,

382 2477 439 2524 et
459 2469 731 2523 damnatio
760 2469 941 2523 statim
966 2469 1194 2538 puniens
1221 2465 1460 2535 nihilque
1482 2477 1784 2524 reservans,
1811 2468 1976 2529 atque

301 2559 305 2563 ’
381 2560 524 2616 illico
536 2576 793 2616 coercens
813 2574 988 2626 reum,
1003 2575 1112 2616 non
1136 2560 1189 2613 in
1217 2557 1455 2613 futurum
1476 2555 1728 2611 diderens
1739 2561 1975 2610 reatum.

381 2648 451 2704 Et
478 2650 600 2705 ideo
629 2666 734 2706 non
763 2650 932 2718 dixit,
963 2649 1098 2717 Quia
1145 2649 1316 2704 fecisti
1344 2649 1470 2716 hoc,
1503 2654 1786 2708 venturum
1829 2645 1976 2716 judi,

380 2742 522 2797 cium
549 2742 642 2797 Dei
661 2742 883 2807 senties,
907 2749 963 2795 et
990 2740 1170 2794 futuro
1198 2739 1458 2806 gehennae
1471 2737 1595 2804 igne
1621 2735 1975 2805 torquebere;

380 2833 497 2900 sed,
525 2835 831 2903 praesentia,
857 2833 1046 2901 inquit,
1082 2838 1349 2885 tormenta
1374 2828 1592 2891 senties,
1623 2836 1780 2898 atque
1803 2827 1976 2880 immi-

382 2929 598 2978 nentem
621 2923 731 2993 jam
755 2922 1054 2978 cervicibus
1081 2921 1190 2984 tuis
1209 2919 1403 2978 divinae
1423 2918 1726 2974 severitatis
1745 2916 1975 2984 gladium

384 3013 694 3068 sustinebis.
734 3012 806 3065 Et
843 3011 970 3082 quid
999 3019 1122 3081 post
1147 3011 1297 3068 btec?
1324 3009 1580 3082 Agnoscit
1623 3010 1828 3066 scilicet
1852 3024 1976 3066 reus

388 3103 620 3174 culpam,
649 3102 978 3168 bumiliatur,
1009 3102 1403 3173 compungitur,
1456 3101 1757 3167 conﬁtetur,
1805 3101 1968 3171 luget,

2075 1995 2333 2052 abscedit.
2361 1995 2629 2065 lmpurior
2658 1997 2887 2062 nescias,
2923 2013 2991 2051 an
3027 1999 3302 2054 cruentior
3330 1999 3488 2054 ﬁlius.
3521 1999 3656 2067 Quia

2071 2089 2380 2146 interﬁcere
2415 2097 2625 2163 patrem
2662 2105 2771 2144 non
2804 2098 2986 2162 potest
3026 2091 3330 2162 parricidio,
3374 2092 3536 2148 foedat
3577 2094 3656 2149 in-

2076 2189 2261 2247 cestu;
2295 2189 2350 2235 et
2383 2180 2600 2251 quidem
2635 2181 2865 2248 incestu,
2903 2189 3101 2251 praeter
3137 2182 3326 2238 incesti
3361 2183 3528 2248 nefas,
3563 2199 3656 2254 per

2066 2273 2391 2328 industriam
2436 2271 2808 2328 accumulandi
2850 2273 3070 2329 sceleris
3103 2274 3273 2340 elato;
3315 2290 3433 2329 cum
3475 2275 3659 2343 utique

2076 2352 2305 2434 facinus,
2343 2365 2488 2436 quod
2530 2366 2693 2420 etiam
2735 2374 2945 2421 secreta
2995 2367 3352 2424 abominabile
3401 2368 3657 2436 facerent,

2077 2468 2392 2534 persecutor
2420 2460 2662 2531 parentis
2684 2461 2898 2530 publice
2926 2461 3028 2532 37
3060 2461 3424 2532 perpetraret;
3457 2462 3660 2517 scilicet

2077 2561 2136 2608 ut
2173 2537 2492 2606 feralissimo
2521 2551 2745 2606 crimine
2779 2567 2888 2607 non
2918 2561 3074 2622 pater
3105 2561 3310 2606 tantum
3341 2553 3533 2607 absens
3563 2553 3658 2607 de-

2076 2644 2404 2700 formaretur
2452 2657 2615 2712 quam
2661 2642 2805 2698 oculi
2845 2641 3007 2696 etiam
3054 2644 3218 2696 totius
3265 2643 3410 2696 orbis
3443 2643 3658 2712 publico

2077 2733 2409 2805 foedarentur
2438 2734 2664 2787 incestu.
2698 2732 2816 2787 Jam
2845 2733 2891 2786 si
2919 2732 3157 2786 addenda
3188 2739 3270 2786 est
3298 2739 3353 2786 et
3380 2732 3550 2802 ipsius
3579 2731 3660 2786 fu—

2077 2839 2156 2894 gae
2176 2825 2358 2891 facies,
2389 2826 2550 2894 quale
2572 2825 2700 2880 illud
2721 2823 2820 2878 fuit
2839 2839 2960 2879 cum
2990 2829 3167 2891 tantus
3192 2839 3306 2889 rex,
3342 2823 3475 2877 tanti
3495 2824 3660 2878 nomi~

2077 2918 2178 2982 nis,
2209 2917 2415 2972 cunctis
2454 2917 2670 2986 regibus
2701 2915 3105 2978 aitior,,mundo
3133 2914 3324 2984 major,
3351 2930 3539 2971 omnes
3568 2915 3660 2971 ad-

2076 3010 2294 3074 modum
2324 3026 2451 3066 suos
2471 3025 2592 3065 cum
2622 3007 2956 3080 paucissimis
2983 3009 3094 3064 suis
3120 3007 3345 3080 fugeret,
3370 3009 3423 3064 in
3445 3023 3662 3080 οοιιιιιιιπι

2076 3103 2288 3167 ratione
2315 3101 2514 3158 dudum
2545 3100 2628 3159 sui
2667 3107 3004 3170 egestuosus,
3036 3099 3091 3154 in
3137 3099 3544 3170 comparatione
3577 3100 3663 3169 sui

389 3195 633 3266 poenitet,
666 3193 1002 3264 deprecatur,
1032 3207 1270 3262 gemmas
1289 3192 1465 3262 regias
1493 3191 1722 3257 abdicat,
1741 3191 1975 3263 crispan-
2001 3185 2048 3250 C
2079 3195 2244 3260 solus,
2272 3193 2480 3261 fugiens
2501 3208 2622 3252 cum
2653 3199 2826 3258 metu,
2855 3205 2978 3246 cum
3005 3189 3268 3248 dedecore
3286 3229 3302 3258 ,
3328 3205 3451 3245 cum
3493 3191 3660 3258 luctu,

385 3288 456 3343 tia
487 3303 618 3341 auro
643 3285 817 3341 textili
857 3285 1170 3340 indumenta
1201 3284 1442 3356 deponit,
1465 3300 1703 3356 purpura
1731 3285 1966 3352 exuitur,

381 3377 680 3434 diademate
699 3376 727 3415 δ
761 3377 1149 3444 exhonoratur,
1181 3363 1329 3433 cultu
1349 3385 1404 3434 et
1425 3377 1586 3434 corde
1607 3385 1865 3444 mutatur,
1896 3387 1973 3434 to-

382 3477 493 3524 tum
520 3483 702 3538 regem
725 3484 846 3523 cum
875 3469 1156 3524 ornatibus
1183 3469 1293 3524 suis
1322 3469 1524 3540 abjicit,
1554 3471 1836 3541 providum
1864 3487 1972 3542 pa:-

381 3560 638 3615 nitentem
667 3575 788 3614 cum
811 3560 1112 3630 patrocinio
1132 3561 1401 3616 ambitiosi
1417 3562 1694 3632 squaloris
1725 3563 1969 3627 assumit,

381 3653 582 3726 jejunio
610 3654 861 3724 exigitur,
910 3653 1159 3709 ariditate
1188 3655 1450 3722 siccatur,
1500 3653 1628 3712 tletu
1657 3655 1967 3721 effunditur,

381 3745 669 3801 solitudine
713 3753 1040 3800 carceratur.
1074 3744 1141 3800 Et
1171 3753 1348 3813 tamen
1392 3763 1491 3804 rex
1537 3749 1673 3814 tanti
1714 3750 1969 3815 nominis,

382 3838 669 3893 sanctitate
715 3838 889 3906 major
915 3852 1075 3908 quam
1117 3846 1417 3910 potestate,
1468 3842 1832 3911 pnerogativis
1865 3842 1973 3914 36

384 3928 696 3982 meritorum
725 3927 1168 3986 antecedentium
1208 3931 1634 4000 supereminens,
1665 3947 1787 3988 cum
1819 3941 1971 3988 tanto

389 4019 591 4074 ambitu
611 4021 890 4095 supplicet,
914 4037 1022 4076 non
1043 4022 1240 4078 evadit.
1257 4021 1322 4077 Et
1341 4023 1428 4078 hic
1450 4031 1656 4084 tantum
1681 4031 1792 4080 tam
1811 4038 1972 4094 gran-

391 4111 472 4167 dis
498 4114 823 4184 pcenitentize
851 4115 1050 4170 fructus
1073 4123 1174 4181 est,
1205 4115 1348 4185 quod
1366 4117 1580 4172 aeternis
1607 4117 1822 4187 quidem
1846 4118 1971 4190 pia-

387 4202 523 4259 culis
552 4217 663 4258 non
709 4204 1001 4269 addicitur,
1044 4206 1140 4261 sed
1169 4207 1224 4262 in
1268 4208 1518 4278 praasenti
1553 4216 1731 4265 tamen
1758 4210 1970 4266 veniam

386 4312 496 4352 non
523 4303 783 4351 meretur.
813 4296 1050 4368 Denique
1086 4298 1212 4368 quid
1256 4300 1540 4369 pmnitenti
1567 4301 1829 4370 propheta
1859 4301 1970 4356 ait?

387 4385 523 4450 Quia
553 4385 910 4456 blasphemare
935 4389 1100 4460 feciin
1123 4391 1359 4444 inimicos
1385 4389 1610 4454 Domini,
1635 4390 1778 4459 [ilius
1799 4392 1886 4464 qui
1905 4408 1970 4447 ea:

389 4483 437 4530 te
457 4485 610 4529 natus
629 4485 704 4532 est
730 4479 974 4531 morietur
1001 4477 1185 4548 (Ibid.,
1207 4477 1318 4549 M).
1350 4476 1555 4540 Praeter
1581 4493 1795 4550 pinnam
1825 4494 1970 4536 acer-

2078 3295 2275 3357 operto,
2303 3284 2474 3354 inquit
2501 3283 2800 3354 Scriptura,
2845 3284 3030 3354 capite,
3060 3291 3109 3336 et
3143 3281 3294 3338 nudis
3342 3281 3552 3354 pedibus
3579 3283 3663 3338 ius

2074 3376 2258 3432 cedens
2289 3374 2364 3446 (ιι
2395 3374 2522 3448 Reg.
2557 3390 2644 3440 xv,
2679 3373 2745 3429 50
2767 3375 2807 3446 ),
2832 3371 2858 3414 ἀ
2882 3380 3156 3445 superstes
3205 3373 3402 3445 prioris
3439 3381 3609 3436 status
3630 3388 3663 3436 a

2076 3483 2135 3524 se
2156 3470 2276 3539 ipso
2305 3469 2583 3532 exsulans,
2611 3483 2750 3538 pene
2784 3466 2898 3538 jam
2936 3473 3061 3540 post
3089 3483 3148 3524 se
3168 3467 3356 3526 vivens
3375 3508 3390 3534 ,
3422 3467 3664 3537 dejectus

2076 3575 2247 3632 usque
2274 3561 2328 3615 in
2355 3575 2634 3618 servorum
2665 3576 2885 3618 suorum
2915 3560 3017 3627 vel,
3049 3557 3193 3629 quod
3220 3573 3381 3630 grave
3409 3568 3512 3624 est,
3540 3574 3664 3616 con-

2076 3654 2369 3716 tumeliam,
2405 3652 2507 3718 vel,
2539 3652 2687 3722 quod
2715 3651 2960 3720 gravius,
3009 3649 3464 3712 misericordiam;
3493 3656 3551 3700 ut
3578 3649 3664 3704 vel

2074 3745 2198 3800 Siba
2229 3759 2350 3798 eum
2378 3749 2643 3812 pasceret,
2667 3742 2752 3795 vel
2773 3740 3091 3796 maledicere
3105 3737 3285 3792 Semei
3313 3736 3524 3812 publice
3550 3751 3662 3794 non

2075 3833 2289 3890 timeret
2319 3831 2396 3903 (ll
2429 3831 2554 3902 Reg.
2584 3834 2723 3900 xvr);
2753 3830 2826 3890 ita
2860 3829 2955 3883 Dei
2977 3826 3179 3898 judicio
3209 3841 3239 3880 a
3268 3841 3326 3881 se
3357 3826 3496 3881 alter
3540 3826 3662 3884 effe-

2074 3934 2208 3993 ctus,
2242 3934 2301 3980 ut
2321 3925 2369 3982 ei
2398 3939 2560 3994 quem
2585 3932 2608 3961 ε
2639 3923 2892 3980 timuerat
2915 3919 2935 3959 ί
2968 3928 3112 3976 totus
3131 3918 3295 3983 orbis,
3329 3934 3466 3975 unus
3495 3919 3548 3974 in
3574 3919 3657 3976 fa-

2073 4018 2208 4076 ciem
2237 4019 2520 4076 insultaret
2541 4016 2808 4072 inimicus.
2897 4037 2906 4042 λ

2145 4109 2229 4165 Vl.
2253 4109 2352 4166 Ubi
2375 4116 2501 4166 sunt
2519 4108 2612 4178 qui
2640 4122 2671 4164 a
2692 4107 2804 4163 Deo
2818 4107 3009 4179 respici
3038 4121 3125 4164 res
3153 4106 3413 4162 humanas
3439 4107 3662 4178 negant?

2074 4202 2213 4260 Ecce
2252 4203 2466 4272 quoties
2509 4207 2678 4258 testes
2714 4201 2853 4256 sacri
2882 4202 2935 4256 in
2973 4216 3202 4271 persona
3231 4202 3388 4258 unius
3426 4200 3662 4267 hominis

2073 4311 2180 4349 non
2207 4293 2512 4364 respexisse
2543 4292 2914 4350 tantummodo
2939 4291 3125 4355 Demn,
3170 4307 3353 4350 verum
3385 4294 3550 4349 etiam
3573 4292 3664 4360 ju-

2071 4387 2278 4442 dicasse
2313 4386 2633 4442 docuerunt.
2667 4383 2737 4439 Et
2763 4400 2860 4439 cur
2895 4383 3010 4440 haec
3052 4384 3276 4448 omnia?
3312 4382 3422 4442 Cur
3449 4384 3659 4453 utique,

2072 4476 2258 4532 nisiut
2296 4475 2718 4545 intelligeremus
2767 4473 3014 4536 eamdem
3062 4472 3294 4541 futuram
3342 4489 3558 4546 semper
3606 4475 3662 4534 in

390 4564 470 4621 ba:
491 4566 752 4634 orbitatis,
785 4568 948 4622 etiam
979 4569 1121 4624 hunc
1149 4569 1270 4624 addi
1304 4569 1544 4640 piissimo
1569 4569 1710 4641 patri
1732 4571 1975 4628 intellec-
2001 4563 2056 4626 D
2077 4570 2280 4628 mundo
2299 4583 2584 4626 censuram
2613 4576 2669 4624 et
2694 4567 3078 4627 coercitionem
3105 4566 3202 4622 Dei
3229 4582 3349 4639 qua:
3373 4566 3578 4628 fuisset.
3593 4565 3664 4630 Et

390 4665 499 4714 tum
521 4660 715 4714 summi
743 4661 991 4732 supplicii
1025 4662 1165 4718 Deus
1204 4663 1372 4719 voluit
1401 4671 1458 4719 ut
1485 4663 1833 4730 dilectissimo
1862 4666 1973 4732 lilio
2079 4662 2203 4718 ideo
2236 4663 2400 4718 etiam
2434 4667 2649 4716 sanctos
2677 4659 2924 4720 homines
2963 4659 3254 4730 castigatos
3280 4660 3550 4730 quondam
3575 4659 3665 4730 ju-

389 4763 555 4804 causa
597 4751 787 4804 mortis
830 4757 984 4822 pater
1012 4753 1126 4826 ipse
1159 4753 1413 4810 existeret
1455 4754 1545 4826 qui
1586 4755 1822 4824 doleret,
1855 4774 1976 4814 cum
2076 4754 2217 4811 dicio
2240 4754 2334 4822 Dei
2349 4752 2595 4823 legimus,
2628 4759 2685 4807 ut
2707 4749 3026 4820 judicandos
3043 4768 3145 4812 nos
3165 4753 3276 4811 Deo
3297 4753 3479 4824 judice
3499 4752 3664 4810 etiam

390 4842 574 4912 utique
601 4849 786 4897 natum
819 4859 887 4898 ex
907 4844 1132 4900 crimine
1158 4859 1383 4916 puerum
1412 4846 1614 4903 crimen
1635 4848 1808 4920 ipsum
1836 4850 1978 4906 occi-
2079 4847 2330 4917 praesenti
2376 4843 2574 4902 saeculo
2623 4858 2988 4900 nosceremus.
3032 4843 3167 4912 Quia
3211 4846 3349 4902 sicut
3393 4844 3534 4900 Deus
3581 4847 3665 4904 est

391 4934 542 5004 deret
570 4935 716 5008 quod
733 4945 1002 4994 creasset.
2079 4952 2313 5007 semper,
2360 4937 2438 4992 sic
2460 4935 2669 5008 justitia
2697 4935 2793 4990 Dei
2835 4951 3080 5007 semper;
3108 4937 3247 4996 sicut
3276 4929 3662 5001 omnipatentia

1561 5048 1901 5106 STAPHANI
1936 5046 2208 5108 BALUZII
2243 5044 2468 5103 ΝΟΤΛΕ.

462 5146 500 5214 ξ’
530 5138 712 5214 βρᾱθι
740 5138 979 5214 Golbert,
1007 5147 1069 5214 e_t_
1090 5139 1367 5204 editiones,
1393 5141 1664 5214 majorum.
1787 5209 1799 5214 _
1833 5147 1835 5150 ‘
1895 5211 1903 5214 _
2107 5136 2178 5214 _-d
2217 5137 2295 5193 ita
2324 5147 2470 5214 recte
2495 5136 2668 5214 codex
2692 5135 3031 5214 Qorbeiensis
3053 5148 3151 5214 pro
3179 5147 3244 5214 eo
3270 5129 3411 5211 quod
3441 5130 3665 5213 C_olber-

462 5207 493 5249 ι)
530 5208 676 5265 idem
704 5209 877 5265 codex
904 5217 959 5265 et
987 5210 1114 5276 edit,
1145 5205 1487 5266 exoneratam
1515 5208 1578 5262 Et
1607 5209 1745 5265 hanc
1783 5209 1974 5267 lectio-
2081 5211 2226 5264 tinus
2260 5217 2316 5265 et
2342 5208 2606 5266 editiones
2633 5209 2834 5264 habent
2865 5223 2880 5260 :
2912 5205 3081 5273 Super
3123 5205 3235 5256 istis
3259 5240 3274 5266 ,
3319 5205 3510 5271 prioris
3555 5215 3665 5261 sta-

393 5295 516 5337 nem
528 5295 704 5406 lposse
728 5286 947 5359 tolerari
976 5286 1183 5336 censuit
1208 5286 1610 5336 ttittershusius.
1648 5349 1659 5361 .
2085 5292 2186 5344 ειη,
2220 5286 2324 5361 etc,
2685 5347 2696 5360 ν
2742 5345 2772 5358 η
2940 5341 2950 5353 ι
3072 5341 3082 5352 _
3242 5341 3252 5354 .
3579 5311 3583 5315 .
3627 5346 3640 5359 .

466 5362 491 5390 θ
551 5366 586 5404 ιι
611 5350 861 5420 omnibus
885 5349 1225 5415 editionibus,
1265 5357 1627 5420 praeterquam
1646 5366 1699 5404 ιιι
1729 5365 1792 5404 ea
1817 5366 1977 5420 quam
2158 5361 2181 5391 ε
2223 5349 2497 5420 Εάιιίοιιεδ
2522 5348 2868 5420 Galesinn_et
2893 5341 3084 5420 Ριιιιαξι
3107 5383 3122 5410 ,
3165 5342 3358 5420 quibus
3401 5355 3668 5408 consentit

393 5419 695 5491 Galesinius
742 5419 927 5474 Roma:
967 5419 1285 5491 adornavit,
1332 5421 1523 5491 legitur
1552 5437 1584 5474 a
1612 5419 1741 5476 bono
1794 5419 1976 5491 fratre.

395 5489 516 5562 Quo
544 5491 898 5562 etiamgmodo
925 5491 1126 5562 habent
1152 5481 1363 5546 codices
1386 5481 1723 5562 Corbeiensis
1763 5481 1978 5562 etACoi-
2089 5501 2178 5546 tan
2225 5498 2359 5562 totus
2399 5489 2553 5545 orbis.
2597 5481 2895 5562 sededitio
2922 5481 3230 5562 Brassicaui
3241 5504 3356 5562 _non
3383 5481 3543 5546 habet
3571 5504 3665 5544 vo-

394 5551 656 5634 Eertinus.
690 5560 992 5634 Galesinius
1027 5561 1185 5631 igitur
1212 5569 1359 5634 recte
1399 5561 1700 5634 emendavit
1725 5560 1851 5634 ,_Aab
1878 5577 1980 5634 uno
2086 5561 2205 5634 cem
2231 5561 2469 5634 forsitan,
2499 5551 2853 5634 quaevidetur
2881 5555 3170 5628 superﬂua.
3212 5559 3319 5616 Nos
3346 5561 3523 5630 itaque
3543 5574 3664 5614 eam

399 5627 581 5704 fratre.
610 5629 773 5685 Error
798 5632 924 5687 hinc
971 5624 1122 5687 ort'us
1150 5631 1294 5700 quod
1320 5631 1589 5688 veteribus
1619 5624 1734 5686 illis
1754 5631 1983 5694 librariis
2089 5632 2157 5686 ab
2184 5624 2289 5684 hoc
2308 5630 2425 5681 loco
2450 5624 2776 5680 sustulimus.

399 5703 640 5752 solemne
688 5701 844 5752 fuerit
891 5703 1118 5752 invicem
1165 5711 1492 5752 commutare
1538 5701 1742 5752 litteras
1771 5720 1799 5752 ο
1846 5708 1900 5752 et
1926 5717 1980 5752 ιι.
2161 5698 2202 5737 τ’
2232 5697 2298 5750 Ut
2345 5703 2455 5749 tum
2504 5694 2782 5752 videbatur

2092 5737 2486 5828 δαιήξῆιιζιιῑ).
2512 5737 2830 5826 ὶᾚᾶῖέιῗέυέ

618 5295 704 5334 sse
728 5279 947 5334 tolerari
976 5281 1183 5336 censuit
1207 5279 1610 5336 Rittershusius.

2900 5697 3304 5756 uemadmodum
3349 5696 3489 5750 dicet
3529 5694 3662 5753 infra

397 5701 640 5757 solemne
688 5701 844 5756 fuerit
891 5703 1118 5759 invicem
1165 5711 1492 5757 commutare
1538 5701 1742 5762 litteras
1771 5720 1799 5757 ο
1846 5708 1900 5756 et
1926 5717 1980 5766 u,

1975 5763 1980 5775 λ
2092 5767 2370 5828 Salvianus
2394 5765 2486 5823 lib.
2518 5767 2536 5824 ι
2563 5763 2830 5826 Adversus
2858 5763 3173 5833 Avaritiam,
3207 5780 3325 5836 pag.
3358 5763 3480 5818 Ὧι.

398 5772 850 5845 quemadmodum
871 5773 1148 5830 multoties
1172 5773 1280 5843 jam
1307 5774 1647 5829 observatum
1669 5780 1768 5828 est.

2087 5420 2256 5478 codex
2285 5417 2652 5492 Corbeiensig,
2680 5415 2757 5492 sic
2778 5412 2966 5492 Ilcgtutt
2993 5429 3004 5464 ε
3239 5417 3479 5492 timuerat
3507 5420 3666 5492 forsi-
3769 5437 3771 5439 ί
