4234 6250
513 275 605 334 55]

1474 260 1530 315 S.
1572 255 1888 313 SALVIANI
1931 255 2395 312 MASSILIENSIS
2432 253 2857 310 PRESBYTERI
3721 257 3790 314 ω

513 389 726 446 Domini
755 384 1086 446 indeliciens,
1117 381 1196 434 sic
1223 392 1448 434 censura
1492 371 1922 436 indemutabilis;
1953 372 2094 427 sicut
2120 375 2168 434 Α
2195 387 2316 425 rum
2344 371 2562 426 nomina
2593 370 2908 425 terribilium
2931 367 3256 438 judiciorum
3276 376 3400 426 sunt
3417 371 3787 438 instrumenta,

514 479 654 535 Deus
671 477 790 547 jure
818 483 1129 546 perpetuus,
1152 471 1230 524 sic
1252 467 1460 538 justitia
1488 479 1859 534 perseverans.
1891 461 1959 517 Et
1979 462 2102 518 ideo

514 586 702 630 omnes
729 567 1018 623 admodum
1064 562 1232 618 sancti
1263 562 1316 614 in
1365 558 1514 613 libris
1541 557 1711 612 sacris
1756 557 1898 611 inter
1923 555 2106 611 discri-

515 663 719 717 minum
743 655 1134 712 imminentium
1164 660 1344 706 motus
1382 657 1436 704 et
1463 655 1873 718 persecutoan
1899 645 2105 714 gladios

515 749 791 806 constituti
820 762 1058 818 pmsens
1080 743 1342 813 judicium
1371 739 1478 796 Dei'
1513 738 1814 809 postulant.
1847 737 1937 792 Sic
1962 738 2106 792 enim

516 842 691 912 justus
737 840 866 894 dicit
904 838 959 892 in
977 837 1185 906 psalmo
1210 852 1222 886 :
1245 833 1436 887 Judica
1472 848 1571 898 me,
1603 829 1765 893 Deus,
1797 839 1847 883 et
1874 829 2107 884 discerne

517 950 730 989 causam
750 947 916 985 meam
937 929 999 983 de
1018 936 1169 999 gente
1196 942 1299 980 non
1319 933 1503 978 sancta
1518 922 1690 994 (Psal.
1717 938 1845 986 xui,
1866 921 1937 990 l).
1953 919 2108 987 Quod

518 1041 586 1080 ne
614 1024 680 1077 ad
709 1022 945 1076 futurum
991 1019 1088 1074 Dei
1115 1020 1224 1089 38
1249 1016 1508 1085 judicium
1539 1015 1677 1068 trahi
1701 1013 1890 1083 possit,
1931 1011 2111 1068 subdit

518 1113 699 1170 statim
734 1129 746 1163 :
781 1111 858 1164 Ab
889 1111 1096 1164 homine
1123 1109 1298 1178 iniquo
1330 1114 1381 1159 et
1413 1105 1591 1160 doloso
1619 1106 1759 1174 eripe
1785 1121 1865 1158 me
1895 1102 2106 1174 (Ibid.).

518 1201 764 1258 Prmsens
785 1201 969 1269 utique
984 1198 1241 1268 judicium
1270 1197 1365 1252 Dei
1393 1196 1648 1266 postulat,
1675 1196 1768 1265 qui
1797 1196 2009 1250 liberari
2049 1210 2108 1250 se

518 1295 587 1351 de
613 1309 777 1348 manu
800 1291 1160 1362 persecutoris
1180 1289 1448 1359 implorat.
1466 1288 1533 1341 Et
1558 1290 1694 1344 bene
1713 1304 1811 1358 pro
1831 1289 2109 1344 conscien-

519 1387 596 1440 tia
621 1386 779 1440 bonre
806 1399 983 1440 causae
1013 1391 1249 1438 nontam
1277 1381 1586 1450 suﬂ‘ragium
1607 1382 1818 1436 Domini
1839 1397 2000 1450 quam
2023 1381 2111 1451 ju-

520 1478 720 1535 dicium
748 1478 1068 1547 deprecatur
1099 1494 1111 1527 :
1145 1475 1270 1543 quia
1304 1475 1459 1528 bonae
1479 1489 1654 1528 causa:
1680 1473 1937 1543 optimum
1965 1487 2110 1526 sem~

522 1587 622 1642 per
649 1570 960 1639 sulfragium
1018 1568 1297 1632 tribuitur,
1339 1566 1384 1620 si
1430 1582 1552 1621 cum
1592 1566 1797 1635 justitia
1820 1565 2107 1634 judieetur.

526 1660 666 1716 Alibi
695 1675 911 1730 quoque
936 1661 1039 1715 hoc
1066 1658 1462 1714 evidentissime
1488 1675 1499 1709 ε
1523 1658 1731 1722 Judica,
1763 1656 2000 1721 Domine,
2025 1673 2114 1710 no-

2207 461 2275 515 ad
2297 457 2584 515 humanam
2609 460 3019 528 intelligentiam
3041 460 3395 514 humanarum
3425 478 3606 518 rerum
3625 465 3791 532 signi-

2207 553 2547 610 ﬁcationibus
2573 553 2831 621 loquens;
2855 552 2980 620 quia
3013 549 3244 620 judicari
3273 567 3337 606 ac
3365 553 3620 610 vindicari
3641 570 3700 612 se
3726 555 3793 611 de

2209 644 2526 700 adversariis
2546 643 2887 714 precabatur,
2909 654 3007 714 p‘er
3025 643 3381 698 instrumenta
3399 653 3623 700 terrenae
3643 646 3796 702 istius

2208 737 2426 793 ultionis
2453 737 2558 790 vim
2588 735 2780 790 divina:
2809 735 3290 791 animadversionis
3317 740 3596 808 expressit.
3632 739 3795 795 Deni-

2207 844 2314 898 que
2347 828 2475 882 alibi
2501 828 2765 896 propheta
2805 827 2947 882 idem
2975 826 3104 896 quid
3131 828 3272 882 inter
3299 844 3532 898 praesens
3572 839 3629 886 et
3657 830 3799 886 futu-

2210 936 2329 976 rum
2354 919 2616 989 judicium
2644 919 2740 973 Dei
2769 927 2914 974 esset
2942 918 3197 975 ostenlit.
3231 919 3367 986 Quid
3397 921 3540 976 enim
3569 923 3637 978 dc
3666 939 3798 979 cen-

2210 1029 2335 1069 sura
2362 1013 2641 1083 przcsentis
2661 1011 2923 1067 examinis
2944 1011 3074 1066 dicit
3101 1012 3169 1067 ad
3189 1012 3507 1068 Dominum?
3531 1014 3693 1070 Sedes
3713 1033 3800 1069 su-

2210 1122 2301 1176 per
2321 1105 2559 1158 thronum
2577 1105 2662 1176 qui
2677 1102 2885 1173 judicas
2927 1105 3219 1174 (equitatem
3249 1103 3418 1174 (Psal.
3454 1122 3527 1168 ix,
3555 1104 3627 1176 5).
3662 1105 3801 1172 Quid

2211 1203 2391 1251 autem
2434 1196 2503 1251 de
2542 1196 2724 1250 futuro
2755 1195 2850 1249 Dei
2894 1204 3204 1265 aeternoque
3228 1195 3471 1265 judicio?
3515 1197 3797 1266 Judicabit,

2210 1289 2403 1356 inquit,
2426 1290 2595 1342 orbem
2625 1297 2774 1342 teme
2797 1289 3114 1358 in-wquitate
3135 1287 3308 1358 (Psal.
3331 1305 3450 1352 xcv,
3477 1289 3587 1359 l3).
3611 1289 3678 1344 Et
3697 1291 3799 1345 itc-

2209 1396 2331 1434 rum
2365 1398 2376 1432 :
2402 1378 2664 1433 Judicabit
2684 1380 2899 1450 populos
2924 1396 3040 1433 cum
3061 1380 3286 1450 justitia.
3313 1381 3447 1450 Ipsis
3466 1381 3670 1437 scilicet
3689 1397 3801 1438 ver-

2211 1471 2295 1527 bis
2323 1471 2600 1541 praesentis
2631 1470 2888 1540 temporis
2914 1479 2968 1524 et
2989 1469 3150 1524 futuri
3174 1478 3382 1541 tempus
3401 1471 3586 1540 iudicii
3607 1473 3799 1527 utrius-

2211 1579 2317 1632 que
2345 1563 2602 1618 distinxit.
2645 1561 2715 1617 Ut
2743 1563 2885 1616 enim
2913 1578 3152 1632 pmsens
3173 1562 3433 1631 judicium
3471 1563 3796 1630 ostenderet,

2211 1653 2427 1708 Iudicas
2458 1652 2656 1724 posuit.
2682 1651 2751 1707 Ut
2771 1661 2950 1707 autem
2980 1652 3216 1708 futurum
3248 1654 3598 1723 distingueret
3617 1670 3646 1709 a
3667 1670 3801 1725 pne-

523 1760 691 1807 centes
711 1768 810 1817 me,
841 1767 1081 1822 expugna
1105 1752 1462 1820 impugnantes
1490 1765 1587 1801 me.
1612 1747 1949 1818 Apprehende
1968 1764 2115 1801 arma
2143 1741 2192 1802 Β
2219 1747 2379 1810 senti,
2429 1745 2655 1815 subjecit
2693 1752 2881 1815 postea
2922 1744 3205 1799 Iudicabit.
3239 1745 3363 1800 Haec
3394 1746 3554 1814 igitur
3579 1746 3648 1802 de
3674 1763 3800 1803 cura

529 1852 581 1897 et
605 1855 822 1906 scutum,
851 1853 899 1897 et
923 1860 1142 1914 exsurge
1160 1844 1216 1895 in
1245 1842 1558 1912 adjutorium
1578 1840 1703 1894 mihi
1727 1839 1895 1909 (Psal.
1930 1856 2111 1903 xxxnv,

526 1935 581 2001 I,
611 1934 686 2004 2).
720 1933 884 1989 Vides
912 1935 1074 1990 etiam
1123 1934 1224 1988 hoc
1251 1934 1370 1988 loco
1400 1948 1506 1987 non
1536 1931 1699 1986 futuri
1740 1931 2001 1986 examinis
2025 1946 2114 1985 se-
2153 1995 2169 2007 ~

527 2027 834 2092 veritatem,
864 2026 958 2082 sed
987 2041 1269 2080 censuram
1297 2023 1574 2094 praesentis
1607 2014 1793 2092 judieii
1837 2020 2112 2092 postulari.

526 2117 644 2174 Hoc
671 2125 754 2172 est
791 2117 933 2173 enim
962 2117 1092 2172 illud
1120 2117 1264 2186 quod
1293 2117 1368 2170 ait
1401 2134 1413 2168 :
1457 2115 1793 2187 Apprehende
1813 2123 2032 2179 scutum,
2067 2122 2117 2167 et

525 2210 698 2280 arripe
719 2209 975 2280 gladium;
997 2216 1207 2264 scutum
1244 2209 1449 2264 scilicet
1474 2209 1539 2262 ad
1570 2209 1979 2278 protectionem,
2010 2208 2118 2276 gla-

525 2299 673 2352 dium
695 2299 762 2353 ad
787 2299 1043 2354 ultionem
1070 2319 1082 2352 :
1124 2300 1385 2369 nonquia
1416 2301 1519 2355 hoc
1532 2300 1776 2370 judicans
1801 2300 1939 2355 Deus
1959 2307 2115 2369 egeat

527 2400 806 2460 apparatu,
837 2392 933 2448 sed
951 2393 1077 2460 quia
1116 2392 1170 2446 in
1189 2393 1292 2448 hoc
1311 2393 1506 2449 seculo
1535 2394 1649 2448 haec
1679 2395 1993 2450 terribilium
2021 2409 2110 2449 re-

2175 1855 2183 1877 ν
2217 1853 2342 1908 erga
2364 1854 2462 1894 nos
2489 1839 2585 1892 Dei
2607 1844 2661 1893 et
2684 1837 3046 1907 gubernaculo
3070 1845 3124 1892 et
3140 1837 3361 1906 judicio,
3377 1839 3605 1903 ratione,
3620 1855 3801 1894 exem—
3843 1853 3848 1860 '

2217 1929 2340 1998 plis,
2357 1929 2679 1988 testimoniis
2702 1928 2958 1999 probasse
2969 1928 3101 1984 satis
3121 1936 3219 1994 est,
3245 1929 3476 1983 maxime
3495 1929 3620 1998 quia
3639 1930 3799 1984 etiam

2217 2035 2336 2088 qua:
2373 2029 2494 2089 post
2521 2020 2625 2075 hoc
2651 2027 2900 2074 secutura
2927 2027 3068 2085 sunt,
3100 2019 3168 2074 ad
3193 2019 3245 2074 id
3273 2020 3445 2090 ipsum
3471 2021 3650 2075 omnia
3679 2036 3800 2090 per-

2218 2111 2478 2167 tinebunt.
2503 2111 2654 2166 Nune
2673 2112 2720 2166 si
2746 2127 2777 2166 a
2806 2111 2917 2168 Deo
2945 2113 3097 2181 cujus
3125 2113 3396 2181 negotium
3416 2113 3638 2180 agimus,
3664 2113 3801 2169 vires

2218 2208 2288 2262 ad
2315 2208 2579 2286 agendum
2600 2210 2964 2279 acceperimus
2980 2251 2996 2276 ,
3030 2227 3093 2265 ea
3114 2225 3233 2280 qua:
3253 2219 3438 2270 contra
3469 2214 3582 2269 haec
3609 2214 3676 2268 ab
3704 2214 3801 2269 ad-

2215 2301 2472 2356 versariis
2497 2301 2605 2357 diei
2632 2302 2825 2367 solent,
2882 2309 2944 2356 et
2983 2303 3223 2372 proferre
3271 2304 3428 2358 simul
3465 2313 3519 2358 et
3569 2306 3800 2364 refutare

2213 2394 2558 2450 tentabimus.

525 2521 3754 2548 mm

1487 2621 1966 2732 LIBER
2061 2623 2385 2732 TER
2407 2624 2582 2731 ΤΙ
2604 2623 2831 2731 US.

1975 2804 2304 2825 _

599 2909 708 2980 39
732 2907 773 2962 I.
807 2916 836 2945 ι
863 2907 1008 2964 Bene
1034 2921 1092 2962 se
1119 2922 1206 2962 res
1220 2906 1399 2964 habet.
1433 2906 1582 2963 Jacta
1610 2914 1735 2964 sunt
1763 2905 2107 2962 fundamenta

532 2999 715 3071 operis
741 2999 828 3069 pia
856 2998 1134 3054 molitione
1161 2999 1323 3069 erepti
1344 3005 1399 3053 et
1419 2997 1582 3052 divini
1613 2997 1776 3054 officii
1797 3012 1981 3052 amore
2002 3013 2114 3052 sus-

529 3093 691 3163 cepti.
724 3089 790 3144 Et
820 3091 943 3145 ideo
974 3108 1081 3146 non
1109 3099 1233 3145 sunt
1260 3091 1474 3146 solubili
1496 3092 1610 3145 luto
1631 3090 1827 3160 posita,
1849 3103 1947 3142 nec
1977 3095 2112 3140 tem—

528 3182 700 3255 porali
748 3181 920 3252 lapide
965 3189 1290 3245 constructa,
1322 3179 1415 3234 sed
1444 3194 1718 3234 sacrarum
1757 3190 2112 3245 expensarum

527 3272 867 3330 confectione
897 3271 1091 3333 valida,
1125 3279 1180 3324 et
1207 3269 1372 3323 divini
1400 3267 1694 3335 magisterii
1723 3275 1838 3319 arte
1867 3265 2106 3318 ﬁrmata:

529 3380 667 3435 quae,
700 3373 759 3420 ut
786 3365 900 3434 ipse
931 3364 983 3417 in
1013 3361 1301 3429 Evangelio
1317 3361 1459 3414 Deus
1487 3358 1634 3423 dicit,
1670 3373 1769 3413 nec
1795 3357 1969 3411 ventis
1986 3372 2113 3426 pos-

530 3459 639 3514 sint
682 3457 982 3512 furentibus
1010 3453 1242 3518 concuti,
1278 3467 1376 3506 nec
1403 3451 1671 3505 alluvione
1712 3449 1990 3503 ﬂuminum
2019 3464 2111 3502 su-

530 3549 670 3612 brui,
705 3548 788 3602 vel
816 3546 1116 3616 pluviarum
1143 3542 1410 3597 inlusione
1431 3541 1648 3596 dissolvi
1673 3539 1889 3612 (Matth.
1911 3556 2003 3604 vn,
2022 3538 2110 3604 24,

531 3638 602 3692 25
623 3639 661 3710 ).
694 3639 830 3695 Cum
859 3638 1002 3694 enim
1032 3653 1166 3707 opus
1196 3637 1300 3690 hoc
1327 3650 1515 3689 manus
1543 3633 1938 3704 quodammodo
1977 3633 2113 3688 divi-

435 3741 442 3746 '
533 3747 726 3788 norum
748 3734 1079 3790 voluminum
1108 3730 1437 3795 instruxerit,
1462 3736 1516 3784 et
1543 3729 1840 3784 cmlcstium
1869 3727 2114 3797 Scriptu-

534 3839 718 3880 rarum
748 3841 1010 3896 compago
1037 3825 1296 3889 solidarit,
1329 3839 1548 3880 necesse
1575 3832 1658 3878 est
1685 3831 1790 3877 tam
1822 3822 1970 3875 ﬁrma
2005 3823 2118 3874 haec

539 3933 637 3988 per
666 3917 948 3972 Dominum
975 3915 1156 3969 Jesum
1186 3914 1456 3970 Christum
1486 3929 1601 3967 esse
1629 3929 1748 3981 quae
1777 3913 1915 3966 facta
1956 3920 2113 3972 sunt,

535 4026 699 4081 quam
731 4007 880 4060 lirma
910 4005 997 4056 illa
1027 4011 1150 4056 sunt
1176 4018 1294 4069 qua:
1323 4004 1580 4055 fecerunt.
1615 4000 1642 4038 ι’
1682 3999 1984 4054 Ᾰέιιὶῐίοἱωιι
2014 4001 2117 4053 ita-

539 4114 641 4170 que
667 4098 771 4149 hoc
802 4101 1045 4146 naturam
1077 4098 1247 4144 status
1290 4091 1372 4144 Sui
1401 4090 1467 4144 de
1489 4090 1653 4159 stirpe
1681 4092 1859 4154 sumit,
1893 4100 1945 4145 et
1975 4092 2121 4146 labe-

538 4187 728 4242 factari
757 4185 918 4240 salvis
947 4183 1254 4238 auctoribus
1281 4183 1393 4237 suis
1421 4197 1528 4236 non
1559 4192 1754 4252 potest.
1799 4183 1947 4238 Sicut
1976 4185 2118 4238 enim

537 4278 592 4332 in
622 4277 850 4333 terrenis
875 4275 1113 4330 mdiﬁciis
1139 4273 1371 4343 dejicere
1398 4274 1633 4343 parietes
1683 4275 1857 4328 nullus
1900 4284 2078 4344 potest
2101 4319 2116 4344 ,

538 4370 640 4424 nisi
667 4369 815 4439 prius
843 4367 1046 4437 lapides
1073 4373 1128 4419 et
1154 4373 1412 4419 caementa
1441 4363 1714 4432 dejecerit,
1738 4365 1812 4419 sic
1839 4365 2120 4420 aediﬁcium

538 4459 684 4530 quod
725 4458 1122 4514 construximus
1167 4455 1460 4510 dissolvere
1507 4456 1685 4510 nullus
1713 4457 1886 4519 valet,
1939 4458 2038 4511 nisi
2069 4457 2138 4519 id

537 4551 680 4607 unde
707 4558 968 4605 structum
989 4554 1070 4603 est
1091 4555 1146 4603 et
1173 4556 1600 4603 consummatum
1631 4558 1756 4603 ante
1783 4549 2116 4604 dissolverit:

538 4641 684 4714 quod
737 4643 863 4711 quia
913 4640 1226 4696 labefactari
1273 4641 1458 4710 utique
1512 4657 1847 4711 nequaquam
1901 4651 2117 4713 potest,

537 4741 688 4791 recte
715 4736 878 4790 etiam
906 4750 938 4788 a
968 4734 1123 4790 nobis
1151 4733 1494 4789 incolumitas
1520 4734 1730 4790 azdilieii
1761 4738 2117 4804 prmsumitur,

447 4895 455 4900 _
540 4827 694 4898 cujus
722 4835 894 4883 status
921 4825 1170 4881 subsidiis
1200 4825 1589 4880 immortalibus
1619 4827 1940 4881 continetur.
1975 4825 2124 4893 Quae-

539 4914 678 4974 ritur
705 4919 885 4989 itaque
903 4956 917 4982 ,
950 4933 1072 4972 eum
1101 4917 1215 4972 hzcc
1243 4916 1316 4970 ita
1347 4916 1470 4981 sint,
1496 4917 1541 4971 si
1570 4924 1744 4971 totum
1773 4917 1914 4987 quod
1944 4918 1996 4972 in
2017 4919 2122 4973 hoc

537 5010 738 5066 mundo
767 5017 866 5074 est,
898 5024 1025 5066 cura
1056 5015 1110 5063 et
1137 5007 1501 5076 gubernaculo
1539 5008 1648 5078 40
1704 5016 1758 5062 et
1793 5007 1996 5077 judicio
2025 5009 2119 5063 Dei
2146 5053 2148 5055 ,

2137 3313 2183 3375 C

2223 2907 2425 2976 agitur;
2456 2922 2553 2962 cur
2580 2913 2635 2962 et
2659 2906 2852 2962 melior
2883 2905 3054 2962 multo
3081 2905 3151 2960 sit
3181 2916 3204 2946 ε
3233 2907 3583 2964 barbarorum
3613 2910 3800 2965 condi-

2219 2999 2297 3053 tio
2325 3014 2483 3067 quam
2515 3007 2728 3064 nostra;
2761 3015 2856 3053 cur
2883 2999 3025 3053 inter
3053 3015 3151 3054 nos
3205 3014 3420 3069 quoque
3460 3001 3604 3070 ipsos
3631 3001 3656 3038 ιι
3684 3018 3802 3060 sors

2219 3091 2483 3143 bonorum
2515 3090 2702 3145 durior
2728 3106 2888 3158 quam
2919 3092 3215 3157 malorum;
3265 3107 3362 3147 cur
3388 3093 3540 3162 probi
3565 3093 3798 3163 jaceant,

2221 3181 2449 3251 improbi
2479 3181 2883 3246 convalescant;
2917 3198 3013 3235 cur
3041 3183 3255 3252 iniquis,
3281 3192 3334 3237 et
3363 3187 3593 3241 maxime
3622 3196 3801 3256 potes-

2220 3274 2419 3329 tatibus
2441 3316 2456 3339 ,
2490 3275 2736 3328 universa
2766 3275 3154 3328 succumbant?
3183 3275 3404 3331 Possum
3447 3279 3661 3347 quidem
3708 3299 3796 3336 ra-

2218 3365 2548 3420 tionabiliter
2575 3373 2634 3419 et
2657 3359 2788 3419 satis
2818 3373 3130 3420 constanter
3156 3366 3337 3423 dicere
3363 3387 3373 3422 :
3411 3378 3434 3405 θ
3460 3369 3672 3426 Nescio.
3697 3372 3796 3428 Se-

2217 3465 2420 3511 cretum
2443 3458 2587 3511 enim
2612 3464 2666 3511 et
2693 3457 2975 3511 consilium
3005 3457 3304 3514 Divinitatis
3352 3461 3556 3529 ignoro.
3595 3461 3800 3519 Sufﬁcit

2217 3548 2347 3602 mihi
2377 3547 2441 3602 ad
2468 3564 2643 3602 causa:
2671 3547 2828 3617 hujus
2857 3549 3230 3618 probationem
3260 3551 3390 3607 dicti
3419 3554 3650 3609 cwlestis
3678 3572 3799 3609 ora-

2218 3641 2414 3696 culum.
2450 3641 2590 3696 Deus
2617 3657 2648 3695 a
2676 3657 2753 3705 se,
2777 3650 2835 3696 ut
2863 3641 3057 3696 libellis
3077 3644 3444 3714 superioribus
3465 3647 3577 3716 jam
3601 3648 3802 3718 proba-

2218 3733 2392 3788 vimus
2414 3775 2428 3798 ,
2473 3735 2653 3789 omnia
2683 3735 2811 3789 dicit
2859 3734 3044 3804 aspici,
3075 3737 3254 3790 omnia
3284 3738 3417 3805 regi,
3452 3740 3629 3793 omnia
3653 3739 3799 3808 judi-

2219 3825 2350 3877 cari.
2383 3823 2439 3876 Si
2468 3825 2605 3878 scire
2634 3824 2713 3877 vis
2741 3823 2868 3893 quid
2910 3826 3196 3880 tenendum
3243 3827 3345 3891 sit,
3386 3828 3551 3882 habes
3597 3829 3801 3886 litteras

2220 3928 2418 3966 sacras.
2452 3911 2694 3966 Perfecta
2724 3913 2860 3967 ratio
2891 3922 2971 3968 est
2993 3955 3007 3979 ,
3041 3915 3143 3970 hoc
3183 3924 3365 3969 tenere
3411 3918 3556 3984 quod
3587 3918 3797 3987 legeris.

2221 4002 2335 4067 Qua
2366 4016 2525 4054 causa
2555 4010 2733 4055 autem
2763 4003 2904 4057 Deus
2949 4004 3061 4059 haec
3088 4005 3154 4059 de
3183 4005 3374 4074 quibus
3415 4005 3685 4074 loquimur
3728 4011 3800 4065 ita

2222 4091 2400 4156 faciat,
2429 4092 2553 4145 nolo
2585 4107 2614 4144 a
2644 4107 2729 4146 me
2758 4094 3019 4163 requiras.
3039 4093 3211 4150 Homo
3234 4111 3379 4160 sum;
3406 4112 3510 4151 non
3540 4099 3798 4169 intelligo,

2222 4189 2429 4237 secreta
2456 4181 2550 4236 Dei
2579 4183 2900 4252 investigare
2929 4201 3035 4239 non
3067 4187 3258 4253 audeo,
3291 4195 3342 4241 et
3378 4187 3500 4244 ideo
3528 4191 3688 4244 etiam
3717 4199 3802 4244 at-

2223 4283 2432 4329 tentare
2453 4273 2683 4331 formido
2719 4294 2729 4328 :
2761 4277 2884 4346 quia
2915 4286 2970 4332 et
2997 4279 3101 4333 hoc
3130 4280 3303 4349 ipsum
3332 4294 3500 4350 genus
3537 4283 3690 4352 quasi
3718 4299 3804 4337 sa-

2224 4367 2432 4435 crilega:
2462 4369 2777 4424 temeritatis
2826 4377 2936 4434 est,
2961 4369 3004 4424 si
3026 4370 3308 4448 plusscire
3337 4374 3524 4442 cupias
3547 4388 3707 4442 quam
3728 4374 3804 4428 si-

2224 4461 2388 4515 naris.
2414 4460 2656 4518 Sufliciat
2684 4464 2777 4517 tibi
2815 4463 2958 4531 quod
2988 4464 3128 4517 Deus
3157 4479 3187 4518 a
3217 4481 3275 4520 se
3304 4467 3388 4535 agi
3417 4483 3480 4522 ac
3508 4469 3805 4540 dispensari

2225 4560 2414 4606 cuncta
2444 4560 2690 4606 testatur.
2717 4551 2854 4617 Quid
2882 4568 2966 4606 me
2996 4553 3312 4622 interrogas,
3339 4571 3506 4625 quare
3535 4560 3672 4614 alter
3692 4575 3804 4614 ma-

2220 4643 2309 4713 jor
2336 4643 2424 4708 sit,
2459 4643 2595 4697 alter
2621 4642 2829 4706 minor;
2861 4641 2998 4696 alter
3025 4643 3205 4708 miser,
3240 4646 3375 4700 alter
3416 4648 3640 4717 beatus;
3671 4640 3806 4706 alter

2224 4734 2376 4789 fortis
2398 4775 2412 4799 ,
2445 4735 2580 4788 alter
2609 4731 2884 4788 inﬁrmus?
2912 4733 3027 4800 Qua
3056 4751 3216 4792 causa
3244 4738 3460 4806 quidem
3507 4741 3620 4797 hazc
3669 4743 3808 4799 Deus

2222 4825 2402 4889 faciat,
2436 4840 2543 4878 non
2590 4823 2859 4893 intelligo;
2892 4827 2985 4882 sed
3023 4827 3090 4882 ad
3130 4829 3499 4898 plenissimam
3542 4833 3806 4889 rationem

2223 4915 2436 4970 abunde
2465 4912 2661 4968 sufﬁcit
2688 4915 2830 4985 quod
2860 4921 2890 4969 a
2920 4916 3031 4972 Deo
3061 4918 3145 4985 agi
3176 4919 3277 4973 ista
3305 4919 3636 4977 demonstro.
3661 4921 3808 4978 Sicut

2223 5006 2366 5060 enim
2409 5004 2529 5075 plus
2557 5012 2639 5059 est
2666 5005 2807 5060 Deus
2834 5022 2992 5076 quam
3023 5008 3198 5064 omnis
3243 5009 3476 5064 humana
3529 5013 3699 5078 ratio,
3732 5013 3809 5068 sic

1737 5095 2074 5150 STEPHANI
2111 5094 2380 5150 BALUZII
2419 5092 2645 5148 NOTAE.

610 5199 639 5229 ει
675 5191 941 5245 Imitatum
971 5207 1037 5244 ex
1066 5190 1325 5245 Cicerone
1353 5193 1577 5243 annotat
1605 5185 2006 5240 Rittershusius.

611 5256 641 5296 δ
679 5259 738 5312 In
764 5261 880 5312 aliis
905 5261 1227 5316 editiouibus
1258 5260 1488 5328 legitur:
1521 5256 1688 5320 Quam
1729 5255 1821 5308 illa
1845 5264 1970 5328 sunt
2005 5272 2119 5328 qua:

543 5329 1110 5414 feceruntrardiﬁcium.
1146 5326 1330 5414 Itagné
1371 5329 1490 5414 hoc,
1512 5327 1932 5414 pletciopr‘nnino
1961 5326 2120 5380 male.

541 5397 725 5466 itaque
751 5398 921 5451 secuti
944 5412 1127 5452 sumus
1149 5397 1389 5455 codicem
1418 5397 1817 5454 Corbeiensem.

620 5479 641 5506 ε
682 5465 740 5520 Id
786 5473 867 5520 est
891 5505 906 5523 .
951 5465 1327 5523 Vandalorum.
1377 5468 1724 5523 Hunnorum.
1770 5465 2096 5520 Francorum

541 5503 867 5597 αοιιιὶῚ-ιιῖιῖζ
887 5503 1724 5607 ἔ)πίἕὲὲῖῖὲἱᾶιίἒέἐἑῖιῗῖἰὶἰέι’.¹ᾆίὶέἐ
1739 5503 1995 5594 ιὶοὶὶἶζῖιῖ
2011 5503 2123 5589 ἵζῶ

542 5607 782 5659 emnerio
813 5605 1156 5659 insultabant.

542 5613 782 5718 em‘perio
813 5613 1156 5663 insultabant.

688 5677 820 5740 Vide
848 5675 1162 5732 Cassianum
1189 5674 1371 5731 eollat.
1396 5674 1448 5742 6,
1482 5692 1600 5754 cap.
1630 5677 1682 5732 2.

2298 5195 2331 5258 ei
2360 5185 2437 5238 Ita
2481 5199 2723 5258 prorsus_
2745 5185 2915 5240 codex
2951 5184 3308 5258 gorbeienisis.
3340 5189 3470 5258 Quae
3499 5193 3657 5249 lectio
3680 5209 3810 5250 sane

2225 5257 2427 5333 optima
2448 5263 2549 5333 est,
2573 5263 2627 5309 et
2645 5255 2762 5333 sola
2784 5255 3261 5333 vera._Rejicienda
3285 5255 3442 5333 igitur
3468 5264 3626 5320 lectio
3641 5267 3810 5333 quam

2225 5325 2592 5401 habentualia:
2621 5325 2916 5401 editiones
2937 5325 3042 5382 hoc
3068 5327 3230 5401 modo
3263 5371 3274 5382 .
3307 5325 3498 5387 Nescio
3536 5325 3804 5401 secretum,

2223 5405 2274 5471 et
2300 5397 2568 5471 consilium
2596 5394 2879 5471 divinitatis
2901 5397 3100 5471 ignoro.
3135 5397 3365 5471 Byrsam
3393 5403 3552 5471 paulo
3575 5403 3711 5459 infra
3733 5394 3809 5460 le;

2225 5467 2368 5534 gitur
2395 5466 2446 5518 in
2477 5464 2726 5535 omnibus
2755 5464 3077 5521 editionibus
3110 5485 3121 5518 :
3155 5467 3324 5523 Homo
3345 5464 3486 5535 sum,
3523 5488 3625 5527 non
3654 5475 3809 5528 intel-

2227 5532 2543 5606 ligosecreta
2565 5532 3021 5606 Dei,gin4ves_tigare
3059 5554 3161 5592 non
3205 5539 3384 5593 audeo.
3419 5532 3605 5597 Melius
3633 5544 3805 5598 codex

2227 5603 2586 5682 Qbrbeiensis,
2616 5603 2708 5682 qui
2730 5604 2813 5682 _sic
2839 5603 3115 5682 distinguit
3145 5625 3156 5658 :
3184 5607 3355 5682 Homo
3374 5627 3507 5682 sum,
3531 5629 3633 5670 non
3654 5614 3805 5672 intel-

2228 5677 2353 5748 ligo,
2384 5683 2579 5729 secreta
2605 5675 2702 5728 Dei
2723 5675 3029 5748 investigare
3050 5693 3152 5731 non
3173 5678 3354 5732 audeo.
3492 5675 3502 5682 ⁷
3764 5688 3766 5690 '
